4038 6336
330 218 439 275 565

328 435 492 481 teme
527 419 839 490 loquentes,
879 414 1029 471 dolos
1069 413 1396 489 cogitabant.
1449 410 1517 466 Et
1549 408 1909 464 dilataverunt

1291 198 1684 259 LITURGICA.
1723 226 1792 240 —-
1831 195 2101 254 OFFICIA
2138 195 2274 253 PER
2304 194 2576 252 FERIAS.

330 331 467 390 mihi
504 325 724 407 quidem
764 319 986 396 pacifice
1020 317 1415 390 loquebantur:
1457 324 1513 373 et
1551 316 1605 370 in
1633 312 1911 369 iracundia
1936 313 1991 375 Α

3481 194 3590 252 566

2328 310 2492 364 ITEM
2528 306 2849 364 PSALMUS
2887 307 2975 364 DE
3012 307 3269 365 EADEM.

2080 424 2258 497 (Psan.
2294 424 2469 497 xxxx.)
2492 423 2754 479 Exaltabo
2776 431 2849 490 te,
2872 424 3118 493 Domine,
3139 425 3391 497 quoniam
3414 442 3593 486 susce—

326 528 497 586 ⁵¹¹Ρθΐ
522 526 613 567 me
640 524 702 567 οε
723 523 910 573 suum,
942 507 1239 563 dixerunt:
1281 503 1448 573 Ευεθν
1474 515 1630 572 θυεθν
1658 499 1910 554 Viderunt
2009 513 2136 586 pisti
2182 528 2304 568 me:
2335 527 2434 568 nec
2479 512 2760 569 delectasti
2802 512 3052 570 inimicos
3093 529 3243 571 meos
3289 531 3451 590 super
3484 533 3591 574 me.

331 604 478 662 oculi
502 602 700 660 nostri.
741 598 958 665 Vidisti,
986 597 1233 661 Domine,
1256 610 1326 650 ne
1351 594 1547 650 sileas:
1574 590 1821 654 Domine,
1843 602 1912 643 ne

2046 605 2237 660 Domine
2264 603 2408 660 Deus
2451 620 2622 669 meus,
2660 605 2887 661 clamavi
2916 607 2983 661 ad
3030 614 3117 663 te:
3151 616 3205 663 et
3248 610 3449 665 sanasti
3487 627 3592 666 me.

340 698 587 756 discedas
606 712 639 752 a
657 708 764 752 me.
788 692 1029 763 Exsurge
1049 697 1105 745 et
1129 687 1347 744 intende
1363 684 1566 756 judicio
1591 695 1714 738 meo
1735 699 1748 734 :
1771 680 1915 735 Deus

334 806 510 858 meus,
538 798 596 847 et
615 788 877 846 Dominus
896 800 1050 841 meus
1071 786 1128 840 in
1151 797 1371 839 causam
1396 795 1592 836 meam.
1615 775 1807 832 Judica
1828 788 1917 829 me

334 882 630 940 secundum
670 880 941 952 justitiam
970 887 1137 943 tuam,
1168 875 1397 932 Domine
1438 874 1580 929 Deus
1619 885 1772 927 meus
1810 886 1824 923 :
1863 875 1919 923 et

334 989 442 1030 non
487 971 923 1044 supergaudeant
965 969 1119 1024 mihi.
1178 967 1297 1024 Non
1346 966 1529 1024 dicant
1565 964 1623 1020 in
1665 961 1919 1019 cordibus

335 1068 491 1124 suis:
520 1065 693 1138 Euge,
716 1065 881 1138 euge!
908 1064 1103 1120 anima:
1132 1069 1359 1127 nostrai,
1382 1074 1483 1115 nec
1514 1058 1734 1115 dicant:
1759 1058 1920 1113 devo-

335 1158 579 1217 rabimus
603 1174 747 1215 eum.
784 1158 1120 1216 Erubescant
1152 1165 1208 1213 et
1228 1162 1580 1212 revereantur
1605 1150 1795 1219 simul,
1828 1150 1921 1221 qui

335 1254 679 1327 gratulantur
724 1250 882 1309 malis
929 1252 1091 1307 meis.
1166 1248 1466 1305 lnduantur
1512 1244 1829 1303 confusione
1867 1248 1923 1325 et

336 1344 641 1401 reverentia
662 1383 678 1410 ,
712 1343 807 1414 qui
837 1342 1070 1414 maligna
1089 1341 1383 1410 loquuntur
1405 1353 1567 1410 super
1586 1351 1691 1393 me.
1724 1328 1923 1390 Exsul-

336 1445 458 1492 tent
480 1444 538 1491 et
557 1435 805 1492 ltetentur
823 1433 915 1505 qui
946 1432 1131 1488 volunt
1147 1429 1417 1500 justitiam
1436 1442 1634 1493 meam,
1661 1433 1718 1481 et
1743 1424 1928 1480 dicant

334 1544 592 1601 semper:
640 1527 1023 1602 magnificctur
1049 1527 1343 1594 Dominus,
1387 1526 1481 1596 qui
1518 1523 1707 1578 volunt
1735 1534 1926 1591 pacem

336 1621 484 1678 servi
504 1619 640 1689 ejus.
680 1620 748 1675 Et
768 1620 950 1692 lingua
966 1633 1088 1674 mea
1106 1617 1452 1674 meditabitur
1465 1613 1735 1683 justitiam
1755 1620 1923 1675 tuam,

338 1722 456 1771 tota
487 1713 573 1769 die
596 1712 811 1768 laudem
837 1719 1007 1767 tuam.

413 1803 483 1861 Ut
506 1822 691 1876 supra.
717 1803 947 1875 Adjutor
972 1811 1030 1860 et
1047 1804 1306 1860 liberator
1332 1816 1486 1857 meus
1515 1806 1657 1865 esto,
1681 1795 1928 1862 Domine,

341 1912 411 1954 ne
433 1896 687 1952 moreris.

416 1987 627 2042 Oratio.
665 1985 938 2042 Protectio
976 1984 1230 2055 salusque
1271 1982 1468 2038 animae
1508 1987 1740 2045 nostrae,
1783 1976 1934 2047 operi

342 2097 445 2138 nos
472 2079 627 2153 galea
650 2080 797 2151 spei,
834 2087 892 2134 et
926 2085 1082 2135 scuto
1107 2075 1542 2149 inexpugnabilis
1572 2070 1931 2137 munimenti;

342 2182 407 2229 ut
446 2190 478 2228 a
512 2180 567 2228 te
601 2173 653 2227 in
686 2169 866 2227 causis
903 2178 1104 2226 nostrae
1134 2168 1476 2225 necessitatis
1502 2166 1689 2238 adjuti,
1718 2177 1934 2218 merea-

344 2279 472 2319 mur
492 2279 615 2319 cum
653 2270 707 2317 te
736 2262 1083 2334 diligentibus
1132 2260 1321 2317 laetitia
1342 2267 1398 2315 et
1429 2257 1790 2316 exsultatione
1814 2269 1939 2326 per-

344 2354 521 2410 fundi.
564 2354 689 2409 Per.

422 2445 545 2499 Alia
570 2443 777 2500 Oratio.
818 2443 1076 2510 Domine,
1106 2442 1321 2515 quando
1356 2439 1644 2514 respicies,
1685 2438 1939 2510 dicesque

348 2536 545 2592 nobis:
580 2537 725 2592 salus
762 2544 944 2592 vestra
984 2551 1083 2608 ego
1123 2534 1278 2592 sum?
1302 2534 1370 2590 Et
1395 2534 1464 2590 ad
1488 2532 1835 2589 solitudinem
1859 2539 1940 2587 at-

348 2646 461 2702 que
489 2631 926 2701 implorationem
969 2636 1212 2687 nostram
1247 2629 1461 2698 quando
1499 2625 1767 2697 propitius
1806 2639 1938 2680 con-

350 2724 571 2779 vertes?
597 2724 679 2779 Ad
705 2738 867 2794 quam
890 2721 1005 2792 jam
1032 2727 1346 2778 convertere
1362 2760 1377 2785 ,
1411 2718 1659 2783 Domine,
1686 2722 1741 2771 et
1767 2715 1941 2770 inten-

350 2814 423 2873 de
462 2815 728 2887 judicium
755 2822 1003 2872 nostrum
1024 2854 1039 2880 ,
1090 2821 1149 2869 et
1182 2814 1298 2884 ipse
1328 2809 1635 2880 judicantes
1664 2821 1762 2861 nos
1787 2803 1943 2859 fortis

350 2899 726 2982 propugnator
761 2922 1038 2978 expugna;
1089 2914 1151 2959 ut
1189 2903 1365 2959 oratio
1399 2907 1618 2965 nostra,
1650 2912 1772 2968 qua:
1799 2908 1945 2949 nunc

352 3003 412 3059 in
444 3002 627 3058 sinum
660 3011 906 3056 nostrum
940 3012 1041 3071 pro
1069 3004 1405 3052 secretorum
1434 3004 1656 3047 suorum
1683 3000 1944 3056 compun-

354 3096 538 3153 ctione
561 3094 915 3159 convertitur,
954 3099 1080 3146 ante
1120 3096 1471 3160 conspectum
1505 3092 1657 3139 tuum
1692 3088 1939 3155 purgata,

353 3186 541 3247 cordis
567 3186 774 3261 gemitu
802 3185 1085 3256 dirigatur.

534 3325 651 3400 93
678 3322 1001 3383 PS‘ALMUS
1038 3314 1128 3377 DE
1161 3313 1759 3378 RESURRECTIONE.

436 3458 618 3534 (PSAL.
643 3459 755 3531 ιιι.)
796 3456 1055 3524 Domine,
1107 3455 1238 3527 quid
1280 3450 1624 3524 multiplicati
1672 3456 1816 3515 sunt,
1856 3444 1949 3518 qui
2037 3516 2049 3535 κ

361 3552 641 3610 ιτίὺιιιειιη
670 3552 791 3608 me?
840 3550 1068 3607 multum
1116 3555 1346 3622 surgunt
1394 3545 1536 3619 [Al.,
1577 3540 1732 3601 multi
1774 3541 1952 3598 insur-

361 3645 539 3720 gunt]
592 3645 879 3701 adversum
929 3657 1047 3700 me.
1109 3634 1261 3694 Multi
1301 3638 1487 3694 dicunt
1533 3636 1727 3692 animae
1781 3648 1951 3719 meae,

361 3718 475 3793 non
518 3718 603 3794 est
640 3735 786 3793 salus
808 3735 911 3807 ipsi
938 3735 993 3791 in
1032 3732 1144 3799 Deo
1174 3731 1312 3803 ejus.
1349 3729 1431 3786 Tu
1470 3736 1672 3795 autem,
1701 3718 1950 3794 Domine,

363 3839 651 3903 susceptor
702 3846 856 3886 meus
899 3848 911 3885 :
967 3828 1137 3901 gloria
1186 3840 1342 3891 mea,
1401 3832 1456 3879 et
1501 3821 1747 3878 exaltans
1792 3826 1955 3891 caput

364 3940 572 3982 meum.
613 3924 759 3981 Voce
787 3938 908 3979 mea
943 3923 1010 3979 ad
1034 3921 1321 3976 Dominum
1351 3916 1612 3983 clamavi,
1644 3924 1699 3971 et
1727 3914 1953 3982 exaudi-

364 4018 446 4071 vit
471 4032 558 4071 me
585 4016 650 4072 de
680 4023 862 4072 monte
896 4021 1086 4071 sancto
1114 4029 1230 4069 suo.
1271 4011 1383 4083 Ego
1413 4008 1675 4075 dormivi,
1710 4017 1766 4066 et
1793 4023 1955 4078 sopo-

368 4114 523 4163 ratus
562 4121 681 4163 sum
705 4146 722 4174 ,
768 4113 824 4162 et
867 4105 1148 4162 exsurrexi
1184 4122 1197 4158 :
1244 4102 1371 4174 quia
1420 4099 1679 4156 Dominus
1721 4096 1959 4169 suscepit

367 4214 483 4254 me.
541 4192 658 4253 Non
716 4190 919 4254 timebo
972 4194 1140 4251 millia
1188 4192 1372 4266 populi
1415 4191 1802 4249 circumdantis
1845 4206 1954 4257 me,

370 4308 626 4366 exsurge,
656 4291 915 4359 Domine,
935 4291 1145 4348 salvum
1175 4305 1263 4347 me
1301 4288 1411 4357 iac,
1448 4288 1593 4345 Deus
1616 4302 1789 4344 meus.
1814 4278 1959 4356 Quo;

2013 692 2256 759 Domine,
2280 695 2515 751 eduxisti
2540 698 2606 752 ab
2628 696 2841 753 inferno
2870 698 3105 755 animam
3130 716 3306 756 meam
3331 722 3343 757 :
3371 703 3595 759 salvasti

2015 800 2103 841 me
2129 802 2160 840 a
2182 786 2630 843 descendentibus
2651 788 2705 842 in
2733 788 2930 844 lacum.
2962 789 3184 848 Psallite
3209 793 3438 849 Domino
3465 810 3592 850 san-

2018 874 2091 932 cti
2115 874 2229 945 ejus
2247 896 2259 931 :
2279 885 2333 934 et
2344 875 2675 933 confitemini
2696 881 2971 935 memoriae
2984 884 3289 940 sanctitatis
3305 883 3439 953 ejus.
3455 885 3600 953 Quo—

2019 972 2164 1026 niam
2190 972 2271 1027 ira
2300 968 2354 1026 in
2392 970 2759 1042 indignatione
2801 972 2954 1041 ejus:
3000 984 3056 1030 et
3098 977 3207 1031 vita
3239 977 3295 1032 in
3332 978 3606 1034 voluntate

2020 1064 2156 1137 ejus.
2195 1066 2275 1120 Ad
2297 1081 2580 1135 vesperum
2605 1066 2975 1121 demorabitur
3009 1066 3165 1124 fletus
3194 1088 3205 1123 :
3244 1079 3298 1125 et
3333 1072 3401 1127 ad
3427 1080 3604 1126 matu-

2023 1157 2193 1212 tinum
2222 1156 2426 1212 lactitia.
2481 1156 2593 1228 Ego
2623 1165 2803 1212 autem
2834 1157 2944 1214 dixi
2984 1158 3040 1215 in
3080 1159 3407 1216 abundantia
3444 1178 3603 1216 mea:

2022 1267 2131 1307 non
2159 1252 2415 1306 movehor
2442 1251 2495 1304 in
2525 1259 2805 1306 aeternum.
2845 1250 3093 1319 Domine,
3129 1252 3184 1307 in
3209 1254 3487 1308 voluntate
3521 1260 3608 1307 tua

2024 1342 2326 1415 prmstitisti
2369 1339 2552 1398 decori
2605 1357 2726 1399 meo
2779 1343 3061 1399 virtutem.
3118 1344 3378 1400 Avertisti
3411 1343 3611 1399 faciem

2026 1444 2176 1491 tuam
2223 1449 2254 1489 a
2280 1448 2366 1488 me
2393 1453 2404 1488 :
2438 1443 2495 1489 et
2523 1433 2700 1491 factus
2730 1450 2850 1491 sum
2880 1436 3256 1492 conturbatus.
3292 1434 3376 1491 Ad
3405 1442 3477 1502 te,
3501 1435 3608 1492 Do-

2028 1527 2195 1592 mine,
2222 1525 2487 1594 clamabo,
2520 1536 2574 1584 et
2603 1527 2672 1583 ad
2701 1528 2872 1584 Deum
2894 1545 3075 1585 meum
3098 1528 3448 1600 deprecabor.
3477 1526 3607 1596 Quae

2032 1618 2238 1674 utilitas
2266 1618 2321 1672 in
2350 1620 2613 1690 sanguine
2639 1635 2783 1688 meo,
2807 1620 2935 1676 dum
2960 1621 3290 1678 descendero
3308 1622 3365 1677 in
3391 1636 3613 1693 corrup-

2035 1711 2276 1791 tionem?
2313 1711 2563 1782 Nunquid
2591 1714 2935 1770 confitebitur
2952 1716 3047 1770 tibi
3070 1715 3266 1786 pulvis,
3296 1722 3388 1770 aut
3408 1730 3617 1770 annun-

2034 1803 2191 1860 tiabit
2219 1804 2502 1859 veritatem
2536 1806 2715 1860 tuam?
2742 1804 2965 1860 Audivit
2986 1805 3267 1872 Dominus,
3287 1813 3345 1861 et
3362 1806 3619 1861 misertus

2035 1905 2119 1953 est
2144 1897 2250 1950 mei
2281 1916 2292 1950 :
2326 1897 2583 1951 Dominus
2608 1894 2783 1953 factus
2820 1904 2905 1951 est
2930 1895 3143 1965 adjutor
3174 1912 3346 1953 meus.
3384 1894 3621 1952 Conver—

2035 1990 2149 2044 tisti
2196 1987 2472 2058 planctum
2517 2003 2698 2043 meum
2739 1989 2795 2043 in
2830 1988 3084 2060 gaudium
3119 1988 3253 2043 mihi
3287 2007 3300 2042 :
3342 1986 3621 2043 concidisti

2036 2086 2256 2135 saccum
2276 2084 2477 2143 meum,
2507 2085 2563 2133 et
2586 2077 2991 2134 circumdedisti
3025 2092 3113 2133 me
3137 2076 3347 2133 laetitia.
3390 2076 3461 2131 Ut
3489 2090 3620 2130 can-

2038 2176 2116 2223 tet
2142 2168 2237 2222 tibi
2260 2167 2431 2238 gloria
2454 2181 2573 2221 mea
2602 2175 2658 2221 et
2692 2180 2801 2222 non
2831 2181 3195 2239 compungar:
3224 2166 3450 2224 Domine
3480 2164 3625 2221 Deus

2038 2273 2214 2324 mens,
2250 2258 2305 2311 in
2330 2266 2594 2313 aeternum
2619 2256 2921 2315 confitebor
2954 2257 3073 2314 tibi.

2112 2346 2179 2403 Ut
2201 2365 2382 2420 supra.
2415 2348 2529 2420 Ego
2551 2347 2804 2404 dormivi.

2113 2439 2318 2495 Oratio.
2354 2440 2649 2510 Susceptor
2705 2440 2947 2495 omnium
2993 2437 3415 2496 clementissime
3459 2437 3625 2503 Deus,

2040 2547 2108 2587 ne
2131 2531 2417 2603 permittas
2463 2531 2722 2587 delectari
2762 2532 3013 2587 inimicos
3044 2539 3261 2587 nostros
3304 2546 3466 2602 super
3494 2545 3626 2597 nos;

2042 2624 2137 2681 sed
2192 2625 2267 2679 ita
2308 2640 2407 2679 nos
2454 2632 2548 2679 tua
2576 2624 2777 2680 virtute
2820 2626 3111 2681 corrobora
3136 2664 3151 2693 ,
3204 2632 3266 2680 ut
3308 2638 3628 2682 conversum

2040 2716 2317 2787 planctum
2355 2723 2600 2771 nostrum
2638 2716 2695 2770 in
2735 2716 3039 2773 sanctitatis
3068 2724 3174 2772 tute
3198 2716 3482 2787 gaudium,
3516 2729 3630 2771 me-

2044 2807 2214 2864 moria
2241 2807 2445 2878 jugiter
2462 2806 2791 2864 excolamus.
2828 2806 2954 2864 Per.

2115 2897 2258 2953 Alia.
2282 2897 2457 2966 Audi,
2488 2898 2745 2966 Domine,
2778 2906 2835 2955 et
2862 2900 3131 2956 miserere
3149 2899 3353 2965 nostri,
3384 2906 3442 2954 et
3463 2897 3631 2953 confi-

2045 2994 2221 3045 tentes
2254 2988 2530 3045 memoria:
2558 2988 2863 3045 sanctitatis
2891 2998 2997 3045 tua:
3014 3029 3030 3056 ,
3056 2988 3246 3044 laetitia
3278 2986 3633 3043 confessionis

2049 3080 2272 3149 accinge
2308 3098 2320 3133 :
2366 3088 2420 3135 et
2454 3079 2580 3151 quia
2611 3080 2667 3135 in
2690 3079 2972 3136 voluntate
3001 3088 3093 3135 tua
3133 3079 3245 3134 vita
3292 3085 3377 3133 est
3418 3084 3629 3142 nostra,

2049 3172 2343 3228 voluntatis
2384 3172 2554 3243 ipsius
2594 3188 2791 3229 munus
2836 3172 3149 3243 impertire;
3195 3178 3256 3226 ut
3307 3171 3437 3225 dum
3479 3168 3637 3225 nobis

2049 3266 2164 3322 vita
2206 3281 2273 3321 ex
2314 3263 2595 3322 voluntate
2640 3272 2734 3320 tua
2781 3264 3062 3332 tribuitur,
3108 3262 3359 3320 voluntas
3398 3269 3490 3319 tua
3513 3261 3637 3318 vita:

2052 3359 2223 3430 ipsius
2250 3372 2474 3414 munere
2496 3356 2803 3428 impleatur.
2828 3356 2954 3414 Per.

2278 3522 2283 3523 ,
2370 3468 2691 3527 PSALMUS
2730 3466 2821 3524 DE
2857 3463 3307 3524 ASCENSIONE.

2125 3565 2307 3637 (Pan.
2334 3562 2485 3637 vm'.)
2518 3561 2746 3619 Domine
2786 3561 3049 3619 Dominus
3085 3567 3300 3627 noster,
3350 3570 3514 3629 quam
3542 3556 3637 3613 ad-

2052 3659 2305 3717 nirabile
2351 3666 2437 3715 est
2472 3672 2670 3713 nomen
2718 3665 2872 3712 tuum
2919 3657 2978 3712 in
3022 3656 3276 3711 universa
3298 3654 3472 3709 terra!
3496 3651 3640 3720 Quo-

2054 3754 2203 3812 niam
2228 3752 2435 3807 elevata
2462 3759 2547 3807 est
2581 3750 2982 3822 magniﬁcentia
3008 3758 3102 3805 tua
3127 3762 3292 3819 super
3319 3748 3503 3804 cmlos.
3560 3742 3639 3802 Ex

2055 3859 2153 3901 ore
2182 3842 2469 3899 infantium
2514 3849 2572 3897 et
2614 3840 2937 3897 lactentium'
2966 3838 3244 3911 perfecisti
3278 3837 3493 3892 laudem
3517 3851 3643 3906 pro-

2055 3946 2179 4008 pter
2196 3936 2448 3992 inimicos
2467 3943 2611 4001 tuos,
2636 3942 2698 3990 ut
2724 3934 2978 3990 destruas
3001 3933 3280 3989 inimicum
3309 3941 3365 3987 et
3385 3930 3640 3987 ultorem.

2058 4029 2333 4098 Quoniam
2351 4029 2553 4086 videbo
2589 4027 2755 4085 emlos
2798 4035 2922 4083 tuos
2945 4067 2959 4093 ,
3011 4026 3177 4098 opera
3204 4026 3494 4097 digitorum
3521 4032 3642 4079 tuo-

2059 4137 2180 4177 rum
2207 4139 2223 4176 :
2268 4120 2452 4176 lunam
2485 4129 2542 4175 et
2566 4118 2754 4176 stellas
2777 4159 2792 4184 ,
2844 4128 2969 4189 qua:
2997 4126 3054 4173 tu
3085 4115 3343 4173 fundasti.
3400 4116 3539 4184 Qnid
3563 4121 3647 4172 est

2058 4212 2241 4277 homo,
2273 4211 2418 4281 quod
2437 4224 2726 4266 memores
2747 4207 2901 4279 ejus:
2934 4215 3031 4263 aut
3053 4206 3200 4264 filius
3227 4202 3479 4272 hominis,
3512 4212 3644 4277 quo--

2062 4304 2211 4360 niam
2230 4303 2419 4359 visitas
2448 4302 2617 4358 eum?
2642 4301 2893 4356 Minuisti
2908 4304 3033 4355 eum
3064 4299 3226 4372 paulo
3246 4299 3427 4354 minus
3454 4296 3523 4353 ab
3546 4310 3634 4353 an-

372 4386 523 4441 niam
549 4394 606 4440 tu
626 4384 941 4457 percussisti
960 4400 1149 4441 omnes
1174 4384 1523 4440 adversantes
1543 4382 1679 4439 mihi
1695 4382 1813 4438 sine
1832 4395 1946 4437 cau-

2062 4395 2237 4468 gelisv:
2276 4394 2447 4466 gloria
2467 4402 2525 4451 et
2547 4395 2757 4450 honore
2782 4390 3057 4448 coronasti
3087 4403 3243 4459 eum,
3276 4398 3334 4446 et
3361 4389 3648 4446 constitui-

373 4492 459 4545 sn,
490 4470 678 4533 dentes
702 4486 1052 4547 peccatorum
1092 4475 1413 4534 contrivisti.
1440 4474 1658 4532 Domini
1683 4482 1769 4534 est
1790 4473 1957 4544 salus,

372 4576 432 4626 et
466 4584 631 4641 super
656 4569 914 4641 populum
944 4577 1096 4626 tuum
1120 4568 1426 4626 benedictio
1452 4577 1564 4624 tua.

451 4661 518 4717 Ut
548 4680 729 4735 supra.
758 4662 1001 4720 Tenuisti
1029 4680 1248 4720 manum
1274 4664 1557 4720 dexteram
1586 4678 1785 4721 meam.

450 4756 659 4813 Oratio.
686 4758 947 4827 Effunde,
963 4758 1210 4827 Domine,
1240 4760 1673 4817 benedictionem
1702 4767 1965 4816 tuamrsu—

372 4868 476 4925 per
519 4851 779 4925 populum
831 4860 984 4908 tuum
1010 4893 1027 4921 ,
1071 4861 1135 4909 ut
1166 4861 1262 4909 tua
1305 4852 1704 4910 resurrectione
1743 4851 1963 4919 muniti,

374 4961 488 5003 non
542 4947 832 5003 timeamus
872 4947 942 5003 ab
990 4945 1396 5003 adversantium
1443 4945 1705 5002 vitiorum
1757 4943 1966 5001 malitia

374 5038 729 5096 circumdari.
758 5039 884 5097 Per.

454 5132 597 5187 Alia.
626 5131 877 5202 Domine,
915 5142 1106 5190 contra
1134 5132 1639 5205 multiplicationem
1663 5132 1969 5190 tribulatio-

374 5242 516 5285 num
544 5229 703 5286 nohis
736 5228 893 5286 fortis
933 5237 1304 5301 propugnator
1338 5244 1599 5297 accurre,
1624 5236 1682 5287 et
1707 5229 1971 5288 adversus

376 5320 789 5379 multitudinem
818 5322 1215 5396 insurgentium
1239 5324 1296 5378 in
1326 5338 1426 5380 nos
1461 5322 1587 5394 pius
1611 5322 1864 5381 defensor
1884 5338 1973 5381 as-

375 5415 518 5473 siste
539 5456 555 5482 ,
600 5416 780 5488 sitque
820 5418 1129 5475 benedictio
1172 5425 1263 5472 tua
1300 5432 1463 5489 super
1485 5416 1747 5489 populum
1774 5426 1968 5474 tuum:

379 5517 450 5566 ut
475 5510 570 5581 qui
596 5511 826 5569 salutem
859 5513 1054 5568 animat
1078 5520 1279 5571 nostrae
1323 5512 1380 5566 in
1412 5518 1467 5567 te
1507 5525 1629 5566 esse
1656 5518 1882 5582 negant,
1918 5519 1974 5570 te

380 5602 717 5665 salvawrem
758 5614 1003 5665 nostrum
1040 5606 1161 5679 ipsa
1206 5620 1307 5663 sua
1349 5604 1746 5678 expugnatione
1772 5621 1972 5682 cogno-

380 5706 567 5755 Μ

2061 4491 2135 4547 sti
2157 4503 2285 4545 eum
2303 4502 2467 4559 super
2485 4500 2650 4558 opera
2672 4498 2930 4540 manuum
2957 4480 3197 4539 tuarum.
3247 4482 3441 4538 Omnia
3471 4480 3647 4550 subje.

2060 4581 2187 4638 sisti
2232 4580 2332 4636 sub
2372 4578 2603 4650 pedibus
2647 4577 2767 4649 ejus
2801 4595 2816 4631 :
2865 4590 2996 4632 oves
3041 4583 3099 4631 et
3140 4576 3309 4631 boves
3342 4575 3645 4638 universas,

2062 4676 2286 4746 insuper
2312 4681 2371 4730 et
2406 4684 2606 4745 pecora
2644 4672 2842 4741 campi.
2885 4668 3147 4727 Volueres
3184 4670 3343 4735 coeli,
3379 4678 3435 4725 et
3468 4669 3649 4740 pisces

2063 4767 2250 4831 maris,
2280 4767 2373 4839 qui
2412 4763 2793 4837 perambulant
2810 4762 3034 4819 semitas
3068 4764 3254 4819 maris.
3280 4763 3506 4819 Domine
3535 4762 3647 4818 Do-

2065 4859 2248 4933 minus
2275 4866 2497 4914 noster:
2525 4870 2690 4927 quam
2729 4854 3046 4913 admirabile
3082 4858 3393 4914 estnomen
3413 4866 3565 4913 tuum
3594 4856 3649 4910 in

2067 4952 2335 5007 universa
2346 4958 2497 5005 terra
2510 4950 2523 5003 !

2146 5038 2214 5096 Ut
2241 5056 2426 5111 supra.
2454 5037 2716 5096 Ascendit
2738 5037 2883 5095 Deus
2911 5038 2969 5096 in
2984 5038 3177 5112 jubilo.
3217 5040 3484 5115 Regnabit
3512 5038 3653 5096 Deus

2070 5140 2236 5202 super
2266 5136 2474 5201 gentes.

2071 5238 2097 5251 ’λ
2142 5220 2256 5296 θᾷ
2282 5221 2487 5278 Oratio.
2515 5220 2657 5291 Quid
2682 5229 2768 5282 est
2787 5224 2971 5295 homo,
3006 5225 3253 5295 Domine,
3283 5225 3426 5297 quod
3447 5239 3656 5282 memor

2072 5333 2134 5375 es
2160 5317 2312 5389 ejus?
2360 5324 2455 5373 aut
2477 5331 2577 5373 cur
2609 5331 2670 5374 es
2694 5325 2755 5373 tu
2774 5316 2919 5377 illius
2945 5322 3211 5388 hominis,
3262 5320 3368 5375 nisi
3409 5328 3471 5376 ut
3507 5332 3657 5389 eum,

2072 5430 2144 5472 ne
2170 5416 2226 5471 in
2250 5421 2573 5486 perpetuum
2596 5416 2838 5486 periret,
2868 5416 3198 5473 redimeres?
3244 5412 3323 5471 Ba
3348 5430 3477 5487 ergo
3500 5413 3660 5473 nobis

2075 5508 2341 5566 auxilium
2364 5509 2729 5564 necessarium
2749 5550 2762 5574 ,
2798 5510 2890 5580 qui
2918 5509 3109 5565 dedisti
3132 5525 3232 5580 pro
3258 5508 3414 5564 nobis
3441 5506 3658 5579 sangui—
3726 5500 3730 5509 ’

2076 5617 2202 5660 nem
2228 5603 2557 5674 pretiosum;
2589 5610 2644 5656 et
2676 5610 2874 5672 praesta
2896 5644 2912 5669 ,
2958 5610 3018 5658 ut
3053 5616 3188 5672 quos
3225 5606 3371 5660 mors
3396 5611 3485 5658 tua
3513 5601 3655 5658 redi-

2076 5701 2198 5768 mit,
2222 5712 2407 5751 eorum
2431 5704 2485 5751 te
2509 5697 2619 5750 vita
2645 5695 2927 5766 glorificet.
