4038 6336
517 423 829 483 Secundum
857 433 1052 477 nomen
1075 425 1247 481 tuum,
1275 412 1438 469 Deus.
1465 411 1753 468 Exaudivit
1781 410 1847 465 de
1888 416 2024 464 tem-

444 518 535 592 plo
559 525 748 574 sancto
792 530 889 571 suo
932 526 1121 567 vocem
1163 523 1362 564 meam.
1423 504 1641 561 Psallite
1667 503 1778 558 Deo
1817 509 2024 567 nostro,

447 612 703 684 quoniam
737 625 828 665 rex
858 607 1033 663 omnis
1074 614 1233 659 terra:
1262 603 1427 657 Deus.

519 704 725 761 Oratio.
753 698 1082 757 Admirabile
1122 712 1317 751 nomen
1344 704 1494 749 tuum
1512 735 1525 760 ,
1558 692 1898 762 omnipotens
1923 686 2017 743 Do-

447 799 612 862 mine,
643 795 910 867 supplices
933 807 1251 857 exoramus,
1280 799 1339 844 ut
1363 790 1455 858 qui
1480 802 1694 843 omnem
1721 792 2026 839 creaturam

447 890 631 947 mundi
656 891 721 943 ad
759 904 889 942 usus
909 886 1185 941 hominum
1216 880 1490 949 SlllleCiSli
1511 920 1527 946 ,
1554 894 1653 933 nos
1675 877 1740 931 ad
1778 884 1882 929 tute
1916 887 2029 928 ser-

443 982 632 1037 vitutis
657 980 892 1034 oﬂicium
921 979 1111 1047 dignos
1138 976 1375 1046 digneris
1401 973 1629 1028 efficere.
1655 970 1778 1025 Per.

517 1071 650 1127 Item
680 1072 886 1125 Oratio.
936 1069 1159 1132 Exaudi,
1192 1066 1436 1129 Domine,
1464 1071 1645 1119 sancte
1670 1061 1831 1115 Pater
1854 1058 2029 1114 omni-

441 1173 634 1235 potens
655 1172 852 1218 :etcrne
882 1162 1056 1225 Deus,
1088 1159 1362 1214 orationes
1387 1165 1632 1220 nostras,
1670 1169 1806 1223 quas
1840 1151 2027 1222 pietati

443 1265 549 1310 tute
588 1255 862 1309 fundimus
911 1254 965 1306 in
1014 1249 1331 1305 memoriam
1394 1262 1563 1303 sacra:
1614 1244 2022 1308 incarnationis,

442 1347 774 1409 nativitatis,
827 1344 1126 1415 passionis,
1196 1339 1642 1403 resurrectionis,
1691 1335 2027 1391 ascensionis

442 1438 657 1494 Domini
686 1437 859 1491 nostri
890 1434 1019 1490 Jesu
1047 1433 1269 1497 Christi,
1299 1434 1390 1502 qui
1420 1448 1519 1502 pro
1548 1432 1705 1485 nobis
1731 1428 2024 1493 incarnari,

442 1531 630 1594 nasci,
681 1530 857 1593 mori,
890 1542 1173 1598 resurgere
1197 1567 1211 1591 ,
1247 1525 1517 1594 coelosque
1561 1524 1882 1587 ascendere,
1927 1536 2027 1576 no-

443 1631 614 1677 stram
658 1637 755 1676 sua
804 1621 1003 1674 virtute
1049 1619 1420 1689 captivitatem
1470 1618 1672 1672 ducens
1716 1615 2024 1685 captivam‘,

442 1711 696 1781 dignatus
723 1718 835 1772 est;
866 1708 982 1777 ejus
1010 1710 1397 1779 gubernatione
1419 1750 1432 1772 ,
1464 1708 1800 1778 protectione
1819 1748 1833 1771 ,
1868 1706 2030 1761 mise-

442 1804 697 1867 ricordia,
727 1819 756 1856 a
786 1802 997 1855 cunctis
1028 1802 1335 1855 muniamur
1357 1800 1637 1853 diabolicae
1666 1798 1871 1853 fraudis
1894 1798 2025 1853 insi-

443 1893 563 1956 diis,
596 1893 688 1962 qui
724 1901 902 1949 tecum
943 1893 1074 1946 vivit
1120 1893 1171 1945 in
1202 1893 1407 1946 unitate
1452 1890 1685 1961 Spiritus
1727 1891 1898 1947 sancti
1928 1905 2026 1961 per

442 1982 771 2037 immortalia
795 1982 989 2038 szecula
1017 1982 1356 2038 saeculorum.

472 2117 678 2174 FERIA
735 2120 899 2176 ITEM
954 2120 1022 2175 VI
1071 2119 1328 2175 ORATIO
1380 2117 1626 2176 SANCTI
1672 2116 1999 2175 CYPRIANI

1035 2211 1225 2265 MART
1238 2211 1411 2267 YRIS.

512 2346 738 2401 Domine
772 2355 957 2401 sancte
984 2346 1145 2401 Pater
1176 2347 1358 2417 agios,
1401 2347 1466 2399 ad
1503 2354 1553 2399 te
1585 2345 1756 2401 levavi
1784 2345 2026 2400 animam

438 2450 634 2491 meam.
676 2438 819 2491 Deus
854 2453 1036 2502 meus,
1087 2437 1209 2506 quis
1246 2437 1391 2490 cnim
1420 2435 1594 2505 major
1618 2436 1704 2489 te?
1745 2434 1865 2489 Tibi
1904 2450 2027 2505 gra-

439 2530 541 2583 tias
570 2537 624 2583 et
650 2528 864 2583 laudem
904 2527 1100 2582 refero.
1166 2527 1307 2581 Deus
1338 2527 1609 2581 Abraham
1631 2567 1645 2591 ,
1678 2527 1819 2580 Dens
1855 2525 2023 2591 lsaac,

440 2620 579 2673 Deus
603 2619 768 2674 Jacob
786 2662 800 2685 ,
853 2620 996 2674 Deus
1024 2629 1239 2688 patrum
1267 2628 1574 2673 nostrorum
1597 2660 1611 2683 ,
1640 2620 1781 2673 Deus
1806 2627 2025 2688 aposto-

437 2709 635 2774 lorum,
688 2710 831 2764 Deus
859 2711 1267 2781 pr0phetarum,
1296 2710 1438 2764 Deus
1468 2718 1795 2781 martyrum;
1825 2710 1917 2778 qui
1946 2724 2026 2774 es,

436 2808 490 2854 et
514 2802 605 2870 qui
633 2800 781 2856 fuisti
816 2809 942 2856 ante
972 2802 1159 2856 mundi
1182 2801 1645 2856 constitutionem.
1705 2802 1846 2855 Deus
1880 2800 2031 2854 vivo-

439 2907 578 2957 rum,
638 2902 898 2946 vcnturus
938 2892 1183 2961 judicare
1228 2893 1379 2946 vivos
1428 2900 1482 2946 et
1528 2898 1805 2955 mortuos,
1850 2890 2028 2960 quies

438 2981 580 3036 Deus
601 2999 797 3048 verax,
838 2984 929 3051 qui
954 2984 1109 3039 sedes
1145 2998 1308 3052 super
1336 2982 1648 3046 cherubim,
1689 2989 1743 3035 et
1763 2980 2028 3051 prospicis

437 3073 698 3144 abyssos:
747 3076 840 3144 qui
881 3076 1032 3130 vides
1073 3084 1293 3139 cuncta,
1348 3075 1664 3144 priusquam
1703 3084 2022 3139 nascantur,
2052 3100 2099 3165 ο

436 3164 530 3235 qui
566 3166 733 3221 habes
757 3174 1085 3237 potestatem
1110 3166 1386 3231 occidere,
1437 3173 1492 3220 et
1534 3181 1747 3221 rursum
1778 3166 2028 3221 restitue-

438 3272 529 3322 re;
557 3258 647 3326 qui
692 3259 862 3313 habes
904 3268 1228 3328 potestatcm
1276 3259 1341 3313 tle
1375 3258 1528 3311 arido
1566 3257 1793 3311 viridem
1822 3255 2023 3312 facere.

437 3346 519 3403 Tu
546 3350 785 3403 omnium
828 3349 971 3404 Deus
1000 3350 1328 3414 dominator,
1376 3350 1546 3403 libera
1586 3365 1672 3403 me
1701 3350 1768 3404 ab
1800 3348 1903 3403 hoc
1929 3363 2028 3403 sa:-

438 3439 577 3495 culo.
620 3439 826 3494 Exaudi
854 3456 939 3495 me
962 3450 1227 3506 orantem,
1255 3442 1395 3495 sicut
1415 3440 1679 3495 exaudisti
1702 3439 1842 3495 ﬁlios
1862 3439 2027 3495 Israel

439 3528 504 3584 de
535 3538 678 3585 terra
707 3529 944 3601 ngypti,
974 3538 1029 3585 et
1057 3546 1163 3585 non
1194 3530 1292 3585 tibi
1312 3531 1675 3595 crediderunt,
1706 3546 1805 3585 nec
1827 3529 2026 3586 famulo
2068 3530 2069 3533 “

440 3628 531 3676 tuo
554 3620 741 3691 Moysi.
785 3619 878 3675 Vae
906 3623 1144 3690 peccatis
1170 3622 1305 3676 meis
1331 3622 1344 3675 l
1376 3636 1499 3677 cum
1531 3629 1582 3675 te
1612 3622 1878 3676 levaveris
1898 3636 2027 3676 con-

436 3712 676 3783 fringere
723 3723 925 3768 terram
950 3754 963 3777 ,
1014 3717 1114 3768 sub
1160 3729 1319 3783 quam
1353 3712 1602 3768 ﬁssuram
1632 3721 1910 3782 petrarum
1939 3729 2028 3769 me

438 3804 798 3859 absconsurus
846 3821 965 3859 sum
1016 3813 1139 3860 ante
1186 3805 1440 3859 virtutem
1489 3806 1676 3859 tuam?
1727 3805 1826 3859 Cui
1856 3807 2026 3862 monti

437 3896 680 3952 dicturus
709 3913 849 3961 sum,
881 3900 1013 3952 cade
1039 3910 1203 3967 super
1235 3913 1321 3952 me
1348 3915 1361 3952 :
1400 3906 1455 3951 et
1478 3898 1565 3952 cui
1597 3897 1754 3963 colli,
1793 3907 1911 3969 tege
1937 3914 2026 3954 me

438 3996 562 4042 ante
610 3997 812 4042 metum
843 3987 1089 4052 Domini,
1131 4004 1252 4043 cum
1284 3996 1336 4041 te
1377 3988 1641 4043 levaveris
1686 3988 2026 4060 confringere

439 4080 678 4133 terram?
702 4080 875 4150 Rogo,
907 4081 1153 4147 Domine,
1180 4080 1403 4136 subveni
1433 4083 1586 4146 mihi,
1618 4090 1673 4137 et
1696 4083 1806 4138 noli
1828 4098 2023 4138 secun-

436 4170 562 4229 dum
605 4181 785 4227 actum
827 4188 1009 4227 meum
1042 4188 1128 4228 me
1146 4171 1433 4240 judicare:
1468 4173 1600 4227 nihil
1632 4174 1777 4228 enim
1806 4175 1858 4229 in
1890 4190 2026 4244 prte-

436 4266 607 4333 ceptis
636 4268 743 4322 tuis
768 4270 976 4337 paravi.
1008 4268 1214 4323 Exaudi
1241 4282 1329 4322 me
1351 4277 1651 4338 rogantem.
1686 4266 1840 4322 Sicut
1860 4281 2025 4322 exau-

437 4355 563 4410 disti
592 4354 783 4410 Ionam
826 4359 894 4412 de
932 4367 1119 4414 ventre
1143 4360 1280 4425 ceti,
1316 4361 1396 4413 sic
1436 4360 1695 4415 exaudias
1728 4375 1812 4414 me
1848 4367 1904 4414 et
1927 4358 2026 4429 eji-

1309 284 1369 337 B.
1409 280 1471 336 F.
1504 277 1729 335 ALBINI
1764 276 1895 334 SEU
1920 268 2195 332 ALCUINI
2230 266 2516 330 OPERUM
2553 268 2731 327 PARS
2768 268 2853 325 IV.

2050 394 2101 452 Α
2127 386 2360 450 leonum,
2393 394 2449 441 et
2476 384 2670 441 misiSti
2708 383 2959 438 Habacuc
2980 381 3331 452 prophetam,
3363 388 3417 435 et
3442 378 3629 435 attulit
3657 380 3712 436 ei

3601 263 3707 321 568

2126 478 2433 551 prandium,
2456 487 2513 533 et
2535 477 2669 531 dixit
2694 493 2707 529 :
2738 473 2951 529 Prande
2975 472 3259 545 prandium
3286 470 3426 542 quod
3446 470 3541 524 tibi
3568 469 3713 525 misit

2126 569 2406 635 Dominus,
2456 569 2523 623 Et
2545 568 2679 622 dixit
2722 564 2913 619 Daniel
2957 583 2969 617 :
3026 562 3148 617 Non
3181 560 3424 633 relinquit
3449 559 3715 615 Dominus

2125 671 2417 733 qucerentes
2464 677 2537 715 se.
2581 657 2789 712 Exaudi
2828 671 2914 710 me
2937 664 3218 720 orantem,
3273 655 3414 708 sicut
3440 651 3716 708 exaudiin

2128 756 2353 811 Tobiam
2379 763 2434 809 et
2465 753 2680 817 Saram,
2709 752 2835 805 dum
2862 756 3082 804 orarent
3114 747 3166 800 in
3191 746 3330 800 atrio
3351 745 3547 799 domus
3566 759 3713 800 sua:

2130 857 2257 903 tunc
2276 846 2467 901 obtulit
2497 860 2596 915 pro
2642 843 2722 897 eis
2765 840 3003 910 Raphael
3041 837 3264 909 angelus
3288 836 3596 892 orationem
3622 850 3720 890 eo-

2128 957 2280 1006 rum;
2314 940 2392 995 sic
2412 936 2670 993 exaudias
2682 949 2869 1005 preces
2892 948 3062 998 meas,
3087 940 3142 987 et
3164 929 3419 985 admittas
3444 926 3513 981 ad
3532 925 3716 981 aulam

2127 1039 2371 1087 sanctam
2402 1038 2551 1083 tuam
2575 1027 2850 1081 orationes
2873 1038 3021 1077 meas
3045 1039 3057 1075 :
3092 1028 3147 1076 et
3167 1019 3504 1075 continenter
3526 1016 3723 1071 mittas

2129 1121 2380 1193 angelum
2411 1127 2561 1174 tuum
2587 1159 2603 1185 ,
2653 1117 2745 1187 qui
2776 1115 2955 1171 deleat
2979 1113 3229 1167 universa
3253 1110 3542 1166 commissa
3569 1122 3719 1175 mea,

2127 1213 2269 1269 sicut
2312 1209 2503 1267 delesti
2544 1208 2793 1279 spiritum
2821 1203 3153 1260 immundum
3199 1217 3229 1255 a
3260 1199 3417 1265 Sara,
3463 1198 3575 1253 ﬁlia
3610 1197 3722 1252 Ra-

2127 1305 2270 1377 guel.
2322 1304 2601 1359 lllumines
2639 1318 2735 1358 cor
2763 1316 2944 1356 meum
2968 1339 2984 1365 ,
3026 1298 3167 1353 sicut
3196 1294 3509 1351 illuminasti
3530 1291 3722 1347 oculos

2128 1376 2331 1455 Tobiae.
2372 1398 2579 1455 Exaudi
2603 1413 2692 1453 me
2719 1405 2997 1458 orantem,
3027 1392 3169 1447 sicut
3212 1376 3724 1444 exaudisti‘Susan—

2127 1510 2275 1560 nam,
2300 1501 2356 1548 et
2397 1492 2639 1548 liberasti
2682 1506 2802 1547 eam
2848 1490 2913 1545 de
2943 1486 3195 1542 manibus
3225 1484 3521 1547 seniorum,
3556 1481 3635 1536 sic
3663 1486 3726 1534 et

2127 1605 2217 1645 me
2253 1588 2450 1643 liberes
2490 1588 2556 1641 ab
2602 1586 2708 1641 hoe.
2744 1583 2961 1647 saeculo,
2993 1581 3119 1651 quia
3142 1588 3201 1633 tu
3237 1593 3297 1633 es
3330 1583 3542 1631 amator
3565 1586 3724 1644 pure

2130 1680 2489 1737 conscientite.
2554 1677 2759 1732 Exaudi
2805 1691 2892 1730 me
2932 1680 3178 1728 orantem
3206 1712 3218 1735 ,
3270 1670 3409 1723 sicut
3449 1664 3722 1721 exaudisti

2059 1750 2104 1811 Β
2131 1771 2419 1827 Ezechiam
2450 1783 2634 1840 regem
2657 1766 2829 1832 Judte,
2855 1774 2908 1821 et
2933 1764 3124 1820 delesti
3148 1761 3215 1815 ab
3248 1776 3313 1817 eo
3345 1759 3722 1815 infirmitatem

2127 1865 2340 1930 carnis;
2374 1864 2451 1920 sic
2478 1872 2533 1917 et
2570 1878 2597 1916 a
2627 1876 2713 1916 me
2748 1860 2963 1915 auferas
2993 1857 3362 1913 infirmitatem
3390 1855 3642 1924 corporis
3665 1860 3727 1908 et

2127 1959 2343 2023 animae,
2369 1966 2425 2013 et
2449 1971 2650 2027 augeas
2675 1954 2807 2009 mihi
2840 1953 3022 2017 tidem,
3054 1952 3196 2006 sicut
3220 1947 3417 2003 auxisti
3448 1947 3526 2000 illi
3550 1960 3727 2000 annos

2128 2068 2199 2107 xv
2228 2052 2296 2107 ad
2323 2051 2513 2106 vitam.
2543 2049 2767 2104 Liberes
2795 2062 2880 2102 me
2906 2046 2971 2101 de
2996 2044 3174 2100 medio
3200 2042 3380 2097 sceculi
3405 2042 3590 2111 hujus,
3614 2040 3727 2095 sic-

2125 2152 2187 2199 ut
2223 2143 2463 2199 liberasti
2513 2140 2765 2197 Theclam
2809 2137 2873 2193 de
2917 2136 3094 2191 medio
3131 2133 3238 2205 95
3278 2132 3722 2202 amphitheatro;

2127 2236 2207 2292 sic
2235 2235 2432 2290 liberes
2455 2248 2542 2289 me
2575 2233 2639 2287 de
2666 2231 2812 2286 omni
2843 2227 3161 2283 infirmitate
3184 2224 3385 2280 carnis.
3424 2222 3502 2276 Te
3532 2222 3728 2292 depre-

2127 2344 2243 2394 cor,
2278 2327 2460 2391 Pater,
2495 2327 2585 2395 qui
2613 2326 2668 2379 in
2692 2324 2799 2378 fine
2835 2331 3138 2391 temporum
3175 2324 3633 2373 commemoratus
3662 2329 3728 2369 es

2128 2420 2322 2484 nostri,
2360 2419 2583 2473 mittens
2620 2416 2775 2470 nobis
2808 2411 2990 2469 Jesum
3027 2411 3307 2467 Christum
3344 2407 3539 2463 Filium
3566 2415 3727 2460 tuum

2129 2513 2417 2567 Dominum
2477 2510 2818 2565 Salvatorem
2864 2515 3107 2561 nostrum
3140 2546 3155 2571 ,
3213 2512 3401 2559 natum
3440 2517 3508 2557 ex
3552 2500 3728 2555 Maria

2129 2606 2343 2675 virgine
2386 2605 2452 2659 de
2486 2601 2693 2673 Spiritu
2736 2607 2956 2665 sancto,
3002 2596 3357 2652 annuntiante
3382 2592 3602 2675 Gabriel
3626 2606 3728 2646 an-

2131 2667 2269 2768 gelb,
2303 2711 2401 2765 per
2434 2667 2593 2763 quem
2619 2707 2717 2747 nos
2742 2689 2984 2745 liberasti
3012 2689 3079 2743 de
3115 2685 3354 2758 periculo
3391 2667 3582 2739 mortis
3620 2683 3728 2737 ἰηι-

2128 2793 2407 2849 minentis.
2448 2791 2514 2844 Et
2539 2798 2590 2844 te
2624 2776 2907 2858 deprecor,
2931 2786 3034 2840 Fili
3058 2785 3153 2840 Dei
3185 2784 3438 2845 viventis,
3471 2784 3563 2853 qni
3593 2780 3729 2837 feci-

2133 2883 2201 2937 sti
2235 2880 2501 2952 magnalia
2530 2880 2585 2934 in
2620 2878 2765 2934 Cana
2790 2876 3047 2941 Galilzeze,
3073 2876 3139 2931 de
3164 2891 3306 2945 aqua
3333 2874 3520 2929 vinum
3544 2871 3728 2927 fecisti

2127 2984 2350 3043 propter
2376 2971 2579 3027 Israel:
2619 2971 2708 3040 qui
2742 2969 2899 3024 czeeis
2932 2968 3118 3024 oculos
3154 2967 3435 3038 aperuisti,
3470 2966 3562 3035 qui
3601 2980 3726 3019 sur—

2129 3065 2256 3119 dum
2284 3065 2471 3119 audire
2508 3062 2711 3125 fecisti,
2759 3063 2848 3133 qui
2877 3062 3202 3132 paralyticos
3237 3060 3305 3114 ad
3346 3075 3443 3114 sua
3476 3058 3727 3112 membra

2129 3159 2415 3221 revocasti,
2461 3156 2674 3227 linguas
2704 3155 2978 3209 hlesorum
3016 3153 3279 3209 dtemonio
3304 3159 3533 3207 vexante
3566 3166 3732 3205 sana-

2128 3252 2215 3315 sti,
2252 3252 2472 3307 claudos
2508 3265 2726 3305 currere
2759 3248 2933 3304 fecisti
2983 3248 3132 3304 velut
3179 3261 3401 3313 cervos,
3440 3246 3730 3302 mulierem

2126 3342 2374 3416 proﬂuxu
2425 3344 2705 3414 sanguinis
2756 3341 3032 3407 liberasti,
3098 3348 3349 3396 mortuos
3404 3338 3726 3403 suscitasti,

2127 3453 2289 3508 super
2335 3453 2531 3508 aquam
2573 3438 2801 3508 pedibus
2856 3436 3144 3492 ambulasti
3191 3454 3203 3491 :
3258 3435 3351 3506 qui
3399 3450 3549 3490 mare
3600 3433 3729 3488 fun-

2126 3532 2295 3595 dasti,
2359 3540 2414 3586 et
2469 3531 2726 3585 terminos
2785 3530 2851 3585 ei'
2885 3530 3187 3600 imposuisti
3256 3529 3310 3583 in
3366 3538 3454 3583 tua
3495 3527 3722 3582 virtute.

2125 3624 2201 3680 Te
2231 3624 2513 3694 deprecor,
2551 3621 2649 3675 Fili
2675 3621 2770 3677 Dei
2814 3621 2957 3686 vivi,
3008 3630 3227 3691 propter
3266 3621 3522 3675 universa
3567 3633 3726 3673 com-

2124 3716 2291 3770 missa
2341 3727 2461 3768 mea
2487 3754 2501 3779 ,
2558 3712 2649 3782 qui
2708 3727 2766 3766 es
2805 3712 2859 3766 in
2904 3711 3057 3767 caelis
3097 3711 3269 3766 Filius
3308 3712 3363 3765 in
3402 3710 3593 3773 Patre,
3625 3708 3731 3763 Pa-

2126 3815 2209 3861 ter
2238 3808 2290 3861 in
2343 3813 2392 3861 te
2424 3805 2788 3875 sempiterno;
2841 3803 2933 3872 qui
2962 3802 3120 3858 sedes
3159 3817 3322 3872 super
3355 3801 3636 3857 cherubim
3672 3808 3732 3856 et

2126 3900 2422 3969 seraphim,
2454 3898 2635 3953 sedem
2675 3896 2900 3951 honoris
2937 3897 3035 3951 tui.
3069 3895 3190 3951 Tibi
3224 3895 3488 3951 assistunt
3524 3892 3728 3965 angeli,

2125 4005 2382 4045 numerus
2409 3988 2832 4052 inaestimabilis,
2877 3988 3133 4043 timentes
3163 3996 3217 4042 et
3253 3995 3513 4058 paventes
3539 3987 3723 4042 hono-

2126 4099 2241 4139 rem
2287 4091 2343 4138 et
2371 4083 2629 4137 virtutem
2668 4090 2814 4135 tuam
2843 4122 2858 4146 ,
2892 4080 3189 4135 clamantes
3236 4094 3369 4135 voce
3408 4094 3601 4150 magna
3622 4120 3638 4144 ,
3669 4086 3730 4134 et

2125 4177 2367 4232 dicentes
2404 4194 2416 4229 :
2453 4173 2704 4240 Sanctus,
2734 4181 2973 4239 sanctus,
3014 4182 3228 4227 sanctus
3257 4171 3539 4239 Dominus,
3578 4171 3726 4226 Deus

2126 4265 2382 4323 Sabaoth.
2420 4264 2500 4319 Tu
2537 4266 2650 4335 ipse
2679 4264 2958 4319 nobiscum
2992 4271 3376 4319 testamentum
3420 4262 3631 4328 fecisti,
3670 4270 3728 4316 et

2122 4357 2284 4429 paulo
2310 4365 2431 4427 post
2455 4356 2645 4411 dixisti
2677 4374 2689 4409 :
2731 4353 2905 4410 Petite
2934 4366 2983 4411 et
3001 4356 3289 4427 accipietis,
3319 4355 3537 4426 qumrite
3564 4364 3612 4407 et
3637 4354 3725 4407 in-

436 4447 552 4502 cias
576 4463 663 4502 me
684 4450 751 4503 de
778 4458 949 4504 morte
966 4451 1033 4503 ad
1057 4451 1244 4504 vitam.
1287 4449 1441 4505 Sicut
1462 4449 1711 4505 Ninivitte
1734 4451 2025 4506 induerunt
2054 4465 2100 4526 υ
2126 4449 2362 4513 venietis,
2405 4446 2610 4519 pulsate
2655 4455 2705 4502 et
2746 4447 3011 4517 aperietur
3054 4446 3216 4502 vobis.
3291 4444 3655 4515 Quodcunque
3690 4461 3727 4498 α

438 4538 677 4594 cinerem
707 4550 761 4593 et
789 4539 1047 4603 cilicium,
1089 4549 1146 4594 et
1172 4541 1543 4608 pmnitentiam
1569 4549 1826 4612 egerunt,
1876 4543 1949 4596 ita
1970 4551 2026 4598 et

436 4640 537 4698 ego
560 4628 944 4699 exbomogesin
975 4628 1182 4684 faciens
1205 4638 1330 4685 ante
1363 4640 1714 4701 conspectum
1746 4642 1898 4689 tuum
1926 4650 2027 4705 pro

435 4720 707 4776 universis
746 4723 986 4791 peccatis
1011 4724 1168 4789 meis,
1210 4723 1392 4793 quies
1434 4733 1647 4780 amator
1668 4726 2021 4797 pmnitentize,

435 4812 701 4871 miserere
729 4815 854 4870 mei.
898 4814 1004 4870 Sed
1043 4825 1099 4871 et
1142 4816 1310 4871 David
1335 4817 1500 4872 dicit:
1531 4818 1774 4881 Domine,
1806 4831 2027 4888 propter

435 4920 635 4962 nomen
684 4914 832 4961 tuum
878 4907 997 4963 dele
1038 4917 1320 4979 peccatum
1347 4924 1560 4975 meum;
1608 4918 1663 4965 et
1700 4925 1801 4981 ego
1835 4909 2026 4979 depre-

436 5014 569 5054 cans
601 4996 937 5067 majestatem
976 5007 1125 5054 tuam
1152 5020 1163 5053 :
1192 5000 1309 5055 dele
1345 5001 1597 5056 universa
1626 5010 1849 5072 peccata
1876 5017 2021 5056 mea.

435 5089 642 5145 Exaudi
687 5106 773 5145 me
821 5099 1068 5145 orantem
1111 5092 1249 5146 sicut
1281 5092 1551 5147 exaudisti
1598 5100 1710 5147 tres
1735 5107 1933 5162 pueros
1957 5092 2025 5148 de

436 5183 649 5237 camino
676 5183 851 5251 ignis,
883 5182 1149 5237 Ananiam
1171 5224 1186 5249 ,
1242 5182 1493 5238 Azariam
1515 5226 1527 5249 ,
1560 5183 1742 5239 Misael
1781 5204 1792 5238 :
1826 5193 1881 5239 et
1925 5183 2026 5238 mi-

434 5273 553 5328 sisti
590 5273 839 5345 angelum
873 5283 1024 5329 tuum
1053 5290 1176 5330 cum
1211 5275 1395 5330 nimbo
1435 5278 1591 5332 roris.
1644 5276 1913 5332 Confusus
1941 5283 2026 5331 est

434 5362 936 5422 Nabuchodonosor
983 5369 1305 5437 przepositus
1356 5372 1536 5439 regni,
1586 5371 1840 5439 quoniam
1884 5380 1939 5424 tu
1965 5386 2024 5426 es

434 5454 549 5512 Rex
574 5459 938 5529 regnantium,
962 5469 1016 5514 et
1038 5460 1298 5515 Dominus
1322 5463 1735 5527 dominantium,
1765 5463 1855 5532 qui
1878 5464 2023 5518 solus

434 5549 605 5605 habes
660 5551 1163 5619 immortalitatem,
1224 5561 1280 5607 et
1341 5553 1517 5608 lucem
1573 5553 2019 5618 inaccessilxilem,

436 5654 597 5707 quem
615 5653 773 5697 nemo
800 5643 1078 5698 hominum
1103 5642 1269 5705 videt,
1292 5657 1392 5696 nec
1413 5643 1598 5697 videre
1622 5652 1815 5711 potest.
1850 5643 2023 5699 Exau-

439 5730 491 5785 di
540 5746 626 5788 me
667 5743 940 5801 orantem,
977 5735 1119 5790 sicut
1160 5734 1430 5789 exaudisti
1472 5734 1747 5790 Danielem
1794 5736 1858 5792 de
1901 5736 2022 5794 lacu

2129 4542 2292 4597 Patre
2334 4558 2447 4595 meo
2473 4539 2727 4611 petieritis
2757 4541 2812 4593 in
2853 4541 3061 4594 nomine
3088 4556 3226 4604 meo,
3277 4538 3562 4610 accipietis.
3608 4536 3728 4608 Ego

2126 4634 2340 4689 Patrem
2365 4642 2510 4703 peto,
2542 4640 2603 4687 ut
2624 4632 2922 4702 accipiam;
2953 4647 3052 4703 ego
3073 4646 3289 4701 quaaro,
3323 4639 3381 4685 ut
3412 4630 3716 4693 inveniam;

2127 4741 2226 4796 ego
2260 4723 2448 4795 pulso,
2493 4732 2555 4779 ut
2590 4724 2866 4795 aperiatur
2910 4723 3062 4777 mihi.
3123 4722 3236 4793 Ego
3285 4723 3338 4775 in
3374 4730 3465 4776 tuo
3497 4721 3722 4775 nomine

2124 4825 2273 4888 peto,
2305 4826 2367 4873 ut
2414 4825 2470 4873 tu
2513 4817 2730 4871 Patrem
2761 4824 2941 4886 petas,
2977 4824 3031 4871 et
3063 4815 3219 4871 detur
3248 4813 3379 4869 mihi
3405 4814 3583 4868 venia.
3619 4812 3728 4869 Pa-

2127 4918 2280 4965 ratus
2308 4926 2427 4965 sum
2447 4916 2671 4980 propter
2707 4924 2901 4963 nomen
2940 4916 3090 4962 tuum
3125 4906 3405 4961 victimam
3438 4905 3726 4976 sanguinis

2125 5002 2384 5068 fundere,
2432 5011 2485 5057 et
2534 5003 2894 5074 quodcunque
2931 5011 3260 5058 tormentum
3300 5003 3591 5057 sustinere.
3635 5000 3721 5057 Tu

2125 5110 2184 5150 es
2208 5094 2422 5164 adjutor
2446 5110 2623 5161 meus,
2663 5095 2916 5150 defensor
2942 5110 3122 5158 meus,
3157 5091 3387 5149 defende
3422 5094 3490 5148 ab
3528 5094 3725 5148 adver-

2125 5187 2271 5242 sario
2311 5187 2549 5241 animam
2598 5201 2792 5240 meam.
2866 5184 3103 5257 Angelus
3151 5193 3274 5239 tuus
3303 5185 3437 5239 lucis
3472 5190 3726 5255 protegat

2123 5294 2231 5342 me,
2259 5278 2515 5348 quoniam
2538 5288 2596 5331 tu
2622 5279 2802 5333 dixisti
2831 5294 2843 5331 :
2866 5278 3020 5343 Quod
3047 5278 3314 5331 credentes
3344 5277 3600 5347 petieritis
3626 5289 3727 5347 per

2124 5370 2440 5436 orationem,
2483 5370 2698 5424 dabitur
2742 5371 2905 5425 vobis.
2951 5368 3138 5424 Omnis
3165 5370 3328 5423 homo
3355 5367 3624 5434 mendax;
3660 5374 3726 5425 tn

2124 5463 2272 5518 solus
2302 5479 2484 5519 verax.
2519 5461 2672 5517 Sicut
2699 5472 2753 5516 tu
2786 5462 3165 5533 repromisisti,
3198 5468 3521 5531 potestatem
3548 5457 3725 5516 habes

2122 5557 2272 5612 dare.
2311 5557 2567 5622 Domine,
2606 5556 2783 5611 revela
2829 5556 2961 5611 mihi
3002 5562 3399 5610 sacramentum
3427 5562 3579 5608 tuum
3606 5566 3726 5610 etn-

2124 5650 2277 5715 leste,
2309 5658 2368 5703 ut
2392 5650 2585 5729 dignus
2621 5650 2722 5704 sim
2759 5649 2951 5703 facient
2988 5656 3299 5703 sanctorum
3324 5656 3544 5703 tuorum
3573 5648 3726 5703 vide-

2124 5756 2199 5795 re.
2282 5739 2515 5811 Spiritus
2563 5750 2784 5795 sanctus
2834 5741 2883 5793 in
2942 5757 3028 5794 me
3077 5747 3333 5810 operetur
3377 5738 3719 5795 voluntatem
