4038 6336
280 184 388 241 569

1194 248 1201 253 η
1234 176 1629 236 LITURGICA.
1670 207 1739 220 —
1775 175 2047 235 OFFICIA
2085 177 2221 235 PER
2258 177 2528 236 FERIAS.

3443 179 3548 237 570

281 311 451 366 tuam,
476 313 642 371 quam
666 296 764 354 tibi
783 296 1046 371 spopondi
1064 297 1316 354 omnibus
1334 297 1524 353 diebus
1558 297 1685 352 vitae
1702 274 1855 352 meae.
1884 299 1938 358 Δ
1964 305 2217 353 tremore.
2241 296 2476 355 Adorate
2496 311 2651 369 pure,
2676 311 2746 354 ne
2764 296 2905 355 forte
2929 295 3216 365 irascatur,
3242 304 3295 355 et
3313 297 3551 369 pereatis

280 394 383 463 Qui
410 408 604 464 passus
631 408 691 450 es
708 395 807 449 sub
828 392 1023 448 Pontio
1036 392 1210 449 Pilato
1229 394 1428 447 bonam
1449 389 1866 448 confessionem.

280 486 589 544 Cruciﬁxus
634 500 726 547 es.
773 482 1131 551 descendisti,
1175 493 1230 540 et
1262 482 1594 540 conculcasti
1624 481 1871 537 aculeum

281 581 498 635 mortis.
552 579 653 647 Qui
684 579 896 641 dixisti,
944 578 1035 633 ubi
1076 593 1356 647 esmors,
1397 593 1517 647 qua:
1561 574 1871 645 regnabas?

287 670 390 726 Ubi
416 686 494 734 es,
522 670 739 725 aculeus
768 671 991 725 mortis?
1023 671 1174 725 Victa
1201 685 1261 726 es
1292 685 1462 734 mors,
1489 668 1732 724 devictus
1763 667 1869 722 ini-

285 764 463 819 micus
500 763 765 819 diabolus.
805 763 887 820 Tu
910 763 1254 819 resurrexisti
1279 779 1309 818 a
1339 761 1587 825 mortuis,
1626 767 1682 815 et
1708 772 1871 828 appa-

285 856 445 910 ruisti
475 857 735 927 apostolis
773 855 900 912 tuis.
954 856 1261 913 Ascendisti
1287 857 1354 913 ad
1378 856 1577 920 coelos,
1616 854 1770 910 sedes
1803 851 1873 907 ad

284 946 572 1011 dexteram
600 947 795 1012 Patris,
821 947 1339 1017 venturusjudicare
1360 948 1510 1003 vivos
1531 954 1586 1002 et
1605 953 1867 1001 mortuos.

284 1035 392 1105 Qui
420 1040 593 1095 nostri
623 1041 916 1096 dominaris
934 1081 950 1108 ,
985 1041 1156 1096 libera
1185 1056 1271 1096 me
1295 1040 1361 1095 de
1384 1056 1545 1095 manu
1576 1037 1871 1108 quierentis

282 1133 526 1187 animam
572 1148 771 1189 meam.
829 1132 933 1190 Per
981 1148 1178 1190 nomen
1224 1140 1470 1188 sanctum
1502 1139 1653 1186 ιιιιιιιι
1682 1132 1872 1200 depre-

280 1240 410 1292 cor,
438 1226 606 1281 libera
634 1242 720 1281 me
763 1227 831 1282 ab
872 1227 1169 1282 adversarii
1205 1234 1397 1297 parte.
1436 1234 1496 1279 ut
1525 1238 1746 1294 operam
1775 1222 1872 1277 des

278 1318 534 1374 vincendi
582 1319 859 1374 inimicum
910 1334 1121 1386 meum;
1162 1318 1419 1390 quoniam
1468 1326 1525 1371 tu
1573 1332 1634 1371 es
1678 1324 1871 1385 potens

278 1419 545 1476 assertor,
599 1420 652 1466 et
697 1411 991 1467 advocatus
1030 1426 1280 1481 precum;
1342 1418 1399 1467 et
1441 1410 1511 1464 ad
1554 1406 1870 1478 petitionem

275 1513 528 1560 nostram
558 1504 646 1560 die
670 1514 726 1560 et
746 1513 927 1571 nocte,
951 1505 1197 1572 Domine,
1234 1504 1584 1576 interpellans
1612 1517 1711 1573 pro
1746 1513 1871 1569 pec-

273 1596 422 1653 catis
468 1598 604 1653 meis
629 1638 644 1663 ,
700 1599 1003 1654 orationem
1044 1613 1218 1653 meam
1262 1598 1507 1667 perferas
1543 1600 1610 1652 ad
1653 1600 1869 1655 Patrem

1972 389 2039 446 de
2063 390 2169 446 via.

2040 496 2125 536 ιιι.
2154 479 2235 536 Tu
2278 488 2481 548 autem,
2507 482 2752 549 Domine,
2778 481 2997 553 clypeus
3022 481 3169 538 circa
3211 495 3334 549 me;
3380 479 3553 553 gloria

1971 592 2115 642 mea,
2146 585 2201 632 et
2224 578 2471 633 exaltans
2498 588 2660 650 caput
2686 595 2886 636 meum.
2919 578 3112 651 Surge,
3139 579 3366 637 Domine
3389 620 3407 648 ,
3446 579 3554 636 sal-

1971 686 2097 725 vum
2132 686 2220 725 me
2249 670 2354 735 fac,
2391 671 2534 726 Deus
2563 687 2735 727 meus.

2041 778 2115 819 Iv.
2146 764 2402 819 Miserere
2431 764 2557 829 mei,
2588 772 2643 819 et
2668 764 2861 819 exaudi
2889 764 3192 820 orationem
3220 778 3416 820 meam.

2038 872 2092 911 v.
2125 857 2302 913 Verba
2352 872 2472 912 mea
2521 857 2668 920 audi,
2716 856 2973 924 Domine,
3027 858 3265 929 intellige
3310 871 3555 915 murmur

1970 964 2170 1005 meum.
2205 949 2320 1004 Rex
2348 964 2523 1015 meus,
2551 957 2607 1004 et
2628 948 2770 1004 Deus
2794 964 2978 1005 meus:
3012 951 3266 1021 quoniam
3295 950 3365 1005 ad
3386 957 3439 1004 te
3464 949 3553 1004 de-

1968 1059 2182 1114 precor.
2235 1045 2481 1111 Domine,
2509 1045 2680 1101 deduc
2715 1060 2803 1101 me
2848 1046 2902 1100 in
2939 1046 3149 1116 justitia
3189 1055 3302 1113 tua,
3333 1055 3557 1117 propter

1972 1137 2317 1194 insidiatores
2345 1152 2532 1193 meos:
2567 1136 2739 1206 dirige
2778 1146 2905 1193 ante
2950 1135 3146 1194 faciem
3188 1154 3369 1197 meam
3410 1139 3557 1197 viam

1972 1236 2139 1285 tuam.
3592 1290 3597 1295 ὓ

2041 1339 2117 1378 νι.
2147 1322 2389 1386 Domine,
2426 1338 2494 1378 ne
2519 1322 2573 1378 in
2600 1322 2783 1379 furore
2811 1333 2904 1379 tuo
2931 1339 3127 1395 arguas
3152 1340 3277 1381 me:
3309 1341 3480 1397 neque
3500 1325 3554 1381 in

1972 1414 2052 1468 ira
2084 1423 2175 1470 tua
2202 1415 2464 1486 corripias
2485 1432 2593 1471 me.
2617 1415 2871 1472 Miserere
2897 1417 3557 1488 mei,Dominc,quoniam

1972 1506 2217 1563 inﬁrmus
2242 1523 2361 1563 sum
2388 1523 2403 1561 :
2434 1523 2565 1563 sana
2603 1524 2709 1573 me,
2758 1508 3016 1572 Domine,
3047 1507 3303 1579 quoniam
3335 1515 3557 1563 contur-

1970 1598 2099 1653 bata
2129 1608 2256 1654 sunt
2279 1615 2400 1655 ossa
2430 1614 2571 1654 mea.
2601 1600 2669 1654 Et
2695 1600 2875 1654 anima
2897 1614 3017 1654 mea
3044 1600 3258 1655 turbata
3281 1606 3365 1655 est
3383 1598 3560 1662 valde,

277 1701 456 1746 tuum.
494 1691 744 1761 Digneris
786 1691 1058 1760 respicere
1093 1666 1481 1761 superipreces
1522 1707 1703 1757 meas,
1732 1693 1872 1747 sicut
1903 1666 1948 1726 Β
1974 1698 2030 1743 et
2074 1696 2165 1754 tu,
2219 1690 2463 1755 Domine,
2511 1690 2826 1759 usquequo?
2868 1689 3184 1755 Revertere,
3231 1689 3474 1750 Domine,
3506 1695 3562 1741 ct

277 1781 572 1852 respexisti
602 1797 765 1852 super
791 1794 1017 1836 munera
1048 1780 1180 1835 Abel
1199 1779 1333 1849 justi
1373 1781 1469 1834 tui.
1514 1780 1759 1850 Digneris
1787 1795 1873 1835 me

275 1871 516 1928 liberare
545 1872 615 1925 ab
660 1872 783 1942 igne
822 1870 1046 1941 perenni
1086 1885 1386 1939 poenarum,
1417 1878 1472 1925 et
1493 1870 1560 1924 ab
1587 1872 1736 1925 omni
1766 1878 1876 1925 tor-

277 1975 490 2030 mento,
527 1962 671 2033 quod
698 1962 906 2032 parasti
941 1963 1169 2032 iniquis,
1216 1978 1313 2033 per
1341 1963 1543 2017 bonum
1571 1971 1627 2017 et
1655 1962 1876 2018 benedi-

278 2065 435 2113 ctum
488 2054 991 2113 JesumChristum
1040 2053 1376 2111 Salvatorem
1436 2064 1679 2112 nostrum
1707 2097 1722 2121 ,
1778 2072 1877 2127 per

280 2163 453 2219 quem
477 2148 576 2202 tibi
600 2154 684 2202 est
705 2147 899 2214 honor,
927 2147 1131 2211 virtus,
1163 2148 1333 2219 gloria
1356 2148 1412 2203 in
1438 2149 1634 2206 saecula
1652 2148 1875 2205 saeculo-

278 2253 434 2295 rum.
465 2238 657 2293 Amen.

886 2363 1009 2403 λιιΑ
1045 2363 1264 2405 ORATIO.

310 2498 313 2503 ›
355 2450 581 2533 Largire
607 2462 763 2527 mihi,
794 2460 1041 2529 Domine,
1068 2463 1388 2518 munditiam
1412 2463 1698 2527 labiorum,
1730 2462 1879 2534 puri-

279 2559 458 2609 tatem
494 2561 549 2607 et
597 2553 960 2609 innocentiam
1005 2555 1202 2620 cordis,
1251 2555 1627 2611 rectitudinem
1677 2555 1875 2627 operis.

274 2644 438 2700 Dona
477 2645 611 2701 mihi
653 2646 1046 2712 humilitatem,
1090 2647 1431 2717 patientiam,
1465 2649 1876 2715 abstinentiam,

278 2738 621 2804 castitatem,
650 2739 1020 2804 sobrietatem,
1053 2740 1414 2810 prudentiam,
1448 2740 1736 2813 justitiam,
1771 2740 1881 2797 for-

276 2830 597 2896 titudinem,
616 2832 730 2887 sive
761 2834 1196 2902 temperantiam.
1226 2834 1450 2905 Largire
1478 2836 1609 2890 mihi
1634 2836 1879 2907 spiritum

276 2925 568 2995 sapientiae
589 2933 644 2979 et
666 2924 988 2990 intellectus,
1014 2927 1225 2981 consilii
1247 2936 1302 2982 et
1330 2926 1683 2994 fortitudinis,
1708 2931 1883 2985 scien-

1974 1795 2103 1835 erue
2127 1781 2363 1836 animam
2384 1796 2591 1836 meam:
2616 1780 2762 1836 salva
2785 1796 2871 1836 me
2891 1789 3112 1852 propter
3133 1779 3562 1835 misericordiam

1978 1880 2149 1928 tuam.

2046 1980 2142 2018 vn.
2174 1961 2401 2018 Domine
2427 1962 2571 2018 Deus
2613 1977 2767 2017 meus
2786 2002 2800 2027 ,
2836 1961 2891 2016 in
2922 1970 2973 2017 te
3003 1960 3215 2033 speravi
3241 1978 3254 2014 :
3297 1960 3446 2014 salva
3474 1972 3564 2013 me

1977 2056 2044 2109 ab
2070 2054 2320 2110 omnibus
2352 2054 2802 2125 persequentibus
2846 2067 2966 2119 me,
3015 2063 3071 2108 et
3114 2052 3287 2108 libera
3325 2066 3434 2106 me.
3484 2048 3565 2105 Ne

1977 2146 2118 2203 forte
2166 2149 2376 2218 rapiat,
2412 2156 2473 2201 ut
2501 2147 2586 2203 leo
2613 2147 2853 2202 animam
2885 2160 3064 2202 meam
3101 2144 3337 2211 laceret,
3369 2152 3424 2198 et
3456 2157 3565 2198 non

1978 2241 2045 2296 sit
2071 2240 2165 2310 qui
2195 2249 2369 2295 eruat.

2046 2348 2165 2389 vui.
2195 2333 2442 2399 Domine,
2470 2333 2775 2389 dominator
2798 2340 3002 2397 noster,
3032 2331 3235 2403 grande
3260 2336 3344 2386 est
3370 2341 3568 2385 nomen

1978 2432 2129 2478 tuum
2159 2423 2215 2478 in
2246 2423 2500 2479 universa
2532 2430 2699 2477 terra.

2048 2552 2125 2592 ιιι.
2154 2535 2424 2601 ιαξιειὶιοι,
2449 2543 2506 2589 et
2534 2534 2778 2605 gaudebo
2804 2534 2859 2589 in
2883 2541 2958 2597 te,
2984 2546 3177 2590 canam
3201 2532 3406 2589 nomini
3450 2539 3567 2600 tuo,

1978 2630 2273 2685 Altissime.
2301 2628 2566 2698 Exsurge,
2583 2626 2807 2682 Domine
2828 2624 2986 2691 Deus,
3006 2627 3126 2681 leva
3154 2639 3371 2680 mamun
3394 2632 3568 2690 tuam,

1981 2722 2091 2778 noli
2121 2720 2363 2777 oblivisci
2390 2733 2706 2790 pauperum.

2051 2830 2107 2869 x.
2138 2812 2398 2867 Dominus
2413 2810 2618 2879 justum
2645 2810 2861 2882 probat.

2052 2922 2129 2959 χι.
2164 2903 2322 2959 Salva
2350 2918 2471 2969 nos,
2496 2902 2744 2958 Domine.

278 3016 380 3070 tia
403 3023 459 3070 et
484 3015 704 3085 pietatis
732 3026 891 3087 atque
919 3018 1129 3073 timoris
1176 3019 1272 3073 tui.
1321 3019 1396 3074 Da
1433 3021 1564 3075 mihi
1612 3018 1950 3093 irriguumc
2050 3033 2147 3071 xu.
2195 3015 2487 3085 Usquequo
2534 3013 2864 3069 exaltabitur
2908 3010 3163 3068 inimicus
3206 3023 3358 3065 meus
3404 3023 3569 3080 super

274 3104 537 3173 inferius,
567 3114 622 3161 et
651 3107 912 3179 irriguum
937 3109 1204 3179 superius.
1228 3109 1414 3166 Praebe
1441 3111 1571 3166 mihi
1602 3112 1874 3182 geminum

273 3201 570 3257 charitatis
598 3199 873 3267 effectum,
904 3200 1065 3256 ﬁdem
1105 3213 1345 3268 rectam,
1398 3218 1547 3273 spem
1589 3203 1877 3259 inconcus-

273 3307 427 3348 sam.
458 3292 534 3346 Da
566 3292 699 3347 mihi
724 3294 1154 3350 benedictionem
1176 3295 1241 3350 de
1268 3310 1392 3350 rore
1412 3295 1555 3360 caeli,
1580 3304 1634 3350 et
1658 3296 1882 3368 pingue-

276 3383 415 3440 dine
443 3392 620 3439 terrae.
652 3383 762 3439 Fac
788 3399 874 3439 me
900 3392 1016 3441 toto
1045 3387 1207 3441 corde
1230 3401 1367 3450 meo,
1404 3395 1515 3441 tota
1550 3387 1728 3441 anima
1760 3403 1881 3443 mea

280 3474 579 3544 exquirere
606 3474 800 3529 faciem
830 3484 995 3530 tuam.
1029 3474 1276 3531 Concede
1299 3477 1430 3531 mihi
1457 3478 1512 3531 in
1536 3485 1627 3532 tuo
1658 3492 1883 3548 conspe-

282 3574 384 3622 ctu
414 3581 510 3622 cor
542 3566 740 3622 habere
764 3568 1060 3623 contritum
1090 3577 1143 3624 et
1166 3569 1531 3635 humiliatum,
1574 3581 1677 3626 tute
1705 3571 1884 3627 chari-

284 3657 394 3712 tati
428 3657 560 3712 nihil
584 3672 898 3729 praeponere
919 3700 933 3724 ,
976 3669 1069 3715 tuo
1097 3661 1419 3730 quandoque
1464 3678 1649 3717 amore
1685 3663 1884 3719 mundo

285 3747 541 3804 funditus
564 3750 852 3822 exstingui.
890 3751 999 3806 Fac
1028 3767 1114 3807 me
1144 3752 1198 3806 in
1238 3759 1329 3807 tuo
1360 3752 1626 3808 sacriﬁcio
1652 3754 1884 3810 hostiam

284 3844 473 3899 vivam
508 3844 648 3910 ﬁeri,
680 3853 784 3901 tua:
810 3846 1109 3902 clementiae
1146 3848 1457 3903 holocausta
1486 3850 1775 3905 medullata
1802 3850 1883 3907 of-

284 3936 459 3991 ferre.
496 3936 742 4003 Summa,
780 3948 1001 4005 aeterna,
1030 3948 1086 3995 et
1129 3940 1415 3996 ineﬁ'abilis
1458 3942 1753 4011 sapientia,
1786 3944 1881 3999 de-

279 4027 432 4099 pelle
457 4044 489 4083 a
517 4044 606 4084 me
634 4030 896 4084 caecitatis
933 4040 988 4085 et
1013 4031 1330 4102 ignorantia:
1354 4032 1625 4088 tenebras.
1660 4032 1884 4091 Summa

276 4130 495 4177 aeterna
517 4121 709 4188 virtus,
743 4124 912 4179 libera
948 4140 1055 4180 me.
1104 4124 1326 4181 Summa
1367 4136 1569 4183 mterna
1602 4127 1881 4198 fortitudo,

278 4216 489 4286 adiuva
515 4232 621 4273 me.
670 4216 891 4273 Summa
936 4228 990 4273 et
1020 4220 1579 4291 incomprehensibilis
1615 4223 1728 4290 lux,
1762 4224 1885 4280 illu-

279 4309 442 4365 mina
472 4327 579 4365 me.
614 4308 838 4369 Summa
862 4321 917 4369 et
941 4313 1153 4369 inﬁnita
1191 4315 1594 4383 misericordia,
1624 4318 1883 4374 miserere

279 4401 426 4459 mei.
456 4402 651 4460 Amen.

372 4540 488 4613 96
526 4541 976 4607 COLLECTIO
1018 4548 1434 4611 PSALTERII
1478 4552 1711 4613 BEDJE
1756 4571 1809 4615 ιι.

359 4660 524 4720 ΡεΑι..
558 4682 598 4721 ι.
630 4666 828 4726 Beatus
854 4670 940 4724 vir
961 4671 1053 4740 qui
1075 4688 1181 4727 non
1205 4674 1337 4728 abiit
1366 4674 1419 4729 in
1445 4676 1670 4731 consilio
1694 4676 1885 4747 impio-

277 4770 440 4821 rum,
470 4764 526 4811 et
556 4756 609 4811 in
637 4759 725 4813 via
754 4769 1102 4829 peccatorum
1126 4779 1233 4819 nou
1261 4765 1433 4829 stetit,
1463 4773 1518 4821 et
1543 4767 1598 4821 in
1628 4768 1885 4823 cathedra

276 4846 598 4903 derisorum
644 4864 751 4904 non
781 4852 941 4908 sedit.
981 4852 1087 4909 Sed
1138 4855 1191 4909 in
1238 4855 1353 4927 lege
1384 4856 1595 4912 Domini
1638 4858 1888 4915 voluntas

275 4936 435 5007 ejus,
466 4945 523 4993 et
552 4938 604 4994 in
632 4939 751 5012 lege
776 4940 894 5012 ejus
919 4946 1270 5002 meditabitur
1295 4949 1382 5004 die
1403 4964 1468 5004 ac
1494 4958 1669 5005 nocte.
1699 4950 1767 5006 Et
1785 4953 1891 5007 erit

274 5036 558 5098 tanquam
599 5030 803 5102 lignum
841 5035 1293 5107 transplantatum
1312 5038 1468 5109 juxta
1495 5042 1696 5098 rivulos
1725 5059 1892 5114 aqua-

274 5136 440 5186 rum,
470 5124 613 5191 quod
644 5124 881 5182 fructum
916 5144 1073 5185 suum
1103 5132 1253 5188 dabit
1290 5134 1346 5189 in
1376 5144 1620 5206 tempore
1659 5154 1776 5194 suo.
1824 5138 1893 5194 Et

1979 3107 2106 3164 me?
2145 3106 2490 3170 Convertere,
2528 3114 2584 3160 et
2606 3103 2800 3160 exaudi
2827 3118 2933 3170 me,
2958 3102 3186 3158 Domine
3212 3100 3354 3157 Deus
3374 3115 3560 3155 meus:

1980 3216 2049 3256 ne
2074 3200 2291 3271 quando
2318 3199 2463 3254 dicat
2500 3197 2752 3253 inimicus
2780 3210 2971 3252 meus:
3011 3194 3279 3251 Praevalui
3312 3195 3573 3251 adversus

1982 3307 2129 3347 eum.
3326 3340 3329 3341 ,

2052 3400 2172 3443 xm.
2203 3386 2511 3442 Exsultabit
2531 3384 2718 3453 Iacob,
2750 3393 2805 3442 et
2827 3384 3099 3440 laetabitur
3126 3382 3313 3439 Israel.

2056 3517 2166 3556 xxv.
2196 3500 2472 3556 Timentes
2498 3509 2679 3555 autem
2703 3499 2993 3554 Dominum
3020 3497 3308 3571 gloriﬁcat.

2056 3609 2144 3647 xv.
2179 3591 2401 3647 Custodi
2426 3606 2536 3657 me,
2566 3590 2731 3656 Deus,
2762 3591 3016 3661 quoniam
3056 3588 3270 3659 speravi
3311 3586 3366 3640 in
3409 3594 3463 3641 te
3498 3584 3579 3641 di-

1985 3701 2115 3741 cens
2144 3686 2255 3740 Deo
2280 3703 2293 3739 :
2336 3684 2597 3739 Dominus
2632 3698 2785 3741 meus
2814 3698 2874 3739 es
2902 3692 2980 3748 tu,
3020 3683 3157 3737 bene
3183 3679 3319 3735 mihi
3358 3694 3466 3734 non
3493 3684 3578 3733 est

1985 3778 2103 3833 sine
2125 3788 2198 3832 te.

2054 3883 2166 3921 xvr.
2202 3865 2424 3920 Intende
2452 3864 2885 3935 deprecationem
2915 3876 3113 3925 meam,
3145 3866 3388 3916 sustenta
3428 3872 3578 3930 gres-

1984 3972 2078 4013 sus
2118 3970 2267 4010 meos
2293 3954 2349 4008 in
2379 3953 2608 4009 callibus
2648 3953 2783 4018 tuis,
2834 3960 2890 4008 et
2928 3965 3037 4005 non
3078 3949 3326 4004 labentur
3355 3946 3580 4017 vestigia

1984 4061 2123 4103 mea.
2189 4045 2393 4100 lnclina
2458 4060 2644 4099 aurem
2695 4052 2843 4099 tuam
2891 4042 3062 4097 mihi:
3123 4039 3248 4095 audi
3303 4038 3575 4108 eloquium

1983 4155 2185 4195 meum.
2222 4136 2518 4193 Mirabilem
2549 4136 2636 4191 fac
2667 4132 3094 4191 misericordiam
3114 4139 3277 4194 tuam,
3307 4128 3577 4195 Salvator,

1984 4232 2315 4305 sperantium
2343 4231 2398 4285 in
2423 4238 2496 4284 te.
2522 4229 2744 4285 Custodi
2775 4243 2860 4283 me
2886 4227 3037 4297 quasi
3063 4224 3321 4297 pupillam
3349 4224 3493 4279 intus
3514 4222 3571 4278 in

1984 4326 2161 4391 oculo,
2196 4326 2251 4379 in
2297 4323 2491 4378 umbra
2529 4322 2738 4377 alarum
2786 4329 3001 4376 tuarum
3047 4325 3272 4388 protege
3311 4330 3418 4371 me.
3467 4314 3582 4385 Ego

1909 4398 1964 4461 Ῑ)
1990 4429 2173 4473 autem
2204 4416 2257 4470 in
2282 4413 2496 4484 justitia
2516 4414 2711 4470 videbo
2739 4411 2935 4468 faciem
2964 4419 3132 4465 tuam.

2056 4545 2193 4585 xvu.
2225 4527 2457 4599 Diligam
2486 4534 2563 4593 te,
2595 4525 2845 4590 Domine,
2879 4521 3139 4579 fortitudo
3167 4536 3309 4577 mea.

2057 4656 2214 4695 xvut.
2266 4639 2347 4693 Ab
2396 4637 2623 4693 occultis
2667 4636 2803 4691 meis
2842 4632 3040 4689 munda
3084 4646 3197 4695 me,
3247 4646 3278 4685 a
3319 4628 3572 4701 superbis

1989 4743 2205 4803 quoque
2230 4729 2403 4785 libera
2444 4742 2661 4783 servum
2711 4735 2883 4781 tuum.
2927 4722 3049 4778 Sint
3073 4721 3348 4792 placentes
3373 4735 3584 4807 sermo-

1991 4838 2090 4879 nes
2117 4823 2230 4878 oris
2260 4820 2389 4887 mei,
2416 4819 2643 4875 Domine
2663 4858 2678 4884 ,
2727 4815 2988 4871 fortitudo
3023 4828 3162 4879 mea,
3195 4821 3250 4869 et
3275 4812 3587 4883 redemptor

1992 4935 2168 4976 meus.

2064 5027 2180 5066 xix.
2212 5010 2322 5065 Nos
2349 5015 2529 5063 autem
2556 5005 2793 5062 nominis
2824 5004 3039 5061 Domini
3067 5001 3493 5060 recordabimur.

2063 5137 2159 5177 xx.
2196 5119 2471 5184 Exaltare,
2502 5118 2746 5183 Domine,
2786 5116 2843 5173 in
2878 5115 3192 5173 fortitudine
3228 5122 3351 5180 tua,
3394 5115 3587 5165 canta-

271 5210 486 5267 folium
515 5212 633 5285 ejus
654 5232 764 5273 non
788 5217 1004 5288 deﬁuet,
1045 5230 1099 5277 et
1128 5238 1311 5291 omne,
1356 5227 1497 5297 quod
1527 5227 1737 5296 fecerit,
1769 5246 1878 5301 pro-

1999 5217 2177 5273 bimus
2205 5223 2261 5271 et
2287 5213 2580 5286 psallemus
2607 5212 2951 5268 fortitudines
2980 5220 3119 5266 tuas.

271 5304 632 5374 sperabitur.

364 5412 434 5451 ιι.
475 5397 631 5457 Nunc
659 5416 809 5475 ergo,
842 5421 998 5479 reges
1037 5408 1336 5481 intelligitc,
1358 5413 1645 5467 erudimini
1682 5413 1894 5482 judices

270 5503 483 5549 tem.
509 5494 720 5554 Servite
762 5501 990 5558 Domino
1019 5504 1073 5559 in
1114 5505 1323 5572 timore,
1356 5516 1412 5562 et
1452 5508 1722 5575 exsultate
1758 5510 1804 5564 ei
1839 5510 1894 5565 in

2067 5345 2181 5385 xxi.
2216 5330 2297 5385 Tu
2330 5337 2511 5384 autem
2532 5369 2549 5395 ,
2598 5328 2857 5394 Domine,
2902 5341 2972 5382 ne
3016 5324 3173 5395 longe
3202 5321 3302 5375 ﬁas
3328 5310 3594 5373 fortitudo

2000 5438 2120 5478 mea
2145 5442 2157 5478 :
2189 5423 2243 5478 in
2275 5422 2536 5479 auxilium
2563 5436 2743 5477 meum
2772 5419 2989 5475 festina.
3020 5418 3163 5472 Erue
3188 5430 3228 5489 _a
3258 5411 3436 5486 gladio
3473 5404 3594 5466 atti-

2002 5529 2147 5569 mam
2171 5528 2367 5581 meam,
2399 5514 2549 5571 salva
2577 5529 2666 5571 me
2689 5528 2754 5569 ex
2782 5526 2877 5567 ore
2900 5508 3090 5566 leonis.

370 5695 401 5723 ε
434 5681 609 5754 Hujus
652 5688 894 5745 nsalterii
934 5692 1182 5749 meminit
1206 5693 1468 5750 Alcuinus
1501 5694 1555 5749 in
1581 5692 1737 5764 epist.
1768 5694 1891 5762 l55,
1932 5695 2001 5751 ad
2024 5694 2318 5753 Amonem.
