4038 6336
472 226 577 289 571

476 444 567 493 tur
595 450 683 492 me
705 434 958 490 omnibus
980 432 1167 489 diebus
1193 431 1337 487 vitae.

546 543 710 586 xxm.
744 527 815 588 Et
837 526 1101 597 accipiam
1122 524 1555 583 benedictionem
1584 540 1617 581 a
1645 525 1896 582 Domino.

545 637 699 677 xxiv.
725 620 811 677 ΔΔ
835 630 927 688 te,
952 618 1210 685 Domine,
1259 619 1500 674 annnam
1542 633 1725 674 meam
1748 618 1888 674 iero.
1932 618 2065 676 Viae

475 720 617 779 tuas,
649 712 896 776 Domine,
919 709 1145 765 ostende
1184 710 1357 765 mihi:
1397 717 1455 767 et
1498 708 1724 766 semitas
1766 718 1889 766 tuas
1930 710 2064 766 doce

474 821 585 862 me.
620 803 805 860 Deduc
831 817 920 859 me
944 803 1003 857 in
1026 802 1257 858 veritate
1286 810 1399 868 tua,
1428 802 1562 858 doce
1590 817 1710 869 me,
1756 802 1886 873 quia
1919 809 1976 857 tu
2003 817 2063 858 es

473 900 619 956 Deus
644 897 897 954 Salvator
931 909 1107 953 nens.
1133 894 1491 952 Peccatorum
1518 894 1899 951 adolescentiae
1924 910 2062 950 meae

474 998 529 1045 et
553 988 827 1045 scelerum
863 1002 1113 1047 nimum
1150 1002 1225 1042 ne
1250 987 1585 1043 memineris.
1619 986 1928 1042 Secundum
1954 987 2060 1042 mi-

471 1081 827 1138 sericordiam
883 1089 1037 1138 tuam
1080 1082 1368 1137 recordare
1408 1081 1537 1136 mei.
1589 1081 1818 1152 Pmpter
1862 1096 2063 1138 nomen

472 1182 627 1233 tuum
644 1174 939 1245 propitiare
959 1175 1233 1245 iniquitati
1255 1191 1413 1241 meae,
1433 1176 1691 1247 quoniam
1713 1178 1934 1248 grandis
1954 1187 2057 1233 est.

473 1263 701 1335 Respice
730 1266 783 1320 in
825 1282 944 1333 me,
976 1274 1031 1321 et
1060 1267 1320 1322 miserere
1347 1269 1489 1324 mei:
1524 1269 1589 1324 de
1619 1271 1881 1341 angustiis
1923 1272 2065 1327 meis

470 1355 609 1410 cduc
634 1370 741 1412 me.
786 1356 922 1412 Vide
952 1355 1294 1414 aﬂlietionem
1326 1374 1505 1415 meam
1528 1400 1542 1426 ,
1589 1370 1645 1417 et
1683 1370 1840 1431 porta
1877 1363 2058 1417 omnia

469 1454 690 1513 peccata
717 1461 856 1503 mea.
886 1447 1108 1505 Custodi
1133 1451 1373 1507 auinam
1406 1467 1606 1519 meam,
1635 1461 1692 1509 et
1717 1454 1889 1510 libera
1927 1469 2034 1511 me.

538 1555 650 1627 θ’]
680 1572 807 1613 xxv.
833 1558 1077 1627 Domine,
1109 1562 1274 1617 dilexi
1304 1563 1671 1620 habitaculum
1712 1566 1901 1621 domus
1933 1574 2055 1622 tute.

1330 225 1393 281 Β.
1427 224 1491 279 ιε’.
1531 222 1760 280 ΑιΒιΝι
1798 222 1932 281 SEU
1970 221 2249 281 ALCUINI
2285 222 2578 282 OPERUM
2614 214 2799 283 PARS
2835 224 2926 282 IV.
3644 296 3647 303 1

544 358 683 400 xm.
715 341 785 399 Et
807 339 1113 413 benignitas
1148 344 1207 395 et
1240 337 1615 397 misericordia
1642 347 1735 394 tua
1764 340 2062 410 subsequa-
2088 342 2139 402 Α
2166 348 2333 395 unum
2358 355 2426 396 ex
2450 342 2531 397 eis
2551 356 2661 398 non
2682 342 3070 413 confringetur.
3094 339 3345 401 Redimet
3364 343 3630 405 Dominus
3644 350 3768 405 ani-

3656 228 3769 288 572

2166 446 2287 489 mas
2315 446 2596 490 servorum
2622 448 2843 489 suorum
2853 474 2865 487 .

2163 553 2174 591 ε
2233 540 2422 580 xxxiv.
2454 523 2667 592 Indica,
2698 526 2957 594 Domine,
2986 526 3327 586 adversarios
3348 543 3540 599 meos;
3578 548 3766 605 pugna

2164 626 2355 675 contra
2384 620 2762 691 impugnantes
2789 634 2897 676 me.
2926 620 3284 693 Apprehende
3326 633 3542 681 scutum
3576 636 3633 682 et
3657 629 3764 684 ha-

2162 719 2324 779 stam,
2379 719 2434 768 et
2478 726 2747 783 consurge
2789 712 2845 768 in
2894 713 3151 768 auxilium
3200 728 3401 771 meum.
3434 717 3533 774 Dic
3565 721 3765 777 anima:

2160 819 2316 871 meae,
2348 804 2494 861 salus
2528 812 2621 860 tua
2666 820 2768 876 ego
2811 821 2955 862 sum.
2984 805 3183 862 Anima
3209 819 3393 864 autem
3423 826 3546 866 mea
3574 814 3764 868 exsul-

2163 896 2299 952 tabit
2328 898 2383 951 in
2411 898 2660 965 Domino,
2689 906 2745 954 et
2772 899 3045 954 laetabitur
3066 899 3121 955 in
3156 900 3331 957 salute
3359 917 3478 958 sua.
3516 903 3762 961 Conﬁte—

2159 989 2262 1046 bor
2288 991 2385 1046 tibi
2408 991 2467 1046 in
2486 991 2729 1048 Emlesia
2750 990 2960 1062 grandi,
2985 999 3042 1047 et
3059 992 3240 1064 lingua
3262 1008 3383 1049 mea
3405 996 3764 1052 meditabitur

2153 1082 2427 1153 justitiam
2456 1092 2627 1150 tuam,
2667 1091 2778 1139 tota
2806 1084 2901 1139 die
2916 1084 3137 1140 laudem
3157 1092 3329 1141 tuam.

2231 1190 2393 1230 xxxv.
2415 1174 2662 1241 Domine,
2678 1175 2737 1230 in
2755 1176 2897 1232 ecele
2909 1178 3285 1234 misericordia
3306 1186 3414 1233 tua.
3437 1177 3613 1247 Quam
3637 1195 3765 1252 pre-

2161 1267 2299 1324 tiosa
2334 1277 2417 1324 est
2446 1268 2821 1325 misericordia
2846 1278 2960 1337 tua,
2990 1270 3245 1326 Domine!
3277 1272 3545 1339 Quoniam
3577 1280 3765 1329 tecum

2159 1367 2243 1414 est
2283 1358 2405 1414 fons
2439 1360 2599 1427 vitae,
2648 1368 2705 1416 et
2744 1362 2805 1417 in
2845 1363 3050 1419 lumine
3077 1372 3171 1419 tuo
3199 1364 3505 1422 videbimus
3545 1365 3755 1424 lumen.

2157 1449 2387 1505 Attrabe
2426 1451 2859 1507 misericordiam;
2897 1460 3045 1509 tuam
3073 1455 3370 1512 scientibus
3405 1464 3487 1523 te,
3517 1464 3574 1511 et
3593 1456 3747 1528 justi

2159 1545 2297 1600 tiam
2326 1552 2471 1601 tuam
2500 1546 2666 1602 rectis
2688 1547 2869 1603 corde.
2902 1548 3027 1604 Non
3043 1550 3228 1606 veniat
3256 1552 3390 1606 mihi
3429 1566 3533 1621 pes
3554 1568 3757 1623 super-

471 1644 551 1701 Ne
578 1647 795 1705 auferas
815 1664 941 1706 cum
956 1655 1335 1723 peccatoribus
1355 1655 1592 1715 animam
1619 1672 1829 1716 meam:
1855 1660 2058 1717 redime
2086 1704 2139 1723 ς
2159 1632 2284 1700 hia"
2311 1642 2365 1689 θί
2391 1650 2585 1691 mam“
2613 1636 2909 1707 impiorum
2926 1653 3032 1693 "0"
3061 1654 3150 1696 me
3173 1649 3529 1698 commmw'

470 1748 582 1804 me,
610 1745 667 1793 et
691 1740 950 1797 miserere
976 1744 1101 1799 mei.

540 1845 689 1885 xxvr.
723 1831 981 1889 Dominus
1006 1850 1097 1889 nux
1125 1850 1269 1904 mea,
1300 1846 1355 1893 et
1386 1838 1627 1896 salutare
1649 1844 1864 1909 meum,
1895 1856 2053 1913 quem

469 1921 710 1979 timebo?
742 1922 910 1991 Audi,
943 1925 1203 1995 Domine,
1254 1944 1443 1985 vocem
1486 1946 1661 1987 meam
1711 1934 2052 1990 invocantis:

466 2012 725 2068 miserere
762 2015 901 2081 mei,
955 2022 1013 2072 et
1043 2018 1237 2073 exaudi
1270 2035 1376 2076 me.
1421 2020 1501 2077 Ne
1529 2022 1829 2081 abscondas
1859 2025 2054 2081 faciem

466 2109 613 2157 tuam
639 2118 669 2157 a
694 2116 801 2171 me,
830 2118 905 2162 ne
926 2107 1164 2164 declines
1190 2109 1244 2163 in
1272 2110 1458 2166 furore
1485 2127 1519 2167 a
1552 2128 1710 2168 servo
1746 2122 1856 2171 tuo.
1888 2115 2057 2171 Auxi-

404 2250 413 2255 _
462 2191 596 2247 lium
623 2209 803 2250 meum
833 2196 1005 2265 Meti,
1037 2214 1108 2254 ne
1136 2201 1482 2272 derelinquas
1504 2219 1611 2271 me,
1636 2214 1691 2260 et
1718 2222 1785 2261 ne
1812 2206 2055 2264 dimittas

462 2298 585 2350 me,
633 2284 776 2342 Deus
821 2288 1073 2345 Salvator
1115 2307 1288 2348 meus.
1320 2294 1556 2351 Ostende
1600 2297 1756 2363 mihi,
1803 2298 2049 2367 Domine,

464 2374 606 2428 viam
634 2384 812 2445 tuam,
842 2387 900 2434 et
937 2380 1111 2437 deduc
1139 2396 1231 2437 me
1270 2383 1325 2438 in
1370 2385 1562 2440 semita
1609 2395 1787 2455 recta,
1830 2398 2054 2461 propter

462 2464 810 2526 insidiatores
852 2486 1023 2527 meos.
1076 2473 1154 2528 Nc
1185 2475 1367 2531 tradas
1410 2488 1515 2540 me,
1552 2477 1811 2545 Domine,
1858 2480 2052 2537 animae

461 2556 835 2617 tribulantium
879 2578 984 2619 me.
1025 2564 1141 2637 Ego
1182 2574 1371 2624 autem
1409 2569 1607 2635 credo,
1653 2572 1798 2642 quod
1837 2572 2049 2630 videam

456 2644 601 2705 bona
624 2650 841 2709 Domini
866 2654 920 2711 in
946 2662 1099 2713 terra
1122 2658 1442 2715 viventium.

531 2779 701 2820 xxvii.
733 2766 896 2835 Audi,
926 2769 1171 2838 Domine,
1204 2773 1642 2845 deprecationem
1680 2791 1857 2832 meam
1878 2819 1893 2844 ,
1925 2793 2048 2834 cum

459 2856 761 2917 clamavero
793 2863 860 2918 ad
898 2871 967 2917 te.
997 2864 1075 2920 Ne
1102 2868 1285 2923 tradas
1323 2882 1410 2925 me
1437 2884 1559 2925 cum
1598 2869 1779 2941 impiis
1798 2911 1812 2937 ,
1840 2879 1896 2925 et
1922 2887 2046 2928 cum

458 2954 810 3020 operantibus
847 2955 1209 3025 iniquitatem.

528 3059 719 3097 xum.
750 3043 1010 3101 Dominus
1036 3045 1297 3103 fortitudo
1323 3062 1474 3113 mea,
1505 3057 1562 3105 et
1596 3058 1811 3106 scutmn
1836 3065 2039 3107 meum.
2070 3076 2118 3142 ο

458 3135 692 3190 Aderate
716 3132 1013 3195 Dominum.
1028 3138 1083 3192 in
1113 3139 1309 3196 decore
1334 3150 1540 3197 sancto.

527 3239 679 3278 xxix.
709 3224 869 3290 Audi,
907 3226 1152 3295 Domine,
1198 3238 1254 3286 et
1298 3232 1560 3289 miserere
1605 3232 1732 3289 mei.
1780 3234 2041 3301 Domine,

457 3324 575 3372 esto
605 3316 840 3386 adjutor,
882 3325 942 3372 ut
971 3319 1153 3377 laudet
1182 3331 1233 3378 te
1262 3324 1451 3394 gloria,
1493 3334 1677 3382 etnon
1707 3335 1902 3384 taceat.
1934 3328 2042 3384 Do-

457 3412 602 3466 mine
624 3413 775 3471 Deus
791 3427 967 3483 meus,
1003 3417 1065 3474 in
1089 3421 1481 3491 sempiternum
1505 3424 1807 3483 conﬁtebor
1829 3428 1949 3483 tibi.

526 3521 654 3560 xxx.
705 3507 762 3562 in
806 3517 889 3576 te,
926 3510 1172 3579 Domine,
1204 3518 1461 3587 speravi,
1505 3534 1615 3575 non
1644 3521 1943 3578 confundar
1985 3524 2042 3578 in

453 3605 757 3655 aeternum:
798 3601 1089 3672 iniustitia
1133 3614 1224 3665 tua
1273 3608 1423 3664 salva
1460 3626 1568 3666 me.
1611 3612 1813 3669 lnclina
1843 3615 1911 3669 ad
1954 3630 2042 3673 me

452 3701 640 3743 aurem
668 3698 831 3758 tuam,
860 3694 1121 3752 velociter
1148 3698 1321 3756 libera
1348 3716 1465 3757 me:
1500 3703 1625 3773 quia
1648 3712 1801 3775 petra
1822 3721 1961 3771 mea,
1985 3716 2043 3764 et

451 3783 681 3839 munitio
710 3800 827 3841 mea
854 3796 911 3843 tu
940 3804 1019 3845 es.
1052 3789 1110 3844 In
1137 3807 1301 3847 manu
1331 3801 1423 3849 tua
1450 3798 1771 3854 commendo
1791 3800 2040 3869 spiritum

450 3885 652 3931 meum.
693 3876 752 3932 In
788 3894 952 3937 manu
996 3890 1087 3938 tua
1131 3892 1375 3956 tempora
1421 3903 1560 3945 mea.
1608 3888 1805 3947 Libera
1845 3908 1932 3948 me
1971 3893 2038 3950 de

448 3980 613 4021 manu
657 3968 997 4027 inimicorum
1039 3990 1304 4043 meorum,
1352 3986 1411 4033 et
1450 3983 1887 4050 persequentium
1927 3999 2035 4041 me.

448 4053 683 4115 Ostende
708 4058 904 4119 faciem
929 4072 1077 4122 tuam
1100 4082 1269 4140 super
1291 4084 1510 4128 servum
1538 4080 1690 4129 tuum
1712 4114 1729 4141 ,
1765 4074 1912 4131 salva
1948 4090 2039 4133 me

448 4148 503 4204 in
533 4152 906 4214 misericordia
933 4166 1046 4216 tua.

516 4258 669 4297 χχχι.
697 4245 915 4316 Beatus,
944 4252 1030 4306 cui
1052 4253 1274 4311 dimissa
1296 4265 1383 4314 est
1417 4258 1697 4330 iniquitas,
1723 4268 1779 4317 et
1801 4262 2033 4322 abscons-

445 4330 615 4387 ditum
645 4342 730 4389 est
764 4348 1068 4405 peccatum.
1110 4342 1401 4405 Peccatum
1443 4366 1622 4407 meum
1664 4362 1861 4410 notum
1890 4353 2045 4413 facio.

2084 1704 2139 1768 δ
2231 1743 2417 1783 xxxvi.
2447 1728 2590 1785 Puer
2613 1704 2720 1796 fui,
2763 1731 3032 1802 siquidem
3078 1734 3273 1788 senui:
3314 1743 3369 1789 et
3396 1749 3504 1790 non
3531 1734 3645 1790 vidi
3665 1734 3761 1803 ju-

2160 1827 2303 1875 stum
2328 1820 2665 1876 derelictum.
2695 1820 2831 1889 Quia
2868 1823 3128 1880 Dominus
3169 1825 3340 1898 diligit
3373 1825 3669 1895 judicium,
3699 1834 3761 1882 et

2158 1927 2267 1968 non
2293 1913 2633 1983 derelinquet
2662 1923 2879 1971 sanctos
2902 1932 3047 1972 suos.
3090 1916 3155 1972 In
3191 1927 3454 1975 aeternum
3496 1919 3755 1976 custoditi

2157 2010 2302 2068 sunt,
2334 2013 2391 2058 et
2418 2006 2769 2061 auxiliabitur
2790 2008 2869 2063 eis
2893 2007 3174 2064 Dominus.

2228 2110 2435 2150 xxwi.
2466 2095 2709 2165 Domine,
2761 2114 2830 2154 ne
2880 2099 2933 2154 in
2964 2100 3044 2155 ira
3075 2107 3167 2155 tua
3208 2106 3407 2173 arguas
3432 2114 3543 2171 me,
3574 2115 3761 2172 neque

2157 2185 2215 2240 in
2242 2186 2427 2245 furore
2453 2196 2547 2243 tuo
2569 2190 2833 2260 corripias
2862 2206 2968 2247 me.
2999 2190 3074 2246 Te
3096 2193 3258 2259 enim,
3278 2192 3525 2261 Domine,
3554 2210 3754 2266 exspe-

2134 2276 2369 2331 ctabam
2397 2296 2409 2332 :
2451 2286 2509 2332 tu
2537 2280 2809 2347 exaudies,
2842 2282 3069 2338 Domine
3098 2284 3239 2340 Deus
3276 2301 3448 2340 meus.
3490 2284 3635 2352 Quia
3658 2300 3749 2343 se—

2154 2369 2361 2441 quebar
2388 2371 2625 2441 bonum,
2672 2390 2741 2430 ne
2786 2375 3132 2447 dereliimuas
3174 2393 3281 2434 me.
3327 2379 3554 2435 Domine
3600 2379 3753 2436 Deus

2151 2476 2324 2527 meus,
2357 2478 2425 2519 ne
2450 2463 2720 2536 elongeris
2740 2482 2773 2522 a
2800 2482 2921 2525 me:
2953 2466 3152 2525 festina
3174 2470 3231 2527 in
3259 2471 3749 2541 auxiliummeum,

2150 2549 2377 2610 Domine
2407 2556 2599 2614 salutis
2633 2574 2789 2616 mea}.

2221 2661 2451 2702 xxxviii.
2482 2647 2819 2707 Prasstolatio
2845 2665 2989 2719 mea,
3023 2660 3079 2708 tu
3113 2667 3191 2721 es,
3240 2652 3313 2709 ab
3340 2653 3595 2711 omnibus
3633 2654 3746 2713 iui-

2148 2737 2449 2807 quitatibus
2479 2742 2614 2797 meis
2642 2741 2815 2797 libera
2840 2760 2945 2799 me.
2972 2743 3339 2816 Opprobrium
3362 2747 3533 2805 stulto
3554 2762 3625 2807 ne
3650 2762 3751 2821 p0-

2146 2847 2247 2889 nas
2276 2848 2383 2900 me,
2410 2834 2535 2891 tolle
2563 2851 2596 2890 a
2621 2852 2707 2892 me
2734 2837 2923 2910 plagas
2949 2849 3089 2897 tuas.
3182 2898 3191 2909 ,

2216 2944 2404 2984 xxxix.
2420 2929 2753 3002 Exspectans
2779 2936 3088 3005 exspectavi
3108 2935 3415 3005 Dominum,
3428 2948 3485 2995 et
3513 2939 3747 2997 inclina-

2148 3029 2236 3078 tus
2265 3034 2348 3079 est
2371 3025 2441 3080 ad
2474 3040 2581 3079 me.
2608 3025 2677 3081 Et
2696 3026 2902 3081 audivit
2928 3028 3227 3085 clamorem
3255 3046 3454 3099 meum,
3485 3032 3747 3103 Domine,

2149 3115 2216 3170 ad
2247 3113 2611 3183 adjuvandum
2633 3133 2722 3173 me
2761 3118 2979 3175 festina.
3024 3119 3307 3178 Gaudeant
3349 3133 3406 3179 et
3446 3123 3745 3194 laetentur,

2145 3207 2239 3277 qui
2267 3218 2515 3279 qumruut
2546 3218 2620 3278 te,
2647 3211 2905 3267 auxilium
2934 3230 3115 3271 meum
3139 3224 3195 3272 et
3217 3216 3454 3275 salutare
3475 3226 3743 3277 meumtu

2144 3312 2227 3365 es,
2265 3298 2408 3355 Deus
2435 3316 2611 3368 meus,
2645 3317 2715 3358 ne
2740 3305 2991 3361 moreris.

2214 3391 2328 3463 98
2360 3408 2450 3448 ιιι..
2485 3392 2598 3465 Ego
2624 3394 2768 3463 dixi,
2788 3396 3051 3464 Domine,
3099 3398 3360 3456 miserere
3406 3402 3551 3466 mei,
3601 3412 3751 3458 sane

2144 3485 2384 3542 animam
2412 3503 2611 3557 meam,
2629 3491 2755 3561 quia
2779 3493 3000 3562 peccavi
3020 3493 3139 3553 tibi.
3159 3495 3239 3552 Tu
3260 3506 3459 3567 autem,
3484 3497 3737 3564 Domine,

2141 3579 2403 3636 miserere
2428 3582 2556 3637 mei.

2212 3689 2322 3729 xu.
2358 3673 2514 3731 Sicut
2539 3677 2717 3734 areola
2740 3690 3047 3751 praeparata
3082 3684 3150 3740 ad
3178 3685 3524 3758 irrigationes
3564 3702 3740 3760 aqua-

2139 3781 2299 3821 rum:
2334 3768 2413 3824 sic
2439 3771 2620 3828 anima
2647 3788 2766 3829 mea
2796 3785 3103 3847 praeparata
3129 3787 3214 3834 est
3239 3781 3305 3835 ad
3335 3789 3409 3847 te,
3440 3781 3604 3838 Deus.

2209 3873 2341 3915 xui.
2373 3858 2563 3919 Judica
2593 3879 2702 3932 me,
2730 3865 2893 3935 Deus,
2940 3878 2997 3925 et
3028 3869 3275 3927 discerne
3300 3887 3522 3928 causam
3552 3888 3735 3930 meam

2138 3966 2168 4006 a
2198 3960 2360 4022 gente
2402 3971 2509 4011 non
2549 3966 2769 4015 sancta:
2809 3975 2841 4017 a
2868 3962 2988 4017 viro
3029 3962 3217 4020 doloso
3259 3972 3314 4021 et
3342 3965 3532 4036 iniquo
3558 3966 3730 4031 libera

2135 4056 2242 4099 me.
2274 4043 2355 4099 Tn
2380 4046 2525 4102 enim
2552 4063 2615 4105 es
2641 4048 2902 4109 fortitudo
2928 4069 3070 4121 mea,
3102 4070 3273 4126 quare
3298 4054 3578 4126 proiecisti
3608 4056 3735 4113 me?

2204 4152 2360 4193 xuii.
2392 4137 2587 4211 Surge,
2617 4134 3107 4204 auxiliarenobis:
3134 4158 3195 4206 et
3219 4150 3431 4207 redime
3468 4165 3730 4224 Μένω-

2131 4234 2253 4299 pter
2281 4231 2711 4291 misericordiam
2737 4244 2903 4296 mam.

2202 4335 2348 4376 xuv.
2382 4321 2633 4399 Thronus
2660 4333 2807 4394 tuus,
2834 4329 2997 4398 Deus,
3021 4331 3385 4393 insomnium:
3411 4337 3547 4391 etin
3567 4344 3731 4394 aut

445 4421 561 4487 tibi,
590 4432 645 4478 et
676 4425 1013 4497 iniquitatem
1045 4440 1674 4503 mem'm’amndo‘.
1705 4444 1785 4501 Tu
1809 4460 1869 4503 es
2054 4423 2280 4515 onum.
2326 4410 2620 4515 Propterea
2663 4420 2846 4490 populi
2892 4423 3296 4481 confitebuntur
3325 4427 3431 4483 tibi
3450 4428 3511 4484 in
3555 4444 3727 4486 mcu-

443 4514 606 4569 tectio
632 4531 769 4582 mea,
805 4520 873 4575 ab
902 4521 1056 4579 hoste
1090 4529 1364 4586 custodies
1392 4547 1498 4589 me.

510 4640 682 4681 xxxu.
707 4627 847 4685 Ecce
866 4632 1287 4695 oculusaDomini
1324 4656 1487 4714 super
1518 4646 1940 4721 timenteseum,
1970 4664 2027 4712 et

438 4726 817 4817 exspectantes
829 4725 1258 4787 misericordiam
1275 4732 1411 4803 ejus.
1431 4735 1517 4793 Sit
1526 4739 1895 4802 misericordia
1909 4754 2020 4817 tua,

439 4804 685 4877 Domine,
708 4827 873 4885 super
896 4832 1014 4886 nos,
1045 4821 1184 4876 sicut
1201 4829 1640 4896 exspectavimus
1666 4841 1738 4890 te.

504 4940 697 4982 xxxm.
723 4926 1045 4989 Benedicam
1069 4936 1294 4995 Domino
1324 4941 1379 4995 in
1405 4944 1552 4999 omni
1581 4954 1848 5018 tempore,
1873 4966 2016 5008 sem-

430 5032 529 5087 per
552 5017 675 5076 laus
700 5020 821 5093 ejus
845 5024 1022 5083 inore
1036 5044 1186 5086 meo.
1218 5032 1559 5105 Maguifieate
1580 5017 1867 5099 Douiinum
1895 5060 2011 5102 me-

432 5123 579 5177 cum,
617 5120 669 5167 et
695 5114 993 5175 exaltemus
1018 5136 1211 5179 nomen
1242 5124 1360 5196 ejus
1386 5131 1611 5199 pariter.
1641 5132 1872 5203 Quaesivi
1902 5136 2011 5195 Do-

428 5202 656 5271 minum,
683 5213 739 5261 et
774 5211 1051 5301 exaudivit
1093 5230 1209 5285 me;
1251 5226 1306 5275 et
1345 5222 1411 5278 de
1456 5226 1708 5285 omnibus
1748 5233 2015 5303 angustiis

427 5293 569 5389 meis
592 5294 839 5355 liberavit
865 5292 981 5358 me.‘
1000 5300 1244 5376 Gustate,
1268 5319 1323 5366 et
1343 5313 1539 5383 videte,
1562 5292 2011 5389 quoniamvbonus

427 5390 509 5477 est
539 5384 832 5477 Dominus:
873 5393 1062 5452 beatus
1105 5399 1192 5454 vir
1228 5404 1321 5474 qui
1364 5416 1546 5477 sperat
1578 5384 1641 5467 in
1685 5429 1767 5468 eo.
1803 5416 2011 5475 Timete

427 5471 713 5577 Dominum
742 5486 914 5543 sancti
943 5485 1078 5557 ejus,
1103 5496 1358 5564 quoniam
1380 5516 1485 5555 non
1514 5514 1597 5559 est
1616 5505 1792 5577 inopia
1817 5511 2010 5571 timen-

425 5565 574 5625 tibus
597 5587 741 5629 eum.
772 5575 1149 5644 Qumrentibus
1175 5597 1355 5646 autem
1382 5593 1668 5653 Dominum
1697 5565 1803 5658 non
1836 5605 2009 5664 deerit

425 5673 584 5719 omne
626 5666 846 5731 bonum.
878 5671 1137 5737 Dominus
1162 5685 1397 5740 custodit
1432 5692 1614 5747 omnia
1644 5709 1765 5752 ossa
1795 5715 2001 5773 eorum,

2128 4502 2260 4571 lum,
2290 4513 2344 4562 et
2366 4506 2420 4561 in
2447 4516 2729 4567 aeternum.

2200 4611 2325 4650 xcv.
2356 4598 2498 4654 Dens
2524 4602 2854 4671 misericors,
2883 4621 3005 4677 spes
3030 4616 3083 4664 et
3117 4607 3414 4669 fortitudo:
3455 4612 3719 4669 auxilium

2125 4685 2181 4742 in
2208 4688 2657 4750 tribulationibus.
2681 4695 2933 4755 inventus
2956 4715 3016 4755 es
3039 4701 3294 4758 validum.

2195 4792 2344 4834 nvi.
2395 4779 2511 4836 Rex
2554 4798 2782 4856 magnus
2822 4804 2989 4860 super
3014 4807 3233 4849 omnem
3262 4802 3486 4853 terram.
3527 4792 3721 4852 Canite

2122 4871 2256 4940 Deo,
2287 4874 2464 4931 canite
2489 4894 2503 4931 :
2533 4879 2710 4936 eanite
2740 4880 2875 4954 Regi
2907 4893 3115 4956 nostro,
3151 4890 3349 4946 canite.

2192 4983 2361 5024 van.
2395 4969 2531 5037 Quia
2554 4972 2670 5043 ipse
2689 4983 2774 5031 est
2794 4976 2951 5045 Deus,
2977 4980 3121 5039 Deus
3138 4992 3344 5053 uester,
3374 4985 3431 5042 in
3453 4987 3719 5045 saeclum

2119 5060 2251 5116 etin
2278 5070 2618 5133 perpetuum.
2651 5067 2771 5138 ipse
2794 5071 2903 5126 erit
2917 5072 3026 5128 dux
3055 5078 3321 5133 nosterin
3350 5088 3552 5138 morte.

2188 5164 2377 5206 vam.
2413 5152 2797 5214 Verumtamen
2840 5159 2984 5219 Deus
3010 5166 3240 5222 redimet
3265 5169 3507 5227 animam
3531 5185 3713 5229 meam

2117 5238 2185 5295 de
2211 5255 2375 5299 manu
2401 5244 2664 5316 inferiori,
2698 5267 2823 5309 cum
2852 5260 3208 5328 assumpserit
3232 5277 3338 5318 me.

2189 5350 2336 5391 xux.
2370 5338 2548 5395 Fortis
2576 5342 2720 5400 Deus
2749 5346 3012 5406 Dominus
3036 5351 3247 5411 locutus
3285 5365 3406 5412 est:
3446 5371 3555 5413 non
3582 5370 3713 5430 pro-

2114 5437 2236 5499 pter
2258 5432 2509 5493 victimas
2530 5444 2649 5495 tuas
2674 5456 2897 5512 arguam
2926 5454 3012 5503 te:
3041 5457 3095 5504 et
3127 5450 3595 5509 holocauStomata
3615 5462 3709 5512 tua

2116 5536 2297 5579 coram
2328 5542 2413 5582 me
2439 5538 2564 5585 sunt
2591 5547 2823 5604 semper.
2852 5538 2969 5594 Non
3001 5542 3264 5613 accipiam
3311 5545 3378 5600 de
3420 5546 3583 5603 domo
3614 5558 3709 5605 tua

2113 5614 2339 5670 vitulum
2360 5660 2374 5682 ,
2417 5635 2591 5691 neque
2618 5624 2684 5679 de
2723 5629 2976 5699 gregibus
3006 5632 3219 5689 hircos:
3251 5650 3370 5691 mea
3398 5650 3528 5695 sunt
3559 5644 3706 5698 enim

2112 5711 2293 5769 omnia
2316 5714 2569 5774 animalia
2597 5719 2874 5778 silvarum.
2901 5723 3243 5785 Scioomnes‘
3260 5745 3395 5793 aves
3409 5737 3706 5805 montium,
