4038 6336
256 298 367 354 573

1215 286 1607 346 LITURGICA.
1647 316 1715 326 -—
1749 282 2019 342 OFFlClA
2058 284 2196 341 PER
2232 283 2504 340 FERIAS.

3413 276 3518 333 57b

259 417 320 462 et
353 403 677 460 universitas
696 400 810 472 agri
839 413 1048 455 mecum
1085 407 1185 455 est.
1224 400 1279 455 Si
1309 400 1570 464 esuriem,
1601 413 1710 453 non
1752 398 1838 453 di-
1862 402 1919 463 Δ
1941 414 2062 453 rum
2097 405 2333 452 tuarum.
2379 397 2460 450 Tu
2502 395 2667 461 enim,
2706 393 2868 461 Deus,
2909 393 3181 449 cxaudisti
3221 393 3520 450 orationem

260 512 386 553 cam
417 494 549 550 tibi:
589 508 742 548 meus
784 499 870 548 est
907 493 1051 547 enim
1078 492 1258 557 orbis,
1304 500 1359 546 et
1401 491 1675 563 plenitudo
1701 490 1837 561 ejus.

258 587 489 645 Immola
515 585 628 642 Deo
651 585 858 650 laudes,
886 591 943 638 et
969 584 1133 639 redde
1158 582 1434 639 Altissimo
1472 591 1597 638 vota
1624 589 1732 636 tua.
1775 581 1846 635 Et

261 681 459 737 invoca
486 694 576 737 me
599 678 656 734 in
683 678 768 733 die
791 676 1191 732 tribulationis:
1232 674 1472 730 liberabo
1495 682 1571 741 te,
1598 681 1654 729 et
1678 672 1842 745 glorir

262 774 460 832 ficabis
506 788 611 829 me.
659 771 763 840 Qui
810 770 1052 826 immolat
1095 767 1490 825 confessionem
1515 809 1530 836 ,
1582 767 1846 839 glorificat

262 880 393 932 tne;
423 872 479 921 et
507 864 599 936 qui
634 863 881 920 ordinate
916 860 1183 929 ambulat,
1212 860 1491 918 ostendam
1533 859 1586 916 ei
1612 858 1847 915 salutare

263 972 472 1022 meum.

336 1066 390 1103 ι..
430 1047 687 1103 Miserere
713 1047 843 1113 mei,
871 1046 1037 1113 Deus,
1076 1045 1370 1101 secundum
1404 1056 1658 1112 magnam
1685 1039 1848 1096 mise-

264 1139 562 1195 ricordiam
597 1147 765 1193 tuam.
807 1136 967 1192 Juxta
997 1136 1393 1193 multitudinem
1438 1133 1848 1189 miserationum

265 1240 507 1295 tuarum,
554 1231 671 1286 dele
698 1231 1015 1301 iniquitates
1056 1244 1224 1285 meas.
1255 1228 1479 1283 Multum
1503 1226 1623 1281 lava
1662 1232 1749 1280 me
1778 1225 1848 1280 ab

265 1319 557 1390 iniquitate
585 1335 729 1385 mea,
775 1327 831 1374 et
871 1336 902 1374 a
927 1328 1149 1390 peccato
1184 1335 1307 1373 meo
1335 1318 1534 1373 munda
1559 1331 1666 1372 me.
1707 1314 1850 1382 Quo-

263 1410 419 1465 niam
448 1409 765 1481 iniquitates
788 1425 939 1465 meas
964 1411 1225 1481 cognovi:
1267 1419 1323 1465 et
1347 1416 1632 1479 peccatum
1668 1420 1849 1461 meum

264 1509 459 1555 contra
502 1517 587 1556 me
625 1510 708 1556 est
747 1515 978 1571 semper.
1011 1502 1132 1557 Tibi
1160 1502 1261 1557 soli
1287 1502 1523 1572 peccavi,
1564 1509 1619 1555 et
1647 1500 1849 1554 malum

263 1603 457 1649 coram
477 1597 533 1645 te
556 1589 679 1646 feci.
695 1590 979 1647 Absconde
998 1590 1193 1646 faciem
1214 1599 1361 1645 tuam
1383 1608 1413 1645 a
1437 1591 1675 1660 peccatis
1692 1589 1847 1654 meis,

265 1688 323 1735 et
349 1695 541 1735 omnes
564 1681 876 1750 iniquitates
900 1696 1052 1737 meas
1070 1681 1208 1738 dele.
1237 1680 1347 1737 Cor
1366 1681 1624 1737 mundum
1648 1694 1773 1735 erea
1794 1680 1848 1734 in

1944 505 2154 545 meam:
2178 489 2371 545 dedisti
2397 488 2765 543 haereditatem
2788 487 3099 543 timentibus
3123 503 3317 544 nomen
3342 495 3515 544 tuum.

1945 579 2310 637 Misericordia
2344 586 2400 634 et
2420 579 2622 634 veritas
2651 579 2939 634 servabunt
2960 594 3103 633 eum.

2014 690 2123 730 ut.
2165 672 2248 728 Ab
2274 672 2393 743 ipso
2421 672 2566 727 enim
2594 672 2926 742 prmstolatio
2951 687 3094 739 mea,
3123 673 3243 745 ipse
3264 681 3350 729 est
3372 671 3520 728 forti-

1946 767 2078 821 tudo
2103 781 2225 821 mea
2264 772 2321 821 et
2361 764 2508 821 salus
2548 779 2670 820 mea
2713 783 2727 819 ε
2768 773 3052 837 susceptor
3093 781 3267 833 meus,
3299 780 3409 821 non
3460 764 3520 837 tie

1945 858 2124 913 mebo.

2016 966 2149 1006 Lxu.
2182 949 2345 1015 Deus,
2363 947 2621 1004 fortitudo
2641 962 2760 1003 mea
2777 956 2835 1005 tu
2857 963 2937 1018 es,
2966 948 3032 1005 de
3049 949 3172 1005 luce
3196 962 3520 1019 consurgam

1948 1042 2110 1097 adte.
2162 1039 2344 1095 Sitivit
2381 1048 2436 1097 te
2485 1040 2667 1095 anima
2714 1055 2836 1096 mea
2884 1058 2898 1096 :
2950 1040 3278 1097 dcsideravit
3301 1049 3353 1096 te
3392 1053 3523 1095 caro

1947 1150 2088 1190 mea.
2132 1132 2224 1189 Sic
2253 1134 2309 1188 in
2340 1141 2532 1189 sancto
2562 1134 2787 1204 apparui
2818 1133 2933 1200 tibi,
2960 1139 3023 1188 ut
3066 1132 3280 1188 videam
3317 1130 3526 1186 fortitu-

1948 1227 2131 1282 dinem
2179 1233 2328 1281 tuam
2372 1230 2429 1281 et
2455 1226 2681 1297 gloriam
2722 1234 2889 1281 tuam.
2936 1225 3124 1281 Melior
3149 1226 3523 1282 misericordia

1948 1325 2042 1371 tua
2066 1332 2229 1386 quam
2258 1317 2369 1372 vita
2399 1336 2411 1371 :
2444 1317 2586 1372 labia
2613 1332 2733 1371 mea
2763 1317 3061 1373 laudabunt
3090 1324 3162 1371 te.
3197 1308 3288 1370 Sic
3312 1315 3527 1370 benedi-

1947 1422 2069 1461 cam
2096 1406 2192 1461 tibi
2226 1408 2280 1461 in
2307 1409 2418 1463 vita
2447 1423 2587 1474 mea,
2616 1408 2669 1462 in
2715 1408 2933 1463 nomine
2980 1415 3074 1462 tuo
3112 1403 3304 1460 levabo
3332 1418 3526 1460 manus

1948 1512 2119 1553 meas.
2148 1497 2284 1564 Quia
2310 1498 2460 1553 fuisti
2490 1499 2748 1554 auxilium
2778 1513 2976 1565 meum,
3008 1498 3066 1552 in
3091 1495 3286 1552 umbra
3318 1492 3527 1549 alarum

1950 1600 2164 1649 marum
2191 1591 2423 1647 laudabo
2447 1600 2521 1646 te.

2020 1700 2173 1739 Lxm.
2205 1684 2363 1750 Audi,
2383 1684 2546 1751 Deus,
2562 1700 2753 1742 vocem
2778 1700 2959 1742 meam
2978 1684 3272 1757 loquentis,
3290 1683 3530 1741 atimore

264 1787 376 1840 με,
418 1773 581 1838 Dens,
610 1782 666 1830 et
695 1775 944 1843 spiritum
966 1776 1215 1831 stabilem
1234 1790 1434 1831 renova
1471 1777 1526 1829 in
1552 1774 1850 1830 visceribus
1874 1760 1926 1825 Β
1952 1776 2154 1832 inimici
2185 1791 2342 1832 serva
2364 1777 2533 1830 vitam
2560 1792 2757 1832 meam.

265 1866 425 1925 Inda.
458 1866 537 1922 Ne
562 1866 819 1935 proﬁcias
842 1883 929 1923 me
956 1884 990 1923 a
1016 1868 1156 1923 faeie
1192 1876 1281 1923 tua
1302 1908 1317 1935 ,
1347 1876 1401 1923 et
1431 1867 1692 1937 Spiritum
1721 1880 1848 1921 san-

271 1967 423 2012 ctum
461 1965 613 2012 tuum
649 1974 717 2014 ne
744 1959 959 2015 auferas
997 1977 1028 2015 a
1056 1975 1161 2015 me.
1208 1960 1392 2016 Redde
1432 1958 1566 2014 mihi
1611 1958 1850 2012 lmtitiam

266 2046 403 2105 Jesu
426 2048 528 2114 tui,
557 2056 613 2105 et
637 2049 834 2119 spiritu
858 2050 1064 2117 potenti
1089 2049 1351 2105 conﬁrma
1395 2062 1500 2103 me.
1545 2046 1739 2102 Libera
1763 2062 1850 2103 me

266 2140 339 2199 de
359 2140 727 2211 sarguinibus,
752 2140 1073 2207 Deus,Deus
1093 2140 1285 2196 salutis
1307 2154 1442 2195 mea
1460 2139 1729 2196 :laudabit
1747 2140 1851 2195 lin-

264 2248 375 2305 gua
401 2247 523 2291 mea
545 2231 811 2301 justitiam
835 2245 997 2289 tuam
1031 2234 1272 2299 Domine,
1301 2233 1441 2290 labia
1472 2248 1593 2289 mea
1614 2234 1847 2303 aperics,

265 2334 323 2382 et
345 2341 411 2385 os
446 2341 631 2383 meum
664 2328 1005 2384 minutiam
1043 2327 1259 2382 laudem
1295 2335 1462 2382 tuam.
1510 2326 1850 2383 Sacriﬁcium

266 2415 383 2472 Deo
407 2417 628 2486 spiritus
655 2418 1063 2483 contribulatus,
1091 2433 1186 2473 cor
1208 2419 1503 2475 contritum
1524 2424 1579 2474 et
1598 2416 1850 2475 humilia-

266 2515 411 2573 tum,
438 2506 604 2573 Deus,
637 2524 745 2569 non
773 2510 1056 2579 despicies.

339 2617 416 2657 ιι.
448 2600 812 2658 Misericordia
838 2603 934 2659 Dei
958 2611 1072 2659 tota
1110 2612 1196 2659 est
1224 2603 1327 2659 die.
1358 2602 1473 2675 Ego
1507 2611 1688 2658 autem
1712 2601 1851 2657 sicut

264 2689 416 2748 oliva
458 2691 642 2748 virens
679 2692 737 2748 in
770 2694 931 2748 domo
974 2694 1092 2758 Dei,
1123 2694 1341 2764 speravi
1381 2694 1438 2749 in
1477 2690 1851 2750 misericordia

265 2784 371 2841 Dei
391 2783 449 2839 in
475 2785 733 2841 saeculum
759 2786 1167 2855 sempiternum.

340 2892 436 2932 ιιι.
464 2876 765 2931 Exsultabit
788 2875 976 2943 Jacob,
1008 2886 1066 2933 et
1084 2876 1354 2933 laetabitur
1379 2876 1563 2933 Israel.

340 2982 462 3025 ιιιι.
487 2966 648 3033 Deus,
692 2969 750 3028 in
774 2968 990 3027 nomine
1018 2976 1117 3025 tuo
1141 2968 1291 3024 salva
1323 2983 1432 3033 me,
1453 2976 1509 3024 et
1544 2968 1602 3022 in
1629 2966 1849 3022 fortitu-

268 3060 397 3118 dine
419 3068 511 3115 tua
530 3060 790 3117 idciscere
809 3074 914 3119 me.
935 3060 1094 3125 Deus,
1118 3060 1314 3117 exaudi
1332 3060 1634 3117 orationem
1649 3072 1846 3127 meam,

267 3152 495 3211 auribus
514 3152 731 3223 percipe
755 3154 921 3213 verba
949 3153 1060 3211 oris
1082 3154 1209 3210 mei.
1702 3162 1714 3169 '

339 3261 451 3301 Liv.
479 3245 706 3312 Exaudi,
750 3246 910 3311 Deus,
937 3246 1235 3303 orationem
1261 3260 1438 3300 meam
1456 3284 1474 3310 ,
1498 3252 1552 3300 et
1574 3257 1643 3300 ne
1666 3242 1847 3312 despi-

266 3338 389 3394 cias
412 3338 849 3407 deprecationem
872 3353 1047 3395 meam
1072 3356 1086 3392 :
1129 3336 1343 3392 attende
1369 3336 1531 3405 mihi,
1564 3343 1619 3393 et
1655 3331 1850 3391 exaudi

266 3443 380 3485 me.
407 3428 523 3499 Ego
552 3437 739 3491 autem.
760 3429 1015 3489 ﬁduciam
1045 3429 1217 3487 habeo
1250 3428 1346 3483 tui.

342 3532 429 3574 ιγ.
463 3520 521 3573 ln
553 3536 872 3591 quacunque
922 3521 1008 3575 die
1059 3520 1282 3576 territus
1328 3519 1515 3583 fuero,
1548 3533 1650 3589 ego
1696 3518 1755 3573 in
1796 3524 1852 3577 to

267 3612 560 3673 conﬁdam.
609 3612 736 3677 Non
756 3614 979 3679 timebo.
1005 3613 1135 3683 quid
1163 3612 1329 3671 facim
1352 3611 1506 3683 mihi
1550 3625 1699 3677 caro,
1748 3610 1852 3666 hoc

266 3706 404 3773 scio,
435 3706 564 3777 quia
587 3705 730 3767 Deus
754 3720 911 3765 meus
936 3720 1016 3762 es.

338 3814 453 3857 ut.
480 3797 733 3855 Miserere
759 3798 889 3864 mei,
931 3796 1090 3861 Deus.
1123 3796 1385 3851 miserere
1408 3794 1551 3849 mei:
1594 3790 1852 3865 quoniam

268 3889 323 3943 in
356 3898 411 3944 te
434 3897 621 3958 sperat
650 3889 830 3947 anima
859 3903 1001 3944 mea.
1043 3888 1103 3945 In
1140 3887 1333 3945 umbra
1378 3886 1588 3942 alarum
1638 3893 1853 3939 tuarum

268 3981 525 4051 sperabo,
568 3982 736 4039 donec
781 3988 1059 4037 transeant
1100 3979 1328 4035 insidiae.
1374 3976 1639 4034 luvocabo
1684 3976 1855 4035 Deum

266 4072 618 4138 altissimum,
650 4072 820 4127 Deum
860 4070 1092 4135 ultorem
1136 4084 1336 4139 meum.
1373 4067 1548 4126 Mittet
1585 4068 1651 4125 de
1694 4064 1851 4135 creto,

269 4173 325 4221 et
350 4165 587 4221 salvabit
610 4180 717 4220 me.

337 4274 474 4321 Lvu.
504 4258 644 4314 Vere
672 4266 758 4314 est
786 4257 928 4315 Deus
952 4258 1201 4331 judicans
1226 4258 1282 4314 in
1308 4266 1485 4315 terra.

337 4368 492 4406 LVIII.
524 4350 666 4405 Erue
708 4366 793 4406 me
832 4352 897 4407 de
929 4352 1183 4419 inimicis,
1210 4352 1353 4409 Deus
1378 4364 1552 4419 meus,
1580 4356 1693 4409 eta
1722 4348 1858 4413 rosis

267 4442 540 4499 stantibus
567 4442 698 4501 mihi
734 4451 955 4515 protege
998 4459 1103 4500 me.
1138 4443 1534 4501 Fortitudinem
1575 4456 1754 4507 meam
1784 4441 1854 4497 ad

268 4543 321 4591 te
350 4536 600 4591 servabo.
630 4534 901 4602 Quoniam.
930 4545 1009 4602 tu,
1056 4536 1216 4603 Deus,
1260 4535 1498 4591 elevatur
1543 4550 1714 4601 meus,
1755 4534 1854 4592 Dei

270 4625 376 4679 mei
418 4624 792 4679 misericordia
820 4625 1114 4694 praeveniet
1156 4640 1262 4680 me.
1297 4624 1564 4692 Quoniam
1593 4623 1769 4680 factus
1794 4638 1856 4681 es

272 4714 531 4771 fortitudo
565 4731 709 4782 mea,
749 4724 805 4770 et
853 4714 1119 4786 refugium
1153 4730 1331 4769 meum
1358 4716 1417 4771 in
1446 4716 1530 4770 die
1555 4714 1856 4770 tribulatio-

270 4808 357 4861 nis
380 4821 535 4862 mete.
563 4806 684 4863 Tibi
730 4808 959 4863 cantabo
987 4808 1240 4878 quoniam
1267 4807 1414 4863 Dcus
1444 4804 1657 4879 adjutor
1681 4821 1855 4877 meus,

274 4899 533 4956 fertitudo
562 4916 702 4967 mea,
740 4899 884 4957 Deus
908 4901 1279 4957 misericordia
1309 4916 1450 4956 mea.

340 5000 450 5045 nx.
484 4990 561 5045 Da
593 4992 748 5047 nobis
775 4990 1031 5048 auxilium
1072 4993 1127 5047 in
1170 4992 1538 5059 tribulatione,
1587 5006 1727 5047 vana
1771 4999 1855 5047 est

272 5083 415 5136 enim
445 5082 593 5138 salus
617 5083 685 5137 ab
713 5084 949 5139 homine.
979 5084 1039 5139 In
1071 5083 1181 5140 Deo
1209 5084 1469 5142 faciemus
1495 5084 1771 5153 virtutem,
1800 5092 1854 5140 et

269 5172 388 5242 ipse
423 5173 760 5229 conculcabit
786 5175 1106 5231 tribulantes
1132 5191 1252 5232 nos.

340 5282 430 5319 ιχ.
474 5265 703 5332 Exaudi,
752 5267 927 5334 Deus,
973 5267 1336 5324 laudationem
1380 5284 1590 5324 meam:
1634 5268 1853 5324 intende

265 5355 505 5421 orationi
549 5372 705 5421 meae.
736 5358 812 5413 De
844 5358 1147 5417 novissimo.
1188 5366 1349 5415 ter-rte
1383 5361 1452 5415 ad
1499 5368 1554 5415 te
1581 5359 1848 5424 clamabo,

263 5464 398 5505 eum
425 5447 580 5506 triste
620 5450 790 5506 fuerit
822 5466 917 5507 cor
940 5466 1140 5507 meum.
1173 5450 1310 5507 Cum
1353 5449 1511 5506 fortis
1556 5450 1859 5507 elevabitur

262 5543 559 5599 adversum
595 5559 703 5612 me,
728 5553 786 5600 tu
812 5546 923 5601 eris
945 5545 1133 5601 ductor
1177 5559 1347 5600 meus.
1375 5545 1486 5615 99
1527 5543 1698 5599 Fuisti
1732 5559 1856 5613 spes

259 5652 420 5704 mea,
450 5639 620 5695 turris
642 5639 1007 5701 munitissima
1035 5656 1066 5694 a
1094 5638 1232 5696 facie
1258 5638 1485 5695 inimici.
1508 5637 1770 5694 Habitabo
1797 5639 1851 5694 in

656 5739 780 5802 tuo.
801 5733 1007 5812 iugiter
1033 5733 1264 5807 sperabo
1297 5732 1355 5790 in
1381 5733 1712 5804 protectionc
1740 5733 1857 5799 alno

2014 1884 2163 1927 utv.
2204 1870 2413 1925 Exaudi
2438 1884 2559 1936 nos,
2597 1868 2741 1925 Deus
2768 1868 3008 1925 salvator
3035 1876 3241 1925 noster.

2018 1978 2140 2018 va.
2183 1962 2371 2018 Omnis
2401 1971 2547 2017 terra
2593 1961 2780 2017 adoret
2803 1970 2861 2017 et
2885 1968 3046 2017 canet
3088 1960 3207 2028 tibi,
3236 1967 3399 2016 canet
3437 1974 3531 2014 no-

1946 2055 2082 2110 mini
2112 2061 2223 2109 tuo.
2249 2052 2556 2109 Benedicitc
2592 2052 2773 2123 populi
2802 2051 2912 2107 Deo
2940 2060 3150 2119 nostro,
3196 2057 3254 2107 et
3290 2050 3530 2110 auditam

1947 2145 2113 2201 facite
2135 2160 2324 2201 vocem
2342 2144 2518 2200 laudis
2540 2142 2674 2213 ejus.
2699 2143 2800 2212 Qui
2825 2145 3009 2215 posuit
3028 2144 3266 2197 animam
3290 2149 3531 2197 nostram

1948 2236 2009 2293 in
2050 2237 2178 2292 vita.
2234 2235 2581 2300 Benedictus,
2639 2233 2731 2304 qui
2787 2249 2897 2288 non
2944 2233 3167 2289 abstulit
3228 2232 3529 2288 orationem

1947 2342 2146 2393 meam,
2178 2334 2233 2381 et
2259 2325 2687 2381 misericordiam
2716 2332 2866 2379 tuam
2890 2341 2922 2379 a
2948 2339 3056 2380 me.

2014 2431 2161 2473 vat.
2202 2417 2347 2472 Deus
2370 2417 2696 2472 misereatur
2724 2415 2926 2482 nostri,
2954 2423 3011 2473 et
3031 2413 3319 2470 benedicat
3342 2412 3498 2468 nobis
3514 2452 3530 2479 ,

1948 2508 2183 2565 illustret
2227 2508 2425 2563 faciem
2467 2522 2623 2563 suam
2650 2522 2815 2578 super
2861 2522 2979 2562 nos.
3029 2504 3326 2561 Benedicat
3377 2504 3532 2561 nobis

1948 2586 2112 2665 Deus,
2143 2598 2287 2654 Deus
2314 2605 2519 2665 noster,
2544 2598 2831 2653 benedicat
2855 2598 3007 2654 nobis
3034 2597 3195 2653 Deus.

2016 2708 2184 2748 van.
2212 2691 2480 2762 Exsurgat
2505 2690 2669 2757 Deus,
2694 2697 2751 2747 et
2773 2690 3152 2760 dispergantur
3164 2687 3371 2744 inimici
3389 2687 3528 2760 ejus,

1948 2794 2005 2842 et
2029 2785 2240 2858 fugiant
2262 2786 2355 2856 qui
2382 2784 2611 2841 oderunt
2637 2799 2761 2839 cum
2788 2798 2819 2838 a
2847 2782 2988 2837 facie
3015 2783 3153 2852 ejus.
3178 2780 3320 2837 Iusti
3350 2789 3529 2837 autem

1948 2879 2199 2933 laetentur
2222 2885 2279 2933 et
2305 2876 2577 2933 exsultent
2598 2876 2654 2932 in
2682 2882 2976 2947 conspectu
3014 2872 3132 2940 Dei,
3161 2871 3435 2945 gaudeant
3474 2871 3532 2933 in

1949 2970 2157 3027 latitia.

2022 3077 2210 3117 vam.
2232 3060 2441 3115 Exaudi
2471 3074 2577 3125 me,
2608 3059 2857 3126 Domine,
2880 3057 3138 3129 quoniam
3164 3057 3308 3113 bona
3337 3062 3421 3112 est
3441 3055 3539 3109 mi-

1952 3154 2248 3211 sericordia
2265 3163 2353 3209 tua
2372 3171 2386 3220 ;
2408 3153 2706 3209 secundum
2717 3152 3114 3208 multitudinem
3127 3150 3537 3207 miserationum

1950 3256 2167 3303 tuarum
2190 3248 2398 3319 respice
2427 3246 2492 3302 ad
2513 3261 2621 3301 me.
2646 3245 2715 3301 Et
2742 3262 2813 3302 ne
2843 3246 3145 3302 abscondas
3173 3244 3369 3300 faciem
3391 3251 3538 3297 tuam

1952 3352 1984 3391 a
2009 3352 2166 3393 servo
2212 3346 2322 3403 tuo,
2354 3337 2611 3407 quoniam
2642 3337 2885 3406 tribulor,
2925 3338 3035 3393 cito
3064 3336 3259 3392 exaudi
3288 3351 3394 3391 me.
3438 3333 3535 3392 Acv

1950 3430 2083 3485 cede
2122 3428 2191 3483 ad
2237 3430 2475 3483 animam
2519 3445 2719 3496 meam,
2770 3437 2826 3484 et
2870 3429 3077 3484 redime
3123 3443 3245 3484 eam
3274 3445 3286 3481 :
3318 3434 3541 3497 propter

1950 3520 2198 3576 inimicos
2245 3536 2395 3577 meos
2440 3520 2611 3577 libera
2660 3535 2767 3576 me.
2801 3519 2960 3577 Salus
3005 3530 3121 3588 tua,
3150 3519 3313 3587 Deus,
3349 3532 3538 3575 susce-

1953 3614 2039 3685 pit-
2062 3629 2168 3670 me.

2022 3721 2169 3761 um
2206 3705 2371 3773 Deus,
2402 3715 2467 3762 ut
2492 3705 2689 3763 liberes
2728 3721 2834 3773 me,
2879 3705 3127 3773 Domine,
3178 3712 3239 3760 ut
3265 3701 3540 3759 auxilieris

1950 3798 2084 3854 mihi
2114 3798 2329 3853 festina.
2359 3799 2645 3855 Gaudeant
2668 3808 2725 3856 et
2752 3799 3002 3855 ltetentur
3030 3799 3085 3853 in
3116 3806 3170 3852 te
3199 3810 3409 3861 omnes,
3448 3793 3539 3863 qui

1952 3898 2200 3959 quaerunt
2223 3896 2294 3944 te.
2325 3889 2438 3960 Ego
2465 3899 2644 3944 autem
2674 3903 2877 3962 egenus
2920 3899 2978 3945 et
3002 3882 3237 3959 pauper;
3269 3887 3431 3952 Deus,
3460 3887 3538 3943 fe-

1954 3985 2096 4039 stina
2136 3999 2237 4056 pro
2263 3998 2369 4039 me.
2400 3984 2674 4040 Auxilium
2698 3999 2879 4041 meum
2908 3991 2965 4040 et
2994 3983 3236 4039 salvator
3260 3997 3413 4037 meus
3431 4023 3445 4049 ,
3484 3989 3539 4038 tu

1954 4076 2200 4144 Domine,
2233 4091 2305 4133 ne
2328 4077 2577 4133 moreris.

2024 4184 2149 4223 ιλιι.
2191 4167 2250 4223 ln
2290 4176 2362 4235 te,
2413 4168 2658 4235 Domine,
2708 4168 2945 4239 speravi,
2976 4181 3085 4223 non
3131 4164 3435 4221 confundar
3479 4164 3536 4219 in

1955 4270 2216 4318 :cternum
2259 4263 2361 4317 :in
2412 4262 2624 4333 justitia
2670 4270 2761 4317 tua
2792 4277 2921 4318 erue
2958 4277 3065 4328 me,
3111 4270 3167 4317 et
3204 4259 3377 4315 libera
3430 4273 3540 4315 me.

1957 4352 2162 4407 inclina
2191 4353 2258 4408 ad
2286 4368 2373 4407 me
2391 4368 2576 4408 aurem
2599 4362 2765 4421 tuam,
2794 4362 2851 4409 et
2878 4354 3027 4409 salva
3052 4367 3158 4407 me.
3184 4351 3327 4407 Deus
3354 4365 3531 4415 meus.

1956 4445 2109 4501 salva
2129 4459 2217 4500 me
2242 4444 2307 4500 de
2321 4459 2484 4499 manu
2508 4444 2678 4514 impii,
2695 4444 2763 4501 de
2788 4460 2951 4499 manu
2976 4443 3148 4514 iniqui
3176 4451 3232 4498 et
3252 4441 3535 4507 nocentis;

1954 4540 2082 4610 quia
2113 4547 2169 4593 tu
2198 4554 2258 4594 es
2292 4539 2624 4609 exspectatio
2650 4554 2792 4604 mea,
2828 4538 3072 4593 Domine.
3106 4535 3270 4600 Deus,
3310 4550 3379 4590 ne
3400 4534 3545 4590 elon‘

1955 4627 2102 4701 geris
2130 4643 2161 4682 a
2191 4644 2315 4684 me:
2347 4628 2511 4693 Deus,
2538 4629 2604 4684 ad
2635 4627 3003 4682 auxiliandum
3031 4626 3165 4681 mihi
3195 4625 3415 4683 festina.

2027 4735 2172 4775 uxr.
2213 4719 2331 4774 Erit
2357 4735 2555 4774 nomen
2588 4727 2739 4774 tuum
2770 4719 2825 4773 in
2855 4727 3140 4786 aeternum,
3172 4717 3316 4773 ultra
3350 4716 3540 4785 solem,

1956 4811 2332 4883 perseverabit
2359 4825 2557 4865 nomen
2585 4817 2756 4865 tuum.

2031 4918 2202 4958 axx-ir.
2244 4901 2375 4957 Mihi
2404 4909 2589 4955 autem
2616 4900 3051 4971 appropinquare
3070 4900 3185 4959 Deo
3213 4901 3416 4959 bonum
3436 4909 3540 4968 est,

1956 4995 2113 5067 posui
2142 4995 2460 5050 in-Domino
2489 4994 2601 5050 Deo
2634 5009 2787 5065 spem
2810 5010 3007 5051 meam.

2027 5103 2216 5142 Lxxm.
2242 5087 2385 5142 Deus
2412 5095 2592 5142 autem
2632 5101 2728 5141 rex
2757 5102 2910 5142 meus
2949 5089 3018 5143 ab
3044 5088 3220 5144 initio.
3255 5087 3334 5143 Ne
3361 5085 3544 5141 tradas

1955 5178 2146 5235 bestiis
2186 5178 2424 5235 animam
2471 5178 2739 5234 eruditam
2778 5177 2895 5251 lege
2922 5187 3015 5234 tua
3047 5198 3059 5234 :
3091 5180 3219 5235 vitae
3246 5191 3544 5250 pauperum

1955 5279 2171 5327 tuorum
2199 5287 2268 5327 ne
2294 5271 2629 5329 obliviscaris
2651 5272 2708 5327 in
2734 5281 3076 5343 perpetuum.

2027 5380 2209 5419 Lxxw.
2251 5364 2366 5434 Ego
2416 5372 2599 5420 autem
2650 5365 2989 5421 annuntiabo
3033 5364 3090 5420 in
3119 5362 3543 5434 sempiternum,

1918 5517 1924 5523 ,
1956 5457 2189 5514 cantabo
2217 5456 2328 5512 Deo
2352 5457 2537 5514 Iacob.

2026 5568 2186 5607 Lxxv.
2222 5550 2357 5605 Cum
2407 5552 2710 5607 surrexerit
2755 5551 2824 5605 ad
2867 5548 3222 5622 iudicandum
3267 5546 3433 5613 Deus,
3484 5555 3547 5603 ut

1953 5644 2131 5701 salvos
2162 5643 2327 5697 faciat
2349 5659 2539 5698 omnes
2564 5645 2725 5698 mites
2756 5653 2934 5699 terr-.e.

2022 5751 2204 5793 Lxxvi.
2246 5736 2391 5793 Voce
2416 5751 2535 5792 mea
2560 5736 2629 5793 ad
2657 5734 2947 5791 Dominum
2973 5732 3243 5805 clamavi;
3263 5747 3400 5795 voce
3419 5745 3547 5793 mea
