4038 6336
494 308 602 367 575

489 421 560 480 ad
599 420 906 486 Dominum,
950 425 1006 472 et
1047 413 1323 471 exaudivit
1360 428 1465 468 me.
1495 412 1554 467 In
1591 411 1678 466 die
1717 408 2081 466 tribulationis
2107 411 2164 472 Α

489 528 627 573 mea:
653 513 823 567 Deum
853 509 1131 579 requisivi.

566 623 768 664 Lxxvu.
799 605 917 674 Ipse
942 617 1073 656 vero
1101 599 1412 655 misericors
1435 597 1760 669 pr0pitiatur
1785 597 2075 668 iniquitati,

491 711 550 759 et
573 718 682 757 non
713 700 1004 770 disperdet.

561 808 785 849 Lxxvm.
828 790 904 844 Nc
929 789 1232 844 recorderis
1261 788 1607 858 iniquitatum
1646 794 1958 840 nostrarum
1997 799 2083 839 ve-

493 894 684 939 terum.
709 883 828 940 Cito
874 882 1175 951 anticipent
1220 897 1318 936 nos
1352 880 1735 934 misericordia:
1778 890 1911 943 tuze,
1954 877 2082 947 quia

492 974 756 1028 attenuati
788 988 974 1027 sumus
1014 971 1197 1025 nimis.
1229 970 1505 1024 Auxiliare
1545 969 1719 1034 nobis,
1751 969 1894 1022 Deus
1922 967 2082 1022 Jesus

492 1073 698 1127 noster,
730 1074 952 1134 propter
975 1063 1201 1134 gloriam
1229 1063 1465 1118 nominis
1489 1063 1585 1127 tui,
1605 1071 1661 1116 et
1681 1061 1850 1116 libera
1872 1078 1990 1117 nos.
2017 1061 2086 1116 Et

488 1157 786 1228 propitiare
815 1157 1050 1226 peccatis
1077 1156 1280 1210 nostris
1311 1163 1530 1225 propter
1561 1170 1759 1209 nomen
1788 1167 1957 1209 tuum.

563 1268 747 1306 Lxxix.
818 1250 1036 1304 Suscita
1093 1248 1463 1304 fortitudinem
1516 1258 1686 1313 tuam,
1730 1258 1786 1303 et
1822 1249 1947 1303 veni
1981 1267 1992 1302 :
2026 1255 2088 1303 ut

491 1341 672 1397 salvos
701 1341 872 1396 facias
892 1357 1009 1396 nos.
1037 1342 1266 1395 Domine
1287 1341 1429 1396 Deus
1452 1343 1811 1407 exercituum,
1829 1352 2086 1398 converte

491 1449 611 1499 nos,
645 1445 698 1490 et
727 1436 953 1490 ostende
985 1435 1178 1490 faciem
1212 1444 1378 1501 tuam,
1411 1444 1465 1489 et
1492 1436 1626 1491 salvi
1656 1437 1880 1491 erimus.

563 1543 724 1580 Lxxx.
768 1527 1011 1582 Laudate
1038 1528 1357 1591 Dominum,
1392 1527 1766 1581 fortitudinem
1818 1534 2082 1582 nostram.

564 1635 751 1673 Lxxxr.
794 1617 1043 1673 Judicate
1077 1620 1301 1688 pauperi
1333 1627 1387 1673 et
1408 1619 1628 1689 pupillo,
1657 1634 1829 1689 egeno
1853 1629 1908 1673 et
1941 1619 2087 1688 inopi

484 1705 629 1774 iuste
655 1709 836 1763 facite.
887 1707 1107 1762 Salvate
1138 1709 1386 1778 inopem;
1416 1717 1472 1762 et
1497 1724 1791 1779 pauperem
1827 1711 1893 1764 de
1920 1725 2085 1764 manu

493 1797 783 1868 impiorum
815 1799 1061 1854 liberate.

565 1905 774 1943 Lxxxn.
817 1889 980 1956 Deus,
1034 1907 1102 1945 ne
1135 1900 1340 1956 taceas,
1388 1907 1456 1947 ne
1486 1893 1669 1958 sileas,
1703 1901 1758 1946 et
1790 1908 1899 1947 non
1941 1897 2089 1964 quie—

490 1994 634 2043 scas,
659 1981 820 2035 Deus.
847 1981 915 2035 Et
944 1983 1123 2037 sciunt
1149 1982 1265 2054 [F.,
1298 1983 1520 2056 sciant],
1555 1984 1679 2055 quia
1710 1999 1908 2038 nomen
1935 1994 2084 2040 tuum

488 2078 592 2134 est,
613 2071 860 2138 Domine,
884 2073 1031 2128 solus
1064 2083 1120 2128 tu
1148 2076 1398 2131 excelsus
1426 2091 1591 2146 super
1619 2091 1835 2131 omnem
1861 2086 2082 2132 terram.

563 2182 790 2220 Lxxxm.
838 2166 1063 2222 Domine
1092 2168 1235 2223 Deus
1264 2170 1620 2235 exercituum,
1663 2171 1857 2224 exaudi
1889 2172 2088 2225 oratio—

489 2267 617 2310 nem
648 2271 827 2310 meam
853 2275 864 2310 :
895 2257 1125 2313 Domine
1153 2261 1514 2327 exercituum,
1545 2263 1739 2317 beatus
1778 2262 1960 2328 homo,
1993 2263 2085 2333 qui

501 2346 729 2402 confidit
759 2348 814 2401 in
852 2356 921 2403 te.

572 2439 730 2508 100
769 2455 985 2494 Lxxxtv.
1011 2439 1281 2498 Converte
1310 2459 1410 2498 nos
1437 2443 1594 2498 Jesus
1624 2452 1830 2510 noster,
1861 2453 1918 2498 et
1939 2443 2087 2500 solve

494 2524 636 2585 iram
668 2537 815 2584 tuam
839 2531 1125 2588 adversum
1155 2550 1274 2588 nos.
1302 2533 1418 2589 Noli
1447 2536 1503 2589 in
1531 2541 1792 2589 :eternum
1817 2535 1977 2590 irasci
1994 2551 2090 2591 no-

493 2617 600 2678 bis.
639 2618 878 2676 Ostende
928 2625 1105 2690 nobis,
1154 2625 1402 2692 Domine,
1442 2627 1872 2681 misericordiam
1914 2635 2083 2695 tuam,

449 2767 454 2772 ,
491 2719 549 2768 et
573 2712 813 2768 salutare
842 2721 994 2768 tuum
1022 2716 1089 2769 da
1121 2716 1299 2771 nobis.

565 2817 765 2857 Lxxxv.
807 2803 1034 2869 lnclina,
1080 2805 1327 2873 Domine,
1366 2822 1552 2863 aurem
1583 2817 1753 2874 tuam,
1784 2819 1840 2864 et
1888 2813 2085 2868 exaudi

497 2907 620 2948 me:
653 2895 782 2965 quia
805 2910 1008 2966 egenus
1038 2906 1093 2951 et
1123 2913 1329 2967 pauper
1354 2914 1454 2970 ego
1486 2915 1625 2954 sum.
1662 2899 1917 2956 Miserere
1957 2903 2082 2967 mei,
2131 2893 2134 2895 ’

495 2983 744 3049 Domine,
794 2988 1051 3054 quoniam
1098 2988 1164 3040 ad
1197 2997 1249 3042 te
1281 2988 1527 3043 clamabo
1556 2998 1668 3043 tota
1713 2990 1816 3044 die.
1849 2991 2085 3046 Laetiﬁca

495 3077 734 3129 animam
765 3077 904 3130 servi
931 3077 1028 3143 tui,
1049 3082 1175 3146 quia
1205 3079 1272 3132 ad
1301 3087 1352 3134 te
1379 3081 1615 3134 animam
1640 3096 1815 3135 meam
1841 3081 1978 3136 levo.
2005 3083 2083 3136 Tu

1340 298 1398 352 B.
1439 297 1500 351 F.
1541 294 1765 350 ALBlNl
1805 293 1934 350 SEU
1976 290 2253 349 ALCUlNl
2291 288 2573 348 OPERUM
2610 288 2789 345 PARS
2824 287 2914 344 Ν.

3666 291 3768 348 576

2258 421 2386 460 xcn.
2428 405 2761 461 Testimonia
2791 413 2884 459 tua
2913 401 3091 458 ﬁdelia
3118 402 3261 459 facta
3289 415 3416 461 sunt
3441 405 3608 462 nimis

2253 515 2404 556 xcm.
2447 498 2814 553 Misericordia
2843 507 2933 552 tua
2955 495 3297 552 sustentabat
3318 513 3424 552 me.

2253 609 2395 649 xcrv.
2450 593 2661 658 Venite,
2695 592 2984 646 adoremus
3031 600 3087 645 et
3110 606 3417 646 curvemur.
3463 591 3778 652 Flectamus

2181 702 2357 760 genua
2397 694 2524 740 ante
2570 685 2765 739 faciem
2823 684 3038 739 Domini
3091 684 3312 740 factoris
3369 687 3545 742 nostri
3595 688 3778 758 :quia

2183 778 2297 848 ipse
2323 786 2406 832 est
2435 777 2694 832 Dominus
2730 776 2872 831 Deus
2909 785 3114 832 noster.

2255 890 2373 929 xcv.
2413 873 2597 928 Gloria
2624 851 2873 927 et‘decor
2909 880 3034 926 ante
3071 871 3279 926 vultum
3317 871 3452 940 ejus.

2254 982 2397 1020 xcvi.
2441 965 2543 1033 Qui
2570 963 2790 1033 diligitis
2822 965 3130 1030 Dominum,
3165 964 3310 1018 odite
3341 963 3566 1029 malum,
3598 971 3784 1019 custo-

2186 1056 2266 1111 dit
2295 1057 2505 1112 animas
2536 1064 2851 1111 sanctorum
2887 1071 3110 1111 suorum
3139 1074 3150 1109 :
3189 1056 3256 1110 de
3279 1070 3442 1110 manu
3486 1056 3784 1126 impiorum

2187 1160 2340 1207 eruet
2369 1167 2481 1206 COS.

2259 1260 2423 1299 xcvu.
2467 1245 2809 1300 Recordatus
2835 1252 2920 1300 est
2950 1245 3337 1300 misericordiae
3367 1260 3499 1300 suae.
3530 1244 3602 1299 Et
3637 1243 3788 1300 exal-

2189 1346 2299 1393 tate
2325 1339 2612 1393 Dominum
2644 1340 2814 1394 Deum
2843 1347 3108 1394 nostrum.

2260 1444 2445 1482 xcvm.
2487 1430 2700 1484 Servite
2760 1429 2990 1485 Domino
3047 1431 3102 1484 in
3162 1429 3369 1483 laetitia.
3431 1426 3786 1500 lngredimini

2189 1534 2372 1574 coram
2408 1534 2473 1574 eo
2502 1521 2557 1572 in
2587 1519 2762 1574 laude.

2263 1626 2406 1665 xeix.
2452 1610 2678 1678 Scitote,
2714 1612 2974 1681 quoniam
3025 1611 3288 1666 Dominus
3314 1612 3431 1681 ipse
3463 1619 3550 1667 est
3590 1610 3779 1666 Deus:

2193 1704 2308 1774 ipse
2339 1703 2466 1758 fecit
2496 1719 2616 1769 nos,
2656 1713 2711 1758 et
2741 1704 2909 1773 ipsius
2938 1721 3142 1760 sumus.

2262 1815 2312 1853 c.
2356 1798 2783 1853 Misericordiam
2819 1808 2874 1852 et
2912 1798 3175 1869 judicium
3227 1798 3461 1853 cantabo
3498 1798 3619 1860 tibi,
3679 1795 3787 1850 Do-

2190 1889 2355 1952 mine,
2411 1887 2637 1957 psallam
2688 1896 2742 1942 et
2766 1888 2986 1943 erudiar
3027 1889 3082 1941 in
3116 1887 3204 1941 via
3259 1886 3523 1958 perfecta,
3564 1885 3791 1956 quando

2192 1978 2382 2033 venias
2415 1978 2483 2031 ad
2513 1993 2618 2033 me.

2261 2084 2330 2122 ci.
2370 2069 2618 2133 Domine,
2655 2069 2852 2124 exaudi
2903 2070 3206 2125 orationem
3255 2084 3453 2135 meam,
3495 2077 3551 2124 et
3582 2068 3797 2126 clamet

2191 2178 2344 2217 meus
2376 2163 2443 2217 ad
2477 2173 2532 2218 te
2576 2165 2776 2218 veniat.
2817 2163 2897 2219 Ne
2951 2164 3254 2221 abscondas
3303 2163 3502 2219 faciem
3560 2172 3712 2218 tuam
3761 2179 3792 2218 ε

2191 2270 2295 2310 me.
2329 2256 2388 2310 In
2424 2257 2511 2311 die
2546 2256 2906 2312 tribulationis
2937 2273 3070 2314 meze
3105 2258 3305 2314 inclina
3351 2259 3419 2313 ad
3470 2274 3558 2313 me
3597 2272 3791 2313 aurem

2195 2353 2360 2400 tuam.
2413 2347 2473 2401 In
2505 2363 2828 2417 quacunque
2863 2349 2951 2404 die
3010 2350 3335 2407 invocavero
3383 2358 3436 2405 te
3472 2391 3488 2415 ,
3532 2348 3797 2406 velociter

2194 2437 2388 2491 exaudi
2420 2451 2527 2491 me.

2262 2543 2352 2581 cu.
2391 2527 2645 2593 Benedic,
2679 2529 2859 2584 anima
2885 2545 3026 2597 mea,
3050 2530 3302 2596 Domino,
3321 2538 3379 2586 et
3401 2529 3511 2585 noli
3537 2529 3791 2585 oblivisci

2188 2620 2431 2674 omnium
2467 2622 2886 2677 retributionum
2923 2622 3058 2692 ejus.
3088 2623 3190 2690 Qui
3224 2623 3549 2694 propitiatur
3573 2625 3629 2676 in
3653 2639 3788 2678 cun-

2121 2727 2126 2733 ·
2190 2711 2291 2766 ctis
2319 2711 2696 2782 iniquitatibus
2727 2733 2739 2767 :
2777 2723 2833 2769 et
2853 2724 3014 2769 sanat
3039 2730 3228 2770 omnes
3258 2714 3607 2769 infirmitates
3633 2722 3780 2768 tuas.

2190 2801 2293 2869 Qui
2320 2805 2550 2860 redimet
2575 2806 2642 2860 de
2673 2809 3023 2878 corruptione
3054 2809 3226 2862 vitam
3261 2817 3429 2873 tuam,
3468 2818 3524 2863 et
3555 2816 3790 2864 coronat

2191 2904 2243 2951 te
2270 2897 2325 2951 in
2355 2897 2727 2954 misericordia
2758 2910 2814 2955 et
2840 2901 3281 2956 miserationibus

2259 3010 2371 3049 cur.
2413 2994 2646 3052 Benedic
2684 2998 2866 3052 anima
2912 3013 3030 3052 mea
3065 2997 3294 3051 Domino
3323 3013 3336 3050 :
3371 2995 3601 3051 Domine
3637 2995 3786 3050 Deus

2192 3101 2363 3153 meus,
2390 3089 2770 3159 magniﬁcatus
2794 3105 2853 3146 es
2885 3092 3067 3145 nimis.
3100 3090 3280 3145 Gloria
3309 3097 3364 3143 et
3397 3090 3592 3144 decore
3631 3088 3789 3143 indu—

496 3167 642 3220 enim
671 3182 750 3230 es,
781 3167 1026 3232 Domine,
1062 3170 1237 3224 bonus
1266 3180 1322 3224 et
1346 3172 1705 3241 propitiabilis
1741 3194 1752 3228 :
1785 3184 1841 3230 et
1882 3176 2084 3231 multus
2116 3155 2160 3218 (ἶ
2195 3188 2282 3235 tus
2305 3197 2384 3235 es.
2421 3155 2506 3235 Sit
2533 3183 2703 3253 gloria
2741 3184 2955 3238 Domini
3008 3184 3063 3238 in
3096 3185 3484 3255 sempiternum
3525 3200 3536 3236 :
3578 3181 3782 3236 lac-tabi—

495 3256 870 3310 misericordia
903 3261 1177 3325 omnibus,
1209 3263 1301 3330 qui
1333 3263 1590 3316 invocant
1615 3271 1684 3317 te.
1722 3265 1960 3332 Exaudi,
1995 3266 2097 3321 Do-

497 3346 664 3411 mine,
696 3348 996 3402 orationem
1016 3365 1194 3405 meam
1220 3371 1230 3404 :
1265 3361 1319 3405 et
1348 3353 1592 3407 ausculta
1623 3370 1812 3410 vocem
1837 3356 2095 3425 depreca-

498 3439 706 3496 tionum
733 3459 998 3499 mearum.
1032 3445 1091 3499 ln
1123 3448 1210 3502 die
1249 3447 1613 3503 tribulationis
1664 3465 1797 3504 mere
1829 3450 2094 3507 invocabo

497 3536 571 3598 te,
599 3533 723 3601 quia
755 3536 1013 3591 exaudies
1028 3553 1130 3592 me.
1162 3537 1306 3593 Doce
1333 3554 1438 3604 me,
1457 3540 1702 3605 Domine,
1729 3543 1875 3597 viam
1897 3551 2046 3598 tuam
2077 3562 2090 3598 :

499 3631 561 3680 ut
588 3626 856 3683 ambulem
888 3630 941 3684 in
971 3632 1199 3687 veritate
1230 3641 1342 3687 tua.
1377 3633 1603 3688 Unicum
1637 3634 1721 3690 fac
1754 3651 1850 3690 cor
1887 3652 2091 3703 meum,

499 3725 564 3772 ut
585 3720 772 3774 timeat
801 3738 997 3778 nomen
1028 3732 1196 3778 tuum.
1225 3725 1536 3781 Confitebor
1565 3728 1680 3792 tibi,
1709 3728 1938 3784 Domine
1951 3729 2094 3784 Deus

499 3825 674 3877 meus,
703 3813 755 3866 in
790 3823 901 3868 toto
927 3818 1090 3871 corde
1114 3833 1236 3873 meo
1265 3838 1276 3872 :
1303 3827 1360 3874 et
1383 3819 1697 3890 glorificabo
1720 3839 1918 3878 nomen
1941 3831 2094 3878 tuum

499 3900 556 3955 in
585 3906 992 3974 sempiternum.
1031 3909 1110 3963 Tu
1151 3919 1354 3978 autem,
1403 3911 1648 3978 Domine,
1693 3913 1836 3969 Deus
1883 3915 2098 3971 miscri-

500 4013 624 4054 cors
644 4009 698 4054 et
723 4002 981 4070 clemens,
1014 4005 1225 4076 respice
1255 4007 1322 4061 ad
1349 4022 1453 4071 me,
1481 4016 1534 4061 et
1557 4008 1818 4063 miserere
1848 4010 1952 4063 mei
1981 4029 1992 4063 :
2024 4011 2092 4065 da

502 4088 874 4152 fortitudinem
922 4114 1080 4154 servo
1126 4109 1236 4165 tuo,
1267 4109 1322 4155 et
1343 4102 1492 4155 salva
1524 4101 1687 4156 filiam
1734 4104 1942 4160 ancilla:
1967 4114 2088 4160 tuaa.

502 4181 611 4239 Fac
637 4201 846 4242 mecum
876 4190 1090 4260 signum
1121 4191 1174 4245 in
1201 4192 1466 4259 bonitate,
1493 4202 1548 4248 et
1575 4195 1817 4261 audiant,
1850 4198 1943 4266 qui
1971 4199 2096 4252 ode-

503 4287 633 4332 runt
675 4295 780 4347 me,
830 4290 886 4336 et
913 4281 1336 4338 confundantur.
1371 4285 1507 4351 Quia
1548 4294 1623 4351 tu,
1667 4286 1912 4355 Domine,
1945 4289 2096 4344 auxi-

502 4364 662 4420 liatus
691 4383 749 4422 es
777 4371 928 4437 mihi,
961 4381 1018 4427 et
1041 4374 1356 4429 consolatus
1386 4390 1444 4430 es
1475 4390 1580 4430 me.

574 4472 795 4512 Lxxxvi.
836 4461 905 4514 Et
959 4464 1277 4531 cantabunt,
1330 4465 1488 4535 quasi
1538 4465 1593 4520 in
1645 4468 1848 4535 choris,
1903 4484 2093 4527 omnes

501 4546 674 4605 fortes
703 4553 810 4608 mei
837 4553 892 4607 in
926 4561 998 4608 te.

573 4660 812 4699 Lxxxvn.
875 4646 1213 4718 lngrediatur
1238 4657 1364 4703 ante
1391 4656 1446 4704 te
1470 4651 1646 4706 oratio
1670 4666 1792 4707 mea
1837 4672 1849 4706 :
1883 4654 2092 4712 inclina

504 4753 693 4792 aurem
722 4747 868 4794 tuam
891 4740 957 4794 ad
986 4740 1351 4797 laudationem
1375 4758 1572 4798 meam.
1597 4743 1710 4814 Ego
1731 4752 1912 4799 autem
1935 4747 2002 4801 ad
2019 4755 2091 4814 te,

507 4827 751 4897 Domine,
784 4831 1014 4886 clamavi
1042 4851 1053 4886 :
1087 4842 1141 4888 et
1164 4849 1322 4888 mane
1351 4835 1527 4889 oratio
1559 4850 1679 4889 mea
1703 4837 1998 4906 praeveniet
2020 4846 2090 4892 te.

579 4942 840 4980 Lxxxvm.
883 4926 1296 4982 Conﬁtebuntur
1349 4928 1472 4983 (εωιὶ
1521 4929 1788 4984 mirabilia
1837 4939 1948 4996 tua,
1991 4930 2097 4986 Do-

504 5019 654 5074 mine
702 5038 713 5072 :
766 5019 1137 5075 misericordia
1187 5028 1242 5075 et
1293 5022 1495 5078 veritas
1548 5023 1857 5093 praecedent
1904 5021 2097 5080 faciem

509 5118 678 5166 tuam.

579 5222 802 5261 Lxxxrx.
843 5207 1120 5278 Appareat
1147 5206 1287 5278 apud
1316 5223 1504 5262 servos
1535 5216 1656 5262 tuos
1687 5223 1822 5279 opus
1853 5207 2106 5273 tuum,'et

508 5296 679 5368 gloria
711 5306 803 5352 tua
851 5313 1014 5368 super
1058 5298 1195 5353 filios
1236 5313 1443 5353 eorum.
1482 5299 1550 5353 Et
1591 5299 1662 5354 sit
1699 5300 1863 5354 decor
1889 5299 2104 5354 Domini

507 5389 606 5448 Dei
631 5392 821 5448 mostri
865 5407 1027 5462 super
1070 5408 1189 5458 nos,
1221 5401 1276 5446 et
1319 5408 1455 5462 opus
1487 5408 1747 5447 manuum
1785 5401 2096 5448 nostrarum

509 5483 792 5539 confirma.

580 5592 666 5631 xc.
710 5575 790 5631 Tu
819 5575 963 5630 enim
988 5592 1069 5640 es,
1100 5575 1348 5640 Domine,
1378 5591 1502 5645 spes
1530 5592 1667 5630 mea.

582 5682 691 5724 xei.
733 5666 999 5736 Quoniam
1057 5666 1343 5724 lietificasti
1400 5683 1504 5734 me,
1551 5667 1796 5734 Domine,
1839 5668 1893 5724 in
1935 5684 2098 5740 opere

515 5767 627 5814 tuo.

2199 3280 2285 3324 tur
2320 3271 2583 3328 Dominus
2615 3274 2670 3328 in
2698 3275 2952 3344 operibus
2979 3276 3110 3331 suis.

2264 3381 2368 3419 ειν.
2397 3365 2631 3433 ρυᾶξτίιθ
2661 3367 2972 3435 Dominum,
2999 3377 3055 3424 et
3076 3370 3335 3424 virtutem
3369 3367 3485 3437 ejus
3516 3387 3529 3422 :
3559 3367 3794 3438 quaerite

2194 3455 2392 3511 faciem
2428 3457 2547 3527 ejus
2572 3457 2794 3528 jugiter.
2837 3461 3220 3517 Becordamini
3258 3460 3582 3516 mirabilium
3626 3457 3749 3527 ejus
3774 3497 3794 3524 ,

2194 3562 2316 3616 quae
2345 3547 2496 3604 fecit.

2265 3655 2351 3695 cv.
2393 3642 2566 3707 Beati,
2597 3643 2688 3713 qui
2711 3645 3023 3700 custodiunt
3052 3645 3338 3715 judicium,
3375 3653 3431 3700 et
3455 3643 3667 3698 faciunt
3679 3639 3800 3712 jus-

2195 3731 2373 3786 titiam
2424 3733 2478 3786 in
2511 3735 2660 3788 omni
2697 3743 2959 3804 tempore.
2997 3735 3160 3791 Salva
3202 3751 3334 3800 nos,
3375 3734 3603 3789 Domine
3646 3731 3796 3789 Deus

2195 3831 2400 3889 noster,
2435 3833 2497 3877 ut
2526 3825 2888 3880 confiteamur
2915 3827 3123 3881 nomini
3155 3835 3347 3882 sancto
3375 3833 3468 3879 tuo
3505 3843 3518 3878 :
3553 3833 3610 3878 et
3635 3837 3798 3879 cana-

2194 3932 2318 3972 mus
2359 3916 2685 3974 laudantes:
2731 3919 3047 3975 benedictus
3078 3920 3340 3974 Dominus
3372 3919 3517 3973 Deus
3542 3915 3734 3972 Israel.

2265 4046 2370 4085 CVI.
2413 4030 2762 4087 Conﬁtemini
2814 4033 3064 4098 Domino,
3111 4033 3370 4103 quoniam
3412 4031 3612 4095 bonus,
3660 4045 3799 4101 quo-

2195 4121 2342 4176 niam
2393 4123 2448 4176 in
2497 4134 2763 4180 aeternum
2814 4126 3189 4181 misericordia
3241 4125 3378 4195 ejus.
3441 4123 3796 4180 Confitemini

2196 4213 2426 4270 Domino
2457 4218 2844 4274 misericordiae
2871 4219 3008 4289 ejus,
3042 4227 3098 4274 et
3132 4219 3397 4274 mirabilia
3426 4217 3541 4285 ejus
3568 4218 3623 4272 in
3655 4216 3800 4272 filios

2196 4308 2492 4365 hominum.
2528 4310 2664 4378 Quia
2704 4314 2970 4368 saturavit
3007 4313 3246 4368 animam
3283 4327 3532 4378 vacuam,
3572 4320 3627 4366 et
3670 4311 3794 4366 ani-

2195 4414 2343 4454 mam
2370 4402 2699 4457 esurientem
2737 4404 2980 4474 implevit
3005 4405 3183 4460 bonis.

2269 4505 2396 4545 cvu.
2440 4489 2518 4545 Da
2549 4493 2705 4548 nobis
2741 4495 2998 4550 auxilium
3037 4495 3092 4550 in
3124 4494 3513 4551 tribulatione:
3546 4509 3681 4549 vana
3711 4500 3802 4548 est

2200 4581 2344 4635 enim
2373 4582 2519 4638 salus
2551 4584 2619 4638 ab
2648 4586 2886 4641 homine.
2922 4587 2981 4641 ln
3006 4587 3116 4642 Deo
3147 4588 3352 4644 erimus
3385 4585 3573 4650 fortes,
3601 4593 3656 4640 et
3678 4585 3800 4654 ipse

2201 4677 2544 4732 conculcabit
2563 4679 2749 4734 hostes
2779 4687 3017 4736 nostros.

2277 4791 2428 4861 ιοι
2473 4808 2620 4846 cvru.
2664 4792 2743 4848 Tu
2788 4802 2970 4850 autem
3019 4795 3162 4850 Deus
3198 4794 3446 4859 Domine,
3483 4791 3568 4847 fac
3613 4806 3801 4846 meum

2201 4892 2422 4954 pr0pter
2451 4902 2649 4942 nomen
2682 4895 2832 4942 tuum
2863 4908 2874 4942 :
2906 4890 3163 4958 quoniam
3195 4890 3336 4945 bona
3371 4897 3455 4942 est
3480 4886 3800 4942 misericor—

2203 4977 2290 5031 dia
2328 4988 2436 5033 tua.
2471 4979 2664 5034 Libera
2699 4995 2806 5045 me,
2842 4981 3099 5049 quoniam
3127 4997 3331 5052 egenus
3359 4989 3415 5035 et
3443 4993 3650 5049 pauper
3671 4992 3800 5035 sum

2205 5085 2338 5140 ego:
2373 5071 2564 5143 adjuva
2603 5088 2709 5138 me,
2761 5074 2986 5130 Domine
3017 5075 3158 5129 Deus
3189 5090 3362 5130 meus.
3395 5072 3557 5129 Salva
3583 5086 3672 5126 me
3711 5084 3803 5126 se-

2204 5162 2440 5217 cundum
2483 5165 2914 5222 misericordiam
2956 5175 3120 5221 tuam.

2273 5289 2381 5329 crx.
2423 5273 2712 5334 Dominarc
2739 5279 2793 5332 in
2823 5279 3000 5333 medio
3030 5279 3374 5334 inimicorum
3401 5285 3638 5333 tuorum.

2276 5407 2362 5446 cx.
2405 5391 2720 5448 Confitebor
2751 5393 2982 5448 Domino
3015 5393 3068 5449 in
3101 5401 3212 5449 toto
3237 5393 3401 5448 corde
3428 5407 3568 5447 meo.
3614 5387 3808 5448 Gloria

2204 5495 2260 5540 et
2289 5486 2454 5541 decor
2498 5501 2633 5556 opus
2677 5485 2832 5556 ejus:
2865 5502 3000 5557 opus
3043 5501 3302 5540 manuum
3347 5485 3464 5556 ejus
3511 5484 3720 5540 veritas
3749 5490 3811 5541 et

2199 5576 2483 5646 judicium.

2277 5686 2386 5724 cxi.
2427 5671 2624 5726 Beatus
2645 5670 2748 5735 vir,
2777 5670 2869 5740 qui
2898 5670 3053 5724 timet
3083 5669 3369 5725 Dominum
3403 5687 3414 5720 :
3449 5669 3502 5722 in
3526 5665 3812 5722 mandatis

2208 5765 2326 5836 ejus
2357 5762 2501 5820 volet
2530 5762 2710 5827 nimis.
2739 5762 2799 5820 In
2826 5763 3088 5824 memoria
3110 5764 3444 5836 sempiterna
3473 5761 3579 5818 erit
3593 5760 3810 5838 justus,
