4038 6336
198 285 311 348 επ

1080 342 1083 343 κ
1164 290 1561 355 muneres.
1600 319 1673 338 —
1706 290 1981 352 omen
2010 292 2150 351 pan
2184 293 2456 369 renus.

3342 284 3478 367 ’δτι

197 401 270 463 ὼ
295 376 482 462 auditu
517 401 663 460 malo
685 415 796 460 non
826 403 1056 463 timebit.
1095 406 1181 466 Si;
1204 423 1405 467 nomen
1433 410 1650 468 Domini
1687 411 1780 468 be.
1802 411 1856 471 Α
1951 420 2109 461 cxxv.
2151 405 2265 463 Nisi
2290 408 2552 466 Dominus
2596 407 2916 467 custodierit
2940 409 3235 482 civitatem,
3274 412 3479 475 ﬁ'ustra

196 496 423 563 dictum,
451 496 616 553 modo
639 490 812 568 usque
838 498 895 553 in
922 508 1205 557 aeternum.

263 606 398 648 cm.
438 589 557 646 Non
587 591 763 657 nobis,
792 590 1040 661 Domine,
1072 611 1181 651 non
1211 600 1369 654 nobis
1402 616 1417 653 :
1449 602 1548 655 sed
1573 599 1783 655 nomini

194 691 295 740 tuo
321 683 386 738 da
413 682 659 753 gloriam.
694 683 924 755 Propter
943 686 1376 745 misericordiam
1415 697 1585 759 tuam,
1616 699 1674 747 et
1690 706 1786 748 ve-

194 773 417 830 ritatem
450 782 621 829 tuam.

267 881 420 921 cxm.
462 863 723 933 Obsecro,
757 868 1002 936 Domine,
1032 869 1184 926 salva
1209 872 1449 930 animam
1475 888 1674 930 meam.

266 971 415 1012 cxtv.
474 955 543 1011 Et
587 972 786 1013 nomen
826 960 1039 1017 Domini
1091 963 1377 1021 invocabo.
1433 964 1679 1023 Gloriosa
1723 966 1782 1023 in

192 1056 498 1122 conspectu
537 1049 753 1106 Domini
800 1067 949 1108 mors
984 1062 1299 1111 sanctorum
1326 1056 1463 1127 ejus.

265 1155 393 1197 cxv.
435 1139 505 1195 Et
531 1141 736 1198 veritas
769 1142 985 1198 Domini
1014 1143 1071 1198 in
1100 1153 1382 1202 aeternum.

261 1246 412 1286 cxvr.
451 1232 734 1299 Dominus,
768 1234 1033 1291 Dominus
1082 1253 1238 1294 meus
1281 1255 1362 1307 es,
1410 1256 1520 1298 non
1580 1242 1782 1299 timebo

188 1322 326 1393 quid
363 1322 531 1379 faciat
557 1325 689 1379 mihi
722 1325 900 1381 homo.
930 1327 1190 1385 Dominus
1219 1332 1353 1387 mihi
1381 1333 1699 1401 auxiliator,
1729 1345 1786 1390 et

187 1429 294 1486 ego
324 1413 623 1484 despiciam
656 1416 901 1473 odientes
948 1432 1054 1472 me.
1104 1419 1295 1477 Melius
1330 1432 1415 1479 est
1460 1440 1681 1495 sperare
1726 1426 1783 1481 in

186 1506 448 1572 Domino,
477 1523 639 1578 quam
686 1523 908 1579 sperare
936 1511 992 1566 in
1020 1512 1260 1570 homine.
1301 1515 1490 1572 Melius
1534 1526 1619 1573 est
1663 1533 1783 1590 spe-

185 1613 317 1653 rare
347 1597 404 1652 in
433 1600 679 1666 Domino,
711 1616 879 1671 quam
909 1618 1131 1674 sperare
1157 1606 1215 1660 in
1251 1607 1604 1678 principibus.
1645 1609 1785 1667 Con-

187 1691 387 1747 ﬁtebor
414 1691 535 1758 tibi,
565 1693 813 1760 Domine,
860 1696 1116 1765 quoniam
1143 1698 1416 1754 exaudisti
1451 1716 1580 1757 me:
1615 1709 1670 1757 et
1712 1701 1788 1757 fa-

186 1790 315 1839 ctus
338 1797 399 1837 es
428 1783 562 1837 mihi
600 1784 655 1838 in
686 1784 939 1841 salutem.

256 1888 429 1927 cxvn.
481 1872 802 1930 Conﬁtebor
852 1876 984 1943 tibi,
1046 1877 1310 1947 Domine,
1366 1881 1423 1936 in
1488 1882 1789 1941 directione

184 1967 372 2023 cordis
400 1985 415 2021 :
442 1982 568 2022 cum
598 1968 841 2025 didicero
859 1970 1068 2040 judicia
1086 1972 1317 2043 justitia:
1345 1966 1471 2029 tuae.
1497 1974 1576 2031 Ne
1600 1993 1788 2035 errare

185 2059 358 2117 facias
384 2076 471 2115 me
503 2077 533 2116 a
564 2062 838 2117 mandatis
875 2064 1004 2120 tuis.
1036 2064 1238 2121 Revela
1278 2067 1468 2123 oculos
1502 2083 1685 2136 meos,
1732 2079 1789 2125 et

183 2155 384 2212 videbo
410 2154 679 2211 mirabilia
708 2156 764 2210 in
792 2156 910 2227 lege
936 2165 1047 2212 tua.
1086 2159 1244 2214 Viam
1275 2162 1546 2216 mendacii
1575 2162 1731 2219 aufer
1753 2180 1785 2219 a

183 2261 295 2311 me,
325 2253 382 2302 et
410 2244 584 2314 legem
612 2253 761 2300 tuam
786 2246 926 2301 dona
966 2247 1119 2302 mihi.
1148 2248 1351 2304 lnclina
1379 2266 1475 2305 cor
1512 2266 1694 2308 meum
1716 2255 1785 2309 ad

183 2337 502 2394 testimonia
533 2347 621 2392 tua
648 2346 706 2393 et
731 2354 840 2394 non
871 2340 939 2395 ad
973 2340 1285 2396 avaritiam.
1315 2342 1385 2398 Et
1404 2345 1626 2399 veniant
1650 2346 1784 2401 mihi

181 2432 578 2488 misericordia:
607 2439 736 2498 tuae,
782 2432 1031 2499 Domine,
1080 2443 1137 2489 et
1182 2434 1329 2490 salus
1353 2443 1447 2491 tua
1487 2437 1643 2508 juxta
1672 2438 1785 2493 elo-

180 2524 377 2596 quium
422 2531 593 2579 tuum.
625 2523 753 2580 Haec
798 2532 885 2580 est
927 2524 1225 2581 consolatio
1251 2542 1373 2583 mea
1401 2528 1458 2582 in
1486 2527 1781 2587 alllictione

180 2632 332 2683 mea,
378 2617 505 2687 quia
530 2616 807 2687 eloquium
837 2624 991 2673 tuum
1016 2618 1313 2675 vivificavit
1337 2636 1446 2678 me.
1480 2622 1785 2679 Misericor-

181 2708 273 2764 dia
310 2717 402 2762 tua
429 2708 696 2779 completa
729 2717 813 2764 est
854 2717 1022 2777 terra,
1054 2718 1324 2782 pmcepta
1367 2720 1456 2768 tua
1498 2713 1634 2771 doce
1672 2728 1780 2770 me.

180 2797 499 2869 Antequam
530 2799 774 2855 audirem
800 2815 900 2871 ego
927 2800 1192 2873 ignoravi.
1234 2803 1418 2861 Bonus
1445 2812 1503 2861 tu
1538 2813 1594 2862 et
1620 2807 1782 2862 bene-

180 2887 350 2953 licus,
379 2889 516 2945 doce
557 2905 646 2945 me
670 2900 942 2963 przecepta
972 2900 1084 2948 tua.
1120 2892 1222 2962 Sit,
1270 2895 1523 2963 obsecro,
1568 2897 1785 2953 miseri-

180 2979 377 3037 cordia
423 2989 517 3036 tua
569 2981 624 3038 in
666 2984 1040 3042 consolatione
1093 3001 1238 3055 mea,
1280 2990 1424 3046 sicut
1464 2990 1679 3049 locutus
1720 3008 1783 3051 es

179 3090 351 3131 servo
391 3085 506 3132 tuo.
560 3076 870 3136 Secundum
898 3080 1328 3139 misericordiam
1373 3092 1522 3141 tuam
1562 3086 1778 3145 vivifica

1885 496 2091 568 vigilat,
2123 499 2217 568 qui
2246 500 2486 556 custodit
2514 516 2654 557 eam.

1954 603 2135 644 cxxvl.
2187 590 2387 647 Beatus
2436 592 2645 660 omnis,
2696 592 2788 664 qui
2836 594 2993 651 timet
3028 596 3337 669 Dominum,
3383 604 3481 674 qui

1885 681 2126 736 ambulat
2154 682 2209 737 in
2236 683 2340 739 viis
2367 681 2506 752 ejus.

1954 786 2157 829 cxxvn.
2197 772 2515 830 Benedictio
2544 776 2758 834 Domini
2783 779 2857 834 sit
2884 795 3050 853 super
3077 797 3199 839 nos.

1956 878 2180 920 cxxvm.
2222 866 2469 933 Domine,
2510 868 2706 924 exaudi
2737 886 2927 928 vocem
2965 889 3164 930 meam.
3202 876 3365 934 Fiant
3382 894 3480 936 au-

1884 968 1974 1010 res
2004 962 2108 1010 tuxe
2140 956 2486 1013 intendentes
2510 959 2580 1014 ad
2610 974 2798 1016 vocem
2826 962 3224 1033 deprecationis
3252 984 3406 1027 mea.

1955 1060 2139 1100 cxxtx.
2179 1047 2427 1114 Domine,
2483 1064 2592 1104 non
2637 1036 2747 1106 est.
2774 1052 3074 1109 exaltatum
3119 1071 3215 1113 cor
3262 1074 3476 1129 meum,

1885 1149 2065 1205 neque
2092 1136 2221 1193 elati
2251 1147 2380 1194 sunt
2414 1139 2557 1196 oculi
2582 1141 2711 1197 mei.

1958 1242 2123 1282 cxxx.
2164 1227 2292 1284 Haec
2316 1238 2402 1285 est
2431 1232 2649 1301 requies
2680 1247 2799 1313 mea
2834 1234 2890 1288 in
2928 1238 3338 1307 sempiternum.

1953 1334 2138 1374 cxxxi.
2180 1319 2446 1389 Quoniam
2500 1322 2575 1377 ibi
2624 1324 2904 1379 mandavit
2942 1327 3229 1400 Dominus‘
3259 1330 3480 1388 benedi-

1886 1407 2146 1476 ctionem,
2177 1420 2235 1466 et
2261 1412 2428 1467 vitam
2460 1428 2632 1484 usque
2657 1415 2714 1470 in
2738 1424 3025 1473 :eternum.

1960 1499 2116 1570 102
2153 1515 2358 1556 cxxxn.
2400 1502 2502 1569 Qui
2527 1505 2685 1560 statis
2715 1506 2772 1561 in
2809 1507 2968 1563 domo
2997 1509 3234 1565 Domini.

1954 1602 2182 1645 cxxxiii.
2225 1590 2470 1648 Laudate
2509 1594 2819 1664 Dominum,
2848 1599 3108 1667 quoniam
3159 1599 3341 1658 bonus
3373 1612 3478 1660 est.

1958 1696 2177 1736 cxxxiv.
2220 1681 2569 1741 Conﬁtemini
2604 1688 2719 1744 Deo
2741 1688 2887 1756 cmli,
2916 1692 3176 1761 quoniam
3218 1695 3276 1750 in
3320 1703 3481 1753 teter.

1812 1775 1862 1836 Β
1886 1787 2018 1827 num
2043 1774 2421 1832 misericordia
2443 1776 2582 1846 ejus.

1957 1881 2155 1920 cxxxv.
2195 1865 2396 1924 Beatus
2423 1870 2609 1937 homo,
2643 1869 2736 1940 qui
2764 1878 2911 1926 amat
2935 1872 3244 1930 Dominum.

1955 1973 2177 2014 cxxxvr.
2218 1959 2532 2017 Confitebor
2590 1963 2718 2030 tibi,
2754 1964 3002 2033 Domine,
3048 1967 3106 2022 in
3151 1976 3266 2025 toto
3314 1974 3482 2030 corde

1885 2062 2027 2103 meo.
2060 2051 2307 2119 Domine,
2340 2053 2713 2109 misericordia
2755 2064 2847 2111 tua
2887 2058 2944 2113 in
2984 2067 3282 2131 aeternum,
3313 2078 3480 2135 opera

1884 2154 2149 2195 manuum
2179 2150 2393 2198 tuarum
2424 2158 2495 2200 ne
2540 2146 2803 2202 dimittas.

1955 2245 2195 2286 cxxxvn.
2236 2232 2295 2288 Si
2323 2235 2623 2291 ascendero
2659 2237 2717 2292 in
2744 2238 2966 2307 coelum,
2998 2241 3071 2297 lii
3095 2256 3155 2298 es
3186 2251 3242 2299 tu
3281 2266 3294 2299 :
3324 2246 3371 2302 si
3392 2245 3480 2318 ja-

1885 2332 2050 2373 cuero
2082 2320 2136 2372 in
2165 2320 2462 2390 infernum,
2501 2324 2575 2380 ibi
2612 2327 2764 2381 ades.

1954 2422 2216 2465 cxxxvm.
2257 2412 2403 2469 Erue
2450 2429 2558 2482 me,
2596 2416 2856 2487 Domine,
2900 2420 2970 2477 ab
3007 2421 3229 2480 homine
3272 2426 3419 2485 malo
3460 2447 3478 2486 :

1885 2512 1916 2553 a
1946 2500 2078 2556 viris
2108 2502 2308 2573 iniquis
2338 2505 2488 2560 salva
2514 2522 2619 2563 me.

1926 2574 2175 2651 'cxxxlx.
2217 2598 2427 2655 Exaudi
2486 2616 2673 2657 vocem
2722 2619 2902 2661 meam
2947 2605 3236 2667 clamanu's
3286 2611 3355 2668 ad
3401 2621 3477 2671 te.

1885 2684 2162 2757 Dirigatur
2189 2690 2365 2745 oratio
2394 2705 2535 2759 mea,
2570 2695 2716 2751 sicut
2758 2697 3042 2754 incensum
3076 2700 3132 2755 in
3174 2713 3476 2776 conspectu

1888 2786 2001 2834 tuo.

1955 2885 2076 2927 ch.
2114 2872 2284 2942 Pone,
2335 2875 2583 2945 Domine,
2636 2882 2940 2939 custodiam
2965 2886 3049 2942 ori
3094 2904 3216 2945 meo
3254 2907 3268 2945 :
3316 2905 3479 2948 serva

1884 2972 2263 3034 paupertatem
2319 2966 2586 3026 labiorum
2630 2988 2898 3029 meorum.
2953 2978 3105 3035 Edue
3151 2982 3218 3037 de
3259 2998 3484 3043 carcere

1885 3053 2124 3109 animam
2166 3072 2366 3125 meam,
2403 3068 2462 3115 ut
2490 3062 2755 3119 confitear
2782 3069 2990 3124 nomini
3029 3078 3139 3129 tuo.

181 3182 297 3234 me,
332 3176 389 3223 et
434 3170 735 3225 custodiam
780 3172 1150 3228 testimonium
1194 3174 1307 3230 oris
1336 3176 1436 3231 tui.
1474 3176 1588 3234 Nisi
1634 3140 1856 3250 quodc
1955 3154 2387 3250 C‘fuznmine»
2444 3162 2641 3217 “audi
2693 3166 2994 3222 “mione”
3038 3184 3236 3239 meam:
3288 3175 3483 3234 ⁸³³υῶ

181 3258 271 3316 lex
305 3267 401 3314 tua
428 3262 708 3317 meditatio
747 3278 869 3318 mea
911 3272 1018 3331 est,
1054 3264 1195 3321 forte
1236 3267 1525 3338 periissem
1552 3269 1609 3325 in
1634 3286 1786 3341 pres-

180 3363 317 3405 sura
336 3365 478 3406 mea.
520 3351 692 3420 Quam
710 3353 863 3409 dulce
889 3356 1094 3425 gutturi
1132 3372 1253 3412 meo
1281 3358 1554 3428 eloquium
1594 3368 1779 3428 tuum;

180 3456 354 3511 super
382 3442 491 3498 mel
517 3445 599 3499 ori
625 3460 766 3501 meo.
799 3447 1116 3503 Voluntaria
1138 3450 1249 3505 oris
1276 3451 1383 3506 mei
1408 3452 1786 3523 complaceant

182 3534 307 3600 tibi,
354 3536 614 3605 Domine,
662 3548 718 3594 et
756 3540 1059 3595 secundum
1099 3541 1305 3613 judicia
1357 3552 1450 3599 tua
1498 3544 1635 3602 doce
1672 3561 1778 3603 me.

183 3626 470 3683 Conﬁrma
519 3646 605 3688 me
633 3634 931 3688 secundum
979 3636 1206 3691 verbum
1242 3643 1418 3705 tuum,
1462 3646 1518 3693 et
1559 3640 1779 3695 vivam:

182 3717 457 3774 auxiliare
506 3722 661 3788 mihi,
697 3731 752 3778 et
782 3724 967 3780 salvus
1015 3740 1131 3781 ero.
1185 3725 1296 3781 Fac
1324 3743 1448 3783 cum
1492 3744 1651 3785 servo
1691 3739 1785 3786 tuo

175 3807 343 3877 juxta
364 3811 798 3871 misericordiam
831 3824 999 3882 tuam,
1028 3824 1084 3872 et
1102 3827 1374 3890 praecepta
1398 3828 1488 3875 tua
1516 3821 1651 3878 doce
1672 3837 1780 3878 me.

182 3900 423 3973 Respice
451 3906 521 3961 ad
551 3922 658 3973 me,
688 3916 745 3964 et
770 3910 1032 3966 miserere
1060 3911 1187 3977 mei,
1215 3920 1270 3967 et
1290 3913 1429 3969 doce
1455 3929 1543 3970 me
1582 3930 1786 3987 praece-

183 4003 279 4064 pta
324 4002 436 4049 tua.
494 3994 681 4054 Justus
730 4015 813 4067 es,
873 4002 1120 4070 Domine,
1157 4012 1214 4059 et
1261 4015 1470 4063 rectum
1515 4007 1784 4078 judicium

186 4098 365 4144 tuum.
387 4089 588 4147 Vocem
620 4108 798 4149 meam
814 4096 938 4151 audi
963 4097 1118 4168 juxta
1152 4100 1582 4158 misericordiam
1614 4112 1781 4173 tuam,

186 4179 423 4237 Domine
454 4202 467 4237 :
500 4186 800 4242 secundum
820 4186 1089 4258 judicium
1109 4201 1259 4247 tuum
1281 4194 1493 4250 vivifiea
1519 4210 1625 4252 me.
1652 4198 1787 4253 Vide

184 4268 538 4329 aﬂlictionem
579 4292 777 4344 meam,
816 4286 872 4333 et
916 4281 1066 4351 eripe
1112 4298 1200 4337 me
1226 4301 1237 4336 :
1265 4283 1421 4353 juxta
1474 4286 1786 4342 misericor.

184 4360 337 4417 diam
376 4371 527 4419 tuam
559 4366 772 4423 viviﬁca
812 4384 918 4424 me.
950 4370 1064 4426 Pax
1099 4372 1267 4427 multa
1307 4373 1657 4446 diligentibus
1702 4378 1783 4434 le-

183 4466 314 4526 gem
340 4462 514 4523 tuam,
555 4464 612 4512 et
653 4474 763 4516 non
790 4468 877 4517 est
920 4461 1028 4518 illis
1069 4464 1410 4521 scandalum.
1442 4466 1817 4540 lngrediaturr

183 4544 309 4603 laus
364 4560 485 4602 mea
542 4563 726 4604 coram
751 4558 825 4618 te,
882 4553 1139 4621 Domine,
1194 4556 1496 4611 secundum
1558 4558 1783 4615 verbum

185 4646 366 4694 tuum.
397 4639 593 4695 Veniat
618 4640 928 4713 deprecatio
958 4658 1080 4699 mea
1100 4652 1229 4701 ante
1255 4644 1462 4702 vultum
1488 4655 1640 4705 tuum
1667 4669 1679 4705 :
1703 4665 1789 4707 se-

183 4732 430 4788 cundum
457 4732 730 4803 eloquium
766 4743 923 4792 tuum
951 4738 1121 4795 libera
1154 4753 1263 4795 me.

261 4841 450 4881 cxvm.
510 4828 768 4897 Domine,
818 4829 989 4887 libera
1040 4833 1278 4890 animam
1318 4849 1498 4892 meam
1552 4851 1583 4893 a
1643 4836 1787 4894 labio

182 4922 484 4989 mendacii,
514 4938 546 4978 a
571 4924 755 4996 lingua
785 4923 991 4982 dolosa.

259 5030 409 5070 cxtx.
452 5014 670 5075 Levabo
690 5018 877 5076 oculos
917 5034 1069 5079 meos
1096 5020 1154 5078 in
1180 5029 1415 5092 montes,
1437 5012 1584 5082 unde
1605 5025 1791 5085 veniat

182 5108 459 5167 auxilium
485 5110 638 5168 mihi.

258 5219 391 5260 cxx.
435 5204 521 5261 Sit
546 5207 686 5264 bene
712 5208 819 5276 his,
852 5208 947 5281 qui
970 5208 1203 5282 diligunt
1231 5217 1306 5265 te.

261 5313 415 5355 cxxr.
459 5299 718 5358 Miserere
755 5303 951 5369 nostri,
1000 5302 1259 5369 Domine,
1296 5302 1559 5359 miserere
1589 5302 1786 5362 nostri.

260 5409 436 5452 cxxn.
477 5396 753 5453 Auxilium
782 5407 1029 5455 nostrum
1079 5398 1136 5454 in
1164 5398 1384 5456 nomine
1422 5398 1668 5470 Domini,
1698 5399 1793 5471 qui

177 5488 329 5546 fecit
358 5490 560 5546 calum
586 5499 644 5548 et
677 5501 898 5550 terram.

260 5598 457 5639 cxxm.
495 5584 747 5653 Benefac,
780 5587 1024 5655 Domine,
1053 5588 1211 5646 bonis
1236 5598 1292 5647 et
1311 5589 1475 5646 rectis
1500 5589 1686 5646 corde.

260 5690 455 5732 cxxrv.
492 5677 779 5747 Converte,
810 5682 1059 5751 Domine,
1092 5684 1468 5758 captivitatem
1514 5688 1793 5753 nostram,

176 5769 345 5840 Dicat
372 5768 557 5831 rivum
581 5771 639 5831 in
662 5780 869 5832 austro.

1886 3258 1975 3300 me
2005 3245 2062 3299 in
2099 3246 2311 3317 justitia
2364 3257 2473 3305 tua.
2509 3251 2579 3307 Et
2630 3269 2739 3310 non
2786 3259 2975 3314 venias
3021 3262 3089 3317 ad
3129 3263 3486 3335 judicandum

1886 3350 2011 3391 cum
2035 3352 2197 3395 servo
2222 3348 2335 3409 tuo,
2369 3343 2498 3414 quia
2542 3361 2652 3401 non
2673 3346 3061 3417 justiﬁeabitur
3096 3356 3152 3411 in
3184 3369 3484 3431 conspectu

1887 3439 1979 3487 tuo
2039 3436 2218 3491 omnis
2258 3437 2477 3494 vivens.
2540 3438 2652 3498 Fac
2697 3458 2784 3498 me
2831 3447 3020 3503 audire
3059 3466 3219 3506 mane
3276 3455 3488 3512 miseri-

1885 3528 2130 3584 cordiam
2175 3540 2346 3600 tuam,
2383 3536 2641 3605 quoniam
2688 3539 2742 3593 in
2787 3548 2842 3596 te
2877 3543 3110 3600 conﬁdo.
3161 3545 3356 3603 Notam
3399 3550 3486 3607 fac

1884 3616 2019 3672 mihi
2054 3619 2219 3686 viam,
2271 3622 2326 3677 in
2375 3640 2479 3694 qua
2510 3628 2750 3695 ambulo,
2801 3634 3059 3701 quoniam
3100 3637 3169 3692 ad
3200 3645 3253 3692 te
3294 3638 3485 3699 levabo

1886 3710 2126 3766 animam
2182 3729 2382 3771 meam.
2415 3717 2610 3775 Libera
2650 3738 2736 3779 me
2762 3724 2829 3780 de
2879 3728 3120 3785 inimicis
3171 3733 3338 3800 meis,
3384 3735 3488 3792 Do-

1885 3801 2054 3868 mine,
2099 3819 2131 3858 a
2163 3812 2217 3860 te
2254 3816 2554 3877 protectus.
2601 3813 2745 3871 Doce
2791 3833 2899 3883 me,
2956 3828 3017 3874 ut
3062 3821 3261 3879 faciam
3300 3826 3489 3883 volun-

1887 3899 2057 3947 tatem
2086 3901 2261 3964 tuam,
2290 3900 2417 3969 quia
2443 3903 2671 3981 tu.Deus
2694 3922 2866 3963 meus.
2893 3907 3127 3979 Spiritus
3155 3920 3280 3971 tuus
3306 3916 3486 3974 bonus

1886 3981 2120 4041 deducet
2158 4002 2247 4043 me
2292 3988 2349 4044 in
2394 3998 2541 4047 terra
2583 4004 2752 4063 recta,
2795 4007 3019 4068 propter
3048 4017 3249 4058 nomen
3300 4013 3483 4073 tuum,

1887 4074 2147 4144 Domine,
2188 4079 2490 4138 viviﬁcabis
2532 4100 2619 4140 me
2658 4086 2713 4142 in
2759 4086 2975 4157 justitia
3019 4099 3130 4148 tua.
3176 4096 3291 4168 Ego
3339 4100 3485 4156 enim

1888 4181 2007 4221 sum
2037 4183 2231 4226 SCI'VIIS
2263 4181 2409 4230 tuus.

1958 4279 2121 4317 exul.
2164 4264 2492 4324 Benedictus
2537 4272 2800 4331 Dominus
2846 4275 3004 4333 fortis
3057 4295 3244 4349 meus,
3275 4283 3487 4341 miseri-

1890 4354 2074 4408 cordia
2124 4372 2263 4423 mea,
2296 4367 2351 4413 et
2392 4359 2652 4419 fortitudo
2701 4380 2861 4423 mea:
2895 4371 3186 4429 auxiliator
3210 4390 3386 4445 meus,
3429 4386 3486 4435 et

1890 4447 2131 4503 salvator
2156 4465 2329 4507 meus.

1958 4555 2139 4596 CXLIII.
2176 4541 2234 4597 ln
2265 4546 2412 4601 omni
2441 4546 2527 4602 die
2548 4548 2868 4609 benedicam
2898 4555 3016 4625 tibi,
3044 4564 3100 4613 et
3124 4557 3358 4619 laudabo
3379 4577 3486 4622 no-

1885 4642 2013 4686 men
2043 4637 2195 4686 tuum
2228 4633 2283 4687 in
2311 4636 2702 4708 sempiternum
2730 4639 2951 4713 jugiter.

1958 4740 2137 4781 cxuv.
2178 4727 2416 4785 Laudem
2455 4730 2670 4788 Domini
2709 4733 2960 4805 loquetur
2998 4752 3062 4795 os
3086 4754 3289 4811 meum,
3314 4752 3371 4803 et
3394 4747 3487 4806 be-

1890 4816 2111 4873 nedicat
2140 4820 2317 4875 omnis
2346 4836 2477 4879 caro
2527 4824 2736 4882 nomini
2782 4837 2975 4887 sancto
3020 4830 3138 4902 ejus
3177 4857 3193 4894 ;
3244 4838 3300 4894 in
3329 4848 3489 4899 atter-

1890 4923 2023 4964 num
2051 4919 2107 4965 et
2138 4910 2363 4988 jugiter.

1960 5019 2113 5060 chv.
2156 5005 2361 5074 Lauda,
2394 5007 2575 5065 anima
2604 5024 2747 5079 mea,
2766 5012 3079 5088 Dominum,
3104 5017 3339 5078 laudabo
3380 5021 3487 5079 Do-

1890 5095 2099 5152 uinum
2146 5099 2201 5154 in
2232 5101 2343 5157 vita
2393 5117 2553 5159 mea:
2605 5108 2836 5165 cantabo
2887 5108 2999 5168 Deo
3053 5128 3197 5183 meo,
3248 5115 3486 5187 quandiu

1891 5201 2030 5244 sum.

1962 5298 2140 5339 exnvr.
2182 5283 2425 5344 Laudate
2454 5288 2773 5361 Dominum‘,
2826 5296 3083 5366 quoniam
3125 5298 3303 5354 bonus
3347 5303 3484 5355 est:

1900 5376 2145 5450 placetur
2168 5380 2397 5438 Domino
2441 5383 2495 5439 in
2526 5385 2631 5453 his,
2681 5387 2775 5457 qui
2803 5388 3000 5446 timent
3026 5405 3171 5459 eum,
3201 5397 3257 5448 et
3296 5404 3491 5462 exspe-

1902 5476 2054 5525 ctant
2077 5471 2508 5530 misericordiam
2532 5476 2669 5549 ejus.

1972 5601 2172 5641 chvn.
2210 5586 2386 5643 Flabit
2417 5572 2611 5659 spiritu
2640 5606 2758 5658 suo,
2786 5600 2842 5646 et
2868 5592 3037 5648 ﬂuent
3063 5610 3217 5666 aquae

1970 5693 2189 5734 chvm.
2230 5679 2474 5737 Laudate
2512 5682 2800 5737 Dominum
2822 5684 2891 5740 de
2918 5683 3091 5752 caelis,
3123 5685 3340 5744 laudate
3360 5702 3490 5750 eum

1903 5772 1960 5830 in
1982 5772 2235 5837 excelsis.
2266 5773 2508 5832 Laudate
2546 5789 2696 5847 eum,
2735 5789 2926 5835 omnes
2964 5778 3139 5862 angeli
3166 5780 3489 5871 ejus.__Bau-
