4038 6336
523 294 635 364 m

1333 291 1394 347 B.
1467 288 1531 345 F.
1571 282 1799 343 ALBINI
1832 282 1969 341 δεῖ]
2000 277 2280 338 Αιαυιιει
2316 276 2605 335 OPERUM
2640 276 2821 335 PARS
2856 277 2947 336 IV.

525 423 653 481 date
673 428 801 477 eum
818 418 1015 474 omnes
1038 407 1309 467 exercitus
1335 388 1485 473 ejus.
1514 400 1755 456 Laudato
1778 410 1926 462 eum,
1953 396 2114 451 solet
2137 399 2190 457 Α
2213 391 2314 455 Da,
2338 389 2502 449 Pater
2522 390 2831 456 altitonans,
2859 388 3129 446 undosum
3155 388 3373 446 ﬂetibus
3394 391 3659 461 ίὶιιὶιιιως

527 515 657 572 luna
674 531 687 568 :
702 510 919 566 laudate
932 519 1075 569 eum,
1099 499 1268 556 stellae
1290 493 1527 550 luminis.
1555 489 1798 545 Laudato
1816 502 1962 553 eum,
1989 489 2113 545 coeli

527 604 809 668 emlomm,
840 604 899 654 et
938 606 1111 666 aquai,
1138 596 1262 660 quae
1288 596 1454 657 super
1474 583 1646 640 caelos
1694 586 1842 645 sunt,
1894 578 2115 633 laudent

531 713 731 756 nomen
768 688 1002 747 Domini.
1046 682 1313 752 Quoniam
1352 680 1469 748 ipse
1507 672 1805 737 mandavit,
1836 679 1892 725 et
1929 677 2116 725 creata

529 796 675 848 sunt.
706 782 948 840 Laudato
977 775 1286 838 Dominum,
1314 782 1474 841 reges
1503 778 1684 832 term,
1707 772 1766 820 et
1791 777 1984 819 omnes
2021 776 2116 833 po-

527 880 639 953 puli
666 895 681 934 :
713 874 1007 949 principes,
1043 876 1102 924 et
1127 863 1367 921 universi
1408 862 1624 953 judices
1668 867 1850 914 terrae.
1879 855 2115 953 Juvepes

526 947 580 1027 et
609 947 875 1041 virgines,
906 973 1065 1019 senes
1106 972 1229 1015 eum
1271 956 1460 1027 pueris
1498 951 1719 1007 laudent
1769 947 2114 1041 nomenDe-

430 1078 435 1087 ί
527 1058 680 1115 mini.
703 1039 979 1123 Quoniam
1026 1048 1259 1106 sublime
1306 1058 1503 1101 nomen
1547 1042 1668 1113 ejus
1703 1040 1895 1105 solius,
1943 1039 2115 1110 gloria

524 1153 644 1223 ejus
666 1151 722 1205 in
738 1120 956 1204 cmlo'et
982 1144 1038 1199 in
1069 1152 1233 1197 terra.
1262 1132 1535 1194 Exaltavit
1561 1148 1733 1190 cornu
1759 1132 1963 1204 populi,
1996 1132 2117 1189 laus

526 1243 780 1300 omnibus
817 1236 1023 1294 sanctis
1047 1235 1183 1305 ejus.
1705 1278 1724 1295 Ι

595 1349 774 1394 cht-x.
803 1330 1032 1387 Cantate
1057 1324 1287 1381 Domino
1312 1323 1583 1380 canticum
1602 1332 1829 1387 novum,
1857 1319 1973 1373 laus
1992 1316 2114 1386 ejus

526 1429 582 1485 in
618 1422 1033 1496 congregatione
1062 1424 1395 1475 sanctorum.
1420 1414 1692 1471 Exaltabit
1715 1422 2027 1468 mansuetos
2056 1410 2113 1465 in

524 1521 672 1579 Iesu.
704 1514 1068 1575 Exsultabunt
1096 1512 1270 1571 sancti
1299 1512 1355 1567 in
1386 1512 1577 1583 gloria,
1604 1508 1903 1566 laudabunt
1927 1508 1984 1563 in
2019 1520 2112 1563 cu-

526 1612 725 1673 bilibus
752 1610 886 1668 suis.
917 1606 1321 1663 Exsultationes
1348 1604 1443 1661 Dei
1472 1603 1529 1659 in
1560 1610 1778 1676 gutture
1804 1612 2011 1658 eorum.

598 1720 681 1763 CL.
719 1698 1059 1772 Omnequod
1082 1701 1255 1773 spirat
1275 1698 1462 1755 laudet
1486 1696 1796 1755 Dominum.

853 1832 1075 1875 manus
1119 1832 1189 1872 ur
1225 1831 1421 1882 sum,
1462 1830 1532 1870 nr
1569 1812 1799 1870 pasces.

602 1935 745 1993 Vivit
773 1933 955 1990 anima
983 1946 1127 1999 mea,
1157 1936 1211 1987 et
1236 1930 1484 1986 laudabit
1509 1937 1581 1985 te.
1614 1927 1829 1995 Judica,
1860 1926 2111 1992 Domine,

525 2034 785 2087 nocentes
810 2040 915 2081 me.
963 2023 1260 2094 Repleatur
1294 2037 1357 2078 os
1392 2037 1576 2078 meum
1620 2021 1800 2077 laude.
1853 2020 2106 2085 Domine,

524 2127 723 2177 averte.
757 2117 951 2173 faciem
984 2125 1130 2171 tuam
1159 2117 1207 2181 fa
1236 2114 1478 2185 peccatis
1506 2113 1661 2167 meis.
1706 2110 1811 2168 Cor
1852 2111 2111 2165 mundum

524 2227 652 2269 crea
676 2211 731 2266 in
757 2223 864 2275 me,
895 2209 1056 2263 Deus.
1078 2205 1264 2262 Redde
1292 2205 1428 2260 mihi
1451 2203 1695 2259 laetitiam
1723 2201 1979 2258 salutaris
2010 2199 2105 2254 tui.

524 2301 769 2366 Domine,
800 2315 869 2355 ne
894 2298 1053 2353 simul
1085 2297 1269 2352 tradas
1298 2312 1388 2352 me
1415 2311 1538 2351 cum
1566 2293 1965 2367 peccatoribus.
2007 2295 2112 2348 Do-

526 2398 693 2464 mine,
742 2409 852 2451 non
894 2393 1194 2449 secundum
1238 2397 1463 2462 peccata
1505 2397 1693 2444 nostra
1724 2387 1891 2443 facies
1930 2386 2106 2442 nobis.

522 2488 767 2553 Domine,
796 2500 864 2541 ne
892 2484 1207 2539 memineris
1234 2483 1584 2553 iniquitatum
1624 2488 1956 2537 nostrarum.
1999 2478 2109 2533 Ad-

515 2581 645 2652 juva
679 2595 801 2645 nos,
849 2578 992 2633 Deus
1041 2575 1299 2631 salutaris
1346 2582 1549 2630 noster.
1599 2573 1731 2629 Esto
1777 2573 1958 2638 nobis,
2004 2572 2110 2627 Do-

521 2671 689 2737 mine,
722 2668 890 2724 turris
914 2667 1271 2723 fortitudinis.
1314 2665 1545 2737 Adjutor
1571 2672 1627 2719 et
1654 2664 1916 2720 liberator
1955 2678 2108 2719 meus

516 2771 658 2829 esto,
688 2762 933 2817 Domine.
968 2760 1293 2815 Benedictus
1320 2759 1582 2814 Dominus
1608 2757 1696 2812 die
1724 2754 1987 2826 quotidie.
2028 2753 2109 2809 Ne

517 2858 691 2917 intres
717 2859 773 2913 in
808 2855 1014 2926 judicio
1043 2869 1168 2911 cum
1196 2868 1354 2909 servo
1396 2860 1508 2907 tuo.
1556 2850 1764 2906 Delicta
1806 2848 2105 2916 iuventutis

517 2968 672 3013 mea.
699 2951 862 3022 Eripe
886 2967 996 3017 me,
1024 2948 1277 3013 Domine,
1303 2946 1372 3001 ab
1398 2945 1617 3001 homine
1646 2943 1809 2999 malo.
1835 2942 1997 3013 Eripe
2018 2957 2109 2999 me

519 3046 586 3101 de
613 3043 848 3099 inimicis
873 3042 1027 3107 meis,
1059 3041 1203 3095 Deus
1233 3052 1404 3093 meus.
1436 3037 1599 3106 Eripe
1622 3051 1710 3091 me
1733 3035 1800 3090 de
1830 3035 2106 3106 operanti-

2212 484 2329 552 Quo
2357 484 2567 538 valeam
2597 483 2856 555 lacrymis
2881 483 3165 554 culparum
3196 486 3407 542 solvere
3433 488 3627 545 moles.

2211 576 2288 631 Da
2312 590 2509 645 precor
2532 575 2817 643 auxilium,
2840 576 3043 647 possim
3071 586 3179 646 quo
3203 578 3422 634 vincere
3446 581 3736 651 mundum,

2210 669 2280 726 Et
2302 671 2427 726 vitae
2458 670 2691 725 stadium
2715 669 2931 740 placido
2957 684 3278 739 percurrere
3311 686 3496 742 passu.

2212 769 2455 840 Cumque
2475 784 2727 839 suprema
2756 768 2873 825 dies
2898 769 3092 824 mortis
3116 769 3439 839 patefecerit
3474 784 3696 837 urnam,

2210 861 2457 920 Concede
2476 862 2713 929 veniam,
2737 862 2829 918 eui
2850 861 2991 918 tollit
3018 862 3175 935 culpa
3200 876 3480 920 coronam.

2809 969 3199 1039 SABBATO.

2253 1097 2307 1141 SI
2352 1090 2650 1141 CUI'VITA
2690 1088 2981 1138 PRESENS
3018 1094 3312 1138 FASTIDIO
3371 1096 3489 1152 SIT,
3544 1096 3607 1139 EI
3652 1096 3770 1141 SU-

2514 1174 2725 1219 PERNA
2768 1172 3218 1220 CONTEMPLARI
3259 1172 3483 1220 JUVAT.

2509 1276 2765 1336 ORATIO
2801 1274 3047 1335 SANCTI
3086 1274 3487 1335 AUGUSTINI.

2286 1381 2307 1409 ο
2333 1369 2475 1426 Deus
2490 1366 2860 1427 universitatis
2875 1370 3145 1437 conditor,
3170 1380 3367 1443 praesta
3383 1372 3515 1428 mihi
3536 1373 3808 1444 primum,

2211 1468 2273 1517 ut
2294 1470 2349 1518 te
2368 1463 2503 1518 bene
2524 1476 2710 1534 rogem
2735 1482 2747 1519 :
2767 1462 2979 1531 deinde,
3008 1472 3068 1519 ut
3091 1480 3175 1521 me
3199 1480 3352 1536 agam
3377 1464 3619 1536 dignum,
3643 1474 3811 1536 quem

2209 1554 2439 1621 liberes;
2468 1563 2760 1626 postremo,
2789 1564 2849 1610 ut
2876 1555 3095 1613 liberes.
3126 1556 3288 1621 Deus,
3313 1572 3412 1627 per
3436 1573 3596 1627 quem
3624 1559 3811 1614 omnia

2212 1662 2332 1717 qua:
2376 1662 2475 1717 per
2521 1662 2579 1702 se
2606 1662 2713 1702 non
2745 1657 2945 1715 essent,
2978 1649 3204 1704 tendunt
3243 1664 3382 1704 esse.
3415 1650 3574 1714 Deus,
3617 1650 3714 1719 qui
3742 1665 3814 1705 nc

2138 1760 2192 1824 Β
2214 1739 2268 1794 id
2296 1737 2531 1810 quidem,
2555 1738 2699 1811 quod
2726 1754 2784 1797 se
2810 1740 3041 1797 invicem
3075 1740 3277 1813 perdit,
3298 1741 3479 1812 perire
3509 1742 3811 1811 permittis.

2214 1829 2377 1898 Deus,
2410 1832 2501 1901 qui
2532 1832 2598 1887 de
2628 1832 2797 1888 nihilo
2823 1834 3085 1889 mundum
3115 1834 3279 1889 istum
3310 1835 3527 1898 creasti,
3558 1835 3812 1889 omnium

2214 1938 2374 1993 quem
2396 1925 2633 1980 sentiunt
2656 1924 2798 1981 oculi
2818 1927 3261 1997 pulcherrimum.
3288 1926 3454 1994 Deus,
3478 1929 3572 1997 qui
3602 1928 3812 1983 malum

2212 2030 2320 2069 non
2347 2013 2503 2082 facis,
2536 2027 2589 2071 et
2616 2014 2750 2074 facis
2790 2034 2929 2084 esse,
2957 2034 3027 2073 ne
3052 2019 3345 2091 pessimum
3374 2019 3490 2075 ﬁat.
3520 2020 3687 2086 Deus,
3715 2022 3812 2091 qui

2210 2109 2398 2179 paucis
2434 2104 2502 2165 ad
2530 2108 2602 2176 id,
2630 2112 2774 2181 quod
2802 2127 2932 2169 vere
2976 2120 3077 2179 est,
3122 2112 3530 2185 refugientibus,
3563 2116 3812 2171 ostendis

2210 2198 2413 2255 malum
2438 2198 2571 2255 nihil
2592 2216 2732 2257 esse.
2759 2200 2919 2267 Deus,
2946 2218 3044 2274 per
3071 2219 3233 2274 quem
3262 2204 3611 2271 universitas,
3639 2205 3811 2262 etiam

2211 2306 2334 2348 cum
2372 2291 2592 2347 sinistra
2636 2292 3077 2365 parte,,perfecta
3102 2303 3204 2350 est.
3247 2295 3412 2362 Deus,
3444 2313 3475 2351 a
3502 2312 3609 2367 quo
3636 2294 3811 2353 disso-

2209 2383 2393 2438 nantia
2420 2399 2591 2454 usque
2634 2380 2686 2439 in
2714 2392 3018 2440 extremum
3053 2384 3196 2440 nulla
3224 2394 3325 2452 est,
3367 2401 3488 2441 cum
3534 2387 3811 2442 deteriora

2210 2472 2524 2530 melioribus
2559 2474 2867 2529 concinant.
2893 2474 3055 2540 Deus,
3089 2489 3250 2544 quem
3280 2483 3428 2528 amat
3455 2490 3637 2540 omne,
3662 2475 3812 2545 quod

2206 2572 2387 2637 potest
2440 2580 2645 2633 amare,
2691 2563 2805 2621 sive
2845 2564 3040 2629 sciens,
3088 2565 3201 2619 sive
3241 2565 3509 2621 nesciens.
3552 2564 3722 2632 Deus,
3753 2567 3810 2622 in

2211 2675 2322 2729 quo
2352 2660 2479 2715 Sunt
2503 2658 2708 2725 omnia,
2733 2654 2889 2729 cujus
2919 2667 3099 2713 tamen
3124 2659 3394 2714 universae
3416 2667 3681 2717 creatura:
3706 2675 3812 2716 nec

2207 2748 2484 2823 turpitudo
2516 2752 2690 2823 turpis
2731 2759 2835 2819 est,
2883 2766 2983 2808 nec
3026 2750 3232 2807 malitia
3282 2764 3458 2817 nocet,
3507 2770 3609 2810 nec
3652 2770 3811 2811 error

2205 2849 2371 2899 errat.
2400 2843 2565 2911 Deus,
2584 2844 2677 2914 qui
2704 2842 2804 2899 nisi
2824 2842 3073 2911 mundos,
3093 2858 3283 2901 verum
3308 2854 3360 2902 te
3389 2847 3531 2903 scire
3557 2846 3812 2913 noluisti,

2204 2935 2347 2991 Deus
2388 2933 2549 2991 Pater
2590 2932 2861 3003 veritatis,
2904 2936 3065 2993 Pater
3112 2936 3412 3009 sapientiae,
3454 2932 3618 2994 Pater
3665 2955 3813 2995 verm

2204 3042 2537 3098 summaeque
2578 3027 2725 3093 vitae,
2766 3024 2930 3084 Pater
2978 3024 3351 3096 beatitudinis,
3402 3026 3566 3088 Pater
3595 3033 3725 3089 boni
3757 3042 3813 3088 et

516 3135 623 3191 bus
642 3134 1003 3204 iniquitatem.
1034 3131 1127 3187 Sic
1152 3129 1420 3201 psalmum
1465 3128 1646 3183 dicam
1671 3126 1878 3183 nomini
1908 3134 2000 3181 tuo
2042 3126 2096 3182 in
2128 3138 2177 3205 ο
2201 3116 2436 3191 pulchri,
2468 3119 2632 3175 Pater
2662 3119 3035 3191 intelligibilis,
3067 3122 3223 3189 lucis,
3254 3122 3418 3179 Pater
3446 3120 3813 3197 evigilationis

518 3225 777 3282 saeculum
817 3223 1017 3278 saeculi.
1045 3222 1252 3276 Exaudi
1300 3235 1421 3285 nos,
1446 3220 1589 3274 Deus
1616 3217 1870 3273 salutaris
1894 3223 2098 3272 noster.

516 3321 679 3384 Deus,
708 3317 765 3370 in
806 3310 1134 3387 adiutorium
1177 3328 1359 3368 meum
1386 3311 1626 3367 intende.
1671 3310 1907 3367 Sanctus
1934 3310 2099 3376 Deus,

516 3417 736 3468 sanctus
761 3407 937 3463 fortis.
964 3406 1257 3461 Benedicat
1283 3420 1383 3459 nos
1411 3405 1554 3460 Deus
1577 3402 1759 3458 Pater.
1785 3401 1829 3459 Ο
1852 3402 2100 3467 Domine,

516 3503 727 3560 salvum
760 3515 850 3557 me
872 3500 978 3555 fac.
1006 3499 1251 3563 Domine,
1285 3497 1494 3553 salvum
1532 3496 1622 3551 fac
1647 3509 1848 3568 regem.
1882 3493 2102 3550 Salvum

515 3595 602 3652 fac
624 3593 881 3666 populum
906 3600 1080 3647 tuum.
1105 3590 1298 3645 Salvos
1321 3590 1408 3645 fac
1436 3604 1625 3645 servos
1656 3596 1796 3643 tuos.
1828 3586 2101 3642 Memento

516 3685 947 3757 congregationis
969 3691 1095 3739 tute.
1127 3681 1358 3748 Exaudi,
1404 3680 1652 3746 Domine,
1680 3694 1868 3735 vocem
1900 3694 2098 3735 meam.

516 3780 773 3836 Miserere
793 3778 920 3844 mei,
956 3778 1122 3843 Deus,
1151 3785 1337 3831 totum.
1362 3774 1613 3841 Domine,
1640 3772 1855 3829 exaudi.

518 3912 675 3984 ιω
709 3908 967 3968 ORATIO
1001 3903 1281 3967 EUGENII
1317 3902 1663 3963 TOLETANI
1701 3898 2013 3962 EPlSCOPI
2048 3914 2097 3961 ι.

514 4024 632 4079 Rex
663 4020 823 4088 Deus,
859 4020 1106 4076 immensi
1136 4036 1243 4091 quo
1278 4026 1489 4076 constat
1516 4019 1766 4074 machina
1793 4016 2001 4084 mundi,

514 4113 669 4183 Quod
694 4114 858 4170 miser
880 4113 1107 4184 imploro
1141 4113 1190 4179 δ,
1222 4120 1281 4167 tu
1301 4110 1537 4179 Christe,
1562 4110 1763 4182 perfice
1788 4111 2047 4167 clemens.

515 4204 600 4263 Sit
623 4206 757 4262 mihi
786 4214 935 4261 recta
970 4204 1121 4272 fides,
1148 4213 1203 4261 et
1223 4204 1374 4260 falsis
1410 4205 1569 4260 obvia
1596 4203 1775 4259 sectis.

514 4293 601 4354 Sit
624 4297 755 4350 mihi
784 4296 1056 4367 prmcipue
1081 4312 1294 4352 morum
1320 4296 1586 4352 correctio
1609 4310 1869 4369 praesens.

515 4382 634 4442 Sim
659 4387 856 4441 charus
876 4427 890 4452 ,
916 4385 1163 4453 humilis,
1192 4400 1385 4453 verax,
1418 4404 1542 4443 cum
1577 4396 1818 4459 tempore
1839 4388 2097 4461 prudens,

515 4476 724 4535 Secreti
755 4476 970 4543 tacitus,
1003 4485 1057 4532 et
1083 4478 1277 4548 lingua:
1304 4479 1504 4535 famine
1525 4486 1736 4536 cautus.

513 4568 593 4623 Da
626 4566 793 4623 ﬁdum
817 4566 1043 4633 socium,
1071 4564 1139 4621 da
1167 4566 1331 4623 fixum
1360 4582 1576 4641 semper
1605 4572 1859 4628 amicum.

512 4662 590 4719 Da
620 4662 906 4728 blandum,
952 4660 1221 4728 sobrium,
1269 4675 1526 4733 parcum,
1571 4673 1890 4739 castumque
1934 4668 2098 4726 mini-

1805 4761 2022 4834 [strum.

511 4846 629 4901 Non
655 4858 745 4901 me
760 4844 1046 4917 pauperies
1072 4847 1297 4915 cruciet,
1325 4864 1425 4906 nec
1449 4845 1677 4924 languor
1699 4851 1950 4911 obuncet.

512 4936 594 4991 Sit
624 4950 807 4993 comes
826 4936 969 4993 alma
998 4938 1164 5005 salus,
1189 4948 1243 4995 et
1272 4939 1598 4998 sufficientia
1628 4944 1825 5001 victus.

510 5026 701 5083 Absint
728 5026 953 5096 divitiae,
981 5026 1183 5097 fastus,
1213 5038 1268 5087 et
1286 5028 1485 5105 jurgia,
1518 5033 1666 5102 lites,

508 5119 746 5188 Invidiae,
773 5120 951 5188 luxus,
979 5129 1033 5177 et
1060 5123 1267 5180 ventris
1294 5126 1484 5195 pensio
1520 5126 1715 5197 turpis.

508 5210 749 5268 Crimine
785 5229 886 5270 nec
921 5214 1113 5271 laedam
1152 5231 1499 5287 quemquam,
1531 5234 1630 5275 nec
1658 5219 2089 5287 criminelzedar.

512 5296 603 5359 Sic
620 5302 761 5360 bene
779 5302 917 5361 velle
942 5321 1156 5376 queam,
1181 5320 1287 5378 quo
1312 5324 1537 5380 pravum
1561 5329 1718 5385 posse
1744 5317 1983 5373 recedat.

508 5394 597 5451 Nil
620 5405 783 5470 turpe
804 5397 1040 5469 cupiam,
1074 5397 1292 5469 faciam,
1325 5404 1409 5460 vel
1438 5405 1733 5477 proloquar
1755 5425 2016 5481 unquam.

510 5486 588 5543 Te
608 5505 762 5546 mens
786 5490 1073 5559 desideret,
1104 5491 1285 5566 lingua
1314 5506 1500 5566 canat,
1526 5500 1668 5555 actio
1692 5510 1923 5571 promat.

584 5661 610 5691 α
640 5651 831 5707 Exstat
852 5652 973 5725 haec
998 5654 1178 5710 oratio
1204 5656 1378 5725 primo
1417 5656 1535 5713 loco
1564 5658 1705 5713 inter
1727 5658 1860 5716 alias
1892 5660 2095 5718 oratio-

511 5735 608 5797 nes
627 5722 1103 5797 etcarminabeati
1126 5722 1350 5797 Eugenii
1376 5738 1500 5785 tom.
1528 5729 1619 5785 ΧΠ
1646 5729 1781 5788 Bibl.
1828 5730 1931 5789 PP.
1960 5734 2093 5791 edit.

514 5791 681 5863 Lugd.
730 5809 817 5848 an.
867 5792 1024 5861 1677,
1068 5812 1189 5869 pag.
1210 5791 1362 5854 ⁷545.

2202 3216 2365 3281 atque
2382 3210 2789 3267 illuminationis
2807 3220 3027 3281 nostrae,
3040 3212 3202 3268 Pater
3216 3215 3475 3286 pignoris,
3494 3233 3599 3287 quo
3613 3217 3809 3275 admo-

2200 3314 2395 3355 nemur
2408 3302 2584 3357 redire
2602 3302 2668 3357 ad
2693 3310 2762 3367 te,
2788 3313 2840 3359 te
2854 3288 3063 3361 invoco.
3081 3300 3225 3359 Deus
3244 3308 3466 3373 veritas,
3481 3306 3534 3362 in
3556 3324 3683 3378 quo,
3702 3318 3761 3365 et
3777 3326 3811 3366 a

2201 3407 2327 3463 quo,
2346 3398 2399 3448 et
2419 3409 2517 3464 per
2536 3408 2694 3463 quem
2709 3410 2839 3449 vera
2854 3404 2995 3462 sunt,
3013 3390 3134 3468 quae
3149 3412 3278 3451 vera
3305 3401 3640 3454 suntomnia.
3659 3400 3813 3459 Deus

2202 3484 2486 3555 sapientia,
2514 3485 2567 3539 in
2599 3502 2729 3556 quo,
2751 3496 2805 3542 et
2832 3505 2861 3542 a
2902 3504 3030 3559 quo,
3062 3497 3115 3544 et
3136 3504 3235 3559 per
3255 3506 3415 3560 quem
3439 3493 3655 3562 sapiunt
3680 3511 3812 3564 qum

2202 3579 2416 3649 sapiunt
2443 3576 2645 3635 omnia.
2680 3580 2821 3637 Deus
2850 3594 2979 3637 vera
3017 3591 3070 3638 et
3099 3599 3310 3639 summa
3339 3586 3469 3649 vita,
3502 3587 3554 3639 in
3586 3605 3715 3659 quo,
3749 3599 3811 3645 et

2201 3685 2231 3725 a
2271 3687 2399 3742 quo,
2432 3678 2486 3726 et
2509 3687 2607 3743 per
2633 3688 2792 3743 quem
2821 3675 3028 3743 vivunt,
3058 3692 3179 3748 quae
3213 3692 3340 3733 vere
3370 3695 3688 3751 summeque
3715 3684 3806 3738 vi-

2200 3769 2336 3817 vunt
2370 3763 2571 3818 omnia.
2597 3762 2741 3820 Deus
2767 3766 3064 3834 beatitudo,
3100 3769 3151 3823 in
3182 3785 3306 3840 quo,
3336 3779 3389 3825 et
3417 3787 3449 3826 a
3470 3787 3597 3841 quo,
3626 3782 3677 3828 et
3702 3789 3810 3843 per

2202 3858 2364 3922 quem
2380 3853 2538 3909 beata
2562 3864 2708 3922 sunt,
2732 3872 2852 3927 qnie
2876 3856 3032 3913 beata
3056 3868 3182 3914 sunt
3202 3862 3406 3916 omnia.
3433 3856 3577 3919 Deus
3600 3864 3811 3922 bonum

2201 3953 2258 4000 et
2289 3946 2595 4017 pulchrum,
2623 3948 2678 4003 in
2717 3964 2842 4019 quo,
2876 3958 2930 4004 et
2957 3967 2988 4005 a
3025 3968 3151 4022 quo,
3184 3961 3239 4007 et
3267 3969 3365 4025 per
3392 3971 3551 4027 quem
3582 3957 3725 4012 bona
3750 3968 3813 4014 et

2201 4037 2426 4109 pulchra
2458 4045 2601 4105 sunt,
2625 4056 2743 4109 quae
2764 4041 2905 4097 bona
2929 4050 2984 4097 et
3004 4042 3231 4113 pulchra
3261 4054 3388 4101 sunt
3422 4048 3623 4102 omnia.
3647 4048 3809 4106 Deus

2202 4130 2551 4203 intelligibilis
2579 4133 2690 4199 lux,
2714 4132 2769 4189 in
2798 4150 2926 4204 quo,
2951 4144 3006 4191 et
3030 4150 3061 4191 a
3088 4153 3212 4207 quo,
3243 4148 3298 4194 et
3322 4156 3421 4211 per
3446 4157 3608 4212 quem
3638 4144 3813 4199 intel-

2201 4220 2477 4292 ligibiliter
2524 4220 2721 4289 lucent,
2774 4239 2894 4294 qua}
2936 4225 3345 4300 intelligibiliter
3384 4229 3563 4287 lucent
3588 4234 3805 4288 omnia.

2203 4312 2374 4380 Deus,
2408 4311 2559 4383 cujus
2586 4330 2813 4386 regnum
2841 4325 2924 4371 est
2953 4325 3099 4374 totus
3128 4320 3381 4388 mundus,
3410 4339 3569 4394 quem
3600 4339 3811 4379 sensus

2202 4405 2447 4461 mortalis
2486 4407 2735 4477 corporis
2773 4407 3003 4480 ignorat.
3033 4407 3198 4476 Deus,
3233 4408 3299 4467 de
3328 4411 3479 4482 cujus
3509 4430 3676 4486 regno
3708 4413 3813 4470 lex

2123 4516 2180 4579 Β
2203 4496 2366 4551 etiam
2395 4497 2447 4551 in
2490 4497 2592 4552 ista
2637 4514 2800 4570 regna
2844 4496 3190 4557 describitur.
3222 4502 3387 4570 Deus,
3419 4519 3450 4558 a
3487 4520 3594 4575 quo
3621 4506 3815 4564 averti

2202 4593 2420 4661 cadere,
2452 4594 2506 4649 in
2538 4610 2697 4663 quem
2737 4596 2981 4652 converti
3008 4611 3317 4668 resurgere,
3344 4597 3399 4653 in
3433 4614 3538 4669 quo
3566 4615 3817 4659 manere

2200 4684 2497 4742 consistere
2520 4693 2624 4739 est.
2656 4682 2820 4754 Deus,
2849 4703 2881 4742 a
2904 4703 3012 4758 quo
3043 4689 3193 4744 exire
3220 4690 3382 4756 mori,
3411 4691 3465 4745 in
3492 4706 3652 4761 quem
3701 4707 3813 4750 re-

2200 4777 2317 4833 dire
2360 4777 2702 4845 reviviscere,
2742 4778 2797 4833 in
2847 4795 2954 4850 quo
2996 4778 3244 4838 habitare
3274 4782 3458 4839 vivere
3485 4793 3585 4840 est.
3616 4782 3811 4853 Deus,

2204 4865 2363 4942 104
2382 4887 2542 4941 quem
2576 4888 2735 4927 nemo
2762 4872 2964 4929 amittit
2995 4873 3101 4929 nisi
3131 4874 3407 4946 deceptus,
3439 4892 3599 4947 quem
3625 4894 3817 4938 nemo

2198 4962 2395 5032 quaarit
2419 4964 2522 5018 nisi
2564 4965 2891 5034 admonitus,
2918 4982 3079 5037 quem
3111 4984 3268 5025 nemo
3297 4968 3500 5026 invenit
3525 4971 3629 5026 nisi
3652 4987 3815 5043 pur-

2201 5060 2377 5124 gatus.
2409 5053 2566 5121 Deus,
2616 5070 2775 5126 quem
2804 5056 3107 5131 relinquere
3153 5058 3257 5119 hoc
3282 5070 3386 5130 est,
3420 5063 3559 5136 quod
3586 5068 3821 5141 perire,

2201 5160 2363 5215 quem
2411 5148 2686 5203 attendere
2720 5150 2823 5206 hoc
2866 5160 2969 5220 est,
2999 5154 3143 5224 quod
3185 5171 3391 5224 amare,
3416 5173 3576 5229 quem
3601 5161 3823 5231 videre

2198 5238 2303 5293 hoc
2328 5248 2429 5333 est,
2460 5244 2602 5333 quod
2629 5243 2848 5301 habere.
2881 5246 3022 5304 Deus
3041 5290 3054 5313 ,
3078 5249 3232 5322 cujus
3260 5267 3359 5308 nos
3399 5250 3529 5310 ﬁdes
3560 5258 3814 5333 excitat,

2199 5340 2323 5401 spes
2351 5331 2529 5404 erigit,
2561 5336 2760 5391 caritas
2777 5336 2974 5411 jungit.
3002 5339 3163 5407 Deus,
3196 5357 3293 5413 per
3320 5359 3479 5414 quem
3517 5331 3828 5413 vincimus

2198 5423 2497 5494 inimicum,
2538 5435 2591 5483 te
2640 5428 2919 5500 deprecor.
2964 5428 3128 5501 Deus,
3170 5450 3329 5505 quem
3358 5437 3695 5509 accepimus,
3736 5456 3827 5501 ne

2198 5517 2418 5575 omnino
2451 5521 2770 5591 periremus.
2797 5522 2955 5588 Deus,
2984 5540 3013 5578 a
3040 5536 3147 5596 quo
3174 5527 3546 5597 admonemur,
3572 5538 3632 5587 ut
3650 5531 3825 5609 vigi-

2270 5668 2298 5709 h
2335 5668 2565 5744 Euge‘m,
2599 5669 2751 5744 Quod
2780 5672 2936 5726 miser
2961 5671 3250 5744 Eugeniae.

2274 5751 2294 5781 ο
2337 5740 2443 5797 Pro
2472 5757 2569 5798 usu
2597 5743 2783 5812 quinto
2812 5759 2975 5814 supra
3004 5740 3109 5801 col.
3138 5746 3261 5802 467.
