4038 6336
290 264 394 324 581

1270 261 1670 323 UTURGICA.
1712 296 1783 309 --
1820 266 2093 327 OFFlGlA
2130 268 2265 327 PER
2301 270 2553 331 FERIAS

3462 286 3571 349 582

288 391 484 447 lcmus.
537 384 702 452 Deus,
747 395 848 455 per
873 393 1037 453 quem
1083 395 1117 437 a
1157 380 1315 437 malis
1356 381 1500 439 bona
1542 397 1880 455 separamus.
1907 386 1964 448 Α
1989 398 2140 440 more
2164 385 2258 442 illo
2289 394 2401 456 tuo,
2431 390 2622 460 paucis
2654 391 2957 450 notissime.
2985 394 3124 453 Nam
3144 403 3198 453 te
3221 394 3395 458 solun
3424 416 3572 473 amo,

291 483 458 549 Deus,
485 495 585 552 per
621 492 783 548 quem
821 476 962 533 mala
1012 475 1269 548 fugimus,
1310 482 1365 531 et
1399 476 1541 532 bona
1582 477 1880 547 sequimur.

286 577 456 643 Deus,
498 589 596 647 per
623 588 784 644 quem
812 587 921 628 non
967 571 1208 628 cedimus
1247 570 1685 627 adversitatibus.
1718 572 1881 639 Deus,

283 685 385 744 per
404 683 567 742 quem
598 668 736 721 bene
766 664 1057 729 servimus,
1078 671 1133 725 et
1159 664 1298 721 bene
1321 665 1683 725 dominamur.
1716 665 1881 733 Deus,

282 778 385 839 per
412 775 572 832 quem
600 758 863 815 discimus
902 756 1077 815 aliena
1106 771 1251 824 esse,
1291 772 1413 831 quae
1456 757 1745 828 aliquando
1778 772 1883 815 no-

282 864 432 921 stra;
458 861 513 909 et
534 859 722 911 nostra
742 866 885 918 esse,
910 864 1029 920 quae
1048 848 1335 921 aliquando
1355 847 1530 909 aliena
1552 850 1878 920 putavimus.

284 950 451 1014 Deus,
499 961 601 1019 per
628 960 794 1018 quem
814 944 1081 1001 malorum
1107 943 1249 1000 escis
1282 950 1447 1014 atque
1476 943 1744 1001 illeceer
1770 957 1880 1001 non

282 1042 635 1099 inhaeremus.
664 1038 830 1105 Deus,
850 1052 948 1110 per
972 1050 1135 1109 quem
1159 1050 1261 1091 nos
1288 1049 1381 1093 res
1401 1035 1624 1093 minutae
1644 1048 1753 1095 non
1778 1036 1882 1093 mi-

282 1140 483 1195 nuunt.
513 1130 683 1198 Deus,
726 1144 827 1203 per
868 1142 1035 1201 quem
1085 1126 1278 1189 melius
1329 1135 1574 1183 nostrum
1621 1127 1879 1187 deteriori

280 1223 590 1293 subjectum
616 1238 725 1279 non
749 1228 855 1277 est.
884 1219 1049 1289 Deus,
1075 1236 1173 1292 per
1199 1234 1362 1291 quem
1384 1234 1533 1279 mors
1559 1219 1880 1277 absorbetur

281 1316 341 1372 in
371 1315 618 1375 victoria.
665 1314 808 1371 Deus
857 1312 950 1384 qui
978 1328 1078 1369 nos
1106 1313 1396 1371 convertis.
1441 1313 1607 1380 Deus,
1641 1314 1736 1385 qui
1779 1330 1879 1371 nos

279 1424 375 1476 eo,
409 1408 556 1479 quod
598 1422 708 1463 non
741 1414 846 1472 est,
894 1405 1073 1472 exuis,
1113 1413 1170 1459 et
1211 1419 1299 1471 eo,
1340 1406 1486 1475 quod
1528 1414 1638 1473 est,
1676 1405 1875 1463 induis.

278 1500 451 1568 Deus,
474 1499 566 1571 qui
586 1514 689 1556 nos
707 1498 1042 1559 exaudibiles
1059 1496 1221 1557 facis.
1246 1497 1415 1566 Deus,
1435 1499 1530 1569 qui
1553 1514 1653 1555 nos
1675 1498 1874 1555 munis.

277 1592 451 1659 Deus,
478 1593 572 1665 qui
617 1607 715 1649 nos
745 1592 803 1651 in
845 1606 1062 1648 omnem
1104 1592 1394 1651 veritatem
1434 1593 1667 1649 inducis.
1709 1593 1875 1661 Deus,

276 1685 375 1756 qui
401 1682 559 1740 nobis
605 1684 789 1743 omnia
831 1685 973 1743 bona
1014 1683 1289 1754 loqueris,
1316 1698 1417 1743 nec
1448 1685 1669 1742 insanos
1717 1686 1873 1753 facis,

1990 486 2044 534 te
2081 478 2259 536 solum
2299 495 2517 553 sequor,
2548 494 2602 539 te
2644 486 2821 543 solum
2849 500 3053 558 quatro,
3083 492 3180 547 tibi
3231 493 3333 551 soli
3367 498 3575 556 servire

1980 581 2208 642 paratus
2226 587 2370 640 sum,
2396 575 2525 644 quia
2556 584 2610 633 tu
2635 579 2782 636 solus
2800 580 2948 650 juste
2977 584 3292 646 dominaris.
3320 590 3421 648 Tui
3436 591 3575 662 juris

1980 677 2104 723 esse
2129 664 2479 737 cupio,jube,
2502 685 2705 739 quaeso,
2732 682 2896 744 atque
2916 674 3139 747 impera,
3167 681 3427 754 quidquid
3449 686 3569 754 vis;

1979 758 2081 817 sed
2127 771 2260 817 sana
2307 770 2364 817 et
2406 762 2559 832 aperi
2589 778 2751 821 aures
2790 781 2967 835 meas,
3012 770 3209 839 quibus
3244 788 3407 831 voces
3452 785 3575 833 tuas

1982 849 2204 908 audiam
2244 868 2258 907 :
2291 849 2439 907 Sana
2484 862 2543 910 et
2580 857 2731 925 aperi
2758 859 2946 916 oculos
2986 876 3157 931 meos,
3189 862 3385 937 quibus
3413 880 3575 928 nutus

1982 949 2107 1001 tuos
2125 943 2339 1000 videam
2362 962 2377 1000 :
2401 946 2608 1016 expelle
2628 962 2662 1002 a
2682 964 2770 1005 me
2791 951 3084 1021 insaniam,
3108 964 3168 1011 ut
3186 970 3573 1030 recognoscam

1982 1042 2054 1093 te.
2086 1035 2184 1093 Die
2211 1037 2365 1105 mihi,
2392 1053 2500 1109 qua
2542 1041 2841 1109 attendam,
2868 1050 2931 1100 ut
2954 1047 3216 1116 aspiciam
3259 1059 3312 1107 se
3338 1070 3354 1107 :
3378 1061 3435 1109 et
3456 1069 3573 1110 om-

1979 1131 2073 1189 nia
2098 1146 2187 1191 me
2213 1146 2394 1202 spero,
2428 1147 2548 1203 qua:
2563 1132 2814 1203 iusseris,
2852 1149 2975 1194 esse
2999 1138 3289 1199 factumm.
3317 1143 3571 1218 Respice,

1978 1239 2097 1294 oro,
2139 1224 2425 1298 fugitivum
2468 1236 2643 1295 tuum,
2674 1228 2901 1287 Domine
2938 1231 3362 1294 clementissime
3387 1256 3401 1292 :
3430 1236 3572 1307 jam-

1970 1315 2089 1387 jam
2131 1319 2267 1375 satis
2315 1334 2504 1389 pmnas
2534 1321 2777 1377 dederim
2806 1338 2820 1377 :
2848 1324 2984 1379 satis
3022 1325 3255 1382 inimicis
3277 1329 3402 1393 tuis,
3437 1345 3574 1401 quos

1978 1409 2082 1467 διώ
2111 1408 2338 1478 pedibus
2375 1409 2568 1477 habes,
2594 1412 2879 1470 servierim
2909 1429 2926 1469 :
2954 1414 3087 1471 satis
3112 1414 3307 1472 fuerim
3332 1418 3575 1475 fallacia-

1978 1513 2102 1557 rum
2131 1499 2442 1557 ludibrium.
2481 1501 2681 1573 Accipe
2716 1518 2804 1560 me
2836 1505 2904 1561 ab
2933 1506 3054 1561 istis
3078 1504 3373 1578 fugientem
3399 1508 3574 1565 famu-

1978 1589 2090 1649 lum
2118 1600 2290 1660 tuum,
2339 1595 2467 1664 quia
2497 1603 2552 1653 et
2590 1595 2696 1652 ista
2728 1611 2837 1663 me,
2868 1598 3083 1667 quando
3120 1612 3153 1652 a
3181 1608 3238 1655 te
3274 1599 3570 1673 fugiebam,

1981 1691 2309 1753 acceperunt
2332 1684 2585 1742 alienum.
2607 1686 2693 1742 Ad
2725 1696 2778 1745 te
2799 1688 2934 1747 mihi
2951 1689 3284 1746 redeundum
3305 1705 3430 1748 esse
3447 1707 3571 1750 sen-

277 1792 382 1833 nec
403 1792 434 1831 a
460 1791 731 1846 quoquam
760 1774 878 1830 ﬁeri
913 1775 1063 1830 sinis.
1097 1775 1265 1840 Deus,
1292 1776 1385 1846 qui
1420 1790 1519 1831 nos
1557 1791 1781 1832 revocas
1817 1777 1874 1830 in
1901 1757 1951 1825 Β
1981 1775 2075 1842 tio,
2105 1783 2289 1846 pateat
2326 1778 2459 1831 mihi
2487 1778 2721 1848 pulsanti
2740 1780 2906 1850 janua
2935 1790 3047 1850 tua,
3074 1784 3168 1839 sed
3205 1786 3474 1857 quomodo
3500 1788 3572 1844 ad

276 1869 440 1923 viam.
463 1868 631 1933 Deus,
660 1868 753 1938 qui
780 1866 915 1923 facis
942 1875 1001 1921 ut
1018 1867 1361 1938 pulsantibus
1383 1866 1678 1939 aperiatur.
1708 1869 1874 1935 Deus,

275 1959 373 2030 qui
400 1973 501 2013 nos
525 1957 747 2013 deducis
775 1956 843 2013 ad
863 1954 1109 2026 januam.
1135 1957 1295 2023 Deus,
1326 1958 1418 2028 qui
1446 1959 1543 2015 das
1584 1960 1737 2016 nobis
1782 1975 1877 2033 pa-

274 2064 404 2105 nem
422 2048 567 2103 vitaz.
584 2045 750 2113 Deus,
772 2063 872 2118 per
892 2063 1054 2119 quem
1077 2048 1293 2104 sitimus
1315 2057 1525 2123 potum,
1554 2067 1661 2122 quo
1680 2053 1876 2109 hausto

272 2154 556 2211 nunquam
602 2140 877 2196 sitiamus.
932 2138 1097 2207 Deus,
1145 2140 1237 2210 qui
1276 2140 1460 2214 arguis
1509 2142 1769 2198 smcuium
1808 2143 1875 2201 de

270 2240 525 2307 peccato,
562 2231 627 2287 de
658 2230 889 2303 iustitia,
923 2231 988 2288 de
1008 2231 1235 2303 judicio.
1266 2231 1427 2298 Deus,
1457 2246 1556 2304 per
1580 2248 1741 2303 quem
1771 2249 1872 2289 nos

269 2339 386 2382 non
439 2331 679 2391 movent,
725 2322 819 2394 qui
849 2322 1069 2379 minime
1097 2323 1347 2379 credunt.
1381 2323 1546 2390 Deus,
1576 2338 1674 2393 per
1710 2339 1873 2395 quem

270 2416 643 2490 inprobamus
672 2430 860 2473 eorum
887 2429 1151 2481 errorem,
1182 2415 1275 2487 qui
1318 2415 1625 2471 animarum
1677 2417 1873 2471 merita

269 2510 421 2567 nulla
446 2525 567 2565 esse
596 2509 737 2579 apud
765 2517 817 2564 te
845 2514 1057 2578 putant.
1092 2508 1259 2576 Deus,
1284 2523 1382 2580 per
1408 2524 1569 2579 quem
1604 2523 1713 2564 non
1751 2525 1870 2564 ser-

269 2603 455 2658 vimus
490 2602 721 2657 iniirmis
751 2608 805 2655 et
847 2602 1032 2673 egenis
1080 2598 1381 2656 elementis.
1436 2600 1600 2667 Deus,
1631 2599 1725 2671 qui
1770 2614 1870 2655 nos

268 2708 505 2766 purgas,
536 2700 592 2748 et
617 2692 686 2747 ad
714 2690 895 2748 divina
925 2706 1203 2763 przeparas
1231 2691 1471 2763 praemia.
1504 2694 1713 2747 Adveni
1738 2692 1871 2746 mihi

269 2786 327 2841 in
352 2784 616 2840 auxilium
640 2783 908 2854 propitius
943 2797 957 2837 :
989 2789 1048 2838 tu
1075 2782 1337 2853 quidquid
1356 2798 1389 2837 a
1414 2798 1500 2838 me
1529 2784 1734 2839 dictum
1763 2791 1867 2849 est,

268 2894 414 2935 unus
444 2876 589 2932 Deus
621 2895 633 2930 :
663 2883 740 2943 tu,
773 2885 827 2931 tu
848 2875 992 2942 veni,
1024 2875 1149 2930 veni
1185 2874 1241 2930 in
1275 2875 1536 2932 auxilium
1578 2876 1711 2932 mihi
1740 2894 1868 2945 una,

267 2979 493 3035 :eterna,
521 2984 649 3024 vera
678 2967 1000 3033 substantia,
1032 2966 1123 3021 ubi
1149 2966 1294 3022 nulla
1319 2969 1701 3039 discrepantia,
1725 2971 1870 3028 nulla

269 3061 540 3125 confusio,
561 3060 704 3114 nulla
727 3058 1160 3125 trausitio,nnlla
1180 3059 1496 3131 indigentia,
1515 3060 1659 3116 nulla
1678 3078 1827 3119 mors
1852 3083 1864 3117 :

1978 1877 2032 1927 te
2068 1870 2436 1940 perveniatur,
2479 1871 2615 1929 doce
2661 1885 2768 1929 me.
2798 1872 2943 1931 Nihil
2984 1873 3129 1931 aliud
3180 1877 3336 1949 105
3369 1878 3569 1947 habeo,

1976 1980 2143 2035 quam
2170 1964 2523 2022 voluntatem.
2552 1964 2699 2023 Nihil
2723 1965 2872 2024 aliud
2895 1968 3032 2035 scio,
3060 1969 3168 2024 nisi
3195 1969 3363 2039 ﬂuxa,
3391 1980 3450 2028 et
3477 1988 3570 2029 ca-

1978 2055 2115 2113 duca
2142 2057 2445 2127 spernenda
2482 2072 2625 2124 esse,
2669 2065 2822 2115 certa
2866 2067 2924 2115 et
2970 2067 3176 2117 aeterna
3224 2064 3566 2134 requirenda.

1975 2145 2090 2202 Hoc
2106 2146 2270 2214 facio,
2288 2148 2467 2214 Pater,
2498 2150 2626 2220 quia
2655 2152 2759 2206 hoc
2786 2152 2961 2207 solum
2992 2155 3119 2210 novi
3147 2173 3162 2210 :
3195 2157 3291 2212 sed
3320 2159 3459 2215 unde
3500 2160 3570 2215 ad

1977 2245 2029 2293 te
2052 2240 2422 2310 perveniatur,
2451 2241 2663 2312 ignoro.
2699 2242 2780 2297 Tu
2796 2244 2932 2301 mihi
2960 2261 3210 2317 suggere,
3229 2254 3289 2302 tu
3317 2251 3566 2318 ostende,

1976 2334 2035 2381 tu
2062 2324 2321 2385 viaticum
2349 2331 2550 2401 praebe.
2579 2328 2639 2385 Si
2667 2329 2774 2387 fide
2797 2340 2848 2387 te
2874 2332 3176 2400 inveniunt,
3205 2336 3297 2406 qui
3318 2338 3387 2392 ad
3409 2346 3465 2393 te
3484 2350 3569 2396 re-

1972 2416 2205 2490 fugiunt,
2236 2419 2399 2475 ﬁdem
2433 2421 2503 2475 da
2532 2438 2546 2475 :
2577 2421 2624 2477 si
2662 2423 2884 2489 virtute,
2906 2424 3166 2481 virtutem
3192 2445 3204 2480 :
3233 2427 3279 2482 si
3315 2429 3565 2498 scientia,

1972 2509 2276 2564 scientiam.
2291 2509 2441 2583 Auge
2456 2511 2512 2566 in
2528 2526 2615 2567 me
2629 2527 2801 2583 spem.
2814 2513 2969 2586 Auge
2978 2515 3324 2577 charitatem.
3340 2518 3386 2575 0
3398 2520 3569 2576 admi-

1973 2601 2141 2654 randa
2162 2608 2217 2655 et
2229 2600 2517 2672 singularis
2536 2601 2750 2661 bonitas
2772 2616 2862 2660 tua
2877 2607 2890 2661 ι
2908 2605 2992 2663 Ad
3013 2615 3065 2663 te
3081 2607 3353 2676 ambio,et
3371 2612 3569 2681 quibus

1973 2691 2134 2747 rebus
2149 2707 2180 2746 a
2202 2699 2255 2747 te
2275 2693 2567 2759 ambiatur,
2590 2695 2656 2749 ad
2674 2704 2725 2750 te
2746 2712 2962 2751 rursum
2976 2706 3121 2767 peto.
3145 2699 3187 2752 T
3193 2716 3224 2753 ιι
3245 2701 3390 2755 enim
3404 2702 3452 2755 si
3477 2702 3570 2759 de-

1972 2782 2129 2849 seris,
2160 2783 2369 2853 peritur
2389 2784 2478 2838 hic
2503 2802 2514 2836 :
2535 2784 2628 2839 sed
2650 2800 2759 2839 non
2783 2786 3011 2853 deseris,
3043 2789 3170 2858 quia
3214 2797 3270 2843 tu
3317 2806 3377 2846 es
3415 2807 3568 2847 sum-

1973 2888 2122 2928 mum
2147 2874 2370 2940 bonum,
2408 2875 2551 2944 quod
2582 2890 2741 2931 nemo
2776 2883 2923 2932 recte
2953 2878 3235 2948 quaesivit,
3266 2889 3323 2936 et
3346 2880 3567 2937 minime

1973 2964 2201 3021 invenit.
2238 2964 2425 3021 Omnis
2451 2974 2635 3023 autem
2666 2976 2814 3031 recte
2840 2969 3111 3039 qumsivit,
3142 2986 3305 3041 quem
3326 2978 3385 3026 tu
3420 2980 3567 3029 recte

1974 3072 2217 3131 qurerere
2266 3057 2475 3127 fecisti,
2522 3059 2610 3115 fac
2658 3068 2855 3128 etme,
2888 3062 3088 3131 Pater;
3117 3064 3331 3121 vindica
3374 3080 3464 3121 me
3498 3066 3568 3123 ab

268 3154 367 3208 ubi
397 3168 607 3211 summa
632 3152 944 3219 concordia,
968 3166 1179 3207 summa
1198 3151 1490 3218 evidentia,
1509 3167 1718 3209 summa
1737 3169 1867 3211 σοι·
1891 3127 1941 3190 c
1970 3164 2177 3207 errore.
2196 3150 2471 3219 Quaerenti
2496 3162 2546 3208 te
2562 3154 2694 3209 mihi
2710 3155 3005 3211 nihilaliud
3016 3172 3120 3226 pro
3145 3140 3500 3215 te'oecurrat:
3518 3162 3566 3216 si

269 3244 496 3313 stantia,
547 3260 759 3300 summa
804 3242 1103 3316 plenitudo,
1150 3258 1362 3299 summa
1404 3243 1516 3300 vita
1547 3263 1559 3299 :
1590 3245 1684 3302 ubi
1729 3247 1869 3304 nihil
1968 3240 2102 3297 nihil
2129 3241 2272 3298 aliud
2302 3244 2551 3301 desidero
2582 3260 2746 3315 quam
2771 3253 2843 3313 te,
2871 3246 3148 3304 inveniam
3177 3257 3231 3304 te
3254 3248 3391 3319 jam,
3417 3264 3565 3321 quae-

269 3335 451 3401 deest,
484 3334 575 3391 ubi
608 3334 893 3400 redundat,
926 3333 1017 3389 ubi
1039 3333 1131 3404 qui
1158 3334 1352 3407 gignit,
1381 3341 1435 3390 et
1473 3350 1636 3407 quem
1673 3337 1865 3409 gignit,
1967 3350 2049 3401 so,
2074 3334 2257 3392 Pater.
2284 3335 2343 3392 Si
2367 3345 2545 3394 autem
2571 3346 2656 3395 est
2677 3338 2735 3394 in
2758 3355 2845 3395 me
2871 3339 3125 3411 superﬂui
3148 3341 3377 3412 alicujus
3404 3356 3567 3415 appe-

269 3444 441 3485 unum
474 3434 599 3483 sunt
629 3444 642 3481 :
672 3426 759 3481 cui
788 3426 1051 3493 serviunt,
1088 3441 1207 3497 qua:
1250 3426 1496 3483 serviunt
1536 3429 1735 3493 omnia,
1777 3431 1866 3487 cui
1967 3428 2109 3496 titio,
2159 3438 2219 3486 tu
2261 3431 2377 3501 ipse
2404 3446 2493 3488 me
2530 3433 2749 3500 munda,
2780 3441 2836 3489 et
2868 3434 2956 3489 fac
2992 3433 3243 3489 idoneum
3274 3436 3342 3491 ad
3371 3436 3563 3492 viden-

268 3522 614 3595 obtemperat
637 3521 814 3578 omnis
840 3521 983 3576 bona
1008 3521 1211 3589 anima,
1240 3521 1394 3594 eiu'us
1422 3523 1629 3596 legibus
1674 3532 1865 3581 rotan-
1968 3521 2096 3577 dum
2126 3530 2199 3579 te.
2231 3523 2522 3591 Caeterum,
2553 3526 2621 3581 de
2662 3527 2835 3583 salute
2859 3526 3020 3596 hujus
3044 3528 3291 3583 mortalis
3317 3530 3564 3601 corporis

269 3623 367 3672 tur
405 3614 536 3686 poli,
580 3629 770 3670 cursus
815 3629 943 3670 suos
986 3614 1167 3670 sidera
1211 3623 1498 3688 peragunt,
1540 3616 1619 3673 sol
1649 3626 1869 3676 exercet
1967 3614 2095 3681 mei,
2121 3618 2361 3686 quandiu
2402 3618 2461 3673 in
2486 3618 2591 3674 hoc
2626 3619 2891 3687 habitem,
2925 3621 3134 3685 nescio,
3168 3620 3298 3691 quid
3331 3621 3465 3677 mihi
3491 3637 3559 3679 ex

270 3706 437 3772 diem,
468 3703 595 3759 luna
624 3712 888 3775 temperat
912 3713 1124 3763 noctem
1153 3719 1167 3758 :
1201 3704 1487 3776 onmisque
1512 3707 1745 3763 mundus
1768 3723 1866 3778 per

270 3796 409 3859 dies,
438 3793 814 3851 vicissitudine
839 3793 977 3850 lucis
1004 3803 1060 3850 et
1079 3795 1278 3863 noctis,
1307 3804 1363 3853 et
1388 3810 1487 3869 per
1505 3812 1723 3855 menses
1745 3814 1865 3855 cre-

269 3887 472 3943 mentis
518 3886 985 3957 decrementisque
1010 3887 1313 3956 lunaribus,
1352 3904 1451 3960 per
1490 3906 1665 3949 annos
1694 3893 1866 3962 veris,

272 3980 503 4047 astatis,
534 3980 797 4048 autumni,
827 3980 1023 4037 hiemis
1067 3981 1501 4039 successionibus
1547 3983 1866 4056 perlustrat,

270 4072 610 4146 perfectione
632 4089 823 4129 cursus
845 4073 1040 4131 solaris
1063 4089 1162 4151 per
1182 4090 1410 4147 magnos
1434 4074 1585 4131 orbis
1612 4091 1867 4136 recursus

272 4165 328 4221 in
354 4174 509 4222 ortus
535 4181 661 4222 suos
687 4166 924 4221 siderum
960 4180 1213 4237 magnam
1239 4180 1423 4222 rerum
1452 4166 1864 4235 continentiam,

270 4266 537 4331 quantum
563 4257 834 4315 sensibilis
863 4259 1092 4314 materia
1131 4258 1358 4330 patitur,
1386 4265 1690 4329 temporum
1712 4262 1863 4316 ordi-

270 4349 434 4405 nibus
480 4347 1026 4420 replicationibusque
1072 4347 1325 4405 custodit.
1366 4346 1533 4417 Cujus
1570 4348 1780 4421 legibus
1806 4350 1864 4408 in

268 4456 388 4498 aevo
437 4441 710 4497 stantibus
755 4450 934 4497 motus
976 4441 1247 4498 instabilis
1290 4456 1475 4497 rerum
1518 4442 1864 4501 mutabilium

269 4535 623 4609 perturbatus
664 4548 783 4591 esse
811 4551 918 4592 non
961 4534 1179 4600 sinitur,
1206 4533 1482 4608 frenisque
1518 4536 1860 4595 circumeun-

272 4629 410 4686 tium
437 4628 756 4687 saeculorum
782 4643 996 4700 semper
1024 4629 1092 4687 ad
1117 4629 1523 4687 similitudinem
1542 4631 1863 4701 stabilitatis

271 4725 588 4774 renovatur.
620 4715 786 4787 Cujus
809 4717 1018 4790 legibus
1063 4718 1351 4777 arbitrium
1397 4720 1590 4777 animae
1627 4721 1862 4778 liberum

267 4817 374 4876 est,
400 4809 668 4881 bonisque
689 4808 932 4881 praemia,
965 4817 1022 4865 et
1054 4809 1211 4869 malis
1237 4825 1430 4882 poenae,
1471 4810 1595 4869 ﬁxis
1620 4827 1719 4884 per
1744 4827 1864 4869 om-

270 4903 362 4961 nia
407 4902 847 4968 necessitatibus,
890 4901 1190 4959 distributae
1221 4912 1367 4963 sunt.
1397 4902 1446 4961 Α
1488 4919 1598 4976 quo
1637 4912 1864 4961 manant

265 4992 456 5051 omnia
480 4993 623 5049 bona
648 5010 820 5067 usque
847 4993 916 5051 ad
942 5010 1059 5061 nos,
1089 5011 1123 5055 a
1150 5006 1258 5065 quo
1295 5003 1615 5055 coercentur
1632 5012 1807 5067 usque
1830 5012 1864 5052 a

268 5086 430 5143 nobis
476 5088 661 5144 omnia
702 5086 843 5145 mala
873 5107 886 5143 :
913 5104 1080 5163 supra
1126 5106 1290 5165 quem
1334 5091 1486 5159 nilu'l,
1521 5102 1677 5148 extra
1699 5107 1864 5164 quem

267 5177 430 5246 nihil,
458 5177 577 5236 sine
604 5195 712 5259 quo
739 5181 873 5237 nihil
902 5200 915 5237 :
946 5182 1049 5241 sub
1070 5198 1177 5253 quo
1213 5191 1407 5250 totum,
1438 5184 1493 5239 in
1526 5200 1635 5257 quo
1666 5192 1860 5250 totum,

264 5286 401 5329 cum
426 5289 536 5344 quo
564 5281 739 5331 totum
766 5284 850 5334 est
876 5294 893 5335 :_
918 5276 1012 5347 qui
1054 5276 1229 5334 fecisti
1265 5278 1537 5337 hominem
1567 5279 1635 5334 ad
1664 5279 1860 5351 imagi-

266 5380 401 5423 nem
426 5374 484 5421 et
508 5366 917 5426 similitudinem
945 5376 1113 5436 tuam,
1142 5370 1289 5441 quod
1313 5370 1404 5440 qui
1431 5384 1490 5427 se
1523 5372 1673 5428 novit
1694 5385 1862 5442 agno-

260 5460 396 5521 scit.
428 5459 656 5530 Exaudi,
684 5464 904 5530 exaudi,
928 5462 1404 5531 exaudime,Deus
1428 5478 1603 5529 meus,
1633 5463 1861 5519 Domine

152 5558 177 5569 ‘
262 5569 451 5620 meus,
482 5553 601 5611 Rex
628 5571 805 5623 meus,
824 5556 986 5617 Pater
1008 5572 1180 5622 meus,
1205 5572 1371 5612 causa
1398 5571 1538 5621 mea,
1564 5571 1687 5625 spes
1715 5570 1856 5619 mea,

258 5664 363 5709 res
386 5663 533 5718 mea,
560 5649 734 5713 honor
760 5666 935 5718 meus,
962 5651 1153 5709 domus
1177 5668 1323 5719 mea,
1343 5650 1520 5723 patria
1549 5667 1687 5718 mea,
1716 5652 1861 5710 salus

256 5751 427 5815 mea,
448 5740 543 5809 lux
574 5760 715 5817 mea,
746 5747 859 5809 vita
882 5762 1025 5805 mea.
1053 5746 1281 5817 Exaudi,
1313 5746 1529 5816 exaudi,
1552 5746 1750 5806 exaudi
1773 5762 1863 5806 me

1966 3720 2032 3763 eo
2053 3706 2184 3764 utile
2208 3709 2302 3775 sit,
2325 3709 2411 3765 vel
2444 3709 2544 3775 eis,
2587 3724 2725 3779 quos
2745 3710 2929 3782 diligo.
2958 3711 3079 3767 Tibi
3101 3711 3233 3766 illud
3256 3714 3559 3781 committo,

1964 3796 2128 3854 Pater
2163 3801 2562 3871 sapientissime
2605 3810 2771 3872 atque
2798 3803 3029 3873 optime,
3062 3811 3120 3859 et
3154 3818 3254 3874 pro
3294 3819 3380 3871 eo,
3414 3806 3559 3876 quod

1966 3890 2312 3947 admonueris
2336 3893 2405 3948 ad
2433 3901 2665 3964 tempus,
2701 3893 3051 3965 deprecabor.
3081 3894 3312 3950 Tantum
3335 3909 3436 3952 oro
3455 3912 3555 3954 exe

1965 3982 2405 4043 celientissimam
2444 3986 2786 4043 clementiam
2816 3995 2987 4055 tuam,
3019 3998 3081 4044 ut
3107 4002 3199 4045 me
3236 3988 3451 4060 penitus
3484 3991 3555 4048 ad

1964 4079 2020 4133 te
2044 4082 2353 4143 convertas,
2386 4076 2521 4132 nihil
2546 4078 2679 4133 mihi
2700 4092 3001 4150 repugnare
3023 4076 3198 4134 facias
3222 4079 3465 4135 tendenti
3486 4080 3555 4137 ad

1966 4173 2039 4234 te,
2068 4165 2371 4240 jubeasque
2404 4184 2512 4236 me,
2545 4171 2672 4226 dum
2702 4171 2805 4227 hoc
2832 4172 3007 4241 ipsum
3043 4185 3243 4241 corpus
3269 4186 3373 4245 ago
3393 4180 3558 4245 atque

1964 4266 2140 4329 porto,
2178 4275 2397 4331 purum,
2435 4262 2857 4332 magnam'mum,
2878 4261 3090 4331 justum
3123 4264 3557 4335 prudentemque

1964 4365 2104 4417 esse,
2146 4351 2553 4424 perfectumque
2596 4365 2895 4412 amatorem
2943 4364 3431 4429 perceptoremque
3462 4372 3553 4416 sa-

1887 4494 1942 4556 n
1964 4446 2179 4516 pientize
2210 4455 2336 4511 tute,
2370 4454 2421 4501 et
2458 4446 2679 4518 dignum
2708 4447 3067 4516 habitatione,
3095 4457 3260 4521 atque
3281 4450 3554 4509 habitato-

1968 4553 2083 4597 rem
2116 4540 2485 4598 beatissimum
2510 4542 2664 4613 regni
2688 4541 2787 4597 tui.
2818 4541 3015 4597 Amen.

2039 4630 2181 4689 Deus
2203 4632 2256 4687 in
2288 4631 2613 4702 adjutorium
2648 4650 2828 4690 meum
2860 4634 3101 4704 intende,
3137 4643 3236 4692 ter.

2583 4762 2923 4823 PSALMUS.

2037 4905 2220 4982 (Ρειι.
2250 4908 2387 4979 xu.)
2430 4906 2893 4975 Quemadmodum
2934 4908 3209 4965 desidth
3251 4922 3449 4969 cervus
3478 4912 3553 4970 ad

1963 4999 2143 5056 fontes
2163 5014 2450 5071 aquarum,
2476 4999 2551 5053 ita
2576 4999 2846 5055 desiderat
2860 4999 3042 5055 anima
3055 5015 3178 5058 mea
3199 5002 3268 5058 ad
3290 5010 3363 5069 te,
3381 5003 3546 5059 Deus.

1965 5088 2148 5145 Sitivit
2174 5090 2354 5143 anima
2387 5104 2507 5144 mea
2550 5089 2619 5145 ad
2656 5090 2828 5147 Deum
2852 5091 3045 5149 fortem
3075 5093 3255 5149 vivum
3285 5112 3298 5147 :
3333 5094 3548 5164 quando

1964 5182 2177 5237 veniam
2206 5188 2262 5236 et
2287 5183 2552 5252 apparebo
2588 5190 2712 5238 ante
2742 5182 2935 5240 faciem
2964 5184 3103 5241 Dei?
3139 5186 3381 5242 Fuerunt
3415 5186 3546 5242 mihi

1963 5271 2215 5345 lacrymae
2258 5287 2393 5329 mea
2428 5288 2599 5346 panes
2619 5276 2707 5333 die
2732 5290 2797 5331 ac
2816 5284 2976 5334 nocte
3000 5296 3013 5333 :
3042 5277 3171 5333 dum
3194 5279 3391 5333 dicitur
3414 5278 3548 5333 mihi

1964 5368 2225 5439 quotidie,
2271 5366 2362 5422 ubi
2406 5375 2490 5423 est
2519 5367 2663 5424 Deus
2707 5369 2865 5424 tuus?
2898 5367 3025 5425 Haec
3060 5370 3373 5425 recordatus
3401 5384 3543 5435 sum,

1964 5469 2023 5519 et
2040 5460 2203 5519 eii‘udi
2239 5462 2295 5516 in
2319 5477 2407 5518 me
2432 5463 2666 5518 animam
2690 5478 2867 5519 meam
2897 5482 2911 5518 :
2940 5462 3193 5533 quoniam
3225 5462 3467 5519 transibo
3488 5461 3547 5520 in

1963 5556 2141 5612 locum
2165 5555 2503 5611 tabernaculi
2530 5555 2860 5611 admirabilis
2885 5568 3059 5624 usque
3084 5554 3152 5610 ad
3182 5555 3398 5610 domum
3420 5555 3537 5615 Dei.

1961 5648 2022 5706 In
2044 5665 2178 5707 voce
2206 5651 2583 5715 exsultationis
2602 5657 2657 5707 et
2685 5649 3038 5706 confessionis
3064 5664 3228 5705 sonus
3251 5649 3537 5721 epulantis.

1964 5741 2425 5813 Quaretristises,
2448 5743 2627 5801 anima
2652 5757 2804 5812 mea;
2823 5749 2878 5799 et
2901 5754 3071 5814 quare
3099 5742 3392 5801 conturbas
3417 5744 3538 5800 me?
