4038 6336
480 324 586 385 585

1296 318 1357 372 B.
1400 317 1464 373 F.
1502 314 1731 372 AL‘BINI
1769 315 1903 373 SEU
1944 310 2550 385 ΑιςυιΝιδοΡΕΙιυΜ
2585 312 2764 369 PARS
2801 307 2889 369 IV.

3647 311 3763 369 584

483 446 657 518 Spera
687 442 745 501 in
778 441 910 509 Deo,
938 438 1193 511 quoniam
1242 436 1418 491 adhuc
1452 434 1750 490 conﬁtebor
1774 431 1849 487 illi
1878 446 1893 485 :
1921 431 2066 486 salu-
2095 434 2143 491 Α
2169 426 2345 492 Beati,
2376 428 2465 497 qui
2489 427 2736 482 habitant
2766 428 2821 481 in
2850 427 3009 482 domo
3047 433 3158 489 tua,
3183 424 3409 518 Domine
3440 440 3453 478 :
3484 424 3539 480 in
3564 425 3771 482 smcula

486 549 604 596 tare
643 535 825 593 vultus
856 534 983 599 mei,
1026 540 1080 588 et
1108 531 1249 586 Deus
1277 545 1448 585 meus.
1486 527 1567 583 Ad
1600 528 1862 598 meipsum
1889 526 2068 581 anima

486 644 609 687 mea
625 644 725 685 con
733 627 945 683 turbata
964 630 1050 679 est
1067 640 1079 676 :
1097 628 1381 692 propterea
1399 634 1608 674 memor
1622 633 1719 673 ero
1734 617 1813 673 tui
1838 618 1904 672 de
1924 625 2070 672 terra

486 720 756 784 Iordanis,
770 727 823 773 et
836 714 1170 772 Hermoniim
1184 728 1215 767 a
1228 720 1408 767 monte
1422 711 1653 767 modico.
1668 709 1907 782 Ahyssus
1919 710 2073 780 abys-

487 827 607 867 sum
651 812 865 864 invocat
899 807 954 861 in
989 820 1121 861 voce
1154 810 1557 861 cataractarum
1608 810 1843 856 tuarum.
1877 798 2071 855 Omnia

487 900 699 956 excelsa
749 907 838 953 tua
868 906 924 953 et
968 895 1162 952 ﬂuctus
1197 894 1276 950 tui
1301 908 1462 963 super
1494 907 1581 948 me
1612 892 1964 947 transierunt.
2012 889 2073 945 1n

488 992 572 1048 die
598 992 874 1047 mandavit
898 990 1159 1046 Dominus
1183 987 1610 1044 misericordiam
1638 1002 1813 1051 suam,
1839 994 1893 1041 et
1915 993 2074 1042 nocte

487 1085 758 1141 canticum
794 1084 928 1155 ejus.
965 1082 1121 1154 Apud
1151 1098 1238 1137 me
1269 1082 1446 1137 oratio
1475 1080 1585 1135 Deo
1614 1081 1739 1134 vitae
1778 1095 1915 1136 mea:
1947 1096 1961 1133 :
1991 1078 2076 1134 di-

488 1192 610 1234 cam
635 1176 768 1243 Deo,
800 1184 1083 1246 susceptor
1125 1190 1277 1230 meus
1311 1190 1389 1229 es.
1423 1174 1601 1242 Quare
1630 1173 1828 1228 oblitus
1853 1188 1913 1227 es
1946 1171 2074 1237 mei,

488 1278 547 1329 et
568 1287 737 1343 quare
765 1273 1117 1327 contristatus
1152 1270 1360 1335 incedo,
1395 1270 1522 1325 dum
1552 1266 1737 1340 allligit
1782 1282 1870 1321 me
1900 1264 2080 1320 inimi—

489 1364 620 1421 cus?
650 1364 787 1419 Dum
816 1363 1231 1435 confringuntur
1260 1378 1385 1417 ossa
1420 1376 1541 1416 mea
1570 1380 1582 1415 :
1611 1361 2080 1431 exprobraverunt

490 1459 646 1525 mihi,
670 1459 764 1529 qui
789 1459 1050 1514 tribulant
1070 1472 1177 1523 me,
1198 1457 1402 1513 inimici
1425 1456 1549 1512 mei.
1576 1455 1713 1510 Dum
1736 1454 1921 1509 dicunt
1944 1451 2079 1507 mihi

493 1564 591 1621 per
625 1549 863 1621 singulos
910 1550 1047 1616 dies,
1078 1550 1171 1605 ubi
1217 1557 1303 1605 est
1331 1549 1474 1604 Deus
1501 1548 1667 1602 tuus?
1697 1561 1868 1617 quare
1912 1545 2081 1600 tristis

493 1656 572 1707 es,
600 1642 779 1697 anima
806 1658 952 1708 mea;
979 1651 1034 1698 et
1055 1655 1224 1713 quare
1245 1642 1539 1698 conturbas
1556 1641 1678 1696 me?
1698 1639 1935 1710 Sperain
1946 1637 2077 1720 Deo,

2174 520 2493 575 saeculorum
2524 521 2819 575 laudabunt
2846 529 2919 574 te.
2950 518 3147 574 Beatus
3175 520 3279 585 vir,
3314 517 3469 587 cujus
3498 525 3582 573 est
3607 518 3774 574 auxi-

2171 612 2305 666 lium
2335 613 2430 667 abs
2463 620 2533 679 te,
2564 613 2907 667 ascensiones
2954 612 3012 665 in
3054 611 3217 666 corde
3262 626 3358 666 suo
3398 612 3660 681 disposuit
3708 611 3774 666 in

2170 705 2312 760 valle
2361 705 2723 777 lacrymarum
2755 722 2768 758 :
2798 706 2852 759 in
2900 704 3051 769 loco,
3107 720 3266 774 quem
3308 705 3507 775 posuit.
3545 703 3775 759 Etenim

2171 797 2602 854 benedictionem
2650 797 2798 852 dabit
2836 796 3131 868 legislator,
3162 796 3317 850 ibunt
3362 796 3427 850 de
3468 795 3667 849 virtute
3712 795 3775 850 in

2172 890 2470 944 virtutem:
2502 888 2775 944 videbitur
2820 886 2963 942 Deus
3000 887 3222 943 deorum
3262 887 3315 941 in
3354 885 3501 942 Sion.
3534 886 3777 941 Domine

2175 978 2317 1035 Deus
2336 981 2615 1045 virtutum,
2640 978 2833 1033 exaudi
2854 978 3155 1033 orationem
3180 993 3383 1032 meam:
3402 977 3623 1032 auribus
3642 992 3784 1046 per-

2176 1071 2314 1141 cipe,
2362 1070 2504 1125 Deus
2531 1070 2717 1126 Jacob.
2752 1070 3037 1125 Protector
3066 1077 3250 1124 noster
3294 1069 3475 1138 aspice
3516 1067 3680 1131 Deus,
3716 1073 3785 1124 et

2176 1161 2385 1231 respice
2415 1161 2469 1214 in
2508 1160 2699 1216 faciem
2740 1161 2940 1216 Christi
2987 1161 3083 1215 tui.
3117 1160 3253 1228 Quia
3280 1160 3473 1215 melior
3514 1166 3599 1216 est
3647 1161 3783 1217 dies

2177 1267 2284 1305 una
2320 1250 2375 1305 in
2408 1251 2563 1306 atriis
2593 1252 2698 1306 tuis
2734 1267 2897 1322 super
2936 1251 3126 1306 millia.
3158 1251 3309 1322 Elegi
3354 1250 3597 1320 abiectus
3643 1266 3783 1308 esse

2177 1343 2234 1398 in
2262 1344 2419 1399 domo
2446 1343 2542 1398 Dei
2571 1344 2677 1399 mei
2706 1363 2718 1397 :
2752 1345 2926 1413 magis
2952 1342 3114 1414 quam
3142 1344 3388 1399 habitare
3416 1345 3470 1399 in
3501 1347 3777 1400 taberna-

2179 1434 2316 1491 culis
2342 1442 2707 1506 peccatorum.
2743 1436 2879 1504 Quia
2923 1434 3354 1491 misericordiam
3384 1443 3439 1491 et
3476 1436 3783 1491 veritatem

2181 1525 2353 1596 diligit
2380 1525 2521 1581 Deus
2549 1545 2561 1580 :
2588 1527 2818 1597 gratiam
2846 1535 2902 1581 et
2920 1526 3145 1597 gloriam
3170 1526 3319 1581 dabit
3343 1526 3621 1581 Dominus.
3646 1526 3783 1582 Non

2179 1621 2418 1691 privabit
2443 1620 2599 1677 bonis
2627 1637 2740 1688 eos,
2765 1621 2858 1692 qui
2886 1621 3164 1676 ambulant
3191 1621 3247 1676 in
3275 1621 3585 1676 innocentia
3616 1639 3631 1676 :
3660 1621 3786 1676 Do-

494 1734 747 1805 quoniam
782 1735 959 1790 adhuc
993 1735 1293 1791 conﬁtebor
1325 1736 1401 1789 illi
1432 1754 1444 1789 :
1476 1735 1711 1791 salutare
1759 1736 1939 1790 vultus
1975 1716 2081 1789 mei

2191 1715 2329 1771 mine
2357 1716 2644 1782 virtutum,
2675 1715 2866 1769 beatus
2890 1716 3053 1771 homo
3078 1715 3170 1786 qui
3197 1722 3382 1786 sperat
3410 1715 3463 1770 in
3487 1722 3558 1770 te.

495 1837 552 1885 et
581 1827 724 1884 Deus
756 1844 928 1885 meus.

570 1918 638 1973 Ut
662 1937 842 1992 supra.
871 1921 1101 1993 Diligam
1125 1929 1198 1987 te,
1233 1921 1479 1988 Domine,
1510 1920 1769 1977 fortitudo
1796 1934 1936 1975 mea.
1970 1914 2079 1973 Do-

496 2011 675 2073 minus
722 2011 1119 2068 ﬁrmamentum
1171 2028 1372 2080 meum,
1411 2021 1464 2067 et
1495 2012 1762 2084 refugium
1788 2027 1989 2078 meum,
2028 2018 2085 2066 et

496 2105 754 2163 liberator
785 2121 955 2164 meus.
986 2107 1130 2165 Deus
1155 2124 1307 2165 meus
1338 2109 1553 2181 adjutor
1580 2122 1752 2174 meus,
1777 2116 1832 2163 et
1854 2107 2082 2179 sperabo

498 2199 556 2257 in
578 2215 723 2256 eum.

570 2292 776 2351 Oratio.
807 2292 999 2351 Vultus
1046 2296 1217 2351 nostri
1270 2294 1563 2350 miriﬁcum
1620 2295 1876 2359 salutare,
1923 2307 2085 2364 quem

500 2388 696 2445 animae
728 2387 965 2445 ﬁdelium
1001 2390 1252 2445 ardenter
1275 2390 1464 2445 sitiunt
1487 2389 1856 2454 servulorum;
1888 2387 2083 2452 tribue,

505 2493 841 2549 quaesumus,
879 2488 939 2534 ut
992 2480 1120 2536 dum
1165 2488 1219 2535 te
1260 2481 1458 2536 visibili
1507 2480 1871 2552 lacrymarum
1900 2479 2087 2533 imbre

499 2575 639 2646 pasti
662 2574 1006 2645 requirimus,
1032 2574 1372 2629 invisibiliter
1398 2584 1451 2630 te
1480 2573 1621 2629 intra
1647 2573 1886 2645 pectoris
1915 2571 2087 2627 nostri

502 2668 912 2725 tabernaculum
937 2668 1288 2724 collocemus.
1322 2667 1447 2723 Per.

1132 2803 1469 2862 PSALMUS.

575 2934 753 3006 (PSAL.
770 2935 928 3009 Lm.)
944 2934 1109 3000 Deus,
1135 2933 1278 2989 Deus
1301 2950 1471 2998 meus,
1497 2933 1563 2989 ad
1593 2941 1645 2988 te
1671 2933 1737 2988 de
1762 2932 1881 2988 luce
1902 2932 2087 3004 vigilo.

505 3026 688 3082 Sitivit
713 3026 766 3080 in
802 3035 855 3081 te
881 3027 1060 3081 anima
1089 3040 1231 3090 mea,
1258 3040 1420 3096 quam
1446 3022 1818 3093 multipliciter
1840 3022 1934 3078 tibi
1960 3037 2090 3078 caro

505 3134 645 3175 mea.
683 3117 741 3173 lu
779 3126 926 3173 terra
974 3120 1208 3183 deserta,
1248 3118 1410 3182 invia,
1466 3125 1523 3171 et
1563 3117 1822 3185 inaquosa
1861 3134 1874 3169 :
1907 3114 1988 3171 sic
2033 3115 2089 3170 in

2111 1818 2160 1881 Β

2687 1846 2906 1885 ιιτΛΝιΑ
2945 1847 3016 1885 UT
3056 1845 3242 1885 SUPRA.

2252 1942 2523 1998 Confirma
2550 1944 2674 2007 hoc,
2709 1943 2870 2008 Deus,
2902 1944 3046 2013 quod
3081 1951 3334 2015 Operatus
3370 1958 3430 1999 es
3453 1942 3509 1998 in
3531 1943 3715 2009 nobis,
3750 1959 3788 1998 a

2182 2034 2381 2105 templo
2410 2035 2574 2090 tuoin
2603 2034 2940 2091 Hierusalem
2963 2036 3060 2090 tibi
3084 2034 3318 2092 oﬁ‘erunt
3345 2051 3501 2107 reges
3523 2050 3784 2090 munera.

2182 2126 2384 2181 Emitte
2418 2124 2680 2197 Spiritum
2720 2133 2892 2191 tuum,
2932 2135 2988 2181 et
3031 2128 3382 2193 creabuntur,
3410 2136 3466 2182 et
3493 2127 3793 2183 renovabis

2183 2216 2375 2273 faciem
2407 2224 2584 2274 terrm.
2624 2216 2707 2272 Sit
2736 2216 2903 2289 gloria
2932 2217 3145 2274 Domini
3169 2218 3221 2272 in
3259 2217 3533 2283 saeculum,
3564 2216 3789 2273 laetabi-

2187 2319 2276 2365 tur
2304 2312 2562 2367 Dominus
2591 2311 2644 2365 in
2674 2311 2929 2383 Operibus
2958 2311 3089 2367 suis.
3123 2310 3430 2367 iucundum
3471 2312 3541 2366 sit
3565 2311 3616 2366 ei
3664 2310 3793 2366 elo-

2189 2406 2374 2476 quium
2403 2421 2603 2471 meum,
2634 2420 2733 2476 ego
2764 2420 2893 2459 vero
2918 2404 3225 2461 delectabor
3251 2404 3305 2459 in
3331 2403 3575 2459 Domino.
3603 2401 3794 2457 Lzete-

2187 2502 2275 2549 tur
2326 2510 2420 2548 cor
2469 2494 2825 2564 quaerentium
2868 2493 3185 2560 Dominum,
3228 2502 3285 2549 et
3332 2492 3737 2549 conﬁrmamini
3772 2510 3788 2546 :

2186 2586 2413 2655 quaerite
2443 2586 2633 2656 faciem
2669 2584 2787 2654 ejus
2813 2602 3047 2657 semper.
3746 2631 3753 2635 .

2261 2672 2467 2728 Oratio.
2493 2674 2985 2732 Tabernaculorum
3011 2676 3315 2733 caelestium
3339 2676 3595 2731 fundator
3618 2682 3791 2729 aeter-

2188 2780 2256 2821 ne
2282 2765 2444 2831 Deus,
2491 2766 2734 2838 dispone,
2767 2784 3093 2838 quaesumus,
3136 2784 3392 2825 ascensus
3420 2770 3474 2823 in
3522 2768 3792 2824 cordibus

2189 2859 2411 2924 nostris,
2450 2859 2646 2929 quibus
2687 2861 2754 2915 ad
2789 2868 2880 2915 tua
2910 2860 3271 2923 tabernacula.
3304 2876 3616 2918 mereamur
3662 2860 3791 2916 sine

2189 2952 2341 3023 lapsu
2375 2954 2584 3022 peccati
2616 2956 2999 3012 conscendere.
3032 2956 3154 3012 Per.

2556 3085 2812 3144 ORATIO
2853 3086 3100 3143 SANCTI
3136 3086 3409 3144 ISIDORI.

506 3217 694 3265 sancto
743 3209 965 3280 appami
1015 3209 1132 3273 tibi,
1170 3215 1233 3262 ut
1266 3207 1503 3262 viderem
1549 3205 1803 3259 virtutem
1852 3214 1998 3262 tuam
2037 3186 2166 3262 etc
2265 3194 2568 3251 Beatissimi
2598 3198 2741 3253 servi
2770 3198 2865 3263 illi,
2899 3214 3035 3267 quos
3077 3214 3202 3254 cum
3245 3198 3453 3253 venerit
3496 3196 3787 3264 Dominus,

505 3297 731 3371 gloriam
762 3305 928 3352 tuam.
958 3297 1225 3364 Quoniam
1252 3296 1442 3349 melior
1481 3303 1564 3350 est
1590 3296 1959 3353 misericordia
2004 3306 2093 3352 tua

507 3403 672 3460 super
691 3388 831 3443 vitas
866 3405 880 3441 ε
912 3387 1053 3442 labia
1081 3402 1199 3442 mea
1226 3385 1518 3441 laudabunt
1548 3394 1619 3441 te.
1654 3385 1745 3442 Sic
1778 3388 2093 3443 benedicam

506 3488 564 3537 te
586 3481 641 3534 in
665 3479 775 3534 vita
796 3494 916 3535 mea
942 3497 955 3533 :
981 3487 1036 3535 et
1058 3479 1113 3534 in
1135 3479 1351 3535 nomine
1377 3488 1468 3533 tuo
1491 3479 1682 3535 levabo
1705 3495 1897 3535 manus
1923 3496 2089 3536 meas.

510 3572 665 3629 Sicut
699 3573 854 3644 adipe
889 3582 945 3629 et
972 3573 1296 3644 pinguedine
1323 3573 1597 3643 repleatur
1631 3574 1808 3628 anima
1838 3589 1957 3629 mea
1991 3594 2004 3629 :
2040 3582 2096 3630 et

512 3665 670 3721 labiis
720 3666 1097 3721 exsultationis
1122 3666 1362 3721 laudabit
1393 3682 1455 3722 os
1507 3682 1705 3722 meum.
1745 3667 1835 3723 Sic
1886 3683 2095 3723 memor

512 3758 587 3814 fui
629 3758 704 3813 tui
755 3774 916 3829 super
941 3768 1173 3815 stratum
1218 3775 1419 3826 meum,
1466 3762 1522 3817 in
1557 3763 1833 3817 matutinis
1860 3762 2094 3817 medita-

510 3850 611 3907 bor
631 3850 685 3905 in
712 3856 764 3905 te
793 3868 805 3903 :
836 3851 962 3920 quia
988 3851 1136 3907 fuisti
1166 3851 1378 3921 adjutor
1409 3868 1582 3909 meus.
1612 3855 1680 3909 Et
1711 3856 1764 3909 in
1787 3853 2099 3911 velamento

508 3939 715 3995 alarum
757 3948 971 3997 tuarum
1006 3943 1308 4009 exsultabo,
1338 3944 1565 4001 adhmsit
1606 3944 1786 4000 anima
1821 3961 1940 4001 mea
1972 3955 2097 4016 post

511 4039 564 4087 te
591 4049 604 4086 :
642 4032 800 4105 108
825 4048 911 4090 me
932 4036 1177 4106 succepit
1211 4036 1433 4092 dextera
1458 4045 1568 4091 tua.
1596 4035 1699 4107 Ipsi
1741 4051 1871 4092 vero
1900 4038 1954 4092 in
1996 4053 2092 4092 va-

509 4137 640 4179 num
681 4125 1009 4193 quaesierunt
1043 4127 1277 4181 animam
1313 4142 1506 4191 meam,
1543 4128 1844 4183 introibunt
1870 4130 1924 4183 in
1951 4128 2092 4184 infe-

508 4213 653 4268 riora
680 4222 857 4279 terrae,
890 4218 1171 4274 tradentur
1196 4219 1250 4273 in
1292 4235 1482 4275 manus
1516 4220 1698 4292 gladii,
1746 4230 1929 4291 partes
1974 4224 2094 4277 vul-

509 4305 658 4374 pium
681 4316 859 4362 erunt.
893 4308 1011 4365 Rex
1041 4325 1169 4366 vero
1188 4311 1460 4367 lzetabitur
1489 4313 1543 4366 in
1570 4313 1698 4375 Deo,
1731 4312 2097 4369 laudabuntur

448 4407 451 4411 ‘
510 4410 716 4461 omnes,
747 4399 838 4468 qui
864 4399 1051 4469 iurant
1074 4402 1128 4457 in
1158 4418 1223 4458 eo
1255 4423 1267 4458 :
1297 4405 1422 4475 quia
1459 4404 1792 4461 obstructum
1820 4415 1905 4461 est
1928 4422 1991 4462 os
2018 4408 2097 4463 Ιο⁴

515 4489 794 4557 quentium
820 4491 1023 4562 iniqua.

512 4610 515 4617 -
586 4578 651 4635 Ut
684 4597 865 4653 supra.
899 4581 1095 4640 Beatus
1117 4598 1277 4654 quem
1305 4585 1514 4655 elegisti
1547 4593 1603 4642 et
1631 4588 1968 4660 assumpsisti
1998 4590 2096 4646 ha-

509 4673 708 4729 bitabit
728 4675 781 4729 in
808 4676 964 4731 atriis
998 4677 1123 4731 tuis.

584 4763 788 4820 Oratio.
824 4765 907 4821 Ad
938 4775 989 4822 te
1024 4766 1257 4823 diluculo
1288 4768 1635 4841 vigilantibus
1682 4770 1865 4828 lumen
1895 4773 2093 4845 largire

508 4864 849 4927 perpetuum,
878 4868 1069 4913 auctor
1104 4858 1238 4915 lucis
1279 4869 1531 4927 aeternae;
1562 4868 1622 4915 ut
1660 4868 1709 4916 te
1734 4861 1878 4918 labia
1905 4873 2091 4919 nostra

510 4948 751 5015 laudent,
780 4957 833 5005 te
855 4950 964 5007 vita
989 4952 1289 5021 benedicat,
1321 4964 1374 5009 te
1393 4955 1672 5013 meditatio
1694 4959 1959 5014 matutina
1980 4961 2092 5031 glo-

510 5040 704 5100 riﬁcet.
732 5041 857 5100 Per.

1118 5136 1458 5219 PSALMUS.

582 5295 771 5370 (ΡεΑι.
820 5297 1087 5371 unm.)
1117 5298 1290 5367 Quam
1337 5300 1531 5359 dilecta
1583 5303 1930 5365 tabernacula
1976 5318 2090 5378 tua,

508 5386 736 5444 Domine
762 5388 1020 5444 virtutum
1053 5408 1065 5442 :
1094 5392 1426 5463 concupiscit
1452 5402 1506 5449 et
1546 5395 1727 5453 deﬁcit
1767 5401 1945 5456 anima
1971 5417 2092 5457 mea

510 5479 565 5533 in
588 5482 725 5535 atria
745 5481 1102 5556 Domini..Cor
1127 5500 1307 5540 meum
1322 5494 1377 5542 et
1401 5503 1528 5544 caro
1542 5505 1663 5546 mea
1685 5493 2095 5551 exsultaverunt

510 5568 567 5624 in
593 5570 763 5625 Deum
791 5574 993 5630 vivum.
1025 5575 1237 5632 Etenim
1262 5593 1450 5648 passer
1475 5580 1676 5653 invenit
1697 5583 1799 5640 sibi
1830 5586 2047 5642 domum
2073 5604 2087 5642 :

511 5666 568 5713 et
593 5667 770 5716 turtur
790 5665 975 5721 nidum
1003 5667 1127 5735 sibi,
1158 5669 1248 5724 ubi
1274 5678 1497 5740 reponat
1519 5672 1693 5741 pullos
1716 5691 1862 5733 suos.
1886 5678 2092 5737 Altaria

513 5753 627 5831 tua,
658 5751 882 5814 Domine
922 5758 1227 5821 virtutum:
1259 5759 1375 5835 Rex
1427 5778 1580 5833 meus
1626 5773 1683 5827 et
1721 5767 1864 5832 Deus
1914 5787 2087 5834 meus.

2195 3289 2461 3345 invenerit
2492 3289 2777 3361 vigilantes
2806 3291 2959 3362 (Luc.
2989 3308 3087 3358 xu,
3110 3292 3224 3362 57).
3250 3291 3415 3347 Beata
3446 3290 3648 3362 vigilia,
3674 3306 3791 3363 qua

2195 3383 2262 3437 ad
2304 3383 2590 3438 Dominum
2629 3385 2994 3441 universitatis
3031 3396 3329 3442 amatorem
3356 3386 3625 3456 vigilatur.
3660 3385 3791 3443 Uti-

2193 3492 2319 3531 nam
2348 3491 2435 3531 me
2462 3492 2676 3547 quoque
2722 3478 2902 3545 vilem,
2942 3479 3067 3536 licet
3098 3489 3246 3535 tuum
3274 3489 3453 3535 tamen
3480 3480 3786 3548 servulum,

2194 3569 2267 3624 ita
2291 3568 2548 3639 digneris,
2578 3569 2821 3638 Domine,
2851 3573 2917 3629 de
2944 3576 3133 3629 som'no
3162 3574 3371 3630 inertiae
3399 3576 3674 3641 excitare;
3710 3577 3790 3631 ita

2194 3657 2287 3712 illo
2327 3659 2522 3714 divina:
2551 3661 2833 3717 charitatis
2864 3664 2984 3733 igne
3037 3666 3353 3730 accendere,
3401 3682 3507 3735 quo
3560 3667 3631 3722 de
3668 3680 3793 3723 meo

2196 3750 2360 3804 corde
2375 3765 2538 3820 supra
2552 3752 2724 3807 sidera
2741 3756 3119 3811 exardesceret
3134 3764 3238 3812 tuae
3249 3758 3531 3812 charitatis
3547 3759 3790 3826 ﬂamma,

2196 3848 2303 3895 tute
2324 3841 2508 3896 nimiae
2525 3843 2829 3900 dilectionis
2854 3846 3203 3914 desiderium,
3226 3863 3547 3920 semperque
3572 3850 3792 3907 divinus

2195 3937 2337 4008 ignis
2377 3939 2518 3993 intra
2548 3955 2636 3995 me
2665 3941 2908 3996 arderet!
2950 3942 3169 3999 Utinam
3215 3944 3308 3999 illa
3339 3944 3480 4013 ligna
3506 3945 3788 4012 haberem,

2194 4035 2391 4103 quibus
2409 4034 2495 4089 ille
2516 4036 2655 4104 ignis
2664 4036 2865 4108 jug‘ter
2892 4038 3149 4104 aleretur,
3178 4046 3525 4109 pasceretur,
3558 4056 3790 4096 succen-

2195 4125 2436 4193 deretur,
2491 4135 2547 4182 et
2598 4127 2688 4183 illa
2739 4128 2951 4184 ﬂamma
2996 4131 3315 4197 nutriretur,
3349 4146 3468 4200 quae
3515 4131 3793 4203 exstingui

2195 4219 2449 4283 nesciret,
2488 4221 2581 4275 sed
2610 4222 2795 4292 augeri
2825 4221 3016 4277 sciret!
3054 4222 3273 4278 Utinam
3303 4222 3427 4277 talis
3460 4238 3643 4278 esseni
3678 4239 3793 4278 rne-

2196 4309 2311 4374 rili,
2343 4319 2401 4364 ut
2446 4326 2566 4366 mea
2620 4312 2839 4367 lucerna
2887 4328 3101 4383 semper
3150 4321 3258 4368 tota
3309 4322 3466 4369 nocte
3506 4316 3559 4369 in
3591 4313 3794 4384 templo

2196 4395 2407 4451 Domini
2437 4397 2533 4451 Dei
2562 4399 2666 4453 mei
2702 4400 2937 4465 arderet,
2969 4409 3029 4455 ut
3053 4402 3305 4455 omnibus
3330 4402 3548 4456 domum
3581 4402 3683 4457 Dei
3713 4403 3794 4457 in.

2201 4486 2471 4539 trantibus
2498 4486 2731 4542 luceret!
2763 4488 2841 4543 Da
2872 4491 3026 4557 mihi,
3066 4490 3308 4557 Domine,
3342 4506 3474 4563 rogo
3504 4500 3579 4557 te,
3612 4492 3670 4547 in
3698 4507 3796 4547 no-

2200 4574 2482 4632 mineJesu
2499 4578 2725 4645 Christi,
2748 4580 2869 4635 Filii
2903 4583 2977 4635 tui
3004 4582 3098 4637 Dei
3118 4583 3246 4647 mei,
3274 4583 3441 4647 illam,
3471 4599 3593 4654 quae
3620 4582 3795 4639 nescit

2199 4668 2417 4733 cadere,
2451 4670 2770 4725 charitatem
2808 4688 2820 4723 :
2856 4679 2917 4725 ut
2946 4687 3065 4726 mea
3109 4672 3326 4728 lucerna
3373 4675 3597 4729 accendi
3630 4675 3792 4739 sciat,

2195 4762 2466 4833 exstingui
2492 4764 2726 4830 nesciat;
2756 4763 2888 4818 mihi
2918 4765 3122 4829 ardeat,
3160 4766 3281 4820 aliis
3309 4766 3505 4822 luceat.
3543 4768 3623 4823 Tu
3654 4770 3790 4840 ipse,

2196 4850 2443 4918 Christe,
2499 4852 2746 4911 lucernas
2790 4865 3005 4911 nostras
3054 4857 3351 4913 accendere
3399 4860 3675 4929 digneris,
3724 4876 3797 4915 ac

2192 4943 2523 5002 lucidissime
2567 4946 2816 5004 Salvator
2839 4959 3049 5016 noster,
3078 4967 3185 5021 quo
3208 4961 3468 5023 perpetue
3490 4954 3705 5010 luceant
3734 4955 3796 5009 in

2188 5038 2391 5107 templo
2424 5047 2533 5104 tuo,
2562 5056 2625 5096 ac
2672 5055 2907 5111 perenne
2952 5043 3132 5099 lumen
3173 5061 3203 5100 a
3236 5053 3305 5109 te,
3336 5048 3561 5115 perenni
3591 5047 3797 5102 lumine

2195 5129 2483 5199 accipiant,
2525 5140 2587 5185 ut
2642 5132 2880 5188 tenebrm
2922 5143 3122 5190 nostras
3178 5136 3573 5205 illuminentur,
3606 5134 3797 5196 mundi

2196 5229 2380 5276 autem
2411 5224 2644 5279 tenebrae
2686 5224 2942 5296 fugentur
2974 5247 2985 5281 :
3022 5228 3100 5284 sic
3129 5228 3311 5287 lumen
3359 5247 3496 5288 meae
3540 5233 3800 5305 largiaris

2195 5312 2452 5379 lucernae,
2478 5331 2609 5388 rogo
2634 5324 2711 5384 te,
2736 5316 2966 5374 Domine
2994 5318 3142 5387 Jesu,
3168 5328 3227 5375 ut
3252 5322 3394 5378 illius
3421 5323 3646 5381 luminis
3673 5324 3794 5382 cla-

2201 5407 2366 5463 ritate
2392 5447 2406 5473 ,
2454 5407 2545 5461 illa
2595 5409 2669 5464 ita
2717 5411 2851 5466 mihi
2893 5419 3081 5468 sancta
3119 5424 3431 5470 sanctorum
3468 5425 3796 5488 appareant,

2201 5514 2320 5569 qua:
2345 5507 2396 5555 te
2428 5508 2689 5556 aeternum
2716 5503 3031 5573 pontificem
3055 5514 3383 5563 aeternorum
3426 5508 3481 5563 in
3513 5508 3795 5565 interiori:

2197 5592 2301 5650 bus
2324 5596 2502 5667 magni
2530 5595 2673 5651 illius
2710 5598 2789 5651 tui
2834 5599 3016 5668 templi
3052 5599 3144 5655 illo
3195 5600 3487 5657 intrantem
3526 5601 3791 5668 habeant,

2198 5704 2306 5759 quo
2336 5697 2388 5744 te
2402 5689 2604 5761 iugiter
2626 5692 2998 5746 tantummodo
3025 5695 3302 5763 aspiciam,
3338 5695 3662 5761 desiderem,
3685 5710 3795 5751 ex-

2200 5788 2461 5855 spectem.
2496 5781 2733 5844 Tantum
2756 5791 2809 5842 te
2830 5798 3022 5847 amans
3053 5788 3455 5869 concupiscam.
3486 5787 3659 5850 Tuum
3678 5789 3788 5862 sit,
