4038 6336
268 295 379 354 585

1263 267 1769 345 umectam;
1806 281 2077 339 OFFICIA
2119 282 2250 338 pen
2290 282 2557 340 FERIAS.

3450 286 3555 342 586

268 425 478 487 quaso,
508 409 580 465 ita
607 414 661 463 te
690 406 845 462 nobis
889 404 1226 476 pulsantibus
1254 403 1647 467 demonstrare,
1672 416 1859 455 aman—
1884 402 1935 461 Δ
1961 399 2184 470 spiritus
2205 402 2334 465 mei,
2372 410 2425 456 et
2451 403 2694 472 corporis
2725 403 2831 458 mei
2870 416 2992 457 cum
3020 405 3271 461 omnibus
3310 408 3559 476 personis

268 504 482 561 tissime
527 501 776 556 Salvator
820 505 1026 563 uoster,
1055 505 1114 551 ut
1144 504 1195 550 te
1233 495 1462 565 amplius
1505 493 1862 564 intelligentes

271 603 328 652 te
363 602 574 649 tantum
614 606 877 655 amemus,
911 598 964 644 te
1012 589 1185 644 solum
1227 588 1312 643 die
1354 602 1418 640 ac
1448 594 1605 641 nocte
1633 586 1863 640 medite-

270 704 419 752 mur,
455 685 610 756 107
643 697 857 752 semper
898 682 964 737 de
996 689 1046 736 te
1090 681 1431 750 cogitemus:
1465 687 1518 734 et
1555 679 1607 732 in
1655 685 1863 732 tantum

271 781 433 837 nobis
466 788 612 832 tuam
644 776 912 846 inspirare
943 773 1180 845 digneris
1207 772 1568 836 dilectionem,
1600 782 1863 841 quantum

272 872 449 927 amar-i
472 871 638 925 Deum
663 868 818 923 decet
838 882 902 921 ac
924 864 1094 935 diligi,
1113 872 1171 919 ut
1192 864 1373 918 omnia
1395 862 1654 917 interiora
1681 868 1865 915 nostra

269 971 369 1019 tua
392 962 613 1032 impleat
628 960 862 1023 dilectio,
882 966 1130 1027 totosque
1145 971 1246 1011 nos
1270 964 1393 1010 tuus
1405 953 1861 1031 possideatamor,

270 1064 370 1110 tua
413 1052 634 1122 impleat
666 1051 925 1115 charitas,
956 1057 1015 1103 ut
1060 1058 1151 1103 tua
1182 1048 1337 1120 igniti
1368 1046 1634 1101 charitate
1668 1051 1868 1114 prmter

271 1155 329 1201 te
375 1145 521 1200 aliud
544 1159 727 1199 amare
760 1142 1086 1206 nesciamus,
1113 1155 1220 1211 quo
1247 1147 1395 1193 tanta
1423 1137 1665 1193 charitas
1712 1136 1867 1206 aquis

272 1236 467 1293 multis
490 1235 648 1304 hujus
676 1236 839 1299 aeris,
874 1233 1035 1303 hujus
1066 1242 1245 1297 terrae,
1271 1230 1536 1301 hujusque
1559 1229 1725 1284 maris
1750 1243 1868 1283 exs-

273 1329 453 1401 tingui
498 1328 554 1383 in
601 1328 758 1383 nobis
784 1334 1019 1396 nequeat
1061 1344 1073 1379 :
1112 1324 1267 1395 juxta
1301 1322 1453 1388 illud,
1493 1321 1656 1393 Aqua:
1686 1317 1866 1373 multa:

271 1436 381 1475 non
418 1428 658 1490 poterunt
686 1420 1016 1489 exstinguere
1046 1418 1358 1471 charitatem
1397 1433 1410 1468 :
1444 1414 1589 1484 quod
1626 1413 1680 1468 in
1712 1411 1868 1466 nobis

267 1527 491 1585 quoque
515 1510 773 1581 compleri
809 1509 895 1565 vel
936 1525 1005 1564 ex
1049 1516 1203 1578 parte
1230 1507 1373 1561 Deus
1418 1504 1602 1569 faciat,
1632 1504 1867 1558 donante

268 1605 506 1661 Domino
531 1612 718 1659 nostro
746 1601 873 1657 Jesu
901 1600 1141 1656 Christo.

752 1752 983 1792 EIUSDEI
1013 1752 1139 1791 ΑΗΔ
1169 1750 1388 1791 ORATIO.
1893 1764 1945 1823 Β

343 1855 498 1927 Apud
529 1869 631 1910 nos
660 1853 783 1919 fias,
814 1865 1146 1921 quaesumus,
1181 1848 1432 1912 Domine,
1483 1856 1542 1901 ut
1569 1861 1669 1901 nos
1696 1843 1875 1900 defen-

266 1951 370 2007 das
396 1948 452 2004 in
476 1947 649 2019 gloria
674 1963 686 2000 :
734 1946 878 2000 intra
908 1959 1007 1998 nos
1036 1942 1137 1997 fias
1156 1982 1172 2008 ,
1200 1948 1261 1995 ut
1289 1955 1389 1995 nos
1423 1938 1692 2009 recipias:
1727 1936 1875 1990 circa

266 2056 373 2099 nos
398 2040 522 2105 fias,
561 2045 623 2092 ut
650 2051 751 2091 nos
779 2049 1069 2091 conserves
1097 2052 1110 2087 :
1146 2039 1274 2086 ante
1302 2046 1402 2086 nos
1431 2030 1551 2095 fias,
1573 2037 1635 2083 ut
1661 2042 1759 2082 nos
1788 2024 1878 2080 de-

265 2135 442 2192 ducas
464 2153 478 2189 :
504 2146 605 2205 pro
623 2130 781 2187 nobis
807 2132 929 2195 tias,
958 2137 1018 2184 ut
1036 2144 1136 2199 pro
1159 2126 1315 2182 nobis
1333 2124 1642 2179 intercedas
1669 2140 1681 2176 :
1714 2134 1878 2190 super

265 2231 459 2289 omnia
496 2227 616 2293 ﬁas,
660 2232 722 2280 ut
743 2239 844 2280 nos
880 2221 1198 2287 benedicas,
1247 2226 1303 2276 et
1326 2232 1592 2289 provoces
1620 2215 1689 2270 ad
1724 2221 1876 2268 tuum

266 2338 526 2398 regnum,
542 2319 649 2391 .qui
672 2318 812 2373 vivis
834 2324 889 2373 et
915 2330 1132 2389 regnas.

334 2458 535 2524 ITEM
578 2455 944 2520 SABBATO
978 2455 1060 2516 IN
1103 2449 1439 2516 HONORE
1481 2447 1811 2511 OMNIUM

821 2556 1310 2621 SANCTORUM

502 2704 760 2766 ORATIO
783 2701 1030 2761 SANCTI
1052 2697 1385 2757 GREGORII
1410 2693 1636 2753 ΡΑΡᾸΞ.

351 2824 496 2881 Deus
526 2821 868 2892 omnipotens
905 2817 1067 2873 Pater
1105 2822 1160 2871 et
1189 2813 1360 2870 Filius
1402 2823 1457 2868 et
1486 2810 1721 2883 Spiritus
1761 2826 1884 2867 san-

267 2926 422 2983 ctus,
469 2915 632 2971 unica
663 2912 902 2967 Trinitas
927 2910 983 2965 in
1010 2908 1183 2964 tribus
1210 2905 1483 2980 pemonis,
1525 2903 1617 2975 qui
1648 2919 1708 2959 es
1738 2904 1882 2959 idem

267 3020 336 3069 et
359 3008 453 3081 qui
478 3023 624 3073 eras,
655 3013 711 3062 et
732 3004 825 3075 qui
849 3010 1110 3059 venturus
1137 3017 1217 3056 es.
1267 2998 1465 3054 Libera
1488 3012 1597 3063 me,
1628 2996 1879 3062 Domine,

268 3104 351 3160 ab
395 3100 647 3158 omnibus
675 3096 914 3169 peccatis
953 3093 1091 3151 meis
1134 3102 1190 3149 et
1215 3092 1319 3148 ista
1362 3089 1714 3154 mortalitate,
1765 3096 1819 3143 et
1851 3104 1882 3145 a

270 3203 460 3253 morte
481 3207 678 3265 paenae,
722 3207 753 3246 a
779 3191 965 3263 planta
994 3203 1166 3260 usque
1194 3186 1262 3241 ad
1298 3185 1560 3241 verticem
1582 3224 1597 3249 ,
1638 3184 1786 3237 intus
1830 3189 1887 3236 et

271 3289 435 3346 foris.
477 3285 803 3342 lntereedite
840 3300 941 3355 pro
979 3298 1067 3338 me
1098 3288 1288 3336 sancta
1328 3278 1611 3334 cherubim
1636 3319 1650 3343 ,
1694 3285 1886 3332 sancta

269 3381 580 3452 seraphim,
620 3376 796 3433 sancti
832 3376 1038 3440 throni,
1071 3380 1275 3429 sanctae
1302 3370 1725 3436 dominationes,
1756 3385 1886 3423 san-

271 3476 358 3533 cti
387 3474 750 3546 principatus,
802 3477 1003 3527 sanctae
1041 3474 1365 3538 potestates,
1397 3472 1602 3520 sanctae
1630 3465 1885 3528 virtutes,

273 3567 459 3626 sancti
488 3564 688 3637 angeli,
720 3563 895 3619 sancti
924 3558 1254 3630 archangeli.
1286 3557 1485 3612 Sancte
1506 3554 1743 3619 Gabriel,
1769 3569 1889 3609 san-

272 3666 368 3715 cte
394 3652 648 3717 Michael,
676 3661 864 3709 sancte
894 3648 1158 3722 Raphael,
1192 3657 1346 3703 orate
1381 3664 1479 3719 pro
1509 3662 1615 3701 me.
1658 3646 1890 3701 Interce-

276 3751 395 3808 dite
420 3764 520 3819 pro
547 3764 634 3802 me
653 3788 667 3814 ,
704 3744 880 3801 sancti
906 3739 1253 3813 patriarchze,
1285 3738 1463 3794 sancti
1493 3738 1679 3802 duces,
1711 3737 1887 3791 sancti

268 3840 515 3912 judices,
554 3838 729 3893 sancti
775 3834 1108 3898 sacerdotes,
1154 3830 1331 3886 sancti
1373 3828 1671 3899 prophetae,
1711 3826 1887 3881 sancti

277 3952 467 4007 reges,
506 3931 681 3988 sancti
710 3928 1023 3993 Machahaai,
1069 3925 1243 3981 sancti
1272 3921 1532 3977 Infantes.
1565 3919 1889 3975 lntercedite

279 4046 385 4103 pro
408 4043 497 4083 me
518 4026 776 4081 nativitas
799 4020 1023 4086 Christi,
1052 4019 1254 4076 Christi
1287 4016 1653 4079 circumcisio,
1684 4014 1887 4070 Christi

278 4124 578 4196 baptisma,
608 4118 810 4176 Christi
851 4115 1118 4187 operatio,
1163 4111 1368 4168 Christi
1396 4110 1652 4173 virtutes,
1683 4107 1887 4163 Christi

280 4218 560 4283 doctrina,
596 4214 800 4272 Christi
832 4229 989 4277 crux,
1020 4209 1221 4266 Christi
1253 4208 1457 4273 anima,
1504 4205 1708 4262 Christi
1734 4221 1884 4273 caro,

279 4309 495 4367 Christi
523 4304 874 4370 resurrectio,
903 4301 1105 4358 Christi
1132 4298 1441 4364 descensio,
1472 4296 1675 4352 Christi
1701 4312 1889 4352 ascen-

280 4403 387 4458 sio.
423 4399 627 4455 Sancta
667 4395 859 4459 Maria,
898 4392 1073 4447 sancti
1102 4389 1357 4461 apostoli,
1404 4388 1581 4443 sancti
1612 4386 1885 4458 discipuli,

1966 492 2104 547 meis
2131 492 2277 546 intus
2309 500 2364 547 ct
2392 492 2544 559 foris,
2576 510 2605 547 a
2640 495 2821 565 planta
2861 512 3033 567 usque
3060 497 3127 551 ad
3158 498 3454 555 verticem:
3487 501 3559 555 vi-

1968 584 2075 647 sui,
2105 584 2335 648 auditui,
2368 585 2638 650 odoratui,
2686 588 2898 658 gustui,
2942 589 3110 643 tactui
3131 632 3144 655 ,
3178 590 3328 645 carni
3355 600 3411 647 et
3439 608 3559 647 san-

1969 674 2116 743 guini
2139 690 2262 728 cum
2294 676 2546 730 omnibus
2576 678 2812 743 ossibus,
2855 687 2910 732 et
2938 681 3143 745 nervis,
3186 690 3240 736 et
3264 682 3565 739 visceribus

1968 768 2125 833 meis,
2173 768 2351 833 venis,
2398 768 2669 835 medullis,
2715 773 3085 843 compagibus,
3133 762 3355 829 artubus
3402 776 3564 844 meis,

1970 861 2104 925 cuti,
2134 862 2402 916 meatibus
2424 861 2579 917 meis.
2631 862 2737 917 Per
2765 872 2818 919 te
2842 865 3006 932 enim,
3030 865 3156 922 .lcsu
3188 866 3421 935 Christe,
3453 885 3570 925 om-

1970 952 2061 1007 nia
2086 953 2451 1020 vivificantur,
2481 962 2535 1009 et
2554 954 2911 1024 inspirantur,
2944 967 2995 1012 et
3028 968 3325 1029 mutantur,
3352 971 3407 1018 et
3433 977 3568 1019 sana

1970 1052 2118 1099 sunt.
2169 1044 2398 1118 Protege
2437 1062 2544 1113 me,
2578 1046 2826 1113 Domine,
2858 1066 2888 1103 a
2929 1050 3138 1106 dextris
3163 1063 3219 1108 et
3244 1070 3273 1107 a
3306 1055 3568 1125 sinistris,

1971 1144 2098 1189 ante
2131 1143 2186 1190 et
2214 1145 2378 1202 retro,
2427 1139 2618 1193 subtus
2660 1147 2715 1193 et
2738 1156 2917 1209 supra,
2961 1141 3014 1194 in
3047 1158 3193 1210 aere,
3232 1145 3286 1199 in
3314 1154 3481 1215 terra,
3512 1148 3569 1204 in
3622 1198 3627 1199 ,

1970 1230 2149 1298 aquis,
2184 1229 2237 1282 in
2266 1230 2424 1296 mari,
2464 1231 2518 1284 in
2545 1228 2710 1297 flexu,
2742 1233 2793 1285 in
2822 1235 3123 1299 erectionc,
3168 1237 3221 1290 in
3258 1255 3468 1309 gressu,
3515 1241 3570 1296 in

1971 1321 2121 1386 sede,
2156 1322 2210 1375 in
2241 1322 2457 1388 stando,
2488 1323 2542 1376 in
2572 1324 2922 1389 ambulando,
2960 1326 3011 1379 in
3041 1327 3343 1397 vigilando,
3380 1330 3435 1383 in
3458 1331 3575 1386 dor-

1970 1414 2212 1480 miendo,
2244 1413 2300 1467 in
2321 1414 2462 1479 loco,
2492 1415 2546 1468 in
2574 1416 2722 1469 omni
2759 1416 2915 1481 hora,
2949 1417 3003 1470 in
3035 1418 3179 1471 omni
3212 1418 3317 1484 die,
3348 1420 3403 1473 in
3426 1420 3575 1474 omni

1972 1513 2151 1571 nocte,
2186 1505 2240 1559 in
2272 1507 2419 1559 omni
2452 1507 2580 1561 vita.
2622 1506 2829 1575 Adjuva
2860 1526 2970 1574 me,
3003 1510 3215 1564 custodi
3259 1527 3369 1577 me,
3404 1511 3579 1569 Trini-

1973 1606 2057 1654 tas
2088 1608 2274 1655 sancta
2294 1642 2308 1667 ,
2350 1603 2695 1672 omnipotens
2725 1604 2887 1659 Deus.
2930 1605 3126 1661 Libera
3168 1623 3254 1662 me
3278 1649 3291 1674 ,
3325 1608 3577 1677 Domine,

1973 1692 2043 1747 ab
2101 1694 2247 1747 omni
2299 1694 2445 1749 malo
2482 1697 2791 1766 praeterito,
2839 1700 3095 1768 przesenti
3142 1709 3198 1755 et
3243 1701 3422 1759 futuro
3458 1724 3470 1758 :
3514 1705 3582 1761 de

1977 1786 2236 1857 periculis
2264 1796 2444 1856 teme,
2490 1797 2546 1844 et
2574 1790 2764 1856 maris,
2796 1800 2850 1845 et
2880 1794 3121 1847 omnium
3168 1796 3465 1853 bestiarum
3484 1841 3499 1864 ,
3527 1807 3585 1854 et

1976 1878 2444 1948 phantasmatum,
2490 1888 2546 1936 et
2586 1881 2891 1947 volucrum,
2936 1892 2992 1938 et
3030 1886 3478 1957 quadrupedum,
3528 1897 3584 1945 et

1978 1972 2334 2041 serpentium.
2378 1972 2618 2028 Defende
2648 1990 2735 2029 me
2765 1975 2833 2030 ab
2860 1976 2984 2047 igne
3008 1986 3064 2031 et
3104 1977 3333 2049 fulgure,
3378 1997 3407 2034 a
3450 1982 3584 2037 toni-

1979 2072 2122 2131 truo,
2169 2080 2200 2119 a
2230 2065 2516 2137 grandine,
2559 2083 2589 2121 a
2614 2068 2761 2134 nive,
2791 2085 2821 2122 a
2842 2068 3045 2139 pluvia,
3083 2087 3112 2125 a
3135 2072 3335 2138 ventis,
3365 2089 3394 2127 a
3433 2073 3580 2129 hiatu

1980 2165 2162 2223 terrm,
2189 2173 2219 2211 a
2266 2159 2502 2225 turbine,
2537 2175 2569 2214 a
2596 2168 2755 2215 terrae
2778 2170 2951 2227 motu,
2979 2163 3048 2217 ab
3076 2164 3330 2220 omnibus
3352 2166 3584 2223 homini-

1977 2247 2080 2303 bus
2109 2247 2289 2316 malis,
2335 2265 2367 2303 a
2396 2250 2700 2323 veneficiis,
2737 2252 2807 2307 ab
2845 2252 3045 2307 invidis
3074 2253 3267 2311 oculis.
3318 2256 3431 2328 Ego
3458 2273 3586 2313 con-

1979 2339 2136 2396 fiteor
2166 2339 2503 2411 impietatem
2537 2344 2748 2413 peccati
2777 2344 2883 2400 mei
2911 2363 2923 2399 :
2970 2355 3228 2416 peccator
3263 2348 3410 2403 enim
3440 2365 3581 2417 sum,

1979 2437 2035 2486 et
2059 2431 2128 2487 de
2151 2441 2381 2503 peccato
2426 2441 2607 2490 natus.
2644 2433 2725 2489 Tu
2764 2444 2947 2491 autem
2976 2451 3140 2493 verus
3167 2438 3312 2495 Deus
3342 2443 3588 2513 omnipo-

1980 2533 2102 2582 tens
2131 2527 2249 2583 sine
2294 2536 2538 2597 peccato.
2582 2529 2734 2602 Rogo
2772 2530 2989 2587 Patrem
3028 2547 3127 2603 per
3166 2533 3384 2589 Filium.
3435 2535 3587 2609 Rogo

1980 2616 2177 2673 Filium
2201 2635 2301 2689 per
2322 2620 2557 2677 Patrem.
2611 2622 2763 2695 Rogo
2793 2623 3055 2695 Spiritum
3082 2635 3332 2682 sanetum
3360 2645 3460 2699 per
3483 2630 3587 2685 Pa-

1981 2716 2123 2767 trem
2152 2721 2207 2767 et
2233 2713 2454 2781 Filium,
2496 2724 2557 2770 ut
2584 2725 2640 2771 et
2676 2718 2857 2772 omnia
2891 2717 3025 2772 vitia
3060 2718 3384 2791 elongentur
3411 2738 3442 2776 a
3472 2739 3583 2789 me,

1981 2813 2039 2860 et
2080 2820 2272 2862 omnes
2314 2818 2517 2863 sanctae
2559 2810 2791 2865 virtutes
2839 2810 3153 2882 plantentur
3191 2814 3248 2868 in
3294 2830 3400 2870 me.
3444 2816 3587 2874 Deus

1983 2897 2271 2965 immense,
2306 2902 2467 2974 108
2487 2918 2517 2956 a
2547 2918 2654 2972 quo
2680 2904 2884 2971 omnia,
2909 2919 3007 2975 per
3033 2921 3194 2975 quem
3219 2908 3403 2964 omnia
3424 2918 3584 2966 sunt:

1984 2992 2041 3048 in
2071 3008 2180 3063 quo
2222 2994 2407 3048 omnia
2432 2994 2577 3051 facta
2607 3006 2755 3063 sunt,
2787 2997 3023 3053 visibilia
3065 3007 3119 3053 et
3143 2999 3457 3077 invisibilia,
3499 3020 3589 3059 su-

1986 3101 2083 3155 pra
2111 3094 2322 3157 tegens,
2351 3095 2407 3142 et
2440 3087 2581 3144 infra
2607 3087 2814 3157 ferens,
2852 3108 3017 3163 opera
3052 3103 3142 3151 tua
3175 3106 3331 3152 extra
3361 3096 3566 3154 circum

1990 3178 2147 3245 dans,
2180 3179 2321 3234 intra
2349 3181 2585 3252 replens.
2614 3181 2837 3239 Custodi
2865 3201 2974 3252 me,
2999 3186 3249 3256 Domine,
3281 3198 3588 3246 creaturam

1986 3277 2135 3324 tuam
2163 3287 2336 3340 usque
2377 3272 2434 3326 in
2468 3275 2881 3345 sempiternum.
2931 3277 3042 3335 Hos
3069 3296 3259 3337 omnes
3300 3282 3495 3339 invoco
3533 3284 3588 3340 in

1987 3362 2245 3418 auxilium
2280 3379 2479 3419 meum.
2508 3364 2631 3421 Per.

2203 3498 2526 3557 PSALMUS
2563 3500 2633 3556 IN
2667 3501 2950 3561 HONORE
2993 3507 3050 3563 S.
3090 3508 3353 3566 MARIIE.

2061 3639 2243 3711 (PSAL.
2267 3640 2438 3712 xuv.)
2466 3642 2748 3698 Eructavit
2774 3660 2870 3701 cor
2899 3663 3079 3703 meum
3098 3650 3324 3705 verbum
3354 3651 3587 3709 bonum:

1988 3734 2129 3789 dico-
2160 3750 2260 3806 ego
2306 3751 2470 3805 opera
2524 3753 2645 3792 mea
2698 3738 2851 3810 Regi.
2911 3741 3119 3813 Lingua
3174 3760 3295 3799 mea
3348 3746 3592 3803 calamus

1990 3828 2183 3883 scriba:
2230 3829 2494 3884 velociter
2542 3831 2851 3886 scribentis.
2918 3832 3208 3902 Speciosus
3257 3836 3431 3892 forma
3480 3853 3593 3909 pra:

1990 3919 2117 3974 ﬁliis
2148 3920 2449 3987 hominum,
2482 3921 2678 3978 diffusa
2711 3932 2795 3979 est
2816 3925 2988 3996 gratia
3020 3926 3075 3979 in
3105 3926 3262 3983 labiis
3294 3930 3401 3985 tuis
3428 3949 3438 3984 :
3473 3947 3595 4001 pro-

1988 4022 2174 4084 pterea
2205 4014 2486 4070 benedixit
2514 4024 2565 4071 le
2591 4016 2735 4070 Deus
2766 4018 2820 4071 in
2844 4026 3128 4073 :cternum.
3158 4019 3458 4093 Accingere
3489 4024 3596 4096 gla-

1988 4107 2079 4163 dio
2102 4117 2193 4163 tuo
2222 4123 2384 4178 super
2413 4107 2588 4164 femur
2616 4118 2791 4177 tuum,
2833 4112 3227 4182 potentissime.
3280 4114 3473 4185 Specie
3505 4124 3593 4171 tua

1990 4209 2045 4256 et
2069 4202 2470 4272 pulchritudine
2504 4211 2593 4257 tua
2621 4222 2632 4258 :
2666 4206 2909 4270 intende,
2956 4223 3236 4277 prospere,
3269 4212 3502 4279 procede
3541 4221 3598 4267 et

1989 4309 2176 4365 regna.
2213 4293 2441 4364 Propter
2471 4296 2756 4352 veritatem
2786 4306 2839 4353 et
2864 4303 3338 4358 mansuetudinem
3362 4313 3415 4359 et
3437 4304 3572 4373 justi

1992 4387 2162 4442 tiam:
2210 4394 2265 4441 ct
2282 4386 2513 4442 deducet
2535 4396 2585 4443 te
2606 4389 2931 4446 mirabiliter
2959 4393 3182 4448 dextera
3215 4404 3323 4450 tua.
3370 4396 3592 4469 Sagittae

282 4494 468 4552 sancti
487 4503 855 4554 successores,
884 4486 1060 4543 sancti
1086 4485 1354 4555 baptistac,
1384 4481 1557 4537 sancti
1587 4481 1886 4552 principes,
1916 4516 1966 4576 υ
1993 4494 2100 4541 tuae
2127 4493 2319 4551 acum,
2372 4486 2555 4556 populi
2587 4489 2689 4542 sub
2718 4496 2769 4543 te
2798 4489 2997 4544 cadent
3046 4490 3100 4545 in
3143 4493 3307 4548 corda
3350 4494 3597 4550 inimico.

284 4588 466 4645 sancti
506 4589 785 4659 episcopi,
830 4585 1005 4643 sancti
1049 4582 1374 4655 presbyteri,
1423 4579 1600 4636 sancti
1648 4578 1887 4645 diaconi,

284 4681 467 4738 sancti
505 4679 848 4744 subdiaconi,
881 4676 1058 4733 sancti
1087 4676 1340 4739 lectores,
1374 4672 1549 4729 sancti
1581 4673 1888 4738 exorcistze,

284 4774 465 4829 sancti
494 4780 784 4843 martyres,
831 4769 1006 4826 sancti
1035 4768 1399 4831 confessores,
1443 4766 1619 4820 sancti
1661 4764 1895 4820 anacho-

285 4875 442 4932 reta,
459 4866 635 4921 sancti
660 4863 934 4927 monachi,
959 4860 1131 4917 sancti
1163 4859 1370 4924 clerici,
1393 4858 1569 4913 sancti
1596 4856 1745 4921 laici,
1772 4872 1893 4911 san-

284 4966 387 5013 cla:
426 4955 669 5026 virgines
689 4995 705 5019 ,
749 4960 952 5007 sancta:
976 4965 1200 5015 uxores,
1232 4948 1409 5004 sancti
1438 4946 1667 5012 domini,
1713 4946 1891 5001 sancti

283 5048 456 5113 servi,
490 5047 665 5101 sancti
705 5045 925 5109 divites,
970 5042 1145 5099 sancti
1168 5056 1467 5112 pauperes,
1509 5038 1683 5093 sancti
1716 5038 1899 5093 docto-

284 5157 375 5198 res
395 5182 409 5206 ,
438 5140 617 5195 sancti
642 5138 864 5203 fratres,
904 5144 1109 5191 sanctae
1133 5149 1370 5190 sorores.
1416 5130 1623 5186 Horum
1651 5130 1894 5185 omnium

282 5233 618 5307 generaliter
665 5233 885 5288 nomina
915 5273 929 5297 ,
970 5238 1027 5286 et
1072 5228 1383 5294 memoriae,
1434 5236 1490 5284 et
1532 5227 1756 5298 spiritus
1782 5269 1797 5293 ,
1842 5234 1897 5283 et

280 5330 509 5394 animae,
559 5334 613 5383 et
643 5333 847 5383 sancta:
876 5324 1260 5397 cogitat'mnes,
1306 5329 1361 5378 et
1400 5329 1591 5376 sancta
1619 5322 1809 5387 verba,
1841 5328 1897 5376 et

280 5431 481 5481 sancta
506 5437 694 5492 opera,
725 5430 781 5477 et
810 5421 1008 5475 merita
1044 5418 1100 5473 in
1130 5416 1313 5483 cmlis,
1347 5424 1402 5471 et
1428 5415 1673 5487 reliquiae
1700 5417 1756 5470 in
1786 5424 1895 5471 ter-

279 5516 387 5581 ris,
414 5521 473 5569 et
495 5513 700 5567 divitiae
724 5511 987 5567 bonitatis
1015 5508 1146 5575 Dei,
1171 5516 1226 5563 et
1247 5507 1698 5579 longanimitatis,
1730 5515 1786 5562 et
1805 5522 1899 5579 pa-

279 5608 520 5674 tientia,
552 5615 609 5663 et
636 5604 1062 5662 misericordiae:
1108 5604 1226 5658 haec
1251 5603 1434 5657 omnia
1459 5602 1515 5656 in
1543 5602 1763 5658 nomine
1793 5601 1899 5658 Do-

278 5704 429 5760 mini
467 5702 641 5758 nostri
664 5701 793 5757 Jesu
832 5699 1057 5766 Christi,
1090 5699 1202 5755 sint
1225 5707 1402 5767 scuta,
1433 5698 1545 5754 sint
1573 5698 1759 5771 galeae,
1790 5698 1903 5754 sint

281 5802 585 5869 sanitates,
616 5799 729 5856 sint
751 5794 1030 5867 suffragia,
1071 5794 1181 5851 sint
1214 5794 1398 5851 loricae
1428 5794 1624 5852 anima:
1650 5810 1806 5863 meae,
1846 5800 1901 5853 et

624 5898 902 5975 ration.
947 5888 1049 5971 CI.

888 6014 961 6051 Α

1998 4595 2120 4635 rum
2149 4580 2310 4652 regis.
2338 4579 2506 4637 Sedes
2536 4589 2623 4635 tua
2646 4582 2788 4638 Deus
2812 4584 2866 4638 in
2889 4584 3146 4640 smculum
3178 4588 3361 4643 smculi
3387 4607 3399 4642 :
3442 4589 3595 4661 virga

1999 4672 2334 4739 directionis,
2380 4673 2532 4745 virga
2563 4676 2715 4746 regni
2756 4675 2855 4728 tui.
2906 4675 3152 4731 Dilexisti
3188 4677 3493 4747 justitiam,
3542 4689 3593 4735 et

1998 4764 2161 4819 odisti
2205 4764 2588 4835 iniquitatem:
2641 4773 2925 4835 propterea
2973 4768 3130 4822 unxit
3169 4777 3221 4823 te
3260 4769 3427 4839 Deus,
3453 4772 3597 4827 Deus

1998 4864 2125 4912 tuus
2172 4857 2292 4913 oleo
2327 4856 2525 4913 la3titize
2569 4874 2681 4927 prae
2725 4861 3069 4917 consortibus
3115 4864 3240 4918 tuis.
3288 4864 3503 4937 Myrrha
3543 4874 3600 4922 et

2001 4959 2150 5021 gutta
2171 4959 2226 5006 et
2254 4951 2402 5006 casia
2427 4968 2458 5005 a
2480 4952 2820 5008 vestimentis
2849 4955 2953 5009 tuis
2975 4972 3005 5009 a
3030 4956 3277 5015 domibus
3305 4960 3591 5017 eburneis:

2002 5056 2071 5095 ex
2098 5040 2297 5109 quibus
2343 5041 2751 5098 delectaverunt
2789 5052 2843 5099 te
2900 5045 3023 5101 filim
3068 5064 3255 5120 regum
3302 5050 3358 5117 in
3390 5052 3597 5107 honore

2002 5145 2115 5192 tuo.
2144 5134 2333 5189 Astitit
2350 5134 2558 5207 Regina
2576 5153 2605 5190 a
2628 5136 2835 5194 dextris
2860 5140 2969 5195 tuis
2990 5141 3045 5195 in
3073 5143 3273 5197 vestitu
3303 5142 3591 5199 deaurato:

2003 5228 2339 5284 circumdata
2366 5229 2647 5285 varietate.
2694 5231 2833 5287 Audi
2880 5232 2987 5288 filia
3019 5242 3074 5289 et
3108 5234 3231 5289 vide
3253 5276 3266 5299 ,
3307 5243 3363 5289 et
3391 5234 3593 5291 inclina

2002 5337 2190 5377 aurem
2231 5329 2418 5378 tuam:
2471 5332 2526 5380 et
2570 5325 2891 5382 obliviscere
2930 5328 3183 5398 populum
3212 5336 3364 5383 tuum
3407 5337 3463 5383 et
3504 5327 3596 5384 do-

2004 5429 2152 5469 mum
2178 5416 2349 5486 patris
2388 5416 2486 5472 tui.
2518 5417 2586 5472 Et
2614 5421 2962 5490 concupiscet
2987 5420 3103 5477 Rex
3137 5421 3391 5479 decorem
3419 5432 3594 5493 tuum,

2005 5508 2260 5580 quoniam
2290 5510 2405 5580 ipse
2433 5518 2517 5567 est
2559 5511 2821 5569 Dominus
2850 5514 2992 5569 Deus
3020 5524 3163 5580 tuus,
3208 5523 3263 5570 et
3291 5516 3594 5574 adorabunt

2005 5616 2148 5657 eum.
2200 5600 2268 5656 Et
2293 5600 2415 5657 filiae
2438 5601 2567 5674 Tyri
2598 5603 2653 5657 in
2679 5605 2996 5662 muneribus
3023 5623 3035 5659 :
3082 5605 3288 5661 vultum
3329 5616 3480 5664 tuum
3508 5610 3599 5665 de-

2006 5696 2373 5767 precabuntur
2399 5712 2592 5753 omnes
2616 5696 2813 5753 divites
2838 5697 3031 5769 plebis.
3058 5698 3248 5755 Omnis
3273 5700 3442 5774 gloria
3473 5701 3598 5761 filiae

2008 5792 2155 5867 regis
2188 5792 2258 5847 ab
2282 5791 2449 5861 intus,
2481 5791 2538 5848 in
2568 5790 2800 5851 fimbriis
2827 5794 3033 5864 aureis,
3065 5796 3475 5857 circumamicta
3504 5816 3599 5875 vag-

3177 5898 3254 5965 19
