4038 6336
473 292 576 348 587

1314 289 1375 344 B.
1409 290 1470 345 F.
1512 288 1740 349 ALBIM
1779 288 1908 348 SEU
1949 290 2229 351 ΑιωιΝι
2266 292 2554 353 OPERUH
2588 294 2773 352 PARS
2806 294 2895 352 IV.

3648 304 3755 362 588

472 406 778 461 rietatibus.
846 403 1193 459 Adducentur
1254 404 1367 474 regi
1421 405 1657 475 virgines
1713 414 1836 474 post
1885 421 2004 461 eam
2041 425 2053 460 :
2088 409 2301 477 AQuia
2330 420 2541 469 rectum
2572 420 2659 467 est
2703 413 2927 469 verbum
2971 412 3205 481 Domini,
3258 422 3315 470 et
3357 417 3545 477 omnia
3587 432 3759 491 Opera

470 498 732 568 proximae
757 497 873 567 ejus
898 495 1191 550 afferentur
1215 494 1330 548 tibi.
1373 493 1679 549 Afferentur
1704 496 1759 550 in
1790 496 1973 551 lietitia
2003 504 2058 551 et

471 591 869 646 exsultatione:
902 589 1237 642 adducentur
1276 588 1331 642 in
1356 588 1613 658 templum
1640 591 1801 660 regis.
1837 590 1942 645 Pro
1970 608 2058 661 pa-

472 684 643 737 tribus
673 681 779 736 tuis
808 680 922 734 nati
949 687 1075 733 sunt
1102 679 1195 734 tibi
1226 678 1319 733 ﬁlii
1344 697 1357 733 :
1405 682 1701 738 constitues
1730 700 1821 739 eos
1859 684 2057 754 princi-

469 790 565 842 pes
611 790 772 842 super
808 786 1024 825 omnem
1060 780 1279 825 terram.
1332 770 1535 826 Memor
1582 789 1675 828 ero
1711 775 1946 831 nominis
1979 775 2053 829 tui

472 866 523 918 in
553 865 697 917 omni
728 863 1074 935 generatione
1105 872 1155 916 et
1186 863 1607 934 generationem.
1642 865 1933 936 Propterea
1967 883 2058 938 po-

470 956 575 1022 puli
609 955 1005 1009 ecliﬁtebuntur
1036 954 1129 1008 tibi
1176 955 1228 1009 in
1259 964 1555 1022 aeternum,
1609 966 1664 1011 et
1701 976 1755 1013 1n
1801 958 2057 1014 szeculutn

469 1050 671 1104 smruli.

538 1142 741 1195 Oratio.
777 1141 990 1197 Christe
1019 1141 1244 1196 Domine
1270 1141 1507 1199 Verbum
1532 1144 1731 1212 Patris,
1776 1162 1873 1216 per
1896 1163 2057 1219 quem

463 1242 658 1289 cuncta
686 1242 867 1289 creata
900 1241 1027 1287 sunt
1056 1242 1111 1288 ct
1136 1243 1391 1289 creantur
1415 1255 1425 1289 :
1453 1237 1687 1302 custodi,
1724 1254 2056 1307 qluesumus,

462 1328 761 1383 Ecclesium
787 1335 933 1381 tuam
969 1327 1231 1381 varietate
1258 1329 1501 1398 gentium
1531 1339 1913 1403 congregatum
1942 1373 1957 1396 ,
1999 1340 2061 1387 ut

462 1424 588 1477 dum
625 1430 673 1475 te
700 1437 763 1475 ex
795 1421 909 1491 ipsa
940 1419 1273 1474 credulitatis
1294 1419 1505 1490 justitia
1537 1424 1696 1478 corde
1720 1439 1856 1495 puro
1883 1424 2059 1496 diligi-

463 1534 606 1581 mus,
630 1514 990 1587 principatum
1019 1515 1207 1570 :etcrni
1228 1515 1409 1571 smculi
1432 1532 1556 1573 cum
1578 1516 1829 1575 Patribus
1856 1533 2061 1573 merea-

464 1625 603 1663 mur.
637 1608 759 1662 Per.

532 1698 649 1751 Λίὶιι
681 1700 869 1753 oratio.
904 1699 1131 1753 Domine
1161 1697 1303 1754 Deus
1349 1707 1559 1765 noster,
1610 1700 1763 1771 cujus
1795 1702 1954 1757 sedes
2000 1702 2054 1757 in

2155 500 2272 570 ejus
2314 503 2367 556 in
2400 503 2523 559 ﬁde.
2564 504 2749 576 Diligit
2777 505 3208 561 misericordiam
3240 517 3298 561 et
3319 508 3583 578 judicium
3610 528 3624 565 :
3660 514 3762 583 mi,

2156 595 2450 649 sericordia
2493 596 2706 651 Domini
2752 597 2916 667 plena
2963 607 3047 654 est
3090 606 3254 654 terra.
3314 599 3487 656 Verbo
3535 602 3757 678 Domini

2156 685 2280 740 emli
2312 686 2510 741 ﬁrmati
2546 695 2710 743 sunt:
2746 698 2804 745 et
2841 690 3037 761 spiritu
3075 690 3188 746 oris
3219 691 3337 763 ejus
3372 695 3555 750 omnis
3580 696 3761 753 virtus.

2157 790 2363 831 eorum.
2407 776 2752 852 Congregaus
2788 781 2933 836 sicut
2967 782 3025 836 in
3060 790 3181 837 utre
3211 799 3383 856 aquas
3415 788 3629 843 maris:
3664 805 3758 860 po-

2156 882 2293 924 nens
2331 870 2387 923 iu
2415 870 2684 929 thesauris
2717 873 2960 947 abyssos.
3012 873 3224 932 Timeat
3254 876 3545 934 Dominum
3574 882 3759 940 omnis

2158 968 2305 1017 terra
2333 982 2343 1015 :
2376 964 2444 1020 ab
2475 979 2540 1020 eo
2562 974 2743 1021 autem
2771 976 3216 1024 commoveantur
3239 984 3428 1027 omnes
3452 972 3761 1029 inhabitan-

2160 1060 2241 1109 tes
2268 1055 2475 1113 orbem.
2516 1056 2785 1125 Quoniam
2816 1058 2934 1130 ipse
2959 1059 3123 1125 dixit,
3165 1067 3222 1115 et
3254 1060 3397 1117 facta
3429 1071 3597 1121 sunt:
3640 1064 3760 1134 ipse

2158 1146 2457 1211 mandavit,
2484 1157 2541 1203 et
2572 1157 2755 1204 creata
2778 1159 2924 1207 sunt.
2952 1152 3219 1209 Dominus
3260 1154 3493 1225 dissipat
3524 1157 3761 1212 consilia

2159 1237 2439 1306 gentium:
2492 1241 2747 1311 reprobat
2795 1252 2976 1299 autem
3025 1245 3383 1319 cogitationes
3413 1248 3761 1320 populorum,

2160 1335 2215 1382 et
2258 1331 2513 1401 reprobat
2565 1333 2789 1390 consilia
2837 1336 3166 1407 principum.
3222 1338 3526 1397 Consilium
3575 1349 3763 1399 autem

2160 1419 2375 1476 Domini
2412 1423 2467 1477 in
2497 1430 2764 1481 aeternum
2790 1436 3009 1483 manet:
3051 1431 3407 1501 cogitationes
3434 1433 3623 1489 cordis
3641 1432 3765 1501 ejus

2160 1511 2217 1569 in
2263 1515 2612 1585 generatione
2638 1524 2697 1572 et
2726 1520 3154 1591 generationem.
3198 1522 3365 1579 Beata
3394 1540 3561 1596 gens,
3602 1528 3767 1598 cuius

2160 1610 2245 1655 est
2276 1603 2536 1659 Dominus
2563 1605 2706 1661 Deus
2743 1608 2860 1676 ejus
2884 1628 2896 1663 :
2933 1611 3163 1683 populus
3188 1628 3351 1683 quem
3379 1616 3542 1687 elegit
3574 1618 3630 1672 in
3654 1618 3765 1675 hae-

2160 1695 2446 1749 reditatem
2497 1697 2622 1751 sibi.
2677 1698 2753 1752 De
2803 1700 2942 1755 coelo
2979 1705 3221 1771 reSpexit
3270 1704 3565 1773 Dominus,
3621 1710 3765 1765 vidit

461 1790 717 1844 socculum
749 1792 929 1845 szrculi
952 1800 1132 1846 manet
1162 1811 1171 1844 :
1216 1802 1431 1863 praesta,
1463 1801 1523 1846 ut
1549 1794 1667 1859 tibi,
1700 1794 1815 1849 Rex
1843 1802 2049 1860 noster,
2079 1775 2131 1836 Β
2154 1798 2347 1840 omnes
2378 1786 2518 1840 ﬁlios
2551 1788 2848 1845 hominum-
2883 1791 2960 1847 De
2994 1804 3294 1864 praeparato
3320 1798 3631 1855 habitam“)
3661 1817 3764 1856 500

460 1897 621 1949 opera
651 1891 833 1937 nostra
866 1884 1186 1954 pandemus,
1217 1884 1303 1937 cui
1334 1894 1623 1955 antequam
1655 1883 1787 1941 ﬁant
1815 1893 1964 1952 nota,
1999 1892 2052 1940 et

458 1989 555 2042 per
578 1983 629 2029 te
653 1984 948 2045 przesentes
970 1984 1266 2046 potestates
1296 1976 1523 2031 scimus.
1556 1976 1679 2033 Per.

811 2090 1131 2149 PSALMUS
1157 2092 1695 2151 APOSTOLORUM.

530 2205 711 2277 (PSAL.
741 2206 922 2275 xvm.)
949 2204 1086 2261 lei
1116 2214 1379 2261 enarrant
1397 2207 1735 2277 gloriamDei
1763 2226 1774 2262 :
1805 2218 1860 2263 et
1886 2222 2051 2291 opera

457 2312 717 2353 manuum
770 2297 891 2366 ejus
947 2296 1237 2371 annuntiat
1283 2296 1703 2355 (irritamentum.
1772 2300 1897 2355 Dies
1942 2301 2052 2355 diei

456 2396 669 2447 eructat
687 2389 908 2445 verbum
936 2407 949 2441 :
980 2395 1035 2443 et
1059 2403 1167 2443 nox
1191 2389 1334 2444 nocti
1363 2391 1573 2446 indicat-
1593 2391 1898 2448 selentiam.
1932 2393 2051 2448 Non

457 2489 585 2536 sunt
611 2479 836 2550 loquelas
864 2495 1041 2550 neque
1070 2496 1373 2547 sermones,
1423 2497 1654 2553 quorum
1693 2499 1805 2539 non
1832 2485 2053 2541 audian-

455 2584 545 2631 tur
572 2590 731 2633 voces
755 2590 963 2631 eorum.
1008 2574 1068 2630 In
1094 2590 1310 2630 omnem
1336 2584 1539 2632 terram
1565 2566 1734 2633 exivit
1757 2593 1925 2634 sonus
1967 2595 2053 2635 eo-

452 2682 613 2723 rum:
656 2676 712 2722 et
754 2668 810 2725 in
850 2668 986 2724 ﬁnes
1013 2669 1162 2723 orbis
1205 2678 1364 2725 terra:
1391 2671 1557 2725 verba
1586 2686 1790 2727 eertum.
1839 2672 1897 2728 ln
1939 2673 2050 2729 sole

450 2761 635 2831 posuit
662 2760 1072 2819 tabernaculum
1092 2775 1252 2815 suum
1278 2780 1291 2815 :
1318 2770 1373 2817 et
1401 2763 1516 2832 ipse
1540 2770 1794 2833 tanquam
1818 2778 2050 2833 sponsus

448 2854 751 2924 procedens
778 2853 845 2907 de
870 2853 1106 2911 thalamo
1128 2868 1245 2908 suo.
1274 2854 1577 2909 Exsultavit
1601 2864 1661 2908 ut
1681 2856 1832 2927 gigas
1848 2855 1914 2909 ad
1934 2874 2052 2911 cur-

450 2947 679 3002 rendum
720 2947 898 3002 viam:
933 2962 963 3000 a
993 2962 1206 3003 summo
1242 2946 1383 3001 cmlo
1418 2947 1663 3017 egressio
1691 2946 1827 3015 ejus.
1869 2948 1937 3001 Et
1960 2961 2052 3003 oc-

453 3056 646 3096 cursus
671 3039 791 3109 ejus
814 3054 988 3109 usque
1032 3040 1099 3095 ad
1125 3054 1399 3095 summum
1420 3038 1562 3106 eius,
1588 3055 1690 3095 nec
1714 3051 1819 3105 est,
1864 3042 1956 3110 qui
1988 3055 2048 3097 se

453 3133 752 3191 abscondat
799 3149 827 3186 a
871 3131 1051 3186 calore
1091 3128 1227 3199 ejus.
1279 3130 1393 3185 Lex
1435 3129 1651 3185 Domini
1699 3132 2044 3187 immaculata
2073 3140 2121 3204 ρ
2152 3170 2225 3225 ho

453 3232 778 3283 convertens
817 3227 1025 3279 animas
1052 3241 1064 3276 :
1099 3223 1474 3279 testimonium
1500 3223 1714 3277 Domini
1744 3223 1901 3279 ﬁdele
1922 3264 1936 3289 ,
1965 3240 2048 3279 sa-

450 3320 713 3391 pientiam
748 3327 1014 3388 praestans
1044 3316 1301 3405 parvulis.
1357 3315 1593 3372 Iustitia:
1618 3316 1829 3372 Domini
1860 3326 2043 3381 rectae,

451 3411 792 3467 lmtiﬁeantes
818 3411 979 3463 corda
1009 3428 1019 3461 :
1046 3417 1374 3478 praeceptum
1404 3408 1623 3462 Domini
1646 3408 1903 3473 lucidum,
1935 3409 2048 3465 illu-

450 3505 669 3560 minans
698 3502 900 3558 oculos.
945 3498 1129 3553 Timor
1168 3499 1382 3554 Domini
1423 3506 1644 3559 sanctus
1680 3507 1963 3569 permanet
1989 3501 2045 3555 in

453 3595 708 3651 sarculum
739 3592 921 3647 szeculi
946 3610 957 3645 :
986 3589 1187 3669 judicia
1218 3587 1431 3645 Domini
1460 3606 1610 3655 vera,
1649 3588 1943 3658 justiﬁcata
1989 3591 2045 3645 in

453 3685 765 3753 semetipsa.
821 3670 1208 3738 Desiderabilia
1260 3696 1424 3750 super
1469 3694 1661 3737 aurum
1714 3690 1770 3736 et
1813 3680 2047 3752 lapidem

449 3779 750 3850 pretiosum
786 3776 1015 3831 multum
1041 3794 1052 3827 :
1081 3784 1136 3829 et
1163 3773 1405 3835 dulciora
1432 3789 1596 3843 super
1624 3774 1733 3829 mel
1767 3782 1824 3828 et
1842 3772 2046 3830 favum.

451 3868 667 3925 Etenim
697 3883 886 3923 servus
914 3876 1038 3923 tuus
1062 3866 1302 3922 custodit
1326 3881 1393 3921 ea
1417 3883 1430 3918 :
1468 3866 1525 3919 in
1545 3867 1917 3923 custodiendis
1942 3867 2049 3923 illis

451 3961 741 4016 retributio
772 3960 960 4014 multa.
1005 3958 1208 4015 Delicta
1239 3958 1362 4026 quis
1395 3957 1686 4029 intelligit?
1715 3960 1785 4015 ab
1823 3960 2049 4015 occultis

452 4053 591 4107 meis
618 4053 818 4107 munda
846 4066 963 4117 me,
1013 4059 1068 4106 et
1106 4051 1175 4104 ab
1210 4048 1403 4105 alienis
1446 4065 1609 4119 parce
1642 4065 1801 4107 servo
1834 4061 1945 4107 tuo.
1988 4051 2045 4107 Si

396 4186 409 4207 κ
450 4148 559 4202 mei
592 4160 698 4202 non
726 4145 930 4201 fuerint
956 4145 1240 4210 dominati,
1269 4151 1400 4197 tunc
1427 4143 1805 4199 immaculatus
1829 4159 1925 4200 ero
1951 4164 1962 4198 :
1994 4152 2051 4200 et

354 4236 355 4239 “
453 4240 789 4294 emundabor
818 4255 848 4292 a
873 4237 1071 4292 delicto
1102 4235 1359 4291 maximo.
1402 4234 1470 4288 Et
1506 4244 1691 4300 erunt,
1732 4244 1793 4292 ut
1818 4237 2048 4307 compta.

453 4339 617 4386 ceant
653 4331 868 4401 eloquia
892 4330 1004 4382 oris
1032 4329 1164 4395 mei,
1210 4337 1266 4383 et
1306 4328 1590 4384 meditatio
1636 4330 1816 4387 cordis
1852 4332 1962 4388 mei
1993 4333 2047 4387 in

454 4428 751 4490 conspectu
794 4428 883 4474 tuo
914 4435 1143 4489 semper.
1193 4420 1443 4485 Domine,
1473 4422 1688 4492 adjutor
1715 4438 1868 4480 meus
1893 4431 1949 4479 et
1970 4440 2050 4481 re-

452 4516 702 4587 demptor
729 4531 900 4570 meus.

526 4606 597 4662 Ul
622 4625 801 4680 supra.
851 4607 1088 4674 Sanctis,
1138 4606 1231 4677 qui
1280 4616 1441 4675 sunt;
1484 4610 1539 4665 in
1586 4625 1805 4669 omnem
1845 4619 2045 4672 tortam

455 4702 626 4757 exivit
647 4716 816 4756 sonus
844 4717 1050 4756 eorum.
1081 4699 1397 4757 Constitues
1425 4716 1539 4759 eos.
1587 4701 1760 4767 Nimis
1794 4704 2047 4765 honorati

454 4801 581 4848 sunt
608 4793 771 4847 amici
798 4794 877 4847 tui
905 4793 1065 4848 Deus.

529 4886 688 4959 ιω
716 4885 919 4941 Oratio.
950 4886 1197 4952 Domine,
1229 4895 1355 4942 ante
1376 4904 1536 4959 quem
1566 4890 1745 4947 nulhs
1768 4893 2051 4950 abscondi-
2150 4885 2164 4959 ζ

452 4989 541 5037 tur
568 5021 583 5047 ,
613 4996 645 5035 a
673 4978 823 5049 cujus
859 4980 1208 5051 inquisitione
1244 4983 1387 5052 quod
1422 4983 1616 5049 latitat,
1662 5000 1773 5045 non
1800 4987 2041 5058 celatur;

452 5073 522 5130 ab
550 5071 779 5129 occultis
819 5074 1023 5128 nostris
1066 5074 1268 5131 munda
1298 5091 1397 5131 nos
1423 5116 1438 5141 ,
1476 5084 1531 5129 et
1558 5078 1629 5135 ab
1655 5078 1848 5134 alienis
1886 5096 2047 5150 parce

453 5166 626 5222 servis
654 5166 797 5231 tuis,
841 5174 896 5222 et
934 5173 1131 5237 praxsta
1177 5175 1238 5220 ut
1282 5168 1707 5231 examinum
1733 5180 1838 5228 tua:
1866 5172 2047 5229 calone

450 5258 663 5327 puritas
688 5273 721 5312 a
749 5264 803 5313 te
825 5272 1083 5315 concessa
1109 5273 1219 5313 non
1248 5267 1458 5313 :estuet.

863 5369 1183 5427 PSALMUS
1222 5370 1635 5431 MARTYRUM.

524 5487 705 5561 (Pan.
736 5488 936 5560 xxxn.)
970 5489 1248 5546 Exsultate
1268 5487 1398 5559 justi
1446 5495 1502 5546 in
1548 5492 1816 5549 Domino:
1867 5503 2045 5552 rectos

455 5582 611 5636 decet
650 5581 993 5637 collaudatio.
1040 5583 1386 5638 Conﬁtemini
1426 5584 1652 5649 Domino
1702 5587 1755 5647 in
1796 5589 2040 5645 cithara:

458 5677 509 5728 in
541 5677 794 5744 psalterio
820 5678 1001 5733 decem
1033 5679 1354 5733 chordarum
1383 5680 1592 5748 psallite
1623 5681 1717 5735 illi.
1747 5682 1971 5739 Cantatc
1995 5687 2044 5741 ei

459 5766 729 5821 canticum
759 5785 993 5825 novum:
1036 5771 1174 5826 bene
1212 5771 1419 5842 psallite
1449 5774 1494 5826 ei
1542 5774 1593 5827 in
1633 5774 2040 5835 vociferatione.

2156 1878 2401 1947 respexit
2450 1895 2615 1950 super
2679 1897 2873 1938 omnes
2929 1885 3022 1954 qui
3084 1886 3335 1947 habitant
3375 1899 3602 1946 terram.
3652 1893 3760 1961 Qui

2156 1968 2315 2025 ﬁnxit;
2344 1970 2656 2041 singillatim
2682 1974 2845 2028 corda
2879 1990 3069 2049 eorum
3097 1995 3110 2031 :
3147 1979 3242 2048 qui
3278 1980 3533 2052 intelligit
3569 1985 3761 2039 omnia

2154 2079 2321 2134 Opera
2356 2080 2564 2120 eorum.
2613 2065 2732 2122 Non
2767 2069 3013 2124 salvatur
3053 2071 3170 2127 Rex
3199 2089 3298 2143 per
3331 2076 3558 2133 multam
3592 2076 3763 2131 virtu-

2156 2166 2305 2212 tem:
2342 2167 2398 2213 et
2431 2160 2582 2231 gigas
2614 2176 2727 2216 non
2758 2162 3063 2230 salvahitnr
3087 2166 3147 2220 in
3172 2168 3519 2225 multitudine
3538 2172 3765 2229 vir-uitis

2156 2265 2286 2305 suae.
2317 2251 2502 2308 Fallax
2530 2268 2702 2323 equus
2728 2255 2799 2309 ad
2826 2256 3076 2325 salutem,
3110 2261 3169 2314 in
3203 2261 3536 2318 abundantia
3572 2274 3760 2322 autem

2153 2343 2374 2398 virtutis
2411 2360 2519 2399 suae
2555 2361 2663 2400 non
2710 2348 3027 2405 salvabitur.
3073 2352 3217 2415 Ecce
3250 2356 3391 2410 oculi
3422 2355 3641 2419 Domini
3670 2376 3766 2417 sn-

2154 2449 2253 2502 per
2276 2442 2580 2493 metuentes
2606 2452 2753 2506 eum,
2788 2448 2843 2497 et
2866 2440 2923 2497 in
2966 2442 3053 2503 eis
3093 2445 3189 2514 qui
3210 2457 3435 2519 sperant
3462 2465 3628 2525 super
3660 2452 3763 2511 Ini-

2155 2528 2453 2583 serieordia
2490 2529 2624 2597 ejus.
2664 2531 2733 2586 Ut
2761 2542 2916 2587 eruat
2953 2550 2984 2588 a
3010 2544 3184 2591 morte
3215 2540 3426 2595 animas
3450 2558 3664 2609 eorum,
3704 2555 3765 2600 et

2154 2616 2263 2671 alat
2290 2633 2383 2673 eos
2424 2620 2478 2673 in
2506 2619 2667 2675 fame.
2711 2621 2905 2678 Anima
2938 2634 3126 2681 nostra
3154 2630 3385 2685 sustinet
3421 2631 3756 2690 Dominum:

2154 2712 2409 2780 quoniam
2446 2711 2662 2786 δάμω
2686 2724 2743 2773 et.
2771 2726 3053 2786 protector
3074 2729 3263 2785 noster
3282 2732 3384 2781 est.
3426 2724 3564 2793 Quia
3601 2727 3659 2781 in
3695 2742 3763 2782 eo

2153 2804 2423 2858 lzetabitur
2470 2821 2562 2861 cor
2604 2816 2902 2869 nostrum:
2948 2819 3004 2865 et
3047 2812 3103 2866 in
3146 2816 3366 2875 nomine
3404 2827 3597 2873 sancto
3643 2818 3763 2891 ejus

2154 2897 2509 2966 speravimus.
2552 2896 2672 2953 Fiat
2710 2901 3087 2963 misericordia
3132 2914 3247 2973 tua,
3297 2908 3548 2977 Domine,
3594 2926 3764 2982 super

2154 3003 2277 3052 nos,
2305 2980 3131 3062 quemadmodum‘speravimus
3163 2997 3218 3059 in
3249 3006 3319 3059 te.

2228 3078 2299 3134 Ut
2318 3096 2500 3152 supra.
2531 3081 2767 3149 Sanctis,
2801 3086 2893 3157 qui
2924 3096 3051 3142 sunt
3071 3089 3127 3143 in
3152 3098 3295 3151 terra
3325 3091 3463 3168 ejus.
3489 3091 3678 3157 Gloria
3705 3104 3763 3157 et

2228 3188 2359 3227 nore
2382 3175 2658 3231 coronasti
2678 3190 2791 3231 eos.
2826 3175 3082 3245 Posuisti,
3112 3179 3359 3237 Domine.

2225 3264 2429 3319 Oratio.
2460 3264 2581 3321 Fiat
2606 3268 2978 3325 misericordia
3014 3279 3123 3338 tua,
3161 3268 3410 3341 Domine,
3446 3293 3612 3350 super
3634 3298 3759 3351 nos,

2149 3363 2206 3411 et
2229 3359 2512 3415 animabus
2550 3363 2752 3421 nostris
2790 3363 3111 3435 patientiam
3142 3369 3212 3425 ad
3244 3372 3427 3431 omnia
3474 3373 3759 3440 toleranda

2152 3447 2418 3517 adjutorio
2443 3459 2545 3506 tuin
2565 3455 2923 3523 protectionis
2948 3458 3163 3515 insinua
3190 3478 3202 3526 ;
3236 3471 3291 3517 et
3314 3464 3403 3534 qui
3437 3466 3759 3538 singillatim

2151 3540 2317 3594 corda
2351 3542 2632 3598 hominum
2666 3545 2849 3619 ﬁngis,
2894 3564 2988 3620 spe
3025 3557 3115 3606 tua
3159 3555 3497 3623 sanctiﬁces,
3541 3568 3596 3614 ct
3631 3562 3757 3633 quia

2150 3631 2292 3687 oculi
2321 3633 2397 3686 tui
2433 3650 2595 3705 super
2627 3653 2720 3693 eos
2745 3648 2893 3707 sunt,
2923 3642 3015 3713 qui
3239 3644 3423 3719 [Forte
3445 3652 3621 3723 suppl.
3650 3631 3761 3713 me.

2151 3724 2354 3797 tuunt],
2394 3727 2603 3783 timoris
2641 3729 2719 3784 tui
2752 3732 2817 3787 da
2850 3734 3007 3790 nobis
3037 3736 3459 3812 plenitudinem,
3494 3754 3556 3800 ut
3592 3749 3757 3809 etiam

2152 3819 2397 3887 aSpectui
2428 3819 2680 3877 conferas
2706 3822 3047 3896 dignitatem.

2456 3976 2777 4036 PSALMUS
2812 3982 2979 4038 ITEM
3016 3984 3432 4047 MARTYRUM.

2222 4109 2402 4181 (Psu.
2449 4113 2704 4196 txxvm.)
2752 4114 2913 4183 Deus,
2948 4130 3214 4185 venerunt
3236 4132 3426 4195 gentes
3451 4125 3507 4183 in
3530 4127 3762 4187 δίει-θῶν

2149 4205 2317 4255 tatem
2346 4208 2516 4267 tuam,
2544 4202 2849 4279 polluerunt
2876 4209 3139 4281 templum
3162 4224 3417 4277 sanctum
3439 4224 3595 4281 tuum
3620 4239 3634 4274 :
3672 4236 3763 4291 po-

2151 4301 2378 4348 suerunt
2407 4292 2745 4355 Hierusalem
2788 4298 2845 4354 in
2876 4316 3159 4370 pomorum
3196 4308 3521 4369 custodiam.
3562 4310 3762 4377 Posuo-

2152 4396 2282 4443 runt
2334 4388 2619 4451 morticina
2663 4407 2946 4455 servorum
2993 4405 3209 4455 tuorum
3252 4414 3410 4463 escas
3445 4404 3761 4467 volatilibus

2070 4517 2131 4581 Β
2152 4478 2314 4581 coeli:
2350 4495 2545 4537 carnes
2569 4491 2885 4543 sanctorum
2917 4494 3135 4551 tuorum
3170 4490 3365 4555 bestiis
3398 4502 3577 4557 terrae.
3619 4496 3761 4559 Ean.

2148 4569 2349 4625 derunt
2369 4573 2690 4649 sanguinem
2716 4591 2906 4631 eorum
2941 4586 3199 4650 tanquam
3217 4598 3417 4653 aquam
3440 4585 3496 4641 in
3520 4587 3761 4647 circuitu

2150 4659 2489 4718 Hierusalem
2518 4682 2529 4718 :
2558 4674 2613 4721 et
2644 4683 2751 4722 non
2784 4678 2924 4736 erat,
2953 4672 3045 4741 qui
3078 4674 3353 4744 sepeliret.
3386 4676 3543 4737 Facti
3565 4696 3759 4741 sumus

2148 4756 2497 4825 opprobrium
2539 4759 2735 4816 vicinis
2778 4764 3014 4832 nostris,
3069 4768 3423 4831 subsannatio
3465 4780 3523 4828 et
3573 4773 3761 4832 illusio

2149 4846 2235 4901 his
2271 4848 2363 4918 qui
2397 4849 2452 4903 in
2477 4850 2707 4907 circuitu
2738 4862 2926 4911 nostro
2956 4866 3100 4914 sunt.
3138 4858 3449 4935 Usquequo,
3502 4863 3757 4931 Domine,

2150 4941 2408 4997 irasceris
2457 4943 2512 4998 in
2560 4943 2725 5001 ﬁnem
2767 4966 2780 5002 :
2821 4950 3150 5013 accendetur
3206 4953 3351 5010 velut
3405 4955 3547 5036 mnis
3606 4958 3764 5015 zelus

2154 5035 2323 5090 tuus?
2348 5034 2577 5101 Effunde
2604 5038 2741 5101 iram
2773 5048 2922 5107 tuam
2945 5042 3002 5107 in
3037 5053 3256 5115 gentes,
3286 5034 3497 5119 quae—te
3523 5064 3633 5105 non
3658 5066 3761 5115 ne-

2152 5138 2384 5182 verunt:
2418 5136 2472 5183 et
2514 5129 2573 5193 in
2606 5146 2773 5203 regna
2818 5148 2938 5205 quae
2974 5150 3175 5200 nomen
3210 5146 3363 5205 tuum
3391 5156 3504 5203 non
3538 5142 3763 5198 invoca-

2152 5229 2367 5281 verunt.
2406 5221 2542 5291 Quia
2581 5224 2937 5293 comederunt.
2959 5227 3162 5297 Iacob,
3196 5243 3252 5293 et
3293 5233 3477 5293 locum
3509 5234 3628 5307 ejus
3665 5237 3767 5295 de-

2152 5315 2479 5371 solaverunt.
2540 5315 2616 5372 Ne
2669 5322 2995 5414 meminerii
3037 5325 3387 5397 iniquitatum
3437 5338 3767 5395 nostrarum

2153 5410 2534 5481 antiquarum:
2576 5412 2684 5467 cito
2715 5410 3019 5487 anticipent
3059 5436 3159 5476 nos
3196 5422 3591 5485 misericordiae
3622 5434 3765 5491 tuae.

2153 5503 2278 5573 quia
2314 5520 2579 5576 pauperes
2622 5506 2749 5563 facti
2786 5525 2972 5567 sumus
2998 5513 3181 5568 nimis.
3223 5515 3433 5589 Adqua
3460 5534 3587 5584 nos,
3610 5518 3773 5583 Delli

2152 5595 2406 5650 salutaris
2433 5606 2617 5652 noster
2646 5618 2657 5653 :
2694 5607 2748 5655 et
2780 5612 2999 5674 propter
3024 5604 3250 5673 gloriam
3266 5608 3506 5671 nominis
3530 5610 3627 5676 tui,
3652 5608 3770 5671 DQ-

2153 5687 2319 5753 mine,
2364 5687 2531 5743 libera
2560 5706 2680 5757 nos,
2726 5702 2784 5763 et
2824 5675 3090 5763 propitius
3117 5708 3235 5761 esto
3269 5702 3511 5770 peccatis
3548 5703 3769 5757 nostris

2149 5786 2371 5852 propter
2414 5796 2609 5837 nomen
2654 5790 2823 5839 tuum.
2874 5784 2950 5841 Ne
2980 5787 3123 5851 forte
3150 5792 3334 5855 dicant
3368 5794 3423 5851 in
3452 5794 3713 5873 gentibusq
3746 5810 3765 5853 :

3124 6044 3203 6089 Α
