4038 6336
252 292 365 355 589

1253 277 1649 339 LITURGICA.
1692 307 1763 321 -
1802 274 2072 339 OFFICIA
2109 273 2246 329 PER
2283 271 2549 329 FERIAS.

3426 269 3555 333 590‘

248 403 344 461 ubi
383 408 468 458 εει
500 399 645 456 Deus
675 397 908 461 eorum?
959 402 1015 451 et
1054 395 1398 457 innotescant
1444 392 1500 446 in
1536 390 1844 447 nationibus
1873 393 1927 463 Α
1952 388 2088 444 cuia.
2123 386 2453 443 Commendo
2483 387 2719 443 animam
2748 400 2925 443 meam
2958 387 3014 449 in
3046 403 3239 444 manus
3279 389 3535 458 petentia.

249 510 437 554 coram
467 493 639 549 oculis
674 490 897 547 nostris.
937 487 1083 543 Ultio
1105 486 1386 558 sanguinis
1419 499 1702 541 servorum
1733 491 1846 537 tuo-

245 604 401 659 rum,
449 586 543 658 qui
586 582 788 641 eII‘usus
810 588 916 661 est,
960 579 1196 641 introeat
1223 579 1278 633 in
1312 586 1607 649 conspectu
1644 586 1735 631 tuo
1761 592 1847 649 ge-

250 682 421 738 mitus
448 677 898 747 compeditorum.
940 674 1249 733 Secundum
1273 670 1700 743 magnitudinem
1722 670 1847 724 bra-

248 773 361 829 chii
394 772 471 827 tui
505 767 723 839 posside
754 766 894 825 filios
923 765 1389 825 mertiiicatorum.
1421 763 1489 817 Et
1518 763 1681 819 redde
1712 762 1847 816 vici-

251 865 344 920 nis
368 863 576 919 nostris
601 858 905 931 septupium
935 859 992 913 in
1029 857 1153 912 sinu
1187 872 1375 911 eorum
1404 875 1415 908 :
1462 855 1847 925 improperium
1878 884 1881 885 ν

249 957 497 1028 ipsorum
523 995 538 1020 ,
586 951 729 1025 quod
760 932 1224 1022 exprobraverunt
1265 948 1385 1015 tibi,
1431 947 1677 1002 Domine.
1739 946 1881 1002 Nos~

249 1058 439 1106 autem
462 1048 694 1120 populus
726 1055 847 1109 tuus
872 1053 929 1100 et
954 1058 1083 1105 oves
1105 1057 1319 1115 pascuae
1343 1050 1449 1097 tuae
1470 1041 1850 1103 conﬁtebimur

252 1142 354 1198 tibi
389 1142 443 1196 in
470 1140 747 1196 sarculum.
782 1138 842 1209 In
867 1138 1217 1209 generatione
1248 1143 1305 1192 et
1325 1134 1728 1206 generationem
1754 1147 1851 1186 an-

249 1235 627 1291 nuntiabimus
662 1232 876 1291 laudem
912 1240 1080 1301 tuam.
1528 1240 1531 1243 ‘

336 1327 495 1399 11o
530 1324 600 1381 Ut
626 1342 811 1397 supra.
848 1321 1000 1381 Oculi
1036 1321 1252 1391 Domini
1294 1336 1457 1391 super
1482 1319 1679 1390 justos.
1726 1319 1855 1377 Pre-

248 1418 401 1475 tiosa
436 1420 493 1474 in
526 1424 827 1487 conspectu
1124 1413 1399 1468 Justorum
1435 1412 1648 1466 animae.

332 1509 537 1566 Oratio.
567 1510 646 1565 Ne
667 1507 982 1573 memineris
1014 1507 1366 1577 iniquitatum
1410 1513 1720 1559 nostrarum
1761 1519 1855 1557 an-

250 1603 533 1674 tiquarum
553 1643 568 1667 ,
595 1602 843 1665 Domine,
873 1614 1053 1671 neque
1091 1612 1192 1653 nos
1221 1596 1501 1667 originalis
1528 1595 1685 1667 culpa
1723 1610 1857 1682 con-

252 1696 462 1761 tristet,
498 1710 634 1765 quos
655 1693 893 1750 secunda
922 1688 1180 1749 nativitas
1218 1688 1273 1741 in
1295 1686 1510 1741 Christo
1545 1692 1850 1757 regenerat.

1948 489 2078 546 tum,
2115 488 2176 535 ut
2197 481 2473 535 custodias
2502 496 2623 535 eam
2650 480 2838 535 diebus
2861 495 2925 535 ac
2966 481 3238 546 noctibus,
3278 480 3429 543 horis
3457 487 3535 541 at»

1948 588 2052 643 que
2066 574 2372 635 momentis.
2400 572 2654 627 Miserere
2680 571 2807 636 mei,
2838 571 3329 641 Deusangelorum.
3354 572 3539 643 Dirige

1946 681 2037 727 me
2066 666 2183 721 Rex
2215 665 2682 736 archangelorum.
2730 665 2952 723 Custodi
2995 681 3083 723 me
3128 683 3225 736 per
3261 669 3538 729 orationes

1946 757 2397 829 patriarcharum,
2426 771 2522 825 per
2554 757 2748 817 merita
2776 758 3181 829 prophetarum,
3223 761 3321 831 per
3351 760 3540 819 suifra-

1950 849 2037 922 gia
2065 847 2453 918 apostolorum,
2476 861 2574 916 per
2596 848 2848 911 victorias
2879 857 3200 921 martyrum,
3234 868 3335 923 per
3374 853 3538 910 ﬁdem

1951 941 2322 1001 confessorum
2348 982 2364 1007 ,
2411 956 2510 1010 per
2554 941 3001 1000 intercessionem
3048 945 3291 1002 omnium
3330 954 3542 1003 sancto-
3610 986 3611 989 η

1951 1050 2098 1101 rum,
2130 1036 2223 1106 qui
2256 1035 2354 1093 tibi
2392 1034 2715 1105 placuerunt
2737 1037 2807 1093 ab
2828 1037 3038 1109 origine
3060 1041 3250 1109 mundi
3276 1057 3451 1113 usque
3473 1043 3544 1101 ad

1951 1130 2476 1191 consummationem
2499 1130 2703 1187 saeculi.
2743 1129 2875 1187 Oret
2899 1147 2997 1201 pro
3026 1148 3114 1189 me
3135 1142 3358 1191 sanctus
3384 1134 3538 1199 Abel,

1952 1223 2047 1294 qui
2065 1223 2276 1293 primus
2300 1230 2592 1278 coronatus
2618 1232 2703 1280 est
2726 1225 3005 1296 martyrio.
3030 1226 3162 1282 Oret
3184 1244 3284 1298 pro
3313 1245 3400 1286 me
3424 1245 3544 1285 san-

1954 1321 2078 1371 ctus
2115 1313 2282 1379 Seth,
2325 1314 2419 1385 qui
2457 1316 2666 1386 primus
2713 1317 2879 1387 coepit
2909 1317 3163 1374 invocare
3202 1336 3403 1375 nomen
3444 1321 3545 1378 Do-

1955 1406 2110 1463 mini.
2157 1406 2289 1475 Oret
2314 1423 2416 1478 pro
2461 1423 2551 1464 me
2596 1417 2819 1465 sanctus
2848 1411 3061 1478 Enoch,
3115 1413 3209 1482 qui
3252 1413 3549 1470 ambulavit

1956 1514 2085 1556 cum
2107 1501 2240 1569 Deo,
2279 1509 2334 1557 et
2368 1502 2663 1559 translatus
2691 1511 2776 1559 est
2805 1503 2874 1559 de
2906 1504 3128 1575 mundo.
3180 1505 3311 1561 Oret
3338 1522 3443 1577 pro
3460 1522 3549 1562 me

1958 1600 2182 1651 sanctus
2211 1592 2345 1661 Noe,
2377 1612 2539 1666 quem
2574 1596 2719 1652 Deus
2744 1599 2982 1653 servavit
3003 1599 3060 1653 in
3098 1598 3298 1655 diluvio
3331 1609 3553 1673 propter

1954 1683 2242 1755 justitiam.
2295 1688 2425 1743 Oret
2455 1704 2555 1758 pro
2580 1705 2668 1744 me
2698 1689 3089 1747 Melchisedech
3118 1709 3215 1748 rex
3234 1694 3431 1764 justus,
3456 1695 3550 1766 qui

249 1752 643 1860 Apprehendat
672 1799 773 1846 nos
818 1782 1001 1852 itaque
1026 1779 1399 1835 misericordia
1442 1785 1555 1842 tua,
1599 1752 1848 1843 Domine,
1882 1752 1935 1821 Β
1956 1752 2201 1834 obviaxit
2231 1752 2502 1845 Abrahae,
2556 1790 2614 1835 et
2654 1781 2950 1846 benedixit,
2979 1784 3051 1845 ei.
3108 1752 3280 1857 Roget.
3320 1752 3429 1856 pro,

250 1881 389 1952 quia
410 1878 639 1937 Creator
664 1875 903 1932 hominis
947 1873 1004 1928 in
1051 1872 1274 1929 homine
1308 1869 1573 1934 nascitur,
1607 1875 1662 1924 et
1692 1869 1855 1923 homo

251 1972 320 2028 in
363 1971 475 2045 Deo
514 1968 866 2041 gloriﬁcantia
926 1963 1136 2038 [Forte,
1180 1960 1587 2035 gloriﬁcandus]
1634 1962 1860 2019 assumi-

255 2070 378 2121 tur.
526 2100 529 2103 γ
618 2147 941 2207 PSALMUS
976 2144 1506 2219 CONFESSORUM.

331 2268 514 2342 (Psuu
566 2264 786 2337 cum.)
839 2262 954 2319 Nisi
988 2262 1116 2334 quia
1148 2261 1413 2317 Dominus
1441 2267 1561 2315 erat
1590 2261 1645 2313 in
1675 2260 1852 2325 nobis,

252 2360 410 2418 dicat
435 2367 565 2414 tunc
593 2356 759 2413 Israel
790 2375 801 2411 :
836 2354 943 2410 nisi
975 2353 1103 2427 quia
1140 2352 1402 2409 Dominus
1433 2358 1551 2407 erat
1587 2352 1643 2407 in
1678 2351 1853 2408 nobis.

250 2451 400 2508 Cum
424 2454 777 2521 exsargerent
797 2447 1051 2509 homines
1071 2447 1130 2502 in
1168 2461 1295 2515 nos,
1338 2446 1476 2503 forte
1496 2445 1649 2502 vivos
1674 2446 1859 2517 deglu-

251 2543 461 2599 tissent
497 2556 614 2599 nos.
661 2538 797 2596 Cum
841 2539 1170 2597 irasceretur
1211 2538 1364 2593 furor
1394 2552 1580 2592 eorum
1621 2536 1677 2593 in
1715 2551 1854 2590 nos:

252 2632 491 2689 forsitan
523 2648 662 2705 aqua
698 2631 1066 2687 absorbuisset
1092 2645 1211 2685 nos.
1242 2628 1565 2699 Torrentem
1586 2634 1863 2698 pertrans-

252 2726 366 2781 ivit
419 2723 600 2779 annua
652 2730 839 2781 nostra
890 2741 903 2774 :
957 2720 1186 2785 forsitan
1230 2719 1620 2791 pertransisset
1678 2718 1860 2773 anima

252 2827 461 2885 nostra
501 2832 697 2890 aquam
737 2813 1158 2873 intolerabilem.
1205 2812 1530 2867 Benedictus
1575 2811 1859 2876 Dominus,

253 2908 360 2979 qui
398 2924 506 2963 non
557 2907 703 2963 dedit
747 2920 848 2960 nos
896 2906 953 2959 in
997 2905 1306 2975 captiOnem
1352 2902 1609 2958 dentibus
1646 2918 1855 2958 eorum.

255 2998 462 3054 Anima
506 3006 695 3053 nostra
726 2996 870 3051 sicut
904 3008 1096 3066 passer
1121 3000 1306 3063 erepta
1331 3000 1417 3047 est
1449 2993 1514 3047 de
1539 2992 1732 3062 laqueo
1762 3008 1858 3047 ve-

1958 1867 2133 1924 ﬁdelis
2170 1869 2468 1935 Abraham,
2516 1872 2613 1942 qui
2650 1873 2862 1942 primus
2888 1874 3137 1942 credidit,
3189 1878 3277 1931 cui
3303 1886 3553 1948 reputate

1959 1969 2043 2017 est
2064 1961 2200 2017 ﬁdes
2222 1963 2290 2017 ad
2311 1963 2597 2033 justitiam.
2624 1964 2929 2022 Intercedat
2946 1982 3047 2038 pro
3070 1983 3159 2023 me
3174 1968 3355 2038 justus
3378 1970 3550 2037 Isaac,

1959 2051 2054 2121 qui
2081 2050 2184 2106 fuit
2216 2052 2476 2109 obediens
2504 2054 2647 2123 patri
2687 2070 2859 2125 usque
2904 2057 2975 2112 ad
3003 2068 3257 2125 mortem,
3296 2060 3351 2114 in
3379 2076 3559 2118 exem-

1884 2148 1887 2153 λ
1956 2139 2109 2211 plum
2135 2140 2349 2207 Domini
2374 2143 2702 2213 nostriJesu
2738 2146 2962 2215 Christi,
2986 2150 3081 2219 qui
3102 2150 3313 2208 oblatus
3334 2160 3419 2209 est
3445 2151 3557 2210 Deo

1958 2230 2110 2286 Patri
2135 2248 2233 2302 pro
2256 2233 2427 2293 salute
2456 2236 2665 2291 mundi.
2713 2234 2958 2301 Postulat
2977 2253 3078 2315 pro
3109 2256 3195 2296 me
3216 2239 3346 2297 felix
3366 2242 3556 2311 Iacob,

1960 2324 2055 2396 qui
2083 2325 2219 2381 vidit
2252 2327 2472 2397 angelos
2518 2326 2617 2383 Dei
2648 2336 2704 2383 et
2745 2329 2964 2387 Domini
2990 2311 3286 2391 venientes
3321 2337 3377 2391 in
3410 2311 3587 2395 auxi:

1958 2418 2097 2475 lium
2136 2420 2257 2477 sibi.
2307 2420 2438 2479 Oret
2476 2437 2577 2494 pro
2606 2437 2694 2479 me
2743 2424 2935 2481 beatus
2978 2424 3213 2499 Ioseph,
3261 2429 3353 2501 qui
3403 2432 3564 2491 solvit

1961 2514 2172 2569 somnia
2196 2514 2362 2586 regis,
2379 2509 2445 2569 et
2465 2515 2852 2586 interpretatus
2877 2524 2986 2587 est,
3023 2527 3081 2575 et
3098 2520 3361 2579 liberatus
3388 2532 3470 2580 est
3495 2525 3563 2580 de

1963 2619 2205 2661 carcere.
2253 2606 2385 2661 Oret
2431 2622 2530 2676 pro
2564 2622 2652 2662 me
2687 2619 2909 2666 sanctus
2946 2609 3077 2679 Job,
3122 2629 3353 2685 magnus
3386 2625 3444 2672 et
3475 2634 3565 2687 pa-

1963 2694 2154 2783 tiens,‘
2184 2697 2279 2767 qui
2310 2696 2447 2751 nihil
2471 2699 2718 2767 peccavit
2757 2700 2819 2756 in
2856 2700 3016 2758 labiis
3045 2704 3184 2771 suis,
3225 2705 3282 2760 in
3311 2709 3563 2765 omnibus

1963 2800 2085 2857 quae
2119 2786 2438 2843 acciderunt
2482 2788 2579 2843 illi.
2637 2789 2767 2846 Oret
2812 2806 2912 2862 pro
2961 2808 3049 2849 me
3098 2796 3291 2853 beatus
3329 2798 3561 2873 Moyses,

1964 2892 2089 2934 eum
2113 2894 2220 2952 quo
2254 2879 2464 2937 locutus
2501 2892 2585 2938 est
2619 2884 2761 2961 Deus
2796 2884 2937 2942 faeie
2959 2888 3028 2944 ad
3062 2887 3280 2945 faciem.
3319 2889 3448 2949 Oret
3466 2909 3565 2964 pro

1963 2986 2052 3026 me
2088 2971 2283 3030 lIiesus
2308 2974 2449 3032 ﬁlius
2473 2975 2616 3047 Nun,
2663 2994 2825 3050 quem
2863 2978 3097 3052 elegisti,
3127 2982 3397 3064 Domine,
3441 2992 3568 3057 post

255 3090 534 3146 nantium.
585 3087 836 3159 Laqueus
866 3065 1131 3145 contritus
1162 3092 1248 3140 est
1274 3088 1380 3139 :‘et
1410 3099 1510 3139 nos
1536 3084 1750 3139 liberati
1776 3099 1862 3140 su-
1886 3119 1943 3189 c
1964 3065 2187 3189 ΜοΥξθη
2246 3066 2883 3189 fimummf‘llum-rof‘e‘
2920 3088 3022 3147 1)Γο
3054 3091 3143 3180 ιξιθ
3198 3086 3422 3134 sanctus
3473 3079 3568 3137 Sa‘

257 3198 411 3239 mus.
453 3180 794 3250 Adjutorium
826 3186 1072 3235 nostrum
1108 3177 1166 3231 in
1210 3177 1431 3233 nomine
1468 3176 1719 3232 Domini:
1766 3178 1859 3247 qui
1887 3162 1943 3189 “
1964 3162 2420 3325 muel‘prophcta,
2450 3163 2542 3233 qui
2564 3162 2843 3221 benedixit
2868 3176 2924 3224 et
2953 3168 3110 3225 unxit
3131 3170 3267 3226 duos
3293 3187 3453 3244 reges
3484 3192 3569 3230 su-

260 3271 295 3325 1.
291 3273 405 3325 ec“
433 3272 632 3325 omium
653 3277 710 3325 et
746 3278 966 3325 tenam.
1078 3253 1087 3261 ‘
1964 3269 2066 3325 per
2146 3255 2309 3321 srael.
2359 3254 2659 3310 Subveniat
2702 3258 2837 3313 mihi
2886 3267 3109 3321 sanctus
3154 3262 3356 3325 David,
3403 3280 3568 3325 quem

260 3271 405 3328 fecit
433 3272 632 3327 omium
653 3277 711 3331 et
746 3278 966 3335 terram.

342 3360 415 3415 Ut
467 3370 645 3432 supra.
698 3360 911 3421 Inimici
963 3346 1277 3429 debuerunt
1329 3358 1533 3413 framea
1581 3358 1859 3431 [Vulgata,

259 3440 608 3524 frameaslin
656 3452 840 3511 ﬁnem.
900 3450 1227 3517 Deslvuxisti
1275 3466 1465 3525 omnes
1520 3465 1680 3521 sepes
1721 3450 1859 3520 ejus.

259 3546 515 3604 Laudem
544 3545 757 3605 Domini
784 3544 1036 3615 loquetur
1058 3559 1120 3599 os
1141 3558 1341 3599 meum.

345 3637 552 3693 Oratio.
588 3637 877 3701 Converte,
928 3637 1189 3707 Domine,
1232 3636 1490 3706 laqueos,
1531 3636 1667 3706 quos
1705 3636 1864 3701 nobis

263 3732 352 3799 hi,
383 3733 477 3803 qui
504 3733 713 3797 animas
739 3738 961 3808 nostras
993 3730 1183 3785 venari
1219 3738 1509 3796 conantur,
1546 3737 1861 3800 opponunt;

265 3832 330 3880 et
354 3822 756 3881 adversantium
785 3829 949 3889 atque
975 3819 1366 3891 eaptivantium
1392 3834 1492 3873 nos
1524 3819 1750 3875 insidias
1776 3820 1869 3873 ad-

265 3912 457 3985 iutorii
495 3912 572 3965 tui
598 3909 950 3982 opitulatione
986 3909 1279 3981 conturba,
1311 3909 1437 3979 quia
1464 3908 1570 3963 nisi
1598 3917 1654 3963 tu
1686 3909 1741 3963 in
1774 3924 1869 3965 no-

267 4003 359 4061 bis
393 4002 585 4079 fueris,
615 4009 723 4063 tam
745 4015 846 4065 nos
875 4006 1061 4075 potest
1085 3999 1359 4055 contraria
1382 3999 1556 4054 virtus
1581 3998 1873 4070 deglutire,

271 4110 440 4166 quam
462 4095 770 4151 absorbere.
806 4093 941 4149 Esto
967 4108 1249 4149 servorum
1272 4100 1488 4148 tuorum
1514 4101 1568 4148 et
1600 4100 1785 4149 custos
1815 4102 1872 4165 et

269 4190 536 4261 praevius,
569 4195 631 4243 ut
651 4186 977 4261 spiritalium
1009 4188 1374 4258 nequitiarum
1394 4187 1725 4258 muscipulas
1758 4203 1870 4249 non

272 4280 564 4347 incurrat;
598 4289 658 4336 ut
684 4281 928 4347 volatus,
963 4279 1159 4357 quibus
1188 4280 1257 4334 ad
1293 4288 1347 4335 te
1376 4280 1565 4335 venire
1598 4282 1871 4348 nituntur,

274 4382 397 4430 tota
427 4358 707 4436 alacritate
727 4379 1044 4435 exerceant.
1352 4410 1365 4417 -
1728 4422 1731 4427 .

346 4467 593 4524 Laudate
622 4465 909 4523 Dominum
934 4466 1000 4521 de
1021 4463 1195 4525 ccelis.
1225 4462 1453 4541 Requzre
1472 4475 1611 4523 retro
1628 4467 1688 4522 in
1708 4464 1872 4522 Feria

274 4559 473 4632 prima.

790 4666 1027 4710 Ll'lm
1061 4665 1133 4708 UT
1167 4665 1353 4709 SUPRA.

354 4763 497 4822 Iusti
524 4764 583 4820 in
625 4771 889 4847 perpetuo
931 4764 1132 4831 vivent.
1174 4763 1559 4823 Gloriabuntur
1592 4768 1649 4841 in
1678 4777 1733 4826 te
1766 4784 1878 4831 om,—

278 4876 404 4930 nes,
428 4862 523 4932 qui
555 4859 784 4935 diligunt
806 4872 1009 4919 nomen
1031 4866 1200 4914 tuum.
1234 4859 1595 4917 Exsultabunt
1617 4866 1792 4921 sancti
1817 4867 1877 4921 in

278 4950 476 5024 gloria.
524 4949 809 5017 Exsultent
828 4948 887 5003 in
908 4958 1204 5021 conspectu
1227 4950 1356 5018 Dei;
1390 4955 1532 5022 apud
1560 4962 1613 5010 te
1643 4964 1748 5024 est,
1778 4957 1879 5014 Do—

276 5042 454 5107 mine,
501 5040 624 5097 fons
659 5040 804 5097 vitaz.
853 5026 1113 5105 Mirabilis
1149 5042 1291 5098 Deus
1315 5044 1370 5098 in
1403 5046 1609 5102 sanctis
1635 5049 1767 5105 suis.
1816 5050 1881 5119 in

276 5140 586 5203 mnspectu
618 5133 937 5205 angelorum
965 5134 1193 5204 psallam
1217 5135 1336 5192 tibi.
1368 5137 1599 5207 Exaudi,
1625 5139 1876 5210 Domine,

278 5241 483 5284 vocem
506 5240 709 5293 meam,
878 5227 1129 5297 clamavi.

644 5360 897 5418 ORATIO
923 5337 1170 5419 SANC’I‘I
1194 5363 1539 5422 sescena.

358 5474 678 5532 Dominator
710 5475 938 5532 Domine
968 5478 1110 5534 Deus
1152 5480 1513 5550 omnipotens,
1545 5482 1635 5551 qui
1676 5498 1736 5539 es
1761 5482 1881 5541 Tri-~

278 5568 438 5635 nitas
468 5584 605 5633 una,
634 5567 794 5633 Beier
827 5568 1075 5636 illi“
1100 5570 1271 5634 Filius
1294 5568 1350 5627 ie
1378 5572 1558 5639 Patre,
1606 5590 1731 5630 eum
1763 5576 1882 5645 Spi-

276 5660 401 5715 ritu
425 5668 651 5714 sancto:
690 5662 783 5732 qui
817 5677 877 5716 es
898 5678 1110 5735 semper
1131 5665 1186 5719 in
1222 5667 1491 5732 omnibus,
1528 5672 1582 5720 et
1607 5682 1726 5723 eras
1752 5674 1880 5724 ante

282 5752 503 5823 omnia,
556 5759 611 5808 et
642 5753 751 5810 eris
782 5770 943 5831 super
968 5744 1149 5813 omnia
1185 5757 1326 5814 Deus
1351 5759 1665 5817 benedictus
1701 5760 1756 5819 in
1782 5776 1880 5837 sae-

838 6048 841 6053 .
862 6013 943 6059 Α

1964 3269 2066 3325 per
2120 3254 2309 3325 Israel.
2359 3254 2659 3310 Subveniat
2702 3258 2837 3313 mihi
2886 3267 3109 3321 sanctus
3154 3262 3356 3330 David,
3403 3280 3568 3337 quem

1965 3347 2179 3433 elegisti
2206 3348 2504 3403 secundum
2520 3362 2613 3403 cor
2640 3357 2810 3419 tuum,
2840 3350 3087 3419 Domine.
3116 3353 3451 3429 Deprecettu'
3470 3374 3570 3431 pro

1967 3454 2054 3513 me
2096 3450 2318 3511 sanctus
2343 3442 2487 3499 Elias
2529 3445 2682 3525 111
2722 3446 3011 3518 propheta,
3056 3463 3221 3527 quem
3247 3450 3474 3509 elevasti
3509 3454 3570 3510 in

1969 3548 2135 3603 curru
2176 3533 2338 3621 igneo
2373 3550 2547 3606 usque
2587 3537 2657 3592 ad
2702 3537 2921 3607 coelum.
2972 3537 3105 3595 Oret
3132 3556 3231 3611 pro
3257 3557 3346 3598 me
3378 3543 3575 3603 beatus

1965 3621 2161 3694 Isaias,
2202 3626 2357 3701 cujus
2391 3628 2651 3685 mundata
2683 3636 2810 3687 sunt
2835 3630 2979 3695 labia
3002 3631 3125 3705 igne
3146 3632 3379 3691 caelesti.
3414 3634 3574 3693 Adsit

1968 3719 2105 3793 mihi
2148 3718 2343 3783 beatus
2378 3716 2680 3789 Jeremias,
2716 3736 2880 3795 quem
2922 3724 3282 3781 sanctificasti
3320 3727 3376 3785 in
3412 3735 3571 3785 utero.

1969 3813 2161 3873 matris
2196 3828 2325 3873 suae.
2363 3812 2493 3870 Oret
2510 3830 2610 3885 pro
2632 3830 2719 3877 me
2745 3823 2968 3875 sanctus
2992 3816 3249 3874 Ezechiel
3282 3820 3571 3893 propheta,

1971 3905 2067 3975 qui
2093 3904 2233 3960 vidit
2263 3905 2501 3965 visiones
2539 3906 2819 3965 mirabiles
2848 3907 2982 3985 Dei,
3026 3916 3082 3965 et
3109 3910 3457 3980 prophetavit
3490 3929 3572 3970 re-

1972 3999 2370 4063 surrectionem
2395 4006 2750 4061 mortuorum.
2776 3999 3113 4071 Deprecetur
3136 4016 3237 4077 pro
3258 4018 3345 4063 me
3366 4005 3575 4063 electus

1972 4088 2186 4157 Daniel,
2240 4090 2614 4147 desiderabilis
2660 4089 2781 4171 Dei,
2817 4090 2912 4163 qui
2948 4091 3110 4153 solvit
3144 4094 3355 4149 somnia
3398 4096 3569 4168 regis,

1973 4190 2029 4250 et
2062 4184 2451 4257 interpretatus
2476 4189 2581 4248 est,
2611 4193 2666 4238 et
2684 4181 3055 4243 liberatusest
3084 4184 3151 4241 de
3177 4183 3294 4242 lacu
3316 4184 3571 4243 leonum:

1974 4284 2031 4334 et
2058 4284 2172 4338 tres
2200 4277 2354 4349 pueri
2390 4274 2652 4339 Ananias,
2687 4274 2936 4345 Azarias,
2969 4274 3219 4343 Misahel,
3255 4276 3467 4341 liberati
3503 4279 3574 4339 ab

1975 4370 2120 4445 igne.
2176 4368 2471 4424 Duodecim
2525 4367 2824 4439 prophetae,
2868 4365 3031 4434 Osee,
3075 4367 3267 4439 Amos,
3294 4369 3569 4439 Miehteas,

1897 4492 1965 4567 η
1977 4436 2156 4529 Johel,
2172 4460 2395 4527 Abdias,
2414 4436 2689 4527 Habacuc,
2704 4461 2894 4527 Jonas,
2912 4436 3109 4529 Naum,
3128 4460 3455 4532 Sophonias,
3471 4436 3573 4538 Ag;

1977 4568 2145 4625 gaeus,
2182 4551 2496 4618 Zacharias,
2536 4551 2868 4615 Malaehias:
2911 4554 3099 4621 Esras,
3128 4553 3347 4622 Tobias,
3381 4564 3439 4617 et
3467 4557 3576 4627 Ma.

1980 4643 2205 4725 chabazi.
2256 4642 2393 4709 Hes,
2432 4650 2485 4711 et
2507 4657 2697 4713 omnes
2739 4651 2958 4723 sanctos
2994 4643 3209 4707 Veteris
3238 4644 3577 4721 Testamenti

1979 4738 2176 4801 invoco
2202 4736 2261 4799 in
2285 4736 2549 4799 auxilium
2570 4751 2772 4814 meum.
2819 4735 2952 4813 Oret
2974 4751 3076 4813 pro
3100 4752 3189 4794 me
3213 4740 3581 4813 sanctastth

1981 4828 2153 4899 Maria
2180 4837 2355 4897 mater
2388 4828 2708 4899 Salvatoris,
2737 4834 2795 4886 et
2814 4836 3040 4905 sanctus
3073 4828 3315 4907 Joannes
3331 4831 3579 4909 Baptista

1982 4937 2286 4995 prrccursor
2318 4922 2557 4990 Domini,
2590 4928 2653 4980 et.
2667 4936 2861 4995 omnes
2899 4923 3079 4997 sancti
3105 4925 3575 4997 apostolibemini
3640 4996 3645 5015 ι

1979 5014 2152 5085 nostri
2190 5012 2323 5081 Iesu
2365 5012 2590 5080 Christi,
2632 5012 2829 5071 Petrus
2859 5021 2917 5091 et
2959 5013 3193 5085 Paulus,
3521 5026 3578 5075 et

1979 5110 2251 5185 Joannes,
2310 5119 2420 5173 tres
2454 5109 2665 5195 Jacobi,
2716 5110 3003 5184 Philippus
3037 5121 3093 5170 et
3124 5114 3575 5184 Basthelgnmus,

1981 5202 2216 5259 Thomas
2244 5210 2297 5259 et
2324 5202 2623 5271 Matthzeus,
2668 5203 2922 5273 Tathaeus
2959 5206 3146 5271 Simon
3165 5250 3179 5273 ,
3212 5207 3491 5269 Barnabas
3521 5216 3579 5267 et

1982 5294 2233 5361 Mathias,
2263 5294 2497 5360 Marcus,
2520 5296 2720 5364 Lucas,
2753 5296 3080 5368 Stephanus.
3107 5300 3212 5354 Per
3234 5299 3425 5353 horum
3448 5314 3578 5371 ergo

1984 5395 2040 5443 et
2068 5394 2383 5443 ezeterornm
2428 5389 2671 5451 omnium
2714 5398 3023 5457 sanctorum
3064 5389 3199 5445 Novi
3242 5390 3577 5461 Testamenti

1986 5480 2179 5541 merita
2237 5481 2442 5552 depelle
2502 5500 2531 5538 a
2587 5501 2714 5553 me,
2770 5484 3021 5553 Domine,
3076 5487 3587 5557 concupiscentiam.

1986 5578 2141 5650 gulae,
2187 5586 2243 5639 et
2275 5578 2342 5634 da
2388 5580 2519 5635 mihi
2546 5582 2807 5638 virtutem
2845 5584 3185 5639 abstinentiae
3216 5602 3227 5637 :
3279 5583 3403 5655 fuga
3429 5601 3459 5639 a
3487 5598 3580 5639 me

1987 5671 2232 5741 spiritum
2274 5670 2681 5742 fornicationis,
2714 5685 2768 5731 et
2797 5678 2861 5732 da
2907 5675 3039 5747 mihi
3080 5677 3327 5749 ardorem
3360 5679 3581 5736 castita-

1987 5760 2056 5827 tis
2082 5780 2097 5823 :
2135 5764 2420 5841 exstingue
2448 5766 2502 5821 in
2534 5782 2620 5824 me
2645 5768 3017 5841 cupiditatem,
3049 5778 3103 5827 et
3128 5771 3190 5827 da
3219 5771 3353 5841 mihi
3393 5772 3580 5845 volunv
