4044 6340
308 247 418 308 897

1313 243 1706 303 LlTURGdCA.
1747 268 1817 284 --
1846 239 2121 301 θεειοΑ
2160 245 2298 302 PER
2334 246 2605 304 FERIAS.

3481 238 3586 296 598

307 377 525 435 semper
546 363 799 419 adorent:
822 370 879 418 et
898 378 1059 419 aures
1079 362 1332 429 intentas,
1356 377 1477 433 quae
1490 376 1693 417 nomen
1716 366 1890 424 tuum,
1916 361 1974 420 -Α
2002 368 2161 416 ιρι-ηε
2192 363 2363 431 petita
2411 362 2648 417 laudatio
2678 379 2689 414 :
2722 361 2792 417 ob
2830 362 2933 415 hoc
2980 359 3237 430 pietatem
3280 369 3455 421 uiam,
3484 356 3593 412 Do-

302 464 365 511 et
394 454 568 526 legem
598 462 764 520 tuam,
789 464 847 509 et
870 456 1036 510 verba
1066 463 1159 510 tua
1190 456 1448 511 audiant:
1481 464 1539 509 et
1569 454 1756 509 oculos
1795 453 1896 506 bu-

306 548 485 614 miles,
511 548 606 618 qui
653 555 706 603 te
732 548 968 612 videant,
1001 562 1240 614 sensum,
1280 548 1373 617 qui
1402 555 1456 602 te
1487 548 1704 613 sentiat,
1740 546 1897 602 intel-

307 639 530 707 ‘actum,
559 641 653 711 qui
680 649 731 695 te
768 640 1051 711 intelligat,
1078 648 1136 695 et
1181 640 1445 705 animum,
1477 639 1569 709 qui
1602 647 1655 694 te
1681 652 1898 707 semper

306 736 515 807 cogitet
540 743 596 791 et
622 734 811 807 diligat
837 754 848 788 :
876 743 931 790 et
958 749 1070 789 non
1103 734 1284 790 veniat
1315 734 1449 789 mihi
1478 748 1574 804 pes
1608 732 1894 803 superbia,

308 839 364 882 at.
406 846 605 886 munus
636 831 940 901 peccatoris
984 845 1091 885 non
1118 838 1335 886 moveat
1376 845 1488 885 me.
1518 828 1637 884 Non
1682 829 1900 884 hebetet

308 938 396 978 me
438 922 838 993 gastrimtzgia,
861 929 919 977 et
950 937 1057 977 non
1084 922 1400 992 coinquinet
1446 938 1535 978 me
1582 921 1893 978 fornicatio.

280 1044 285 1047 -
308 1013 428 1069 Non
448 1014 719 1084 gubernet
736 1028 827 1068 me
855 1030 992 1069 vana
1021 1014 1212 1084 gloria,
1240 1030 1348 1069 non
1374 1015 1610 1070 obducat
1636 1028 1723 1069 me
1751 1014 1899 1070 ﬁlar-

300 1107 466 1177 giria,
490 1120 598 1161 non
622 1105 950 1162 dilanietme
971 1106 1075 1171 ira,
1096 1122 1207 1161 non
1235 1107 1526 1163 mortifioet
1546 1122 1632 1162 me
1655 1106 1895 1162 tristitia.

276 1199 428 1255 Non
457 1209 651 1257 vamet
674 1215 763 1255 me
806 1200 1015 1263 acedia,
1052 1215 1162 1254 nea
1194 1200 1440 1254 humiliet
1466 1214 1553 1254 me
1574 1198 1893 1264 cenodoxia,

299 1300 367 1348 et
390 1308 504 1348 non
538 1294 784 1348 destruat
809 1307 900 1347 ne
924 1291 1194 1363 superbia.
1240 1291 1347 1347 Sed
1372 1292 1573 1363 largire
1600 1291 1757 1355 mihi,
1788 1291 1896 1345 cle-

306 1398 467 1441 mens
495 1384 757 1449 Trinitas,
781 1385 1169 1441 abstmeatiam
1206 1394 1263 1439 et
1292 1385 1622 1450 castitatem,
1650 1385 1899 1439 volunta-

304 1478 451 1533 riam
492 1485 869 1548 paupertatem
900 1485 965 1533 et
996 1477 1511 1532 mansuetudinem:
1556 1476 1895 1547 largitatem,

302 1568 603 1638 pietatem,
638 1576 698 1624 et
736 1569 983 1638 quietem
1022 1586 1034 1622 :
1076 1569 1541 1639 misericordiam,
1589 1568 1892 1634 lenitatem,

306 1659 719 1728 indulgentias,
768 1661 1156 1728 humilitatem,
1198 1661 1610 1731 benignitatem,
1641 1660 1895 1714 hilarita-

304 1761 444 1816 ten,
467 1724 822 1822 suum,
844 1724 1200 1817 modestiam,
1244 1724 1635 1819 sinceritatem,
1683 1751 1900 1821 sapien-
1931 1724 1979 1786 Β

306 1842 479 1909 tian’,
514 1843 891 1907 concordant,
934 1858 1129 1913 pacem
1170 1850 1224 1897 et
1260 1843 1605 1897 charitatem.
1644 1841 1902 1897 Miserere

459 1978 476 2004 ,
505 1936 755 2002 Deurine,
782 1936 1048 1991 miserere
1068 1936 1221 1991 mihi.
1250 1936 1326 1991 De
1344 1937 1637 2006 praeteritis
1660 1935 1897 2001 veniam,

306 2027 378 2082 de
420 2027 781 2097 prementibus
816 2028 1291 2094 emendationem,
1338 2029 1405 2083 de
1455 2029 1653 2084 futuris
1701 2027 1902 2100 largire

308 2119 633 2175 custodiam.
686 2118 791 2175 Per
848 2119 1141 2176 Dominum
1184 2130 1437 2177 nostrum
1491 2121 1677 2179 Iesum
1727 2121 1891 2178 Chri-

311 2218 480 2264 smm'
716 2274 1018 2336 arma
1052 2276 1493 2337 DOHINICALE.

384 2390 461 2447 Te
491 2390 661 2447 Deum
696 2390 1002 2458 laudamus,
1033 2400 1084 2449 te
1111 2392 1400 2448 Dominum
1447 2393 1789 2449 conﬁtemur.
1823 2392 1900 2449 Te

309 2491 573 2538 aeternum
599 2480 816 2537 Patrem
854 2484 1032 2539 omnis
1081 2492 1228 2540 terra
1265 2495 1575 2541 veneratur.
1632 2486 1754 2540 Tibi
1780 2501 1900 2540 om-

308 2591 409 2633 nes
457 2576 665 2649 angeli,
708 2578 805 2633 tibi
842 2579 966 2635 cceli
1014 2588 1069 2635 et
1104 2580 1369 2637 universae
1412 2588 1731 2651 potestates.
1779 2580 1899 2637 Tibi

310 2671 598 2726 cherubim
621 2679 679 2727 et
710 2673 985 2742 seraphim
1008 2674 1321 2730 incessabili
1348 2689 1482 2731 voce
1522 2675 1893 2745 proclamant:

311 2762 569 2829 Sanctus,
609 2772 847 2830 sanctus,
878 2774 1118 2833 sanctus,
1158 2766 1420 2822 Dominus
1448 2768 1592 2822 Deus
1637 2766 1901 2823 Sabaoth.

306 2850 461 2908 Pleni
504 2863 632 2910 sunt
677 2857 800 2912 coeli
844 2865 898 2912 et
927 2866 1073 2914 terra
1107 2857 1409 2926 maiestatis
1434 2859 1621 2930 gloriae
1650 2868 1774 2915 tuae.
1824 2859 1901 2916 Te

304 2938 580 3015 gloriosus
608 2948 974 3017 apostolorum
1002 2950 1224 3007 chorus.
1255 2951 1331 3005 Te
1362 2952 1752 3021 prophetarum
1784 2951 1900 3005 lau-

313 3036 512 3097 dabilis
551 3054 830 3097 numerus.
884 3041 957 3096 Te
1003 3050 1305 3114 martyrum
1354 3043 1673 3099 candidatus
1716 3042 1900 3098 laudat

2000 454 2144 509 mine
2171 454 2591 511 clementissime
2610 455 2788 521 Pater,
2815 469 3125 519 exoramus,
3148 460 3332 525 optata
3354 452 3587 517 tribuas,

2001 546 2295 603 commissa
2337 547 2639 620 indulgeas,
2671 556 2732 602 ut
2760 549 2974 603 detersa
3003 564 3035 601 a
3066 546 3220 601 nobis
3248 544 3588 616 peccamina,

2002 653 2134 709 pura
2162 647 2216 693 et
2244 638 2421 694 libera
2450 641 2781 696 conscientia
2800 680 2817 707 ,
2847 647 2941 695 tua
2972 654 3281 696 mereamur
3313 637 3591 708 opulentia

2004 730 2291 802 gratulari.
2318 731 2440 788 Per.
3014 734 3017 739 '

2400 845 2599 901 FIBES
2649 846 2836 904 APUD
2887 847 3174 904 NICIEAM

2198 938 2242 992 A
2267 940 2509 994 trecentis
2537 940 2713 994 decem
2740 950 2787 994 et
2814 951 2929 995 octo
2953 942 3203 1013 episcopis
3233 943 3394 997 edita.

2066 1052 2359 1111 Credimus
2395 1054 2451 1109 in
2480 1070 2648 1109 unum
2672 1048 2848 1110 Deum
2876 1054 3095 1110 Patrem
3140 1056 3588 1127 omnipotentem,

1998 1149 2242 1207 omnium
2278 1147 2571 1203 visibilium
2615 1155 2671 1203 et
2721 1149 3072 1204 inv-isibilium
3106 1149 3366 1206 factorem
3387 1192 3401 1215 ,
3433 1158 3486 1203 et
3532 1150 3589 1205 in

1999 1254 2168 1294 unum
2212 1240 2501 1295 Dominum
2546 1248 2795 1295 nostrum
2837 1238 3022 1295 Iesum
3064 1241 3343 1297 Christum
3392 1241 3591 1295 Filium

1998 1326 2097 1385 Dei
2125 1331 2191 1385 de
2226 1330 2393 1386 Patre
2431 1341 2621 1387 natum
2658 1333 3021 1403 unigenitum,
3063 1333 3169 1389 hoc
3198 1342 3305 1399 est,
3353 1334 3418 1388 de
3466 1334 3593 1388 sub-

2003 1426 2200 1479 stantia
2221 1420 2421 1480 Patris.
2447 1425 2617 1481 Deum
2638 1441 2705 1481 ex
2727 1427 2861 1494 Deo,
2884 1426 3067 1482 lumen
3089 1443 3156 1483 ex
3174 1428 3398 1493 lumine,
3422 1427 3593 1481 Deum

1998 1530 2191 1571 verum
2219 1517 2284 1572 de
2315 1518 2425 1573 Deo
2452 1533 2603 1574 vero.
2654 1519 2873 1586 Natum,
2920 1534 3031 1575 non
3060 1520 3266 1575 factum
3296 1519 3593 1575 Omousion

2000 1604 2176 1675 Patri,
2205 1609 2309 1665 hoc
2345 1619 2449 1677 est,
2483 1610 2723 1682 ejusdem
2757 1628 2879 1667 cum
2924 1612 3085 1667 Patre
3128 1614 3465 1679 substantim,
3498 1627 3597 1682 per

2005 1708 2166 1768 quem
2184 1701 2362 1755 omnia
2388 1700 2530 1757 facta
2552 1712 2675 1757 sunt
2693 1704 2746 1757 in
2764 1705 2901 1759 coelo
2914 1705 3041 1759 etin
3064 1714 3229 1759 terra.
3249 1705 3350 1772 Qui
3370 1714 3593 1777 prepter

2002 1802 2123 1858 nos,
2146 1801 2201 1847 et
2225 1802 2444 1863 propter
2468 1806 2712 1850 nostram
2737 1797 2969 1852 salutem
2991 1798 3270 1853 descendit
3291 1808 3346 1853 et
3372 1815 3593 1854 carnem

2003 1886 2326 1954 assumpsit,
2372 1898 2426 1941 et
2466 1890 2629 1943 homo
2666 1887 2842 1946 factus
2888 1898 2988 1945 est.
3020 1890 3221 1945 Passus
3266 1902 3379 1958 est,
3410 1901 3464 1947 et
3511 1909 3594 1948 re-

2001 1979 2239 2033 surrexit
2272 1979 2429 2033 tertia
2458 1980 2561 2035 die.
2594 1981 2855 2036 Ascendit
2883 1984 2950 2038 ad
2982 1982 3169 2047 oculos,
3198 1984 3349 2039 sedet
3384 1985 3440 2038 in
3470 1986 3596 2039 dex-

1999 2086 2175 2132 teram
2205 2077 2299 2131 Dei
2346 2076 2523 2133 Patris
2568 2079 2975 2150 omnipotentis.
3005 2081 3132 2137 Inde
3161 2090 3425 2136 venturus
3449 2080 3593 2149 judi-

2001 2184 2127 2226 care
2150 2171 2301 2225 vivos
2328 2178 2382 2225 ct
2410 2178 2674 2226 mortuos.
2704 2170 2772 2226 Et
2800 2173 2857 2227 in
2890 2170 3154 2242 Spiritum
3183 2183 3450 2228 sanctum.
3486 2173 3594 2228 Eos

2001 2272 2201 2327 autem,
2229 2262 2323 2331 qui
2369 2264 2575 2329 dicunt,
2623 2263 2914 2333 aliquando
2944 2273 3061 2319 erat
3095 2272 3327 2335 tempus,
3374 2266 3592 2335 quando

1994 2364 2107 2409 non
2152 2361 2300 2419 erat,
2342 2363 2394 2408 et
2440 2356 2761 2426 priusquam
2803 2364 3157 2421 nasceretur,
3199 2372 3307 2412 non
3349 2366 3496 2423 erat;
3541 2365 3598 2412 et

2000 2448 2126 2518 quia
2170 2462 2234 2502 ex
2260 2446 2428 2501 nullis
2458 2449 2878 2504 subsistentibus
2904 2447 3083 2504 factus
3125 2458 3238 2517 cst;
3273 2457 3367 2505 aut
3390 2466 3455 2504 ex
3488 2449 3593 2503 alia

2000 2538 2301 2594 substantia
2329 2540 2416 2594 vel
2451 2541 2709 2605 essentia,
2734 2549 2829 2594 aut
2854 2540 3167 2595 mutabilem
3216 2540 3403 2595 dicunt
3446 2555 3589 2605 esse,

1999 2631 2082 2684 vel
2114 2630 2519 2686 'convertibilem
2550 2630 2873 2687 Filium'Dei
2892 2673 2906 2696 ,
2938 2633 3361 2687 anathematizat
3401 2634 3590 2690 catho-

1996 2722 2105 2778 lica
2132 2732 2187 2779 et
2218 2723 2511 2795 apostolica
2538 2723 2802 2779 Ecclesia.
3010 2716 3011 2719 “

2362 2832 2617 2891 ORATIO
2657 2806 2904 2890 SANCTI
2943 2834 3235 2902 lllLARll,

2004 2924 2174 2995 Quam
2203 2942 2280 2983 xu
2311 2927 2480 2993 libris,
2506 2945 2635 2999 quos
2664 2929 2744 3052 ἀεὶ,
2760 2938 2943 3011 sancta
2966 2930 3277 3001 conscripsit
3310 2928 3585 2997 Trinitate,

2650 3010 2711 3052 δτι
2753 3011 2943 3052 "NII".

2650 3010 2943 3069 sub-iunxit.

309 3133 606 3187 exercitus.
644 3133 717 3190 Te
736 3150 842 3204 per
876 3138 1065 3193 orbem
1096 3090 1363 3192 teirarum
1397 3146 1584 3194 sancta
1609 3137 1899 3193 conﬁtetur
1920 3090 1974 3156 ε
2080 3110 2277 3169 saneta
2308 3112 2568 3180 Ττίηίίλδθ
2616 3130 2901 3180 conservat
2930 3131 3042 3178 ονθο
3086 3116 3208 3171 ﬁdei
3240 3130 3373 3171 mem
3405 3116 3593 3171 incon‘

301 3220 572 3281 Ecclesia.
598 3224 819 3283 Patrem
847 3229 1125 3284 immensae
1155 3230 1478 3300 majestatis.
1514 3232 1897 3288 Venerandum

311 3324 465 3371 tuum
491 3331 682 3373 verum
706 3321 925 3375 unicum
957 3321 1172 3377 Filium.
1200 3321 1463 3379 Sanctum
1490 3340 1707 3394 quoque
1734 3340 1900 3395 para-

309 3404 512 3462 cletum
542 3410 821 3478 Spiritum.
854 3412 935 3467 Tu
958 3414 1073 3470 Rex
1101 3416 1285 3487 gloriae
1310 3416 1578 3475 Christus.
1615 3416 1899 3477 TuPatris

309 3499 675 3569 senipiternus
693 3517 753 3557 es
778 3503 967 3560 Filius.
994 3504 1074 3561 Tu
1097 3508 1165 3562 ad
1190 3508 1528 3564 liberandum
1551 3516 1901 3579 suscepturus

308 3589 589 3645 hominem
614 3608 722 3648 non
746 3595 1006 3652 horruisti
1037 3598 1274 3670 Virginis
1314 3607 1552 3657 uterum.
1583 3600 1663 3655 'l‘u
1689 3600 1899 3659 devicto

311 3683 506 3737 mortis
535 3684 725 3741 aculeo
749 3688 1006 3757 aperuisti
1035 3688 1382 3745 credentibus
1408 3706 1579 3763 regna
1607 3692 1894 3748 cmlortln.

308 3770 390 3827 Tn
423 3773 492 3829 ad
522 3776 802 3834 dexteram
833 3778 929 3836 Dei
967 3779 1123 3837 sedes
1168 3784 1224 3837 in
1276 3778 1447 3855 gloria
1492 3782 1693 3839 Patris.
1724 3783 1898 3841 Judex

309 3865 554 3922 crederis
596 3865 757 3941 117
798 3885 919 3927 esse
956 3883 1235 3930 venturus.
1268 3875 1344 3931 Te
1388 3891 1523 3948 ergo
1565 3892 1899 3948 quaesumus,

306 3959 421 4012 tuis
443 3957 661 4015 famulis
688 3962 936 4032 subveni,
956 3980 1090 4034 quos
1117 3967 1360 4038 pretioso
1382 3969 1647 4040 sanguine
1667 3970 1901 4026 redemi-

306 4050 398 4103 sti.
429 4047 659 4107 :Eterna
682 4050 766 4109 {ac
796 4072 919 4111 cum
955 4059 1161 4115 sanctis
1186 4060 1294 4116 tuis
1313 4061 1371 4115 in
1396 4060 1568 4132 gloria
1598 4064 1895 4119 numerari.

300 4137 531 4196 Salvum
554 4142 644 4200 iac
666 4147 922 4217 populum
952 4158 1126 4218 tuum,
1164 4151 1413 4220 Domine,
1439 4163 1495 4209 et
1529 4153 1761 4211 benedic
1787 4157 1898 4212 bae-

306 4233 527 4289 reditati
573 4246 698 4293 tute.
729 4239 795 4295 Et
842 4258 968 4314 rege
1010 4259 1105 4300 eos
1143 4254 1198 4300 et
1241 4246 1439 4303 extollo
1469 4247 1591 4304 illos
1624 4263 1795 4320 usque
1840 4250 1895 4304 in

306 4332 595 4381 :eternum.
626 4328 730 4383 Per
763 4331 1001 4403 singulos
1032 4335 1147 4391 dies
1170 4335 1540 4394 benedicimus
1575 4347 1648 4395 te.
1683 4339 1753 4395 Et
1778 4339 1896 4396 lau-

306 4414 503 4471 damus
530 4434 726 4475 nomen
757 4431 906 4477 tuum
935 4424 990 4479 in
1015 4428 1295 4497 saeculum,
1330 4439 1384 4485 et
1411 4430 1466 4485 in
1499 4431 1757 4488 saeculum
1792 4448 1897 4489 δω-
1918 4455 1979 4522 υ

305 4507 437 4561 culi.
463 4507 717 4581 Dignare,
741 4512 989 4583 Domine,
1017 4518 1101 4572 die
1130 4518 1235 4574 isto
1268 4521 1385 4577 sine
1412 4530 1638 4593 peccato
1662 4538 1762 4579 nos
1802 4539 1899 4587 cu-

304 4600 533 4657 stodire.
572 4602 826 4662 Miserere
864 4609 1061 4678 nostri,
1107 4611 1362 4681 Domine,
1404 4615 1667 4672 miserere
1699 4616 1893 4671 nostri.

296 4688 427 4747 Fiat
457 4693 829 4753 misericordia
859 4708 972 4768 tua,
1001 4700 1247 4769 Domine,
1279 4720 1442 4777 super
1472 4721 1573 4762 nos
1598 4707 1899 4777 :quemad-

298 4782 530 4837 modum
552 4787 885 4855 speravimus
907 4790 964 4844 in
985 4799 1059 4847 te.
1079 4792 1137 4848 In
1160 4803 1232 4861 te,
1256 4794 1502 4863 Domine,
1525 4798 1738 4868 speravi
1758 4798 1897 4853 :non

302 4876 615 4937 confundar
638 4883 694 4938 in
718 4892 1003 4943 aeternum.

984 4996 1213 5042 ORATIO.

375 5062 528 5125 Deus
554 5082 739 5126 rerum
777 5072 1018 5129 omnium
1052 5073 1312 5133 Conditor
1340 5084 1505 5149 atque
1530 5077 1777 5148 Greater,
1805 5080 1899 5153 qui

296 5176 450 5215 unus
487 5162 544 5216 in
574 5161 867 5232 Trinitate,
898 5174 953 5221 et
979 5166 1155 5223 trinus
1196 5168 1252 5223 in
1280 5170 1486 5226 unitate
1529 5174 1894 5245 cognosceris,

262 5251 466 5323 acujus
510 5255 942 5325 magnitudinem
989 5257 1247 5315 deﬁciens
1294 5271 1379 5317 est
1425 5263 1608 5337 lingua
1661 5266 1897 5323 humana

293 5358 563 5411 narrare;
596 5361 754 5415 quem
796 5348 914 5403 sine
956 5351 1259 5407 cessatione
1286 5354 1629 5423 proclamant
1668 5358 1846 5428 angeli
1880 5376 1895 5413 :

290 5453 545 5495 sanctus.
580 5441 706 5497 Ideo
734 5458 833 5498 nos
862 5445 1075 5501 minimi
1102 5445 1289 5502 famuli
1320 5449 1396 5503 tui
1426 5465 1522 5504 ore
1564 5451 1781 5521 quidem
1821 5445 1900 5509 in-

290 5530 473 5603 digno
508 5547 616 5587 non
657 5540 770 5590 tres
814 5546 1055 5604 sanctos,
1097 5540 1192 5595 sed
1238 5549 1323 5595 ter
1354 5539 1600 5609 Sanctus,
1622 5547 1899 5614 praeconio

292 5625 461 5680 vocis
479 5625 798 5694 attollimus,
821 5638 883 5685 ut
909 5645 1145 5688 consona
1168 5634 1535 5695 modulamina
1563 5639 1899 5709 proclamant

382 5750 413 5782 ι
444 5737 1401 5808 Unciainclusadesuntinllilario.

2004 3206 2326 3260 taminatam
2357 3206 2694 3277 religionem,
2727 3223 2898 3277 usque
2948 3209 3013 3263 ad
3057 3224 3339 3267 excessum
3371 3209 3595 3278 spiritus

2001 3298 2130 3353 mei.
2175 3298 2325 3354 Dona
2373 3299 2507 3354 mihi
2554 3301 2695 3355 banc
2735 3300 3083 3357 conscientia:
3121 3317 3255 3358 mea:
3283 3317 3491 3369 vocem,
3537 3311 3595 3358 ut

2002 3389 2147 3458 quod
2183 3389 2236 3443 in
2272 3390 2702 3459 regenerationis
2730 3405 2865 3446 mea:
2908 3392 3171 3463 symbolo,
3200 3392 3508 3462 baptizatus
3538 3393 3594 3447 in

2000 3480 2164 3537 Patre
2189 3490 2243 3536 et
2269 3480 2410 3538 Filio
2432 3490 2487 3538 et
2511 3481 2717 3553 Spiritu
2749 3491 2957 3547 sancto,
2984 3482 3259 3554 professus
3285 3498 3425 3548 sum,
3457 3498 3594 3537 sem-

1998 3588 2099 3649 per
2142 3573 2419 3629 obtineam
2448 3592 2459 3627 :
2488 3571 2709 3629 Patrem
2737 3574 2947 3631 scilicet
2992 3583 3047 3629 te
3092 3582 3363 3639 nostrum,
3390 3572 3589 3628 Filium

2002 3666 2157 3719 tuum
2183 3679 2289 3719 una
2313 3671 2493 3719 tecum
2512 3663 2756 3730 adorem,
2780 3673 2835 3719 et
2857 3673 3103 3721 sanctum
3131 3662 3391 3736 Spiritum
3419 3674 3591 3731 tuum,

2001 3756 2094 3826 qui
2122 3770 2190 3810 ex
2218 3764 2269 3810 te
2303 3771 2401 3826 per
2424 3756 2763 3827 unigenitum
2789 3765 2943 3812 tuum
2968 3766 3067 3821 est,
3100 3766 3441 3827 premerear;
3468 3757 3594 3826 quia

2001 3847 2136 3902 mihi
2163 3846 2390 3904 idoneus
2414 3846 2484 3903 ad
2513 3846 2675 3903 ﬁdem
2699 3848 2856 3903 testis
2880 3856 2984 3914 est,
3015 3849 3200 3904 dicens
3227 3867 3239 3902 :
3268 3847 3454 3914 Pater,
3484 3866 3594 3902 om-

2003 3939 2091 3993 nia
2134 3957 2250 3995 mea
2285 3948 2377 3994 tua
2407 3948 2549 4007 sunt,
2580 3948 2627 3994 et
2666 3948 2757 3995 tua
2788 3957 2921 3995 mea.
2950 3938 2999 4013 [ει
3028 3941 3170 3996 Deus
3206 3957 3378 4008 meus,
3410 3941 3593 3996 omnia

2000 4046 2123 4088 mea
2163 4043 2256 4088 tua
2280 4040 2439 4101 sunt,
2466 4042 2522 4089 et
2547 4041 2638 4088 tua
2666 4033 2832 4106 mea.]
2871 4032 3015 4090 Deus
3057 4050 3211 4090 meus
3235 4033 3392 4091 Jcsus
3429 4034 3590 4095 Chri-

2001 4131 2119 4180 stus
2158 4140 2385 4182 manens
2427 4124 2483 4180 in
2527 4133 2602 4192 te,
2644 4133 2700 4180 et
2739 4140 2807 4180 ex
2849 4134 2933 4192 te,
2999 4134 3055 4182 et
3091 4125 3233 4195 apud
3275 4134 3326 4182 te
3378 4142 3593 4197 semper

1998 4208 2181 4285 Deus,
2232 4216 2325 4288 qui
2381 4225 2465 4273 est
2514 4214 2836 4274 benedictus
2891 4218 2946 4273 in
2998 4218 3199 4275 saecula
3244 4218 3585 4279 surculorum.

1999 4306 2193 4365 Amen.

2144 4420 2402 4481 ORATIO
2432 4421 2677 4479 SANCTI
2704 4423 3079 4481 AUGUSTINI
3117 4423 3441 4483 EPISCOPl.

2071 4538 2213 4595 Deus
2231 4535 2478 4607 iustitia,
2493 4544 2546 4591 te
2558 4538 2844 4608 deprecor,
2860 4538 3004 4594 Deus
3020 4538 3427 4605 misericordiae,
3446 4540 3589 4596 Deus

1998 4629 2302 4697 invisitatis,
2326 4630 2469 4686 Deus
2490 4629 3067 4703 incomprehensibilis,
3090 4632 3233 4688 Deus
3252 4633 3589 4690 inenarrabi-

1994 4727 2087 4794 lis,
2110 4734 2336 4793 Meroe,
2366 4736 2644 4797 perpetuo,
2668 4726 2985 4781 benedicte:
3016 4726 3177 4794 Deus,
3208 4728 3362 4799 cujus
3380 4729 3585 4797 omnia,

1999 4820 2056 4876 in
2070 4833 2185 4891 quo
2200 4822 2406 4887 omnia,
2428 4822 2528 4877 sub
2551 4832 2660 4890 quo
2677 4819 2883 4886 omnia,
2910 4832 3010 4891 per
3024 4834 3194 4891 quem
3222 4822 3404 4877 omnia
3428 4831 3584 4877 sunt:

1997 4922 2167 4983 parce
2190 4915 2389 4968 animae
2416 4924 2572 4979 mea},
2597 4924 2762 4983 parce
2784 4911 2944 4967 malis
2970 4914 3129 4981 meis,
3163 4929 3325 4984 parce
3348 4914 3589 4985 peccatis

1996 5006 2137 5062 meis
2157 5015 2319 5075 atque
2334 5004 2686 5061 criminibus:
2709 5004 2870 5061 visita
2890 5005 3183 5073 infirmum,
3207 5022 3337 5062 cura
3359 5021 3582 5078 aegrum,

1994 5112 2132 5156 sana
2154 5099 2515 5170 languentem.
2533 5097 2611 5153 Da
2628 5112 2742 5165 cor,
2761 5100 2903 5170 quod
2923 5108 2976 5157 te
2996 5101 3204 5166 timeat,
3228 5114 3466 5164 sensum,
3490 5101 3583 5168 qui

1996 5198 2055 5246 te
2083 5190 2365 5262 intelligat,
2389 5191 2581 5247 oculos
2627 5192 2827 5257 cordis,
2871 5192 2963 5263 qui
2991 5200 3044 5248 te
3070 5191 3311 5248 videant.
3338 5192 3416 5243 Da
3449 5189 3586 5244 mihi

1999 5281 2289 5341 scintillam
2339 5284 2619 5355 sapientiae
2650 5292 2777 5352 tum,
2806 5300 2925 5356 quae
2971 5284 3107 5340 mihi
3130 5281 3583 5354 justifieationum

2000 5383 2218 5430 tuarum
2245 5376 2348 5431 iter
2374 5377 2649 5445 ostendat,
2676 5386 2731 5434 et
2760 5378 2942 5434 foveas
2971 5376 3172 5431 inimici
3198 5373 3472 5431 declinare
3498 5386 3585 5431 me

1998 5465 2211 5523 doceat.
2240 5467 2493 5525 Miserere
2517 5470 2645 5534 mei,
2675 5471 2799 5540 quia
2829 5469 3067 5539 peccavi,
3102 5475 3157 5523 et
3189 5475 3409 5538 propter
3436 5467 3586 5521 duri-

1998 5560 2133 5616 tiam
2162 5562 2339 5618 cordis
2366 5562 2504 5629 mei,
2532 5562 2588 5616 in
2616 5563 2733 5633 ipsa
2760 5569 3105 5631 peccatorum
3134 5570 3380 5615 meorum
3408 5568 3584 5615 morte

1999 5652 2232 5723 perduro
2266 5672 2278 5707 :
2320 5667 2420 5723 ego
2456 5668 2573 5721 ore,
2605 5669 2704 5723 ego
2753 5652 2935 5720 corde,
2976 5666 3074 5723 ego
3105 5666 3287 5725 opere,
3326 5667 3426 5726 ego
3462 5667 3583 5710 om-
