4044 6340
466 308 572 381 599

1297 320 1357 373 Β.
1398 316 1461 373 F.
1500 314 1726 373 ALBlNl
1765 308 1895 369 SEU
1936 306 2212 367 ALCUINI
2248 304 2535 365 OPERUM
2570 305 2752 362 PARS
2784 303 2875 361 IV.

3630 300 3732 366 ϐω

465 439 625 497 nibus
666 438 813 494 vitiis
838 435 1149 507 inquinatus
1176 451 1317 504 sum,
1344 435 1592 491 omnibus
1619 433 1914 489 sceleribus
1954 443 2045 483 co-
2074 431 2121 491 Α
2149 442 2325 492 mum,
2373 433 2434 480 ut
2477 434 2528 480 te
2572 426 2710 480 bene
2737 438 2951 494 rogem,
2988 427 3129 477 etut
3167 432 3254 476 me
3293 434 3450 493 agam
3489 422 3731 495 dignum,

467 543 689 606 apertus
716 549 855 590 sum.
902 532 1124 588 Veniam
1172 539 1313 601 peto,
1364 531 1490 600 quia
1516 530 1721 584 crimen
1764 542 2041 599 agnosco:

469 626 672 682 scelera
704 640 822 680 mea
852 624 945 678 tibi
980 622 1173 687 fateor,
1202 638 1321 692 qua:
1352 622 1453 676 etsi
1494 637 1599 676 non
1630 619 1936 683 conﬁterer,
1967 626 2048 672 ta-

446 733 593 772 men
626 726 677 770 te
705 717 870 771 latere
895 729 999 768 non
1028 720 1270 783 possunt.
1295 712 1374 766 Tu
1402 712 1547 767 enim
1577 718 1846 766 scrutator
1865 708 2047 765 cordis

472 820 525 864 et
554 811 762 864 renium
792 823 851 863 es
878 850 890 861 .
930 807 1026 861 tibi
1055 806 1263 861 occulta
1293 803 1728 870 manifestantur,
1759 813 1814 859 et
1842 810 2049 859 secreta

472 900 752 970 pateﬁunt.
780 898 1035 953 Miserere
1057 898 1186 963 mei,
1208 896 1452 957 Domine,
1480 911 1547 950 ne
1573 910 1660 950 me
1684 895 1860 966 perire
1891 894 2052 963 118

470 992 732 1062 patiaris:
761 1006 830 1045 ne
856 1006 941 1044 me
969 989 1253 1060 permittas
1292 987 1509 1042 :eternis
1550 986 1785 1041 tenebris
1835 993 1889 1040 et
1929 1000 2053 1054 per-

472 1092 631 1154 petua
677 1091 854 1139 morte
883 1082 1149 1138 consumi.
1180 1079 1348 1135 Aufer
1384 1095 1414 1133 a
1453 1080 1615 1134 corde
1655 1092 1776 1133 meo
1815 1078 2053 1131 alienum

473 1193 711 1241 sensum,
745 1193 875 1233 cura
914 1176 969 1231 in
1002 1190 1087 1230 me
1114 1182 1385 1243 stuporem
1412 1172 1609 1227 mentis
1635 1190 1646 1224 :
1678 1170 1887 1240 cxtirpa
1914 1185 1945 1223 a
1975 1169 2055 1223 vi-

471 1272 715 1327 sceribus
767 1269 903 1323 meis
946 1267 1171 1324 consilia
1221 1264 1550 1336 iniquitatis,
1597 1262 1759 1318 erade
1795 1277 1826 1315 a
1872 1261 2055 1333 lingua

474 1380 593 1420 mea
633 1360 951 1418 detrahendi
994 1358 1459 1422 consuetudinem,
1503 1355 1796 1412 mentiendi
1827 1353 2056 1408 facilita-

474 1464 604 1520 tem,
635 1452 888 1523 loquendi
924 1449 1339 1514 scurrilitatem,
1382 1456 1437 1502 et
1481 1463 1671 1503 omnes
1718 1453 1871 1502 actus
1906 1460 2057 1501 meos

473 1554 590 1600 arte
621 1555 675 1601 et
712 1543 979 1600 medicina
1011 1551 1102 1597 tua
1145 1558 1294 1597 sana.
1336 1539 1675 1595 Circumcide
1719 1538 1774 1592 in
1816 1552 1921 1602 me,
1954 1536 2059 1591 Do-

475 1640 641 1704 mine,
669 1638 801 1693 vitia
830 1636 1011 1692 cordis
1036 1643 1092 1690 et
1124 1633 1389 1703 corporis.
1429 1632 1685 1687 Miserere
1714 1630 1849 1695 mei,
1893 1629 2056 1693 Deus,

474 1734 599 1804 quia
633 1741 692 1787 tu
736 1732 878 1787 nosti
910 1731 1048 1786 facta
1082 1745 1222 1785 mea.
1253 1728 1310 1783 Si
1338 1736 1394 1783 tu
1422 1726 1882 1799 transgressiones
1910 1739 2059 1779 meas

2147 520 2288 590 quod
2330 536 2415 574 me
2464 519 2737 573 exaudias.
2766 517 2915 588 Auge
2964 516 3017 570 in
3065 530 3172 580 me,
3219 514 3465 579 Domine,
3507 532 3732 572 munera

2148 619 2260 677 tua,
2289 619 2348 665 ut
2372 610 2549 665 anima
2575 623 2693 664 mea
2721 608 2910 678 diligat
2932 616 2984 662 te
3024 613 3079 662 et
3108 605 3200 659 ﬁat
3222 606 3475 676 expedita
3499 607 3568 662 ab
3588 607 3734 663 omni

2147 704 2280 759 vitio
2317 702 2786 772 concupiscentiae.
2840 701 2991 772 Rogo
3028 710 3099 765 te,
3129 698 3315 764 Pater,
3358 700 3625 770 deprecor
3664 710 3734 765 te,

2150 794 2270 859 Fili,
2298 796 2521 849 obsecro
2545 802 2617 857 te,
2643 792 2879 863 Spiritus
2898 800 3103 857 sancte,
3128 799 3187 845 ut
3208 790 3433 845 evadam
3460 791 3527 845 de
3553 791 3737 846 mundi

2150 888 2394 953 miseria,
2423 896 2477 943 et
2508 887 2677 942 dones
2708 886 2840 940 mihi
2882 885 3074 941 aeterni
3114 884 3265 957 regni
3305 893 3568 954 perpetua
3614 899 3741 953 gau-

2152 982 2261 1037 dia.
2288 980 2579 1036 Revertere
2596 978 2709 1047 jam
2734 978 2878 1033 Deus
2905 992 3078 1042 meus,
3104 984 3159 1033 et
3183 991 3250 1032 ne
3273 977 3617 1033 obliviscaris
3639 976 3740 1031 mei

2151 1087 2323 1141 usque
2352 1072 2405 1125 in
2440 1070 2624 1135 ﬁnem,
2651 1085 2757 1125 non
2803 1069 2858 1124 in
2896 1075 3213 1137 perpetuum
3257 1067 3500 1132 deseras,
3530 1082 3633 1121 nec
3659 1082 3743 1121 me

2154 1161 2345 1216 cadere
2389 1161 2442 1213 in
2489 1167 2756 1230 potestate
2801 1158 3105 1214 daemonum
3146 1158 3451 1227 permittas.
3499 1157 3655 1211 Licet
3692 1157 3743 1211 in

2154 1249 2357 1305 oﬂ‘ensa
2390 1250 2635 1320 jaceam,
2686 1258 2742 1304 tu
2790 1257 2968 1303 tamen
3010 1247 3268 1312 clemens,
3307 1257 3363 1303 tu
3394 1249 3535 1319 pius,
3569 1258 3628 1303 tu
3657 1262 3747 1319 pa-

2156 1342 2326 1407 tiens,
2375 1351 2433 1396 tu
2482 1342 2711 1396 multum
2761 1340 3092 1405 misericors,
3140 1339 3347 1394 nullum
3394 1338 3741 1409 derelinquis,

2157 1434 2362 1489 nullum
2407 1435 2620 1504 spernis
2663 1433 2730 1487 ad
2761 1433 3047 1488 sanitatem
3081 1431 3423 1497 venientem,
3470 1433 3568 1487 sed
3605 1432 3748 1487 ultro

2158 1524 2391 1580 offerens
2431 1524 2926 1579 misericordiarum
2967 1522 3284 1578 clementias
3311 1530 3635 1592 peccatores
3658 1538 3751 1577 ex-

2159 1625 2394 1687 spectas,
2421 1626 2482 1671 ut
2510 1617 2753 1671 redeant.
2779 1615 2977 1682 Quanti
3006 1613 3151 1669 enim
3183 1612 3452 1679 scelerati,
3482 1623 3539 1669 et
3567 1613 3752 1669 multis

2160 1708 2377 1780 ﬂagitiis
2407 1708 2649 1772 involuti,
2680 1722 2777 1778 per
2804 1706 3061 1761 bonitatis
3088 1712 3193 1759 tua:
3221 1704 3453 1775 gratiam
3488 1704 3559 1759 ad
3584 1702 3754 1759 indul-

466 1786 673 1896 iudicio
717 1832 809 1878 tuo
851 1823 1104 1893 persequi
1145 1837 1210 1877 ac
1254 1819 1447 1891 punire
1486 1817 1770 1884 voluisses,
1803 1816 1931 1870 olim
1970 1829 2059 1869 me
2092 1786 2140 1848 Β
2165 1801 2400 1873 Galliam
2429 1798 2824 1896 Perve'lemm?
2868 1797 3022 1896 sicut
3051 1796 3237 1896 “11“”le
3279 1811 3387 1896 ῐξρη
3416 1796 3753 1896 ωξετεξηξίδυ

476 1923 621 1969 terra
652 1914 835 1970 vivum
874 1912 1263 1968 absorbuisset.
1311 1909 1418 1966 Sed
1463 1910 1590 1980 quia
1622 1917 1773 1963 tanta
1814 1915 1900 1964 est
1944 1907 2057 1963 cle-

474 2014 674 2069 mentia
702 2010 1003 2082 maiestatis
1023 2019 1148 2075 ture,
1172 2017 1232 2064 ut
1256 2007 1459 2063 nullum
1483 2007 1662 2076 perire
1683 2004 1937 2075 patiaris;
1964 2001 2059 2058 sed

472 2121 662 2161 omnes
704 2114 990 2175 exspectas
1028 2104 1095 2158 ad
1140 2103 1516 2174 paenitentiam
1555 2101 1788 2164 reverti,
1830 2100 1921 2169 qui
1962 2098 2059 2154 das

473 2198 706 2267 spatium
746 2195 1071 2267 paenitendi;
1118 2195 1184 2248 da
1222 2194 1635 2263 possibilitatem
1682 2191 1959 2263 operanti,
2001 2198 2062 2246 ut

474 2305 579 2343 non
619 2289 689 2343 sit
733 2287 834 2343 hoc
879 2302 1075 2340 vanum
1121 2285 1464 2355 indulgentia:
1505 2292 1609 2340 tua:
1653 2292 1885 2353 tempus,
1917 2283 2061 2352 quod

474 2382 607 2437 mihi
640 2380 827 2451 largiri
872 2395 973 2448 pro
1001 2387 1091 2432 tua
1118 2378 1318 2447 pietate
1351 2376 1608 2447 dignaris.
1639 2376 1895 2431 Miserere
1930 2374 2057 2441 mei,

476 2471 640 2535 Deus,
670 2486 737 2525 ne
766 2484 851 2525 me
881 2468 1169 2537 despicias,
1197 2483 1368 2537 neque
1392 2474 1608 2522 avertas
1632 2465 1826 2522 faciem
1858 2475 2007 2521 tuam
2029 2482 2062 2523 a

473 2580 583 2629 me,
611 2564 737 2634 quia
782 2577 888 2617 non
936 2577 1034 2632 pro
1067 2561 1282 2631 justitia
1330 2575 1449 2616 mea
1478 2568 1601 2631 peto
1632 2561 2060 2616 misericordiam

476 2663 655 2718 tuam,
696 2654 790 2709 sed
819 2660 1039 2722 propter
1065 2652 1403 2707 clementiam
1434 2659 1582 2706 tuam
1622 2652 1833 2722 respice
1867 2651 1934 2706 ad
1972 2666 2062 2706 me

473 2746 541 2800 de
568 2743 695 2799 sede
725 2744 1027 2813 majestatis
1057 2750 1181 2807 tuze,
1208 2751 1264 2796 et
1290 2744 1543 2797 tenebras
1568 2742 1750 2797 cordis
1774 2722 1881 2796 mei
1906 2742 2061 2797 radio

472 2834 774 2905 splendoris
800 2835 876 2888 tui
919 2834 1180 2888 illumina.
1221 2833 1447 2901 Protegc
1488 2849 1595 2898 me,
1629 2833 1873 2897 Domine,
1906 2843 2061 2890 scuto

471 2926 715 2981 veritatis
738 2941 801 2980 ac
829 2925 979 2990 ﬁdei,
1013 2932 1071 2978 ut
1101 2940 1187 2978 me
1216 2923 1412 2979 diaboli
1435 2923 1612 2992 jacula
1642 2924 1807 2992 ignita
1834 2940 1941 2979 non
1969 2940 2063 2995 pe-

472 3026 781 3083 netrent,et
807 3017 1069 3087 quidquid
1094 3016 1221 3072 illud
1253 3025 1356 3081 est,
1387 3018 1529 3086 quod
1559 3015 1846 3072 infelicitas
1879 3033 1999 3072 mea
2029 3032 2059 3071 a

2160 1893 2329 1964 gratis
2357 1893 2570 1947 veniam
2599 1891 2809 1947 donasti
2835 1909 2848 1945 :
2875 1891 2953 1946 sic
2981 1898 3034 1946 et
3065 1890 3197 1967 mihi
3224 1889 3444 1961 indigno
3472 1890 3755 1962 indulgen-

2160 1986 2293 2040 tiam
2323 1984 2506 2056 largiri
2533 1984 2773 2054 digneris
2800 1992 3022 2053 propter
3051 1991 3202 2037 tuam
3232 1981 3561 2037 ineﬁ‘abilem
3590 1983 3751 2036 mise-

2162 2074 2471 2139 ricordiam,
2499 2073 2841 2143 omnipotens
2865 2073 3024 2136 Deus,
3062 2073 3155 2142 qui
3192 2071 3331 2126 vivis
3354 2079 3409 2127 et
3437 2087 3635 2143 regnas
3658 2086 3754 2142 per

2160 2168 2342 2223 omnia
2372 2166 2567 2223 saecula
2594 2166 2937 2221 saeculorum.
2962 2165 3155 2220 Amen.

2490 2318 2747 2375 ORATIO
2788 2317 3035 2374 SANCTI
3070 2316 3420 2375 GREGORll.

2233 2477 2458 2534 Domine
2505 2482 2709 2541 sancte,
2740 2474 2904 2530 Pater
2944 2474 3308 2546 omnipotens,
3339 2483 3543 2530 aeterne
3593 2474 3753 2544 Deus,

2164 2570 2255 2640 qui
2282 2568 2435 2624 sedes
2462 2568 2515 2621 in
2544 2567 2772 2638 septimo
2800 2567 2995 2621 throno
3022 2584 3034 2620 :
3064 2567 3163 2622 sub
3192 2564 3348 2635 cujus
3374 2567 3606 2637 pedibus
3637 2582 3754 2623 om-

2163 2661 2252 2716 nia
2282 2660 2737 2724 contremiscunt;
2772 2659 3031 2714 miserere
3068 2659 3198 2724 mei,
3227 2659 3319 2729 qui
3347 2657 3525 2713 fecisti
3553 2659 3752 2715 coelum

2163 2759 2218 2807 et
2248 2758 2473 2815 terram,
2511 2766 2661 2805 mare
2687 2759 2742 2805 et
2772 2751 2954 2806 omnia
2978 2766 3097 2820 qua:
3126 2750 3179 2804 in
3204 2750 3283 2804 eis
3313 2760 3461 2805 sunt.
3496 2750 3757 2806 Miserere

2163 2848 2303 2911 mei,
2335 2848 2425 2917 qui
2460 2847 2801 2902 altitudinem
2851 2846 3001 2912 cceli,
3033 2855 3087 2902 et
3116 2846 3458 2902 latitudinem
3489 2855 3676 2913 terrm,
3703 2856 3760 2902 et

2163 2939 2488 3010 profundum
2510 2940 2689 3009 abyssi
2714 2940 2936 2994 metitus
2958 2954 3017 2994 es
3043 2956 3054 2992 :
3080 2940 3170 3009 qui
3200 2948 3459 3009 perpetua
3489 2939 3759 3009 sapientia

2165 3042 2256 3089 tua
2288 3032 2453 3089 cmlos
2484 3032 2771 3088 camerasti
2800 3040 2856 3087 et
2891 3032 3063 3087 stellis
3087 3032 3314 3097 ornasti,
3343 3040 3398 3087 et
3423 3042 3630 3087 terram
3667 3031 3759 3087 ﬁo-

475 3119 527 3165 ῐθ
555 3116 858 3211 ΡθῑθΓε-θυι
886 3108 1317 3211 ηοηξηωδυπιξῐο
1348 3117 1441 3211 ἕλιξι
1470 3124 1577 3211 ηίξη
1616 3108 1972 3211 intelligis“
2003 3115 2061 3164 ῑῑι
2084 3146 2134 3211 c
2166 3123 2317 3179 ribus
2365 3122 2683 3194 depinxisti;
2734 3136 2895 3192 quem
2941 3122 3175 3177 mundus
3216 3137 3321 3177 non
3353 3123 3497 3192 capit
3518 3164 3533 3189 ,
3567 3132 3623 3178 Et
3669 3137 3755 3178 re-

473 3217 571 3271 pro
598 3212 689 3257 tua
712 3203 914 3257 virtute
954 3202 1151 3267 tribue,
1178 3210 1232 3256 et
1262 3202 1366 3256 hoc
1402 3201 1619 3271 largire,
1650 3204 1794 3271 quod
1824 3204 2060 3257 animam

2164 3215 2399 3285 quiescis
2423 3215 2480 3268 in
2535 3214 2698 3269 corde
2726 3213 2945 3267 mundo.
2978 3212 3108 3278 Fac,
3142 3213 3391 3279 Domine,
3427 3228 3525 3269 cor
3574 3230 3756 3271 meum

477 3314 653 3355 meam
676 3298 847 3353 salvet
886 3314 915 3351 a
945 3304 1148 3362 morte;
1176 3304 1230 3351 et
1269 3296 1488 3351 exeunti
1517 3296 1647 3349 mihi
1677 3298 1744 3349 de
1782 3298 1885 3351 hac
1914 3296 2063 3353 clau-

474 3406 601 3446 sura
632 3391 977 3445 tenebrarum
1012 3403 1231 3443 manum
1260 3389 1493 3459 porrige,
1523 3396 1577 3443 et
1604 3386 1783 3442 lumen
1815 3390 2058 3445 ostende.

478 3484 733 3540 Miserere
777 3484 915 3549 mei,
960 3483 1205 3549 Domine,
1257 3491 1312 3537 et
1359 3483 1662 3553 redintegra
1699 3481 2059 3549 confractum,

474 3593 605 3633 sana
635 3585 968 3647 corruptum,
996 3577 1224 3631 emenda
1253 3576 1519 3641 vitiatum,
1559 3585 1613 3630 et
1652 3576 1780 3631 illud
1824 3576 2059 3647 indulge,

473 3672 617 3740 quod
646 3669 771 3735 feci,
799 3677 854 3725 et
882 3670 1004 3733 hoc,
1037 3677 1253 3737 praesta,
1284 3682 1351 3722 ne
1381 3670 1575 3723 iterum
1605 3669 1820 3724 faciam.
1855 3669 2065 3725 Miseri-

473 3778 597 3819 cors
621 3770 677 3817 et
704 3760 989 3817 miserator
1018 3760 1176 3825 Deus,
1205 3762 1295 3830 qui
1327 3769 1381 3816 et
1412 3762 1672 3818 barbaros
1721 3764 1930 3820 salvare
1956 3764 2062 3829 vis,

472 3864 529 3911 et
553 3857 619 3911 ad
658 3855 904 3910 veritatis
948 3854 1279 3924 agnitionem
1307 3854 1513 3919 venire,
1546 3854 1614 3910 ad
1658 3862 1708 3910 te
1739 3854 1957 3926 confugi
1996 3854 2062 3909 ﬁ-

474 3949 675 4005 delium
701 3947 1059 4003 Salvatorem.
1091 3945 1349 4001 Miserere
1374 3946 1504 4012 mei,
1532 3946 1659 4017 quia
1689 3954 1742 4002 te
1772 3946 2065 4017 plurimum

473 4038 815 4103 exacerbavi,
844 4046 897 4091 et
927 4037 1203 4092 inimicum
1232 4038 1469 4107 gaudere
1508 4037 1642 4103 feci,
1677 4046 1731 4092 et
1766 4053 1894 4093 ecce
1921 4053 2065 4092 mor-

472 4139 599 4187 tuus
628 4147 746 4187 sum
777 4130 1034 4185 obediens
1057 4129 1127 4184 ei.
1159 4129 1261 4195 Tu,
1311 4129 1557 4195 Domine,
1586 4137 1642 4185 et
1671 4129 1872 4199 impiis,
1896 4138 1951 4184 et
1980 4130 2065 4185 his

474 4226 566 4295 qui
595 4232 723 4280 sunt
765 4224 881 4279 sine
907 4222 1302 4287 misericordia,
1334 4223 1611 4279 misereris
1638 4236 1652 4276 :
1678 4223 1939 4278 miserere
1964 4222 2066 4278 bu-

2168 3308 2328 3379 119
2358 3308 2795 3373 immaculatum,
2830 3308 2921 3377 qui
2968 3307 3113 3362 diem
3156 3322 3188 3361 a
3223 3315 3384 3362 nocte
3427 3322 3672 3377 separas,
3704 3316 3762 3365 et

2163 3409 2341 3455 mutas
2370 3400 2580 3471 linguas
2609 3399 2867 3464 ferarum,
2893 3407 2949 3453 ct
2978 3399 3075 3453 das
3098 3399 3178 3454 eis
3208 3386 3531 3469 sapientiam
3557 3415 3573 3453 :
3596 3414 3762 3469 quem

2164 3495 2376 3550 diversa
2404 3494 2641 3549 volatilia
2679 3494 2896 3566 garrula
2940 3503 3240 3565 agnoscunt
3276 3509 3409 3550 voce
3450 3494 3759 3560 suavitatis,

2165 3587 2446 3643 laudantes
2472 3604 2629 3643 suum
2653 3586 2993 3664 Creatorem.
3012 3578 3371 3643 Gloriosus'es
3397 3597 3479 3654 tu,
3506 3588 3761 3655 Domine,

2164 3689 2217 3736 et
2261 3680 2495 3751 gloriosa
2521 3695 2684 3751 Opera
2736 3690 2847 3744 tua,
2879 3681 2971 3750 qui
3019 3680 3227 3746 fecisti,
3270 3686 3391 3752 quae
3423 3698 3533 3737 non
3572 3690 3756 3739 erant.

2162 3772 2348 3829 Justus
2373 3789 2453 3839 es,
2475 3774 2720 3839 Domine,
2748 3782 2803 3829 et
2821 3772 3027 3843 justum
3046 3772 3311 3843 judicium
3337 3784 3490 3830 tuum
3518 3796 3531 3830 :
3562 3788 3761 3848 magna

2164 3874 2219 3921 et
2247 3867 2382 3920 mira
2420 3874 2547 3921 sunt
2588 3880 2752 3936 opera
2783 3874 2895 3920 tua.
2927 3865 3251 3921 Benedictus
3280 3882 3341 3921 es
3375 3882 3541 3937 super
3568 3881 3764 3923 omnes

2163 3959 2587 4013 benedictiones.
2634 3958 2872 4013 Trinitas
2921 3958 3061 4014 Deus
3101 3960 3508 4031 inseparabilis,
3554 3961 3649 4032 qui
3700 3974 3763 4015 es

2163 4067 2304 4107 unus
2345 4060 2400 4106 et
2446 4067 2550 4106 non
2596 4051 2781 4106 solus:
2813 4067 2918 4105 una
2966 4051 3241 4120 divinitas,
3278 4053 3421 4107 trina
3469 4055 3760 4125 majestas,

2166 4142 2455 4212 cetequalis
2489 4142 2680 4213 gloria,
2719 4142 2891 4213 Alpha
2930 4150 2984 4197 et
3013 4143 3235 4214 Omega,
3267 4144 3484 4199 initium
3525 4155 3582 4199 et
3612 4145 3759 4200 ﬁnis.

2167 4234 2311 4289 Deus
2337 4243 2523 4289 noster
2551 4233 2665 4289 Rex
2700 4244 2826 4289 ante
2852 4233 3068 4300 szecula,
3100 4236 3191 4306 qui
3218 4245 3476 4304 operatus
3505 4252 3569 4291 es
3610 4236 3763 4290 salu-

473 4315 691 4368 militati
712 4311 1038 4382 mete:apud
1062 4321 1113 4366 te
1134 4312 1277 4367 enim
1304 4312 1635 4383 impossibile
1658 4312 1793 4368 nihil
1812 4322 1913 4380 est,
1937 4329 2066 4385 quo-
2166 4336 2276 4381 tem
2315 4326 2368 4381 in
2416 4326 2593 4381 medio
2622 4333 2798 4381 ιει-ιοω,
2844 4326 2986 4381 Deus
3030 4327 3121 4396 qui
3168 4327 3426 4381 ~“mulum
3471 4335 3765 4383 δεηεεωιε

471 4407 620 4462 niam
648 4421 806 4460 secus
845 4404 1115 4459 infernum
1146 4405 1403 4474 dissipata
1430 4414 1513 4459 est
1543 4406 1724 4460 anima
1769 4420 1912 4461 mea.
1954 4405 2066 4461 Fac
2108 4402 2117 4407 ’
2166 4418 2463 4484 concludis,
2504 4425 2558 4473 ει
2595 4425 2772 4471 tamen
2820 4417 2934 4486 ipse
2975 4432 3098 4472 cum
3129 4418 3326 4472 εωουιο
3356 4433 3463 4471 non
3494 4419 3764 4473 senescis,

398 4558 405 4563 .
472 4496 902 4553 misericordiam
924 4536 939 4560 ν
976 4497 1102 4564 qni“
1132 4496 1394 4566 bellignus
1420 4511 1479 4550 es
1506 4505 1561 4550 θῑ
1592 4496 1923 4563 misericors.
1969 4497 2067 4569 “8-
2094 4511 2142 4573 υ
2169 4509 2249 4565 Ad
2281 4517 2335 4565 te
2357 4508 2603 4579 expando
2630 4524 2823 4564 manus
2843 4524 2991 4564 meas
3014 4510 3069 4564 in
3096 4510 3506 4566 similitudinem
3537 4513 3722 4567 crucis
3745 4529 3764 4568 :

474 4598 658 4645 mento
696 4598 816 4655 tuo;
868 4589 961 4658 qui
991 4596 1045 4643 et
1085 4602 1343 4657 corpora,
1375 4604 1494 4658 qum
1542 4604 1650 4644 non
1692 4597 1845 4653 sunt,
1879 4590 1934 4644 in
1978 4591 2065 4647 die

473 4678 890 4733 resurrectionis
920 4677 1280 4734 suscitaturus
1306 4693 1386 4732 es.
1433 4678 1639 4733 Exaudi
1670 4695 1776 4745 me,
1802 4680 2060 4749 Domine,

473 4770 602 4839 quia
625 4769 821 4825 defecit
848 4769 1069 4839 spiritus
1091 4784 1263 4834 meus,
1290 4778 1346 4824 et
1372 4768 1558 4825 infelix
1584 4770 1765 4825 anima
1788 4787 1929 4828 mea.
1959 4772 2064 4828 Ta-

472 4858 745 4914 befactum
765 4868 849 4914 est
873 4860 1036 4915 etiam
1060 4874 1258 4929 corpus
1284 4875 1485 4926 meum,
1510 4861 1655 4932 quod
1681 4864 2059 4934 coinquinavi:

471 4951 636 5007 etiam
679 4952 866 5007 vivere
908 4967 1014 5007 non
1046 4951 1198 5007 valeo
1238 4967 1336 5022 pro
1377 4968 1460 5017 eo,
1506 4953 1651 5025 quod
1680 4970 1787 5010 non
1829 4954 2059 5010 credidi.

468 5043 693 5116 Ignosce
719 5054 1000 5115 peceatum
1045 5061 1224 5101 meum
1269 5061 1367 5115 per
1409 5048 1816 5117 paenitentiam,
1846 5046 2062 5103 viviﬁea

469 5151 559 5191 me
583 5137 895 5203 contritum,
921 5146 977 5192 et
1006 5138 1129 5209 igne
1157 5137 1462 5207 splendoris
1490 5140 1566 5193 tui
1598 5138 1859 5205 illumina,
1890 5148 1946 5194 et
1972 5154 2063 5195 ac-

470 5231 641 5285 cende
670 5247 767 5287 cor
793 5247 973 5287 meum
1001 5249 1013 5283 :
1044 5240 1105 5284 ut
1131 5246 1231 5301 ego
1258 5232 1530 5300 accipiens
1562 5231 1813 5287 ﬁduciam
1851 5233 2064 5289 miseri-

470 5324 670 5379 cordiae
713 5332 770 5380 et
817 5323 1162 5395 indulgentia:
1201 5332 1323 5389 ture,
1356 5325 1629 5380 residuum
1659 5338 1870 5395 tempus
1911 5326 2057 5395 vitae,

470 5416 615 5486 quod
643 5415 777 5471 mihi
824 5415 1133 5479 donaveris,
1167 5417 1421 5470 mandata
1454 5426 1543 5471 tua
1587 5420 1920 5483 custodiam,
1948 5428 2003 5474 et
2029 5436 2061 5474 a

470 5508 666 5563 timore
707 5516 800 5562 tuo
827 5523 933 5562 non
981 5506 1265 5573 recedam;
1311 5508 1403 5563 sed
1444 5509 1635 5565 devote
1682 5511 1915 5565 serviam
1963 5511 2061 5567 tibi

472 5602 724 5672 amplius,
751 5617 913 5671 quam
959 5602 1139 5656 modo.
1173 5602 1344 5658 Parce
1388 5618 1519 5674 ergo
1549 5604 1714 5669 mihi,
1748 5612 1802 5659 et
1847 5604 2061 5658 vivilica

474 5710 582 5758 me,
618 5695 959 5764 omnipotens
990 5694 1153 5758 Deus,
1196 5694 1420 5749 Domine
1450 5693 1575 5750 Jesu
1604 5696 1819 5750 Christe
1847 5697 2061 5750 univer-

476 5784 650 5838 sitatis
675 5785 939 5852 conditor,
970 5802 1095 5855 spes
1124 5786 1280 5839 unica
1310 5787 1513 5841 mundi.
1543 5786 1746 5845 Praesta
1775 5787 1905 5843 mihi
1944 5788 2058 5859 pri-

2022 5954 2051 5967 οι

2166 4604 2235 4660 ad
2271 4613 2321 4659 te
2350 4603 2628 4670 humilior,
2659 4603 2727 4657 ad
2759 4611 2811 4658 te
2841 4618 3137 4675 resurgam.
3171 4603 3355 4675 Erigat
3398 4620 3485 4658 me
3525 4604 3763 4660 dextera

2166 4704 2277 4760 tua,
2302 4693 2429 4751 Jesu
2457 4693 2694 4759 Christe,
2718 4695 2809 4764 qui
2833 4711 3018 4751 manes
3046 4696 3099 4750 in
3128 4696 3311 4762 Patre,
3341 4707 3396 4751 et
3422 4696 3588 4750 Pater
3611 4698 3670 4751 in
3706 4706 3764 4752 te

2165 4787 2222 4841 in
2244 4787 2651 4857 sempiternum.
2676 4784 2978 4852 Credimus,
3002 4786 3249 4854 Domine,
3274 4788 3569 4843 adventum
3601 4797 3767 4845 tuum

2165 4888 2222 4935 et
2259 4878 2714 4936 resurrectionem
2760 4886 2929 4933 tuam.
2974 4879 3053 4933 Tu
3096 4879 3266 4933 nostri
3297 4878 3619 4934 dominaris.
3654 4877 3770 4933 Do-

2167 4972 2334 5037 mine,
2366 4979 2659 5041 antequam
2701 4969 2962 5026 diseutias
2993 4984 3099 5036 me,
3135 4971 3396 5026 miserere
3443 4971 3583 5035 mei;
3627 4985 3769 5025 sana

2163 5068 2512 5132 peccatorum
2542 5074 2788 5114 meorum
2814 5060 3061 5126 vulnera,
3086 5061 3212 5131 quia
3238 5062 3458 5131 peccavi
3488 5062 3544 5116 in
3580 5070 3655 5117 te.
3681 5060 3768 5116 Ab

2164 5150 2390 5207 occultis
2436 5151 2572 5206 meis
2612 5151 2812 5205 munda
2857 5166 2963 5217 me,
3004 5152 3249 5207 Domine.
3287 5150 3534 5205 lllumina
3580 5166 3683 5205 cor
3709 5158 3775 5205 et

2165 5259 2383 5299 sensum
2405 5258 2587 5297 meum
2614 5241 2815 5296 lumine
2835 5243 3143 5299 serenitatis
3169 5251 3291 5300 tuae.
3318 5244 3394 5299 Te
3417 5252 3546 5300 ante
3569 5243 3768 5300 omnia

2165 5351 2354 5391 sensus
2389 5350 2542 5390 meus
2570 5333 2761 5405 sapiat.
2799 5335 2874 5389 Da
2905 5335 3038 5390 mihi
3084 5335 3446 5399 intellectum,
3481 5344 3544 5390 ut
3586 5304 3779 5391 δείδιε

2166 5427 2472 5484 testimonia
2510 5434 2621 5491 tua,
2648 5434 2704 5481 et
2742 5427 3045 5484 custodiam
3088 5444 3153 5484 ea
3194 5429 3247 5481 in
3292 5428 3458 5483 corde
3490 5442 3635 5482 meo.
3682 5427 3773 5481 Da

2165 5522 2296 5577 mihi
2328 5519 2555 5591 gratiam
2605 5529 2771 5583 tuam,
2798 5520 2922 5589 quia
2948 5537 3056 5576 non
3085 5530 3190 5587 est,
3216 5521 3309 5592 qui
3337 5521 3768 5575 convalescat...

2163 5614 2328 5668 Pater
2373 5614 2768 5683 orphanorum,
2821 5621 3113 5667 venerator
3156 5613 3464 5677 viduarum,
3512 5611 3773 5666 indultor

2165 5704 2462 5775 egentium,
2502 5701 2781 5759 confessor
2808 5703 3221 5772 poenitentium;
3267 5712 3466 5773 praesta
3492 5702 3629 5757 mihi
3660 5715 3772 5756 ve-

2166 5796 2331 5864 niam,
2359 5811 2519 5867 quem
2545 5794 2824 5868 plasmasti
2847 5796 2913 5852 de
2938 5795 3098 5865 limo;
3134 5804 3187 5852 et
3216 5797 3596 5867 cogitationes,
3630 5809 3771 5868 Qua
