4044 6340
306 250 404 309 ΒΜ

1293 230 1683 294 LTTURGICA.
1706 228 1796 273 ’--
1832 224 2099 285 OFFICIA
2135 226 2273 289 PER
2305 228 2576 289 FERIAS.

3452 225 3561 284 603

268 368 464 426 .ﬁdem
514 379 621 421 non
666 357 936 433 frangant.
986 358 1130 414 Doce
1173 370 1262 412 me
1316 354 1496 410 facere
1549 350 1879 407 voluntatem
1909 342 1958 405 Δ
1985 352 2224 414 sanctus,
2269 348 2533 404 Dominus
2571 360 2725 404 meus
2770 343 2913 415 pius,
2966 356 3064 398 rex
3108 354 3262 409 meus
3306 344 3557 413 magnus,

306 474 471 518 tuam.
506 459 849 528 Quaecunque
889 453 1160 526 praecipis,
1190 452 1303 523 ipse
1328 449 1541 520 adjuva,
1569 453 1630 501 ut
1658 442 1882 515 implere

302 552 542 627 possim,
579 557 639 605 ut
668 564 776 604 non
821 560 1042 617 peccem
1089 544 1185 599 tibi
1216 541 1480 613 amplius;
1512 539 1607 595 sed
1641 538 1708 592 da
1749 532 1884 590 mihi

303 645 631 702 desiderium
664 641 730 695 ad
770 654 930 695 omne
965 653 1100 709 opus
1139 637 1360 691 bonum.
1404 634 1652 696 Domine,
1695 629 1748 684 in
1792 638 1882 684 tua

298 736 513 808 justitia
537 735 708 789 libera
731 748 816 787 me
835 732 901 786 de
922 729 1159 801 peccatis
1180 727 1337 792 meis,
1361 726 1428 781 ab
1451 723 1597 780 omni
1628 721 1792 785 malo,
1817 720 1884 775 ab

302 831 453 886 omni
486 827 746 898 periculo,
783 827 851 880 ab
880 824 1025 881 omni
1053 821 1274 884 haeresi,
1314 820 1381 875 ab
1410 817 1663 873 omnibus
1688 811 1886 882 iniquis

305 923 628 979 desideriis:
659 928 714 976 et
753 920 1018 975 constitue
1041 933 1129 972 me
1175 917 1231 971 in
1259 913 1403 969 omni
1433 925 1595 982 opere
1637 909 1801 972 bono,
1832 914 1888 962 et

305 1016 467 1069 visita
498 1014 707 1069 dolores
730 1026 902 1077 meos,
927 1018 981 1066 et
1007 1024 1157 1071 sana,
1182 1021 1301 1077 quae
1323 1004 1421 1060 tibi
1441 1010 1561 1073 apta
1587 1015 1696 1055 non
1726 1005 1881 1065 sunt;

302 1118 361 1164 et
386 1110 529 1180 quod
554 1109 606 1163 in
630 1123 717 1163 me
737 1106 1027 1161 obscurum
1046 1111 1151 1167 est,
1174 1115 1368 1156 nomen
1391 1096 1611 1151 luminis
1634 1093 1884 1164 accipiat.

298 1204 448 1258 Ante
479 1212 550 1265 te,
592 1202 837 1266 Domine,
863 1215 1023 1255 omne
1052 1196 1377 1253 desiderium
1410 1207 1611 1257 meum,
1642 1198 1695 1246 et
1720 1188 1889 1261 gemi-

301 1301 393 1349 tus
417 1308 566 1348 meus
591 1308 620 1346 a
644 1301 696 1345 te
719 1307 827 1347 non
855 1300 938 1345 est
961 1288 1327 1344 absconditus.
1358 1286 1434 1340 Da
1460 1283 1613 1346 mihi,
1639 1281 1886 1345 Domine,

296 1384 674 1441 fortitudinem
709 1374 968 1441 adversus
998 1382 1221 1438 insidias
1251 1378 1483 1443 diaboli,
1528 1385 1583 1432 et
1611 1376 1889 1446 instiganti

296 1479 572 1535 obsistere
616 1486 835 1533 satanze.
866 1477 942 1529 Da
972 1474 1105 1529 mihi
1136 1486 1284 1527 arma
1313 1468 1548 1531 virtutis,
1579 1475 1634 1522 et
1665 1465 1890 1520 loricam

294 1568 637 1624 fortitudinis
666 1576 790 1623 tum.
826 1566 980 1621 Nulla
1011 1564 1141 1618 mihi
1176 1561 1343 1617 nimia
1383 1558 1675 1615 oblectatio
1711 1554 1891 1611 subri-

290 1664 448 1736 piat,
488 1662 665 1716 nullus
706 1661 941 1729 antiqua:
966 1655 1266 1727 putredinis
1311 1668 1422 1709 suze
1454 1666 1538 1705 me
1570 1648 1733 1705 fuetor
1762 1662 1887 1702 cor-

1978 443 2143 514 judex
2189 458 2341 498 meus
2382 443 2588 514 justus,
2639 439 2898 511 magister
2936 452 3091 493 meus
3124 451 3297 502 unus,
3346 434 3561 506 adjutor

1983 551 2137 591 meus
2165 544 2492 606 opportunus
2510 575 2526 601 ,
2555 534 2798 589 medicus
2826 546 2978 587 meus
3002 530 3439 601 potentissimus,
3481 530 3562 585 di-

1985 630 2159 685 lectus
2189 645 2341 685 meus
2368 630 2784 700 pulcherrimus,
2812 628 2970 698 panis
3000 642 3149 682 meus
3173 626 3347 691 vivus,
3380 640 3563 681 sacer-

1985 724 2084 779 dos
2120 723 2361 777 meusin
2401 731 2680 777 aeternum.
2736 722 2877 776 Deus
2912 736 3066 776 mens
3104 721 3170 775 ad
3201 720 3434 791 patriam
3468 718 3561 772 lux

1986 830 2105 870 mea
2131 830 2279 869 vera.
2320 813 2559 869 Dulcedo
2588 828 2709 870 mea
2734 821 2951 875 sancta,
2984 813 3071 867 via
3097 827 3217 867 mea
3244 820 3391 881 recta
3411 850 3426 876 ,
3470 825 3560 864 sa-

1987 906 2188 977 pientia
2218 921 2337 961 mea
2366 904 2623 976 praeclara
2646 945 2661 969 ,
2713 904 3027 974 simplicitas
3056 920 3176 959 mea
3206 917 3342 972 pura
3364 942 3380 968 ,
3428 915 3561 956 con-

1988 997 2171 1053 cordia
2196 1012 2315 1052 mea
2342 996 2566 1066 paciﬁca
2584 1038 2598 1060 ,
2631 994 2874 1050 custodia
2908 1008 3028 1049 mea
3057 1001 3170 1048 tuta
3188 1034 3203 1059 ,
3239 992 3418 1062 portio
3441 1005 3563 1045 mea

1988 1090 2128 1145 bona
2146 1129 2161 1155 ,
2193 1088 2335 1144 salus
2364 1104 2484 1143 mea
2511 1087 2864 1158 sempiterna,
2896 1085 3268 1141 misericordia
3294 1098 3414 1139 mea
3446 1097 3563 1138 ma-

1989 1195 2127 1250 gna,
2170 1180 2430 1257 patientia
2460 1193 2581 1234 mea
2609 1177 3014 1242 robustissima,
3051 1177 3274 1232 victima
3311 1191 3432 1230 mea
3459 1175 3561 1229 im-

1989 1269 2282 1334 maculata,
2320 1268 2619 1339 redemptio
2662 1284 2783 1324 mea
2826 1267 3001 1335 facta,
3042 1282 3166 1338 spes
3198 1283 3320 1323 mea
3351 1266 3561 1331 futura,

1990 1363 2231 1418 charitas
2265 1378 2383 1417 mea
2417 1361 2675 1432 perfecta,
2707 1360 3035 1418 resurrectio
3061 1375 3181 1416 mea
3209 1368 3416 1423 sancta,
3453 1358 3565 1413 vita

1990 1470 2111 1511 mea
2142 1462 2361 1511 aeterna.
2404 1455 2479 1510 Te
2510 1456 2787 1526 deprecor,
2820 1453 3065 1523 supplico
3095 1460 3151 1508 et
3194 1467 3346 1524 rogo,
3377 1459 3439 1505 ut
3465 1463 3566 1522 per

1991 1554 2044 1601 te
2080 1546 2386 1613 ambulem,
2426 1546 2493 1601 ad
2531 1554 2584 1601 te
2620 1545 2959 1616 perveniam,
3004 1543 3060 1598 in
3101 1550 3157 1599 te
3200 1542 3563 1613 requiescam.

1990 1636 2221 1701 Exaudi,
2242 1637 2457 1702 exaudi,
2479 1637 2673 1692 exaudi
2702 1651 2808 1701 me,
2822 1635 3054 1701 Christe,
3073 1634 3165 1706 qui
3187 1649 3310 1691 cum
3329 1632 3491 1689 Patre
3511 1638 3568 1688 et

293 1716 537 1825 rumpat.
565 1753 731 1807 Aufer
768 1768 798 1805 a
835 1716 920 1805 me
963 1716 1205 1804 iubricos
1246 1754 1303 1802 et
1350 1744 1566 1799 inutiles
1597 1742 1883 1813 cogitatus,
1920 1716 1964 1776 Β
1993 1725 2198 1797 Spiritu
2224 1735 2411 1783 εθηειο
2436 1728 2573 1783 νίνίθ
2598 1736 2653 1782 ει
2679 1742 2892 1795 regnas-

291 1848 782 1919 suggestionesque
811 1843 1055 1898 furtivas.
1082 1842 1248 1905 Deus,
1277 1838 1370 1908 qui
1398 1837 1519 1907 plus
1545 1844 1702 1905 potes
1731 1835 1886 1900 dare,

291 1954 467 2009 quam
517 1953 616 1991 nos
664 1944 911 2007 petamus
951 1942 1044 1987 aut
1089 1930 1481 1999 intelligamus,
1529 1933 1742 1980 moveat
1782 1935 1887 1978 vox

289 2048 422 2087 mea
451 2028 882 2086 misericordiam
922 2036 1090 2088 tuam,
1120 2023 1212 2092 qui
1243 2037 1302 2076 es
1329 2036 1468 2075 unus
1512 2019 1566 2072 in
1597 2016 1882 2080 Trinitate,

288 2132 355 2179 et
400 2124 577 2178 trinus
621 2123 674 2175 in
716 2119 943 2175 unitate.
993 2116 1072 2172 Ne
1104 2116 1298 2186 perdas
1346 2129 1431 2168 me
1477 2128 1600 2168 cum
1644 2110 1885 2181 peccatis

287 2216 470 2279 meis;
498 2215 626 2284 quia
654 2228 761 2268 non
788 2210 983 2266 venisti
1002 2208 1179 2278 justus
1204 2206 1431 2270 salvare,
1456 2205 1549 2259 sed
1574 2211 1886 2272 peccatores

287 2315 367 2369 ad
395 2314 770 2383 paenitentiam
796 2324 1081 2365 revocare:
1107 2306 1199 2377 qui
1220 2320 1280 2360 es
1300 2309 1512 2358 amator
1532 2299 1880 2371 paenitentiae,

289 2408 561 2463 miserere
588 2406 714 2461 mei.

370 2500 597 2553 Domine
637 2506 839 2563 sancte,
880 2495 1040 2551 Pater
1064 2492 1423 2562 omnipotens,
1468 2495 1671 2543 aeterne
1714 2483 1882 2547 Deus,

288 2592 559 2648 fortitudo
584 2606 721 2651 mea,
751 2590 1150 2651 firmamentum
1178 2599 1377 2649 meum,
1400 2582 1660 2636 liberator
1681 2586 1737 2632 et
1759 2591 1887 2647 pro-

288 2691 477 2738 tector
498 2697 727 2753 magnus
752 2690 807 2734 et
831 2681 1065 2750 patiens,
1092 2675 1357 2748 refugium
1382 2673 1648 2736 et‘virtus,
1673 2668 1887 2737 adjutor

288 2782 350 2832 et
392 2773 671 2837 liberator,
721 2772 812 2825 lux
859 2770 1014 2834 lueis,
1066 2767 1187 2822 fons
1230 2764 1467 2827 luminis,
1516 2760 1596 2816 sol
1636 2757 1882 2827 iustitiae,

288 2865 454 2923 stella
481 2864 620 2929 diei,
659 2864 750 2933 qui
788 2861 1060 2917 inhabitas
1088 2858 1365 2921 saeculum,
1393 2853 1545 2924 cujus
1576 2852 1684 2906 alta
1715 2858 1770 2905 et
1797 2864 1885 2903 su-

288 2972 466 3029 perna
493 2963 669 3018 terra,
706 2952 859 3021 cujus
891 2953 1115 3007 thronus
1146 2946 1568 3010 inaestimabilis,
1617 2952 1672 2998 et
1715 2941 1883 3013 gloria

289 3045 883 3118 incomprehensibilis,
932 3043 1018 3098 cui
1069 3041 1333 3096 assistunt
1380 3037 1586 3092 militiae
1630 3050 1750 3089 cum
1783 3048 1882 3103 pa-
1912 3063 1960 3129 ο

288 3155 460 3205 vorc,
493 3139 649 3209 cujus
675 3137 855 3191 vultus
883 3135 1084 3190 excitat
1109 3134 1349 3203 abyssos,
1377 3138 1433 3185 et
1457 3129 1734 3183 tabescere
1755 3124 1886 3179 facit

288 3242 546 3289 montes:
576 3231 772 3286 exaudi
798 3230 1098 3284 orationem
1127 3224 1269 3280 servi
1300 3223 1399 3287 tui,
1420 3220 1563 3276 Deus
1590 3234 1761 3282 meus,
1789 3232 1886 3287 per

290 3323 589 3378 Dominum
633 3330 878 3377 nostrum
918 3317 1104 3373 Jesum
1149 3314 1425 3370 Christum
1467 3310 1665 3365 Filium
1711 3316 1883 3373 tuum,

291 3417 395 3489 qui
436 3423 522 3471 est
552 3414 805 3484 splendor
833 3426 975 3467 vera:
1004 3410 1159 3474 lucis,
1186 3408 1349 3479 janua
1379 3406 1527 3471 vitre,
1554 3404 1642 3457 via
1672 3400 1886 3465 salutis,

289 3510 523 3567 lucerna
551 3510 777 3574 ardens,
820 3506 973 3562 cibus
1010 3502 1279 3566 caelestis,
1320 3500 1477 3571 panis
1502 3498 1684 3562 vivus,
1726 3501 1886 3564 potus

291 3621 361 3661 ex
394 3604 542 3660 fonte
569 3601 824 3673 perenni,
855 3599 1094 3655 Verbum
1135 3598 1190 3651 in
1232 3594 1500 3666 principio
1538 3591 1681 3663 apud
1715 3589 1886 3644 Deum

291 3711 424 3752 cum
456 3693 661 3766 Spiritu
690 3704 901 3758 sancto,
932 3690 1024 3761 qui
1055 3705 1085 3744 a
1115 3688 1278 3743 Patre
1306 3686 1605 3757 procedens
1637 3682 1888 3739 circumit

292 3789 478 3859 girum
507 3786 651 3842 cceli.
698 3785 838 3852 Quid
865 3800 995 3854 ergo
1024 3783 1168 3838 Deus
1197 3795 1371 3845 meus,
1410 3778 1537 3849 quid
1580 3791 1740 3846 rogo,
1784 3774 1888 3829 nisi

290 3880 567 3936 Dominus
608 3878 793 3933 Deus?
846 3876 1086 3940 Summe,
1121 3874 1344 3944 Optime,
1381 3870 1791 3943 potentissime,
1834 3874 1890 3923 et

292 3970 847 4035 misericordissime,
893 3977 948 4023 et
984 3967 1285 4038 iustissime
1329 3972 1384 4018 et
1429 3961 1794 4018 sacratissime
1834 3967 1891 4015 et

291 4064 747 4137 praesentissime,
777 4070 832 4116 et
860 4060 1245 4131 pulcherrime,
1280 4055 1488 4111 stabilis
1515 4063 1568 4108 et
1593 4055 1891 4124 incompre-

293 4153 630 4219 hensibilis,
680 4150 1033 4214 immortalis;
1087 4157 1306 4203 mutans
1350 4146 1561 4210 omnia,
1613 4157 1888 4213 nunquam

293 4260 510 4309 novus,
552 4257 828 4313 nunquam
854 4249 1038 4307 vetus;
1090 4240 1352 4295 innovans
1380 4237 1562 4292 omnia
1592 4236 1708 4290 sine
1732 4242 1887 4289 vetu-

295 4344 464 4401 state,
499 4334 732 4404 perdens
759 4333 1020 4401 superbos
1056 4339 1113 4386 et
1146 4329 1424 4393 nesciunt,
1463 4342 1676 4397 semper
1703 4341 1885 4396 agens,

2197 1861 2452 1919 ORATIO
2489 1862 2733 1918 SANCTI
2769 1860 3098 1918 GREGORII
3132 1860 3360 1919 PAPXE.

2056 1973 2305 2040 Peccavi,
2333 1974 2582 2042 Domine,
2608 1989 2792 2030 coram
2817 1982 2892 2040 te,
2919 1973 3140 2044 peccavi
3167 1980 3222 2027 et
3249 1986 3447 2043 coram,
3469 1987 3567 2027 an-

1989 2066 2128 2137 gelis
2160 2066 2289 2122 tuis.
2335 2066 2445 2123 Fac
2476 2082 2689 2123 mecum
2720 2067 2935 2123 servulo
2958 2074 3053 2121 tuo
3084 2064 3380 2121 secundum
3405 2065 3570 2120 mise-

1984 2156 2278 2211 ricordiam
2304 2165 2473 2211 tuam.
2524 2157 2681 2222 Tibi,
2728 2156 2976 2221 Domine,
3018 2154 3408 2215 misericordia,
3435 2154 3557 2221 tibi,

1985 2247 2232 2314 Domine,
2272 2247 2505 2317 justitia.
2562 2247 2708 2303 Sana
2750 2262 2861 2311 me,
2887 2245 3143 2311 Domine,
3188 2253 3244 2301 et
3287 2242 3562 2300 sanahor:

1985 2341 2133 2397 salva
2157 2358 2266 2408 me,
2290 2352 2345 2397 et
2368 2341 2638 2415 saivabor,
2664 2340 2790 2411 quia
2815 2356 2922 2395 non
2952 2336 3196 2394 infernus
3220 2335 3566 2394 conﬁtebitur

1986 2432 2114 2499 tibi,
2155 2448 2327 2503 neque
2359 2446 2506 2486 mors
2548 2430 2790 2486 laudabit
2826 2438 2901 2485 te.
2952 2427 3181 2494 Vivens,
3221 2426 3410 2483 vivens
3449 2426 3569 2497 ipse

1984 2526 2329 2583 conﬁtebitur
2360 2525 2494 2591 tibi,
2534 2525 2674 2580 sicut
2709 2532 2765 2579 et
2798 2538 2897 2596 ego
2934 2523 3112 2578 hodie.
3158 2520 3435 2577 Intercede
3462 2533 3566 2591 pro

1985 2635 2095 2687 me,
2124 2627 2309 2675 sancta
2338 2618 2509 2672 Maria
2539 2624 2714 2672 mater
2739 2616 2951 2672 Domini
2989 2613 3158 2669 nostri
3185 2611 3311 2668 Jesu
3341 2610 3568 2667 Christi.

1985 2713 2301 2768 Beatissima
2328 2696 2383 2766 et
2409 2710 2643 2783 gloriosa
2663 2709 2917 2779 genitrix,
2940 2706 3133 2776 adjuva
3158 2720 3261 2759 me.
3292 2701 3571 2758 Intercede

1984 2820 2082 2875 pro
2110 2820 2216 2871 me,
2243 2814 2430 2859 sancte
2455 2803 2633 2867 Petre,
2660 2800 3028 2873 apostolorum
3050 2798 3321 2869 princeps,
3344 2804 3401 2850 et
3424 2793 3572 2849 solve

1984 2915 2072 2955 me
2115 2915 2147 2953 a
2183 2898 2412 2953 vinculis
2454 2906 2803 2967 peccatorum
2844 2908 3111 2949 meorum.
3164 2889 3441 2945 Intercede
3470 2901 3570 2957 pro

1985 3004 2073 3044 me
2116 2999 2425 3060 peccatore,
2457 2996 2643 3043 sancte
2681 2984 2867 3051 Paule,
2900 2982 3139 3055 apostole
3180 2980 3423 3045 Christi,
3473 2993 3571 3034 vas

1988 3082 2283 3137 electionis.
2334 3078 2613 3135 Intercede
2640 3093 2740 3149 pro
2779 3092 2867 3132 me
2907 3075 3125 3146 indigno
3170 3080 3226 3127 et
3267 3085 3362 3125 reo
3407 3076 3570 3139 atque

1990 3182 2258 3244 torpente,
2288 3179 2475 3229 sancte
2499 3170 2760 3226 Andreas.
2796 3165 3075 3223 Intercede
3101 3178 3201 3235 pro
3229 3160 3386 3216 malis
3410 3159 3569 3225 meis,

1989 3275 2175 3322 sancte
2199 3264 2417 3321 Jacobe.
2446 3263 2726 3318 lntercede
2753 3275 2852 3332 pro
2880 3254 3180 3314 malefactis
3205 3253 3363 3317 meis,
3387 3258 3574 3306 sancte

1988 3358 2224 3414 Joannes
2259 3356 2455 3412 dilecte
2493 3355 2607 3409 Dei.
2662 3350 2940 3407 Intercede
2984 3361 3085 3418 pro
3128 3343 3367 3417 peccatis
3410 3338 3573 3405 meis,

1990 3457 2178 3505 sancte
2203 3447 2467 3517 Philippe.
2506 3443 2782 3499 Intercede
2806 3456 2905 3513 pro
2930 3437 3170 3511 peccatis
3194 3434 3353 3499 meis,
3386 3438 3575 3488 sancte

1988 3540 2401 3596 Bartholomaee.
2459 3536 2739 3592 Intercede
2785 3549 2886 3604 pro
2932 3525 3340 3587 inﬁrmitatibus
3390 3522 3527 3578 meis
3554 3560 3573 3588 ,

1989 3640 2177 3688 sancte
2209 3631 2436 3686 Thoma.
2484 3626 2761 3682 Intercede
2794 3640 2892 3696 pro
2921 3621 3133 3678 delictis
3168 3616 3305 3673 meis
3326 3656 3342 3681 ,
3388 3619 3576 3672 sancte

1989 3726 2257 3780 Matthiae.
2306 3720 2584 3777 Intercede
2621 3734 2721 3791 pro
2757 3713 3133 3788 iniquitatibus
3173 3709 3342 3773 meis,
3388 3712 3576 3761 sancte

1988 3817 2207 3874 Jacobe.
2228 3813 2506 3885 Intercede
2524 3827 2624 3883 pro
2643 3808 2936 3867 sceleribus
2956 3806 3111 3870 meis,
3128 3808 3315 3859 sancte
3329 3798 3571 3854 Tathme.

1989 3909 2265 3965 Intercede
2286 3921 2385 3976 pro
2414 3900 2935 3975 transgressionibus
2962 3895 3117 3961 meis,
3141 3899 3331 3949 sancte
3358 3887 3571 3944 Simon.

1989 3999 2268 4056 Intercede
2285 4013 2385 4069 pro
2400 3996 2732 4051 vanitatibus
2747 3992 2902 4057 meis,
2917 3996 3104 4045 sancte
3127 3982 3379 4039 Mathias.
3403 3978 3576 4035 Obse-

1990 4107 2087 4148 cro
2131 4106 2259 4157 vos,
2309 4086 2537 4160 apostoli
2579 4083 2818 4149 Christi,
2866 4096 2964 4154 per
3004 4072 3578 4134 commemorationem

1990 4191 2227 4238 vestram
2244 4220 2259 4246 ,
2298 4187 2359 4234 ut
2385 4178 2519 4233 mihi
2548 4174 2761 4232 servulo
2784 4179 2964 4228 vestro
2985 4164 3352 4224 misereamini
3370 4203 3385 4229 ,
3411 4170 3467 4217 et
3488 4174 3577 4215 me

1993 4276 2049 4331 in
2070 4274 2217 4330 omni
2243 4271 2511 4344 adiutorio
2538 4267 2822 4339 adiuvetis.
2854 4263 3093 4320 Obsecro
3118 4274 3236 4324 vos,
3263 4270 3457 4312 novem
3486 4267 3579 4308 or—

1992 4366 2147 4420 dines
2172 4361 2509 4434 angelorum,
2538 4357 2779 4429 angelos,
2806 4350 3181 4422 archangelos,
3203 4347 3451 4409 virtutes,
3479 4355 3577 4413 po-
3640 4378 3648 4387 -

294 4441 525 4525 ξεηιρθτ
552 4425 789 4496 quietus’
821 4424 1081 4495 comgens
1118 4430 1171 4477 et
1211 4438 1318 4525 "0'?
1344 4436 1526 4525 e39"?
1572 4429 1795 4525 νοτῗ³¹¹δ
1832 4426 1890 4525 ξι
1917 4429 1970 4491 D
1994 4424 2637 4525 testates,vprincipatus,'
2652 4446 3065 4507 dominationes,
3103 4442 3346 4503 thronos,
3378 4434 3577 4491 cheru-

296 4520 562 4590 implens,
593 4525 647 4573 et
673 4526 983 4589 protegens,
1016 4530 1229 4575 creans,
1261 4521 1315 4569 ct
1344 4512 1612 4577 nutriens,
1645 4519 1701 4566 et
1728 4510 1891 4580 perii-

296 4612 494 4676 ciens;
544 4625 810 4679 qnierens,
859 4623 981 4664 cum
1032 4606 1165 4661 nihil
1216 4605 1312 4661 tibi
1361 4606 1516 4659 desit.
1575 4602 1741 4658 Amas
1790 4618 1893 4659 nec

295 4712 543 4765 aestuas;
576 4700 720 4755 zelas
740 4708 795 4754 et
814 4714 1035 4755 securus
1054 4713 1140 4752 es:
1167 4697 1394 4766 paenitet
1419 4704 1490 4760 te,
1513 4702 1567 4749 et
1587 4710 1691 4749 non
1712 4694 1890 4749 doles:

297 4792 568 4849 irasceris
597 4799 651 4847 et
680 4788 999 4860 tranquillus
1022 4804 1081 4843 es
1108 4807 1119 4842 :
1157 4802 1320 4857 opera
1349 4794 1549 4851 mutas,
1589 4801 1690 4841 nec
1717 4794 1896 4839 mutas

293 4885 633 4943 consilium:
673 4882 870 4953 recipis
901 4882 1042 4952 quod
1072 4879 1280 4935 invenis
1304 4920 1319 4945 ,
1370 4886 1423 4933 et
1450 4892 1723 4947 nunquam
1754 4876 1892 4930 ami-

295 4979 468 5036 sisti:
502 4991 780 5047 nunquam
808 4976 962 5044 inops
988 5015 1001 5040 ,
1048 4981 1103 5027 et
1148 4972 1349 5044 gaudes
1374 4970 1577 5025 lucris:
1616 4983 1892 5039 nunquam

293 5093 534 5144 avarus,
556 5085 610 5133 et
630 5091 824 5133 usuras
843 5074 1014 5144 exigis
1036 5091 1049 5126 :
1084 5086 1436 5143 supererogas
1466 5077 1526 5123 ut
1553 5067 1772 5131 debeas,
1794 5080 1896 5121 nec

293 5170 438 5241 quis
465 5168 631 5224 habet
658 5167 951 5237 quidquam
980 5179 1085 5219 non
1115 5172 1286 5217 tuum.
1336 5159 1533 5215 Reddis
1560 5157 1769 5228 perdita
1798 5155 1892 5211 de-

248 5263 448 5326 ‘bita,
476 5260 612 5315 nihil
635 5259 867 5329 perdens
892 5275 904 5312 τ
940 5256 1056 5311 sine
1082 5254 1341 5323 qualitate
1368 5253 1563 5316 bonus,
1587 5251 1703 5305 sine
1727 5264 1900 5320 quan-

295 5353 481 5417 titate.
519 5365 775 5421 magnus,
826 5348 941 5402 sine
992 5344 1288 5416 indigentia
1334 5342 1581 5413 Creator,
1632 5340 1750 5394 sine
1796 5338 1903 5392 situ

298 5443 485 5515 120
509 5443 691 5497 omnia
734 5450 946 5505 tenens,
997 5440 1111 5492 sine
1155 5435 1274 5489 loco
1322 5432 1534 5501 ubique-
1554 5440 1699 5485 totus
1725 5470 1741 5494 ,
1788 5429 1905 5484 sine

294 5549 566 5608 tempore
592 5537 975 5606 sempiternus,
1008 5533 1125 5587 sine
1154 5529 1261 5583 ulla
1292 5527 1589 5583 mutatione
1624 5523 1906 5579 mutabilia

292 5632 542 5697 faciens,
559 5631 803 5701 nihilque
822 5629 1052 5699 patiens.
1078 5623 1306 5689 Exaudi,
1321 5620 1516 5677 exaudi
1536 5616 1908 5685 me,Domine.

292 5724 400 5780 Tu
444 5738 503 5779 es
540 5723 688 5780 enim
713 5721 857 5777 Deus
884 5733 1037 5775 meus
1060 5716 1215 5772 vivus
1251 5721 1307 5769 et
1332 5727 1492 5768 verus
1509 5751 1525 5779 ,
1567 5709 1729 5765 Pater
1754 5721 1907 5760 meus

1994 4556 2107 4610 bim
2133 4563 2190 4610 et
2213 4552 2508 4624 seraphim,
2537 4556 2599 4604 ut
2626 4542 2975 4602 intercedatis
3003 4553 3102 4611 pro
3126 4550 3234 4603 me,
3265 4542 3327 4588 ut
3350 4532 3421 4587 sit
3443 4527 3581 4624 mihi

1996 4647 2260 4720 prepitius
2296 4619 2545 4699 Christus
2579 4638 2751 4694 Filius
2788 4635 2884 4689 Dei
2917 4631 3047 4686 vivi.
3097 4626 3337 4683 Obsecro
3364 4619 3585 4720 divitias

1997 4711 2253 4798 bonitatis
2300 4745 2355 4793 et
2396 4731 2821 4806 longanimitatis
2867 4734 2924 4782 et
2970 4721 3240 4795 patientiae
3278 4726 3411 4781 tute,
3455 4711 3585 4768 Jesu

2002 4832 2216 4889 Christe
2243 4829 2347 4883 Fili
2381 4827 2479 4881 Dei
2515 4823 2770 4879 Salvator
2795 4826 3015 4873 noster:
3054 4814 3316 4869 miserere
3344 4806 3487 4871 mei,
3530 4809 3591 4858 et

2003 4922 2268 4995 propitius
2296 4927 2416 4975 esto
2443 4915 2574 4971 mihi
2604 4912 2909 4983 peccaturi;
2956 4905 3085 4978 quia
3113 4918 3221 4959 non
3248 4901 3332 4956 vis
3356 4903 3587 4953 mortem

2004 4989 2327 5088 peccatoris,
2353 5010 2449 5065 sed
2478 5017 2537 5063 ut
2575 5011 2924 5062 convertatur
2949 5009 3005 5056 et
3028 5000 3209 5064 vivat;
3252 5009 3354 5059 nec
3379 4989 3588 5061 exstin-

2008 5108 2127 5179 guis
2155 5106 2323 5160 linum
2350 5101 2652 5171 fumigans,
2695 5105 2750 5153 et
2790 5095 3108 5151 arundinem
3134 5094 3448 5162 quassatam
3480 5096 3591 5137 non

2007 5194 2323 5265 confringis.
2369 5191 2480 5245 Fac
2506 5204 2593 5244 me
2618 5188 2757 5244 sicut
2786 5201 2951 5242 unum
2977 5186 3044 5239 de
3077 5176 3429 5237 mercenariis
3458 5171 3587 5237 tuis,

2008 5297 2061 5345 et
2087 5286 2296 5344 efﬁciar
2321 5301 2352 5338 a
2378 5291 2431 5338 te
2457 5284 2522 5339 de
2549 5297 2705 5338 servo
2731 5281 2976 5335 amicus:
3005 5284 3062 5332 et
3083 5275 3177 5330 fiat
3200 5270 3449 5326 voluntas
3475 5274 3594 5336 tua,

2007 5380 2148 5435 sicut
2174 5378 2227 5431 in
2252 5375 2390 5432 coelo
2416 5383 2471 5430 et
2496 5375 2549 5429 in
2575 5382 2742 5429 terra.

2081 5516 2337 5573 ORATIO
2374 5512 2617 5571 SANCTI
2653 5504 3034 5565 HIERONYMI
3066 5492 3519 5555 PRESBYTER].

2082 5612 2307 5668 Domine
2327 5610 2455 5667 Jesu
2477 5610 2710 5671 Christe,
2734 5604 2825 5676 qui
2851 5617 2939 5658 me
2963 5601 3210 5671 dignatus
3234 5592 3383 5649 fuisti
3408 5599 3600 5647 creare

2012 5703 2078 5757 ad
2109 5704 2397 5775 imaginem
2429 5709 2598 5764 tuam,
2626 5706 2681 5751 et
2706 5695 2975 5755 redimere
3000 5691 3067 5747 de
3094 5701 3186 5746 tuo
3208 5685 3447 5761 pretioso
3475 5695 3598 5740 san-
