4044 6340
1300 253 1697 313 υτυιιῦιω.
1737 280 1808 293 -
1840 247 2115 307 οειηωλ
2150 243 2289 302 PER
2320 239 2595 300 FERIAS.

3484 232 3591 289 606

304 380 516 447 Redite,
547 379 778 435 obsecro
804 389 922 443 vos,
965 373 1021 431 in
1058 370 1278 429 nomine
1305 369 1519 425 Domini
1555 366 1728 422 nostri
1762 362 1893 419 Jesu
1920 365 1971 426 Α
1995 359 2238 431 irrigate.
2292 356 2492 411 Plenus
2539 368 2661 409 sum
2708 352 3036 420 sceleribus,
3078 351 3271 423 plenus
3296 363 3419 405 sum
3443 348 3591 404 vitiis

305 475 544 539 Christi;
577 472 770 537 redite,
795 467 1205 541 progredimini,
1232 474 1289 521 et
1311 465 1499 521 oculos
1522 476 1673 518 meos
1692 459 1896 529 replete

306 568 582 640 lacrymis.
634 563 914 620 Novemini
962 560 1141 617 fontes
1183 561 1579 630 lacrymarun,
1626 551 1899 623 aspergite

304 677 395 719 me
435 659 676 724 ﬂetibus,
720 656 870 723 ﬁnite
912 670 1077 726 super
1105 653 1300 708 faciem
1338 666 1540 715 meam,
1586 648 1899 705 humectate

305 752 562 813 maxillas
590 762 759 815 meas,
785 761 951 819 genas
974 760 1125 801 meas
1150 743 1391 813 irrigate.
1426 741 1559 794 Date
1580 736 1715 791 mihi
1745 735 1899 806 plan-

304 853 456 907 ctum
485 842 707 899 nmium
732 848 793 897 et
821 844 1089 893 amarum.
1117 826 1235 905 Ego
1263 830 1409 889 enim
1438 829 1625 885 infelix
1652 836 1707 883 et
1733 826 1901 881 miser

300 938 519 999 ﬂendus
543 952 610 992 ae
630 934 997 998 miserandus,
1027 928 1436 986 infelicissimus
1462 923 1705 980 omnium
1730 926 1898 991 atque

305 1031 651 1088 miserrimus
696 1027 996 1084 foeditatem
1037 1032 1217 1079 meam
1261 1019 1561 1089 conspicio,
1606 1027 1899 1083 meumque

302 1129 524 1181 reatum
546 1135 802 1192 agnosco.
828 1118 963 1175 Scio
988 1126 1079 1172 tne
1104 1124 1229 1172 esse
1250 1120 1624 1185 peccatorem,
1648 1116 1707 1164 et
1724 1120 1898 1179 quam

303 1222 487 1291 turpis
512 1228 634 1275 sunt
657 1216 836 1272 video.
862 1214 1119 1284 iniquum
1140 1226 1234 1266 me
1259 1223 1381 1265 esse
1404 1204 1766 1277 miehen‘dc,
1794 1202 1898 1257 im-

298 1316 460 1387 pium
484 1320 577 1369 me
592 1324 724 1368 esse
744 1316 966 1366 accuso.
1002 1307 1157 1376 Rogo
1178 1313 1257 1369 te,
1284 1302 1533 1365 hmine,
1560 1304 1624 1353 'ut
1642 1298 1897 1367 ignoscas

304 1407 477 1473 mihi;
518 1418 620 1476 ego
646 1412 884 1472 agnosco
911 1399 1256 1476 iniquitatem
1284 1408 1483 1449 meam.
1534 1391 1680 1445 Inter
1704 1391 1897 1442 omnes

299 1466 708 1570 enim'gravius
732 1493 953 1559 corrui,
990 1466 1141 1547 inter
1168 1466 1361 1551 omnes
1396 1484 1642 1543 deterius
1684 1478 1857 1536 cecidi
1878 1518 1895 1543 ,

292 1592 454 1647 inter
477 1602 667 1645 omnes
694 1586 815 1658 plus
837 1580 1357 1655 peccato'suhiacui,
1376 1577 1502 1649 plus
1529 1574 1746 1631 caeteris
1768 1586 1899 1627 car-

292 1683 418 1739 nali
436 1680 783 1739 delectationi
802 1675 1085 1733 succubui.
1115 1673 1353 1728 Cunctos
1374 1668 1621 1726 carnales
1643 1665 1899 1735 squalore

1995 450 2282 505 omnibus:
2319 463 2417 502 vas
2448 445 2751 516 iniquitatis
2777 460 2876 516 ego
2907 459 3049 499 sum.
3080 442 3186 499 Per
3211 441 3393 500 omnia
3418 448 3591 495 mem-

1996 543 2094 598 bra
2132 557 2253 597 mea
2291 539 2557 595 scelerum
2598 540 2830 611 insignia
2860 547 3246 611 agnoscuntur.
3292 534 3442 591 Nihil
3470 544 3589 605 est,

1997 636 2142 706 quod
2164 634 2390 704 justitite
2417 634 2833 699 reservaverim,
2865 641 3041 689 totum
3070 630 3339 702 impietati
3366 647 3455 686 me
3480 639 3589 686 tra-

1992 730 2131 787 didi.
2164 728 2343 785 Omne
2367 727 2586 792 vitium,
2613 728 2760 797 quod
2788 726 3060 781 destinavi
3090 726 3146 779 in
3166 732 3356 790 carne,
3384 720 3592 793 perfeci

1997 824 2054 879 in
2085 834 2271 893 opere.
2318 820 2493 877 Omne
2527 820 2766 886 crimen,
2808 820 2956 890 quod
2988 819 3253 890 cogitavi,
3296 816 3588 888 complevi.

1992 917 2228 975 Omnem
2246 920 2481 986 pravam
2502 913 2893 983 cogitationem
2914 913 2985 966 ad
3012 912 3251 967 stadim
3273 908 3593 982 perﬁciendi

1992 1009 2217 1064 deduxi.
2269 1006 2411 1062 Hinc
2442 1014 2533 1062 est
2573 1005 2715 1076 quod
2752 1005 2897 1059 inter
2926 1004 3172 1060 homines
3198 1003 3489 1068 confusus,
3528 1001 3593 1057 in

1994 1092 2195 1159 coelum
2220 1099 2407 1157 oculos
2424 1099 2645 1168 erigere
2672 1112 2782 1154 non
2806 1098 2985 1152 valeo.
3032 1096 3091 1150 in
3116 1095 3272 1150 vuitu
3295 1095 3438 1150 enim
3464 1104 3591 1149 nec

1994 1192 2350 1266 ignominiam
2369 1199 2548 1263 porto.
2570 1191 2631 1246 in
2651 1190 2902 1245 omnibus
2919 1188 3130 1243 actibus
3146 1187 3288 1243 meis
3304 1188 3591 1241 eum.

1996 1286 2215 1342 Faciem
2262 1294 2444 1340 meam
2492 1282 2841 1339 consdentite
2899 1278 3056 1350 1‘23
3108 1285 3296 1335 reatus
3346 1278 3591 1333 inclinat.

1998 1380 2256 1437 Ccnfusio
2274 1379 2457 1449 operis
2480 1378 2589 1433 mei
2612 1386 2744 1432 ante
2763 1376 2950 1433 omitus
2971 1362 3239 1430 versam.
3270 1368 3594 1428 Corde'meo

1996 1472 2365 1547 deprehensus
2406 1469 2613 1539 ubique
2653 1467 2997 1524 confundor:
3038 1474 3151 1520 non
3194 1464 3369 1519 audeo
3404 1474 3594 1533 quem-

1992 1568 2144 1637 piam
2173 1565 2496 1621 fnlocialiter
2518 1565 2737 1619 intueri.
2768 1562 2962 1618 Fidem
2988 1563 3133 1618 enim
3154 1559 3391 1631 perdidi,
3420 1558 3596 1628 pieta-

1958 1682 1963 1685 ·
1998 1664 2111 1713 tem
2132 1659 2500 1714 eontaminavi
2518 1698 2533 1724 ,
2564 1657 2913 1712 sanctitatem
2938 1655 3135 1726 pollui,
3169 1653 3487 1725 iteiigienem
3512 1651 3597 1705 vi-

292 1731 849 1841 ,
884 1731 1246 1835 umidumque
1279 1762 1570 1832 inpiorum
1596 1731 1740 1813 mala
1773 1767 1895 1810 see-
1924 1731 1975 1793 Β
1996 1752 2092 1841 rtiis
2110 1752 2351 1821 impiavi.
2371 1748 2567 1807 Divina
2588 1750 2771 1807 omnia
2793 1760 2959 1821 atque
2980 1751 3215 1804 hmnana
3230 1747 3357 1817 jura
3370 1744 3595 1800 violavi.

292 1868 417 1924 lere
454 1876 583 1923 meo
619 1864 765 1919 vici:
800 1864 880 1918 ita
917 1870 980 1916 ut
1014 1868 1287 1915 tormenta
1328 1862 1568 1910 tartarea
1604 1853 1697 1907 vix
1738 1847 1897 1904 malis

294 1959 442 2017 meis
477 1958 778 2015 afﬁciant.
826 1955 947 2010 Non
977 1962 1063 2010 est
1093 1953 1241 2008 enim
1268 1958 1555 2022 peccatum
1583 1959 1748 2015 super
1770 1952 1900 2013 pec-

290 2066 491 2115 catum
518 2062 699 2112 meum
720 2095 734 2120 ,
778 2062 892 2109 non
932 2058 1021 2105 est
1064 2049 1323 2118 iniquitas
1356 2058 1527 2115 super
1556 2041 1901 2111 iniquitatem

292 2156 508 2205 mm.
558 2144 627 2200 Et
652 2158 800 2199 nunc
828 2155 1056 2197 summae
1093 2137 1395 2195 clementiae
1438 2136 1599 2199 Deus,
1638 2132 1900 2201 quoniam

292 2238 505 2295 delicta
530 2252 651 2293 mea
677 2235 893 2304 cognita
920 2231 1021 2287 tibi
1047 2229 1211 2294 facio,
1238 2237 1299 2283 et
1322 2229 1384 2282 in
1419 2224 1690 2296 justitiam
1717 2236 1899 2277 meum

290 2344 417 2386 non
446 2327 750 2391 absconde;
786 2321 1220 2379 misericordiam
1242 2328 1394 2374 tuam
1423 2318 1703 2387 deprecor,
1728 2314 1901 2368 mise-

303 2418 609 2475 ricordiam
638 2423 790 2471 tuam
810 2413 1068 2484 imploro.
1118 2411 1293 2466 Tuam
1324 2409 1563 2479 imploro
1586 2406 1899 2462 miseratio-

300 2524 469 2575 nem,
504 2516 656 2564 tuam
678 2516 869 2577 quaeso
897 2496 1281 2567 clementiam;
1324 2501 1446 2555 dele
1487 2508 1608 2554 mea
1644 2504 1897 2567 peccata,

298 2601 473 2658 ablue
511 2599 759 2655 facinora
786 2608 929 2653 mea.
977 2594 1332 2651 Peccatcrnnt
1370 2602 1619 2646 meorum
1654 2587 1902 2642 maculas

302 2692 535 2758 munda,
562 2690 742 2745 iabem
772 2687 1064 2743 criminum
1094 2694 1337 2739 meorum
1367 2696 1559 2752 purga,
1588 2679 1780 2733 sordes
1806 2678 1904 2732 de-

300 2785 568 2841 lictorum
595 2788 837 2837 meorum
865 2779 1139 2849 absterge,
1166 2776 1355 2831 sordes
1379 2772 1726 2842 iniquitatum
1754 2783 1903 2825 mea-

302 2890 438 2931 rum
465 2873 643 2930 ablue.
690 2871 808 2929 Non
836 2869 1060 2927 differas
1090 2866 1498 2923 mundationem
1528 2876 1707 2918 meam
1732 2861 1897 2915 Deus.

306 2971 511 3028 Totum
554 2982 644 3022 me
688 2966 787 3021 tibi
833 2963 1136 3020 sanandum
1172 2960 1363 3025 cﬁ‘erc,
1403 2956 1632 3026 recipiat
1670 2954 1902 3010 salutem

306 3065 497 3120 anima
522 3075 666 3115 mea.
700 3057 777 3111 Da
799 3055 1014 3111 vulneri
1046 3068 1168 3108 meo
1195 3051 1447 3109 salutem.
1478 3048 1641 3112 Deus,
1673 3047 1900 3117 languo-

305 3155 466 3210 ribus
489 3153 631 3208 meis
654 3151 923 3207 medelam
960 3148 1146 3205 tribue
1163 3188 1179 3215 ,
1229 3152 1353 3218 post
1390 3145 1582 3215 plagas
1619 3142 1905 3196 vulnerum

304 3244 850 3303 redde‘incolumem.
884 3241 1208 3298 Vulneratus
1230 3252 1371 3304 sum,
1398 3237 1672 3293 medicum
1698 3248 1903 3305 quaero.

302 3338 629 3411 languidus
649 3352 789 3404 smn,
810 3336 1078 3393 medelam
1098 3348 1284 3407 posco.
1319 3332 1648 3400 Conwmpta
1673 3336 1759 3385 est
1777 3342 1908 3383 caro

306 3444 470 3498 ml,
502 3428 781 3487 contabuit
800 3426 1017 3501 Species
1042 3441 1183 3482 mea.
1230 3425 1370 3482 Ossa
1394 3436 1516 3478 mea
1540 3427 1873 3477 exaruerunt
1889 3460 1905 3487 ,

600 3536 728 3580 mea
771 3524 1190 3579 contabue‘runt.
1242 3516 1685 3589 Appropinquavi
1715 3528 1907 3569 corru-

310 3619 524 3691 ptioni,
562 3621 763 3674 umbra
802 3618 1002 3673 mortis
1050 3614 1463 3686 comprehendit
1490 3627 1596 3667 me.
1642 3608 1910 3665 Tenebrae

308 3719 650 3783 operuerunt
672 3725 783 3776 me,
806 3711 981 3781 caligo
1004 3706 1204 3765 inferni
1233 3705 1459 3761 involvit
1480 3718 1589 3759 me.
1626 3700 1911 3773 Oppressit

306 3816 406 3860 me
430 3796 787 3859 tenebrarum
806 3788 1024 3857 horror.
1072 3799 1221 3855 Doce
1248 3812 1338 3852 me
1368 3797 1549 3853 facere
1574 3794 1909 3851 voluntatem

313 3907 503 3962 tuam,
532 3897 661 3966 quia
686 3895 831 3950 Deus
853 3906 1009 3949 meus
1044 3904 1105 3948 es
1141 3900 1219 3945 tu.
1263 3890 1385 3945 Tibi
1412 3889 1607 3954 honor,
1637 3893 1693 3943 et
1714 3886 1906 3957 gloria,

310 4000 376 4047 et
400 3992 598 4057 virtus,
627 3999 681 4044 et
704 3995 946 4059 potestas
972 3988 1029 4041 in
1053 3986 1253 4042 sarcula
1278 3982 1623 4039 saeculorum.
1654 3981 1846 4036 Amen.

686 4099 943 4158 ORATIO
980 4094 1227 4154 SANCTI
1260 4094 1536 4153 ISIDORI.

392 4182 665 4239 Succurre
682 4182 839 4247 mihi,
856 4178 1005 4235 Deus
1023 4193 1199 4245 meus,
1223 4186 1517 4248 antequam
1534 4188 1686 4230 mors
1703 4172 1909 4238 veniat,

312 4286 614 4348 antequam
640 4288 787 4331 mors
811 4286 899 4328 me
922 4272 1182 4343 perimat,
1225 4278 1516 4340 antequam
1546 4269 1789 4323 tartarus
1817 4278 1909 4320 ra-

313 4373 455 4443 piat,
478 4378 771 4441 antequam
792 4364 1007 4422 ﬂamma
1033 4367 1335 4431 comburat,
1362 4373 1652 4435 antequam
1674 4361 1913 4417 tenebrae

1996 1840 2057 1898 ln
2078 1854 2244 1898 omne
2274 1840 2354 1898 fas
2382 1842 2645 1914 nefasque
2679 1842 2988 1914 properavi.
3020 1840 3280 1898 Miserere
3316 1840 3446 1907 mei,
3484 1836 3597 1894 Dc-

1998 1936 2169 2004 mine,
2194 1937 2462 1993 miserere
2484 1936 2615 2004 mei,
2645 1938 2738 2007 qui
2768 1950 2987 2008 regnas.
3536 1936 3539 1939 '

2192 2072 2450 2131 ORATIO
2492 2068 2741 2129 SANCTI
2776 2072 3059 2128 EFFREM
3099 2068 3396 2127 DIACONI.

2068 2188 2300 2244 Domine
2352 2188 2497 2243 Deus
2542 2194 2600 2243 et
2646 2187 2903 2244 Salvator
2949 2198 3129 2252 meus,
3180 2194 3352 2255 quam
3372 2198 3465 2241 me
3512 2196 3602 2240 de-

1996 2278 2304 2349 reliquisti?
2336 2277 2595 2333 Miserere
2620 2278 2753 2343 mei,
2776 2277 3033 2347 quoniam
3064 2285 3125 2331 tu
3148 2288 3212 2333 es
3234 2283 3461 2333 amtor
3476 2286 3598 2331 eiu-

2000 2371 2156 2425 nim
2199 2368 2367 2423 solus.
2382 2366 2572 2429 alvo
2598 2382 2691 2423 Ine
2722 2374 3095 2439 peceatum,
3128 2366 3398 2436 quoniam
3434 2372 3500 2419 tu
3530 2379 3603 2421 es

2003 2462 2125 2518 sine
2165 2471 2390 2532 peccato
2421 2460 2588 2515 solus.
2622 2446 2766 2515 Erue
2809 2474 2897 2514 me
2946 2459 3013 2513 de
3039 2472 3196 2513 coeno
3252 2457 3602 2526 iniquitatem

2002 2569 2271 2619 mearum,
2320 2561 2381 2607 ut
2408 2569 2518 2608 non
2544 2550 2741 2624 infigar
2777 2552 2837 2605 in
2872 2560 3164 2605 aeternum.
3198 2548 3392 2603 Libera
3422 2563 3510 2602 me
3538 2546 3605 2601 de

1940 2660 1943 2661 '
2005 2663 2100 2702 ore
2133 2648 2349 2713 inimici
2368 2648 2481 2702 mei
2504 2654 2674 2702 :ecce
2702 2645 2851 2700 enim
2870 2652 2934 2698 ut
2956 2644 3046 2700 leo
3076 2642 3308 2713 rugiens
3336 2641 3603 2695 devorare

1994 2754 2093 2795 me
2130 2729 2527 2811 ωρίιιἜιοὶια
2563 2736 2869 2808 potentiam
2908 2744 3078 2799 tuam,
3110 2741 3172 2788 et
3216 2733 3363 2796 veni,
3388 2739 3456 2786 ut
3502 2729 3606 2785 sal-

2004 2846 2133 2886 vum
2184 2845 2271 2885 me
2329 2830 2499 2885 facias
2522 2842 2795 2895 ;ecrusca
2856 2825 3268 2881 ccrusceticnes
3325 2832 3465 2878 tuas.
3517 2820 3607 2875 Di-

2004 2938 2199 2995 sperge
2229 2922 2488 2977 virtutem
2517 2920 2743 2986 inimici,
2776 2925 2987 2975 amator
3015 2917 3299 2972 hominum
3326 2913 3603 2987 benignis-

2005 3015 2161 3069 sime.
2200 3008 2374 3080 Deus,
2427 3011 2620 3082 adjurc
2644 3020 2700 3067 te
2746 3027 2847 3083 per
2894 3011 3279 3066 miserationes
3336 3016 3480 3074 tuas,
3532 3022 3605 3063 ne

1930 3082 1981 3148 θ
2010 3124 2099 3164 me
2128 3124 2251 3163 cum
2276 3108 2446 3163 haedis
2485 3123 2521 3161 a
2554 3106 2795 3163 sinistris
2823 3106 2930 3162 tuis
2956 3114 3189 3170 statuas,
3232 3120 3355 3159 cum
3395 3102 3481 3158 bis
3506 3102 3602 3174 qui

2007 3210 2064 3257 te
2106 3200 2591 3257 exacerbaveruut.
2637 3194 2721 3254 Ne
2762 3199 2913 3254 dicas
2956 3197 3111 3263 mihi,
3158 3194 3352 3251 Nescio
3388 3191 3609 3250 te:sed

2009 3293 2184 3349 tribue
2232 3292 2365 3348 mihi
2413 3299 2637 3364 propter
2684 3290 2912 3346 multam
2968 3287 3401 3344 misericordiam
3456 3293 3607 3365 tuam

2009 3384 2385 3439 indesinenter
2432 3383 2615 3440 cordis
2656 3382 3135 3454 compunctionem
3175 3388 3231 3434 et
3280 3377 3505 3434 ﬂetum:
3551 3383 3611 3431 et

2002 3480 2287 3535 sanctifica
2332 3495 2444 3545 me,
2492 3487 2554 3536 ut
2598 3478 2728 3533 ﬁam
2778 3479 3042 3551 templum
3090 3476 3283 3548 gratia:
3327 3482 3454 3540 tute,
3502 3485 3607 3544 per

1998 3580 2085 3641 te,
2108 3572 2335 3629 Christe
2360 3571 2511 3629 Jesu.

2348 3703 2610 3763 ORATIO
2628 3702 2774 3761 PRO
2787 3703 2961 3763 OMN!
2984 3701 3282 3769 POPUIJO,

2294 3799 2364 3855 Ut
2408 3801 2467 3855 in
2506 3812 2687 3872 regum
2724 3799 3028 3854 continetur
3074 3795 3315 3850 historia.

2076 3912 2273 3985 Parce,
2318 3912 2572 3981 Domine,
2622 3929 2789 3986 parce
2836 3910 3033 3983 p0pulo
3078 3916 3189 3975 tuo,
3241 3916 3406 3978 quem
3444 3900 3610 3959 rede-

2009 4011 2178 4077 misti,
2222 4004 2460 4075 Christe,
2515 4006 2779 4079 sanguine
2816 4010 2916 4059 'tuc
2942 4010 3041 4069 ;u’t
3093 4016 3204 4056 non
3234 4000 3300 4053 'in
3340 4004 3607 4053 aeternum

2004 4100 2265 4157 irascaris
2294 4098 2468 4156 nobis.
2501 4098 2891 4170 Deprecamur,
2917 4093 3168 4157 Domine,
3196 4090 3251 4148 in
3272 4088 3420 4146 omni
3446 4085 3612 4142 mise—

2011 4190 2249 4249 ricordia
2290 4200 2402 4258 tua,
2445 4197 2505 4246 ut
2553 4186 2834 4243 auferatur
2883 4182 3034 4240 furor
3078 4190 3208 4239 tuus
3238 4190 3295 4237 et
3323 4180 3405 4234 ira
3435 4184 3528 4232 tua
3578 4189 3613 4231 a

2006 4278 2131 4338 loco
2161 4284 2285 4349 istc,
2317 4289 2372 4337 et
2400 4297 2431 4335 a
2472 4282 2635 4336 dcmc
2662 4286 2854 4334 sancta
2903 4285 3015 4343 tua,
3050 4273 3315 4346 quoniam
3359 4267 3615 4343 peccavi-

2014 4391 2154 4429 mus.
2205 4372 2559 4429 Peccavimus
2608 4372 2726 4437 tibi,
2749 4370 2998 4435 Domine,
3030 4378 3087 4426 et
3115 4375 3173 4422 tu
3198 4367 3371 4422 iratus
3401 4378 3463 4418 es
3513 4376 3610 4433 no:

316 4479 413 4518 me
432 4460 737 4527 involvam,
758 4468 1056 4531 antequam
1082 4460 1203 4514 sine
1228 4457 1337 4513 ﬁne
1364 4456 1635 4513 deficiam.
1668 4452 1990 4529 Subveni],
2011 4464 2118 4533 bis,
2147 4474 2203 4520 οι
2242 4481 2353 4520 non
2386 4473 2490 4532 est,
2523 4466 2615 4534 qui
2643 4460 2867 4536 θπυείεη
2918 4477 3113 4517 manus
3143 4468 3265 4515 mas
3291 4478 3303 4513 ε
3334 4456 3432 4514 sed
3483 4470 3614 4527 sup.

316 4554 460 4610 mihi
489 4552 633 4609 Deus
658 4562 832 4621 meus,
872 4552 1195 4623 priusquam
1224 4551 1468 4621 gehenna
1494 4548 1635 4620 ignis
1660 4547 1909 4614 devorer,

314 4651 640 4722 priusquam
688 4650 804 4703 sine
850 4646 1081 4702 termino
1112 4645 1343 4700 crucier.
1391 4643 1485 4698 Va:
1530 4641 1665 4696 mihi
1713 4641 1915 4695 misero

318 4741 557 4807 homini,
587 4740 733 4797 omni
756 4739 969 4810 polluto
998 4737 1288 4808 contagio!
1322 4735 1414 4792 Va:
1460 4732 1596 4789 mihi
1636 4731 1917 4803 peccatori

312 4834 568 4890 omnium
596 4832 868 4905 pessimo!
912 4830 1005 4887 Vae
1024 4831 1167 4886 mihi
1186 4872 1201 4897 ,
1234 4830 1325 4899 qui
1350 4827 1530 4883 factus
1559 4840 1679 4881 sum
1704 4825 1916 4881 sentina

310 4925 570 4983 omnium
601 4924 925 4979 eriminumt
958 4916 1081 4976 Heu
1110 4921 1265 4986 mihi,
1297 4919 1387 4991 qui
1416 4917 1665 4989 superavi
1695 4930 1918 4971 omnem

318 5012 758 5089 magnitudinem
786 5024 1132 5089 peccatorum
1157 5017 1169 5070 !
1204 5012 1323 5070 Heu
1352 5014 1504 5080 mihi,
1536 5014 1691 5084 cujus
1718 5011 1920 5081 iniqui-

319 5122 413 5167 tas
440 5111 685 5167 excrevit
711 5120 927 5167 onlnem
954 5109 1380 5182 magnitudinem
1414 5107 1772 5163 delictorum!
1813 5104 1920 5159 Ob-

318 5218 487 5259 secro
523 5218 644 5270 vos,
687 5212 876 5259 omnes
920 5203 1113 5269 sancti,
1168 5201 1402 5256 miseriis
1434 5200 1567 5256 meis
1610 5198 1915 5265 subvenite,

306 5297 686 5368 perditionem
723 5313 899 5353 meam
926 5296 1186 5367 plangite.
1237 5294 1391 5350 Flete
1434 5310 1520 5350 me
1562 5296 1823 5348 miserum
1866 5301 1923 5348 ct

317 5392 655 5462 projectum.
689 5390 838 5446 Flete
863 5407 949 5447 me
975 5399 1248 5446 mortuum
1270 5398 1325 5443 et
1346 5390 1735 5445 abominatum.
1769 5387 1923 5443 Flete

316 5501 441 5551 me,
487 5486 683 5541 cmlum
714 5495 769 5540 et
813 5493 978 5539 terra.
1026 5483 1244 5539 Plorate
1270 5498 1377 5549 me,
1422 5483 1602 5537 omnia
1632 5480 1918 5536 elementa.

310 5580 632 5651 Ingemisce
661 5578 768 5645 me,
797 5578 957 5634 omne
986 5594 1156 5650 genus
1183 5558 1497 5632 humanum.
1527 5574 1734 5631 Sumite
1763 5590 1924 5645 super

321 5686 425 5726 me
454 5671 779 5735 lamentum,
814 5670 1028 5727 veniam
1069 5687 1169 5741 pro
1212 5686 1298 5724 me
1326 5668 1587 5739 lacrymis
1615 5668 1920 5737 impetrate,

322 5776 396 5826 et
442 5781 632 5841 preces
673 5782 773 5839 pro
820 5781 910 5823 me
954 5767 1121 5839 impio
1165 5763 1406 5832 fundite,
1438 5773 1643 5821 terram
1672 5763 1925 5836 lacrymis

2011 4556 2299 4629 plicamus,
2356 4566 2419 4611 ut
2458 4556 2659 4612 veniat
2714 4554 3089 4611 misericordia
3132 4560 3226 4607 tua
3271 4564 3435 4621 super
3483 4558 3610 4613 nos,

2014 4652 2107 4723 qui
2140 4650 2349 4706 Ninivse
2385 4648 2699 4721 pepercisti.
2728 4648 3057 4703 Invccantes
3098 4642 3394 4700 Dominum
3438 4637 3618 4695 excla-

2015 4762 2247 4813 memus,
2288 4753 2348 4800 ut
2372 4744 2632 4816 respiciat
2653 4741 2911 4814 populum
2935 4739 3316 4796 conculcatum
3349 4743 3407 4792 et
3433 4732 3616 4790 dolen-

2018 4848 2129 4895 tem
2157 4858 2169 4893 :
2194 4848 2445 4911 protegat
2476 4838 2736 4909 templum
2764 4844 3014 4891 sanctum
3037 4850 3217 4900 suum,
3246 4848 3316 4887 ne
3334 4828 3403 4885 ab
3431 4826 3615 4899 impiis

2016 4933 2438 4997 contaminetur,
2495 4930 2591 4985 sed
2637 4930 2968 4984 misereatur
3010 4924 3184 4981 nobis.
3230 4922 3615 4979 Exclamemus

2018 5040 2208 5080 omnes
2233 5023 2301 5078 ad
2337 5020 2626 5079 Dominum
2657 5018 2901 5076 dicentes
2927 5039 2939 5075 :
2963 5014 3321 5074 Peccavimus
3356 5012 3484 5078 tibi,
3506 5008 3618 5065 'Do—

2019 5116 2184 5185 mine,
2214 5113 2536 5184 patientiam
2573 5112 2716 5167 habe
2746 5113 2802 5167 in
2834 5112 3014 5180 nobis,
3045 5119 3103 5167 et
3139 5124 3272 5167 erue
3303 5122 3403 5162 nos
3441 5121 3472 5160 a
3503 5118 3618 5159 ma-

2020 5205 2087 5261 lis
2134 5206 2276 5271 istis,
2314 5219 2435 5275 quze
2476 5203 2718 5274 quotidie
2759 5212 3081 5259 accrescunt
3134 5216 3297 5273 super
3346 5213 3465 5253 nos.
3522 5196 3618 5251 Di-

2022 5299 2197 5365 mitte,
2228 5296 2474 5363 Dcmine,
2507 5304 2731 5367 peccata
2756 5296 2939 5368 populi
2966 5296 3069 5363 tui,
3101 5290 3401 5350 secundum
3438 5289 3620 5345 multi-

2023 5390 2265 5447 tudinem
2326 5389 2716 5444 misericordiae
2772 5397 2897 5455 tute,
2947 5382 3090 5442 sicut
3138 5381 3409 5456 propitius
3464 5379 3618 5436 fuisti

2021 5481 2267 5553 patribus
2312 5480 2533 5535 nostris.
2563 5477 2839 5551 Propitius
2879 5484 3000 5533 esto
3024 5475 3202 5543 nobis,
3248 5482 3304 5529 et
3327 5471 3619 5543 impleatur

1988 5566 2190 5647 'glcria
2234 5581 2326 5628 tua
2354 5574 2607 5628 universa
2648 5580 2814 5627 terra.
2853 5568 3186 5634 Recordare,
3232 5566 3482 5633 Domine,
3531 5565 3620 5621 dic

2026 5666 2217 5739 angelo
2264 5665 2628 5737 percutienti:
2660 5662 2892 5728 Sufﬁcit,
2932 5659 3151 5715 contine
3181 5673 3404 5713 manum
3444 5665 3615 5723 tuam,

2028 5769 2083 5819 et
2111 5767 2291 5816 cesset
2321 5756 2631 5829 interfectio
2658 5771 2778 5828 qua:
2804 5760 3086 5828 grassatur
3114 5750 3176 5810 in
3205 5748 3428 5827 populo,
3457 5754 3515 5808 et
3545 5762 3625 5808 ne
