4044 6340
498 321 604 381 007

1321 314 1380 369 Β.
1419 310 1482 367 F.
1522 304 1750 363 ΑιΒιΝι
1789 301 1925 362 SEU
1960 297 2241 360 ALCUINI
2279 295 2567 356 OPERUM
2604 288 2914 353 PARS'IV.

3672 292 3777 354 008

497 443 935 520 perdasbmnem
963 436 1201 497 animam
1227 434 1519 488 viventem.
1543 428 1806 498 Exsurge,
1833 421 2083 487 Domine,
2111 426 2166 486 Α
2190 421 2246 472 et
2279 414 2483 520 perduc
2510 429 2600 470 me
2626 413 2695 470 ad
2723 410 3033 519 convivium
3050 407 3354 518 epularum
3369 417 3647 520 “tuarum:
3681 412 3776 469 ubi

497 536 695 607 adjuva
716 549 817 590 nos
847 542 903 589 et
927 532 1097 587 libera
1126 543 1227 584 nos
1253 532 1476 597 propter
1501 535 1701 577 nomen
1729 527 1897 574 tuum.

843 644 1099 703 ORATIO
1134 639 1414 698 EFFREM
1445 634 1737 692 DIACONI.

502 814 512 821 .
572 765 740 829 Pone,
772 760 1016 826 Domine,
1059 758 1329 829 lacrymas
1368 768 1519 809 meas
1549 753 1605 807 in
1647 757 1941 821 conspectu
1970 755 2085 813 tuo,

502 859 643 915 sicut
694 857 749 916 in
798 853 1159 925 promissione
1216 858 1328 914 tua,
1389 855 1451 902 ut
1512 852 1790 901 avertatur
1836 842 2089 898 inimicus

500 963 653 1004 meus
699 953 1022 1011 retrorsum,
1073 952 1129 999 et
1178 954 1548 1013 expavescens
1600 936 1907 1001 conturbet,
1964 947 2089 988 cum

499 1038 701 1093 viderit
740 1052 828 1091 me
876 1036 933 1090 in
974 1035 1092 1091 loco
1127 1049 1291 1105 quem
1333 1029 1660 1103 praeparavit
1711 1025 2090 1083 misericordia

501 1139 614 1184 tua.
668 1129 1007 1198 Exspectans
1057 1134 1240 1181 autem
1297 1122 1550 1179 inimicus
1598 1119 1784 1174 videre
1836 1118 1893 1173 in
1944 1116 2085 1183 loco,

501 1236 663 1299 quem
698 1219 828 1275 mihi
869 1224 1091 1289 propter
1120 1216 1318 1272 delicta
1352 1229 1474 1270 mea
1510 1211 1854 1285 praeparavit,
1906 1210 2092 1265 videat

452 1360 457 1364 .
499 1325 588 1367 me
610 1311 667 1365 in
693 1309 814 1365 loco
847 1308 983 1364 lucis
1004 1316 1062 1363 et
1087 1307 1214 1362 vitae
1238 1314 1474 1371 aeternae,
1507 1313 1564 1359 et
1591 1317 1889 1359 conversus
1924 1301 1981 1356 in
2009 1308 2090 1355 te-

499 1392 1081 1465 nebrisconturbeﬁ',’
1126 1398 1253 1468 quia
1290 1411 1635 1469 nequaquam
1678 1393 1931 1449 voluntas
1971 1392 2088 1462 ejus

499 1490 693 1547 eﬁ‘ecta
725 1499 829 1547 est.
860 1490 941 1545 lta
976 1489 1387 1561 benignissime,
1418 1488 1497 1542 ita
1532 1495 1744 1541 amator
1784 1484 2085 1549 hominum,

450 1628 453 1629 ν
500 1581 579 1636 ita
611 1582 704 1651 qui
745 1581 891 1637 solus
917 1582 1036 1637 sine
1062 1588 1286 1651 peccato
1313 1595 1393 1646 es,
1423 1578 1641 1634 eﬁ'unde
1686 1591 1850 1648 super
1874 1589 1964 1630 me
2005 1574 2091 1629 in-

448 1722 451 1725 .
499 1672 874 1729 aastimabilem
913 1680 969 1727 et
1016 1673 1342 1727 immensam
1375 1669 1809 1726 misericordiam
1838 1675 2008 1733 tuam,
2034 1671 2090 1720 et

2186 507 2472 579 epulantur
2522 522 2715 564 omnes
2768 505 2929 560 amici
2987 504 3066 560 tui
3112 512 3312 561 tecum.
3369 502 3452 560 Tu
3505 519 3567 559 es
3615 502 3780 561 Iesus

2185 598 2435 656 Christus
2491 598 2660 655 Filius
2713 599 2809 654 Dei
2868 597 2996 667 vivi,
3048 613 3173 654 cum
3230 598 3395 655 Patre
3457 604 3515 654 et
3568 597 3781 670 Spiritu

2186 700 2381 748 sancto
2408 707 2640 765 regnans
2666 692 2721 747 in
2744 691 2938 748 saecula
2964 691 3303 748 saeculorum.

2512 786 2790 881 ‘ORATIO
2820 824 3069 882 SANCTI
3095 824 3493 895 AUGUSTINI,

2191 936 2367 1004 Quam
2402 952 2474 993 xv
2501 935 2670 1006 libris,
2698 955 2830 1005 quos
2858 938 2929 1062 αἱ
2941 949 3131 1064 sancti:
3158 942 3464 1012 conscripsit
3495 940 3775 1011 Trinitate,

2834 1026 2895 1064 su
2934 1027 3084 1064 iunxi
3114 1052 3127 1064 .

2834 1026 3127 1081 suojunxu.

2260 1141 2488 1198 Domine
2520 1140 2686 1209 Deus,
2718 1141 2991 1198 credimus
3020 1141 3075 1197 in
3110 1148 3163 1198 te
3190 1141 3431 1211 Patrem,
3470 1152 3533 1200 et
3553 1143 3775 1212 Filium,

2189 1238 2247 1288 et
2270 1232 2533 1302 Spiritum
2563 1240 2833 1289 sanctum.
2880 1231 3068 1303 Neque
3095 1233 3243 1290 enim
3270 1233 3478 1291 diceret
3522 1235 3775 1291 Veritas:

2190 1320 2289 1387 Ite,
2340 1322 2598 1395 baptizate
2638 1333 2813 1395 gentes
2851 1324 2907 1377 in
2948 1325 3156 1378 nomine
3199 1322 3402 1390 Patris,
3440 1333 3490 1379 et
3530 1322 3689 1389 Filii,
3730 1331 3781 1378 et

2192 1411 2425 1483 Spiritus
2480 1415 2648 1468 sancti
2703 1412 2920 1486 (Matth.
2979 1430 3174 1479 xxvm,
3210 1414 3326 1484 20),
3378 1415 3486 1473 nisi
3540 1414 3782 1471 Trinitas

2190 1482 2364 1563 esses.
2400 1506 2513 1564 Nec
2546 1482 2817 1579 baptizari
2859 1522 2960 1563 nos
2998 1508 3243 1579 iuberes,
3280 1482 3510 1564 Domine
3527 1508 3696 1575 Deus,
3724 1509 3783 1563 in

2191 1600 2310 1671 ejus
2343 1600 2585 1666 nomine,
2616 1600 2708 1671 qui
2746 1615 2856 1655 non
2887 1610 2974 1655 est
3012 1599 3275 1655 Dominus
3306 1598 3470 1657 Deus.
3502 1598 3615 1654 Nec
3643 1598 3785 1655 dice-

2190 1704 2344 1751 retur
2364 1711 2498 1753 voce
2525 1696 2709 1752 divina
2734 1714 2748 1750 :
2775 1695 2941 1762 Audi,
2964 1694 3157 1761 Israel,
3182 1694 3440 1749 Dominus
3462 1694 3608 1749 Deus
3635 1703 3780 1762 tuus,

499 1772 696 1858 Ρῗῖθδίδ
725 1764 857 1818 mihi
894 1772 955 1819 ut
977 1772 1033 1818 et
1064 1778 1164 1835 ⁸80
1190 1772 1246 1817 θί
1270 1763 1325 1858 hi
1354 1763 1447 1833 qui
1476 1761 1786 1858 m‘dmgum
1808 1758 1963 1829 regni
2007 1756 2087 1858 fui
2117 1783 2167 1844 Β
2190 1786 2449 1841 Dominus
2494 1803 2631 1842 unus
2677 1795 2753 1841 est
2789 1756 2969 1858 (Deut.
3017 1801 3098 1852 γι,
3137 1756 3217 1858 λ),
3268 1784 3378 1840 nisi
3427 1784 3672 1840 Trinitas
3706 1756 3784 1842 ita

500 1856 796 1913 eﬁiciamur
823 1857 1064 1913 haeredes
1088 1873 1103 1922 ;
1136 1864 1191 1911 et
1217 1857 1467 1911 videntes
1492 1854 1721 1925 gloriam
1748 1862 1921 1918 tuam,
1958 1850 2090 1906 ado-

498 1965 680 2009 remus
702 1951 999 2007 bonitatem
1026 1960 1175 2005 tuam
1200 1967 1213 2004 :
1239 1957 1295 2004 et
1312 1949 1559 2004 dicamus
1576 1946 1802 2017 pariter,
1824 1944 1917 2014 qui
1941 1942 2091 2013 digni

497 2040 759 2099 fuerimus
769 2040 1331 2099 videreinsatiabilem
1357 2036 1815 2110 pulchritudinem
1838 2032 2093 2103 majesta-

496 2136 569 2189 tis
607 2142 713 2191 tua:
736 2156 750 2190 :
777 2134 961 2191 Gloria
1000 2134 1174 2200 Patri,
1217 2133 1312 2203 qui
1358 2130 1490 2187 fecit
1535 2144 1657 2194 nos,
1703 2127 1874 2199 gloria
1925 2124 2086 2192 Filio,

496 2229 591 2302 qui
630 2230 845 2284 sanavit
875 2242 995 2295 nos,
1032 2226 1203 2298 gloria
1234 2224 1463 2295 Spiritui
1492 2230 1704 2288 sancto,
1736 2220 1831 2290 qui
1864 2233 2091 2275 renova-

452 2348 457 2351 >
494 2322 579 2379 vit
625 2337 763 2378 nos:
790 2320 1030 2375 Trinitas
1080 2326 1292 2384 sancta,
1353 2331 1460 2371 une
1517 2314 1683 2381 Deus,
1734 2312 1836 2367 sub
1896 2311 2089 2367 umbra

498 2411 708 2467 alarum
751 2418 967 2466 tuarum
999 2424 1101 2467 nos
1137 2405 1513 2487 protegehqui
1554 2419 1621 2461 es
1662 2402 1987 2459 benedictus
2032 2402 2089 2457 in

499 2503 717 2562 saecula.

1161 2562 1418 2629 ORATIO

784 2687 892 2743 Pro
915 2685 1121 2742 itineris
1145 2692 1195 2740 et
1220 2684 1416 2756 navigii
1438 2681 1799 2767 prosperitge.

572 2799 668 2857 Dei
697 2798 878 2856 Patris
913 2795 1177 2853 lbstinare
1205 2795 1507 2850 maximum
1533 2792 1668 2848 mihi
1695 2791 1806 2847 cito
1832 2795 1962 2861 peto
1994 2785 2090 2842 ad-

493 2896 775 2966 Jutorium.
799 2890 929 2948 Jesu
939 2888 1145 2947 Christi
1170 2889 1397 2960 imploro
1412 2884 1691 2958 suﬁ'ragia,
1707 2884 1801 2955 qui
1821 2891 1984 2938 natus
2006 2886 2093 2936 est

498 3001 567 3041 ex
588 2986 797 3057 virgine
838 2981 1027 3037 Maria.
1078 2981 1263 3036 Sancti
1315 2993 1530 3050 quoque
1567 2976 1801 3048 Spiritus
1837 2973 2091 3046 prmsidio

500 3078 696 3151 fungar
728 3090 944 3146 semper
973 3076 1064 3130 hic
1093 3075 1179 3130 vel
1205 3074 1262 3129 in
1292 3072 1506 3129 exsilio.
1534 3070 1785 3127 Christus
1816 3084 1847 3124 a
1875 3083 1965 3124 me
2001 3082 2094 3122 au-

2189 1893 2362 1945 esses,
2399 1886 2462 1933 ut
2496 1894 2639 1934 unus
2673 1877 2936 1933 Dominus
2974 1877 3118 1933 Deus
3146 1891 3318 1932 esses.
3348 1875 3417 1930 Et
3458 1876 3506 1931 si
3535 1884 3597 1930 tu
3637 1876 3783 1932 Deus

2189 1970 2353 2026 Pater
2405 1972 2523 2042 ipse
2565 1988 2738 2041 esses,
2788 1982 2845 2029 et
2892 1972 3066 2028 Filius
3115 1971 3356 2028 Verbum
3408 1979 3567 2026 tuum
3620 1968 3784 2027 Jesus

2189 2062 2440 2119 Christus
2489 2064 2607 2135 ipse
2659 2080 2835 2132 esses,
2885 2073 2941 2121 et
2997 2065 3199 2120 donum
3250 2071 3492 2119 vestrum
3546 2060 3783 2134 Spiritus

2190 2163 2411 2210 sanctus
2435 2174 2449 2209 :
2473 2170 2584 2210 non
2625 2155 2928 2228 legeremus
2971 2155 3027 2210 in
3072 2155 3270 2211 litteris
3313 2153 3602 2209 veritatis:
3634 2152 3782 2207 Misit

2190 2242 2333 2299 Deus
2382 2242 2585 2300 Filium
2611 2262 2767 2301 suum
2799 2244 2944 2318 (Gal.
3002 2261 3057 2313 v,
3096 2245 3152 2317 4)
3181 2264 3194 2300 :
3223 2260 3328 2301 nec
3375 2252 3434 2299 tu
3492 2242 3783 2315 Unigenite

2190 2336 2401 2395 diceres
2446 2339 2513 2395 de
2544 2338 2750 2409 Spiritu
2777 2346 2969 2394 sancto
2993 2358 3006 2393 :
3033 2337 3137 2404 Qui
3185 2338 3353 2392 mittet
3390 2334 3556 2389 Pater
3590 2336 3647 2389 in
3694 2351 3785 2390 no-

2188 2428 2328 2483 mine
2349 2445 2485 2496 meo,
2511 2439 2559 2483 et
2594 2446 2746 2502 quem
2783 2444 2876 2500 ego
2904 2430 3109 2483 mittam
3143 2427 3289 2482 vobis
3313 2444 3346 2480 a
3380 2423 3544 2481 Patre
3571 2423 3781 2497 (Joan.,

2192 2534 2275 2585 ut,
2317 2518 2428 2591 17).
2479 2519 2563 2575 Ad
2598 2520 2743 2574 hanc
2787 2515 3030 2590 regulam
3079 2516 3205 2572 ﬁdei
3241 2516 3483 2588 dirigens
3525 2514 3784 2569 intentio-

2190 2627 2318 2666 nem
2377 2626 2577 2677 meam,
2636 2620 2900 2683 quantum
2945 2611 3118 2682 potui,
3164 2618 3428 2681 quantum
3483 2623 3576 2665 me
3625 2623 3783 2680 posse

2191 2702 2406 2770 fecisti;
2450 2705 2675 2775 quaesivi
2719 2714 2792 2771 te,
2831 2713 2887 2760 et
2918 2703 3223 2760 desideravi
3276 2703 3557 2760 intellectu
3601 2704 3783 2760 videre

2191 2796 2335 2867 quod
2384 2796 2612 2862 credidi,
2679 2805 2734 2852 et
2784 2796 3012 2851 multum
3075 2796 3344 2866 disputavi
3392 2803 3449 2850 et
3514 2793 3780 2851 laboravi.

2191 2888 2418 2944 Domine
2460 2888 2605 2944 Deus
2648 2904 2821 2956 meus,
2867 2905 2973 2943 una
3001 2903 3124 2961 spes
3153 2903 3295 2955 mea,
3327 2888 3525 2944 exaudi
3556 2903 3667 2956 me,
3716 2904 3781 2945 ne

2191 2978 2452 3052 fatigatus
2502 2979 2667 3035 nolim
2717 2988 2772 3035 te
2820 2995 3103 3051 quaerere;
3148 2980 3242 3036 sed
3284 2995 3525 3049 quaeram
3581 2980 3778 3038 faciem

2195 3084 2344 3129 tuam
2394 3090 2609 3146 semper
2634 3074 2907 3131 ardenter.
2943 3074 3021 3130 Tu
3054 3074 3121 3129 da
3143 3074 3419 3145 quaerendi
3462 3073 3632 3140 vires,
3682 3074 3775 3144 qui

500 3170 644 3226 ferat
698 3168 941 3241 pericula
998 3176 1215 3234 cuncta,
1260 3153 1489 3238 quaeque
1535 3164 1839 3220 dtemonum
1885 3161 2087 3231 jacula.
2120 3156 2167 3220 C
2196 3175 2249 3223 te
2281 3167 2511 3223 inveniri
2542 3166 2740 3234 fecisti,
2770 3176 2825 3223 et
2861 3168 3035 3240 magis
3062 3167 3343 3240 magisque
3385 3166 3701 3225 inveniendi
3730 3178 3780 3225 te

500 3261 580 3316 Ne
622 3277 711 3316 me
766 3268 986 3330 captent
1022 3259 1207 3314 hostes
1259 3267 1423 3327 atque
1464 3256 1727 3321 latrones,
1789 3269 1861 3310 ne
1916 3252 2086 3320 iures,
2160 3273 2343 3330 spem
2380 3258 2595 3314 dedisti.
2642 3257 2837 3315 Coram
2887 3267 2941 3313 te
2983 3266 3067 3314 est
3112 3257 3344 3317 ﬁrmitas
3384 3269 3442 3317 et
3490 3259 3782 3316 inﬁrmitas

501 3369 679 3424 neque
717 3353 905 3407 mundi
930 3351 1233 3423 praedones.
1262 3349 1341 3404 Ne
1366 3364 1454 3431 me
1481 3347 1640 3402 undae
1674 3345 1862 3413 maris,
1912 3358 2090 3415 neque

2192 3370 2313 3410 mea
2344 3374 2356 3410 :
2382 3355 2528 3411 illam
2573 3370 2751 3419 serva,
2775 3356 2933 3411 istam
2964 3369 3118 3411 sana.
3150 3353 3349 3411 Coram
3387 3364 3441 3411 te
3470 3364 3557 3411 est
3604 3356 3781 3411 scien-

499 3445 743 3511 ﬁumina,
766 3460 944 3515 neque
965 3459 1138 3515 aqum,
1164 3441 1308 3497 nulla
1332 3447 1568 3496 noceant
1579 3438 1820 3494 numina.
1849 3435 1928 3492 Ne
1940 3444 2093 3493 tene-

499 3537 634 3605 bris,
658 3536 744 3593 vel
768 3536 937 3601 venti,
958 3535 1045 3591 vel
1067 3534 1307 3601 ﬂumine,
1335 3533 1472 3589 velis
1510 3531 1685 3603 plenis
1713 3543 1739 3571 ι
1756 3529 1933 3585 ventis
1956 3544 2093 3600 quo-

497 3646 605 3702 que
630 3629 903 3701 prOSperis
933 3627 1121 3693 maris,
1149 3626 1362 3681 cunctis
1388 3622 1568 3679 solvar
1590 3638 1621 3676 a
1646 3620 1921 3693 periculis.
1936 3618 2092 3675 Chri-

499 3732 618 3780 stus
639 3737 852 3778 mecum
871 3722 1035 3777 duras
1062 3737 1127 3776 ac
1145 3718 1435 3791 pestiferas
1462 3718 1645 3773 vincat
1676 3724 1837 3771 terra:
1859 3722 1913 3770 et
1924 3728 2091 3785 aqua-

498 3829 620 3869 rum
647 3813 849 3869 bestias
874 3834 887 3867 :
912 3814 1096 3868 vincat
1120 3812 1225 3867 tela
1250 3811 1394 3867 aeris
1419 3808 1603 3865 vitalia
1642 3806 1760 3880 [Ρη
1788 3802 2090 3877 lethalia?],

497 3905 684 3960 vincat
710 3904 869 3978 124
891 3913 1088 3975 cuncta
1116 3903 1342 3959 tonitrui
1380 3901 1609 3973 fulgura.
1643 3900 1839 3956 Vincat
1865 3910 2092 3970 quaeque

496 4012 704 4053 venena
747 3999 1090 4069 serpentina,
1131 3997 1314 4052 vincat
1360 4010 1502 4051 saeva
1551 3994 1738 4049 mundi
1786 3992 2087 4048 veneﬁcia:

497 4096 557 4141 ut
593 4086 709 4145 hac
740 4097 936 4143 cuncta
973 4104 1081 4143 non
1121 4088 1256 4143 mihi
1292 4103 1411 4157 qum
1446 4086 1703 4152 diximus,
1740 4098 1918 4154 neque
1953 4082 2091 4137 meis

497 4188 734 4235 noceant
780 4181 1087 4237 comitibus.
1137 4180 1315 4236 Sanus
1350 4196 1467 4252 ego,
1515 4180 1634 4233 sani
1681 4178 1790 4233 mei
1839 4176 2087 4240 comites,

498 4267 617 4349 sine
653 4272 850 4328 damno
885 4289 1175 4344 pergamus
1205 4272 1524 4328 incolumes.
1567 4269 1712 4326 Sana
1743 4284 1883 4324 nave
1924 4264 1981 4323 in
2005 4281 2094 4338 pe-

498 4359 603 4432 lagi
659 4360 928 4429 ﬂuctibus,
983 4366 1133 4420 sanis
1182 4366 1337 4436 equis
1394 4364 1531 4420 velis
1581 4364 1638 4419 in
1691 4358 2088 4418 terrestribus:

500 4466 636 4507 sana
675 4463 863 4508 nostra
897 4455 1128 4509 vehatur
1154 4456 1406 4525 pecunia,
1440 4462 1501 4508 ut
1535 4455 1607 4509 sit
1639 4462 1766 4524 apta
1802 4453 1872 4508 ad
1901 4461 2090 4509 nostra

480 4544 671 4605 utilia.
701 4544 910 4601 Inimici
946 4560 1014 4599 ne
1035 4546 1146 4599 sint
1191 4546 1347 4601 nobis
1393 4546 1608 4611 nociva,
1649 4544 1897 4615 quamvis
1945 4544 2087 4600 mala

498 4644 856 4708 prorumpant
900 4633 1146 4690 consilia.
1194 4634 1398 4690 Christi
1446 4634 1579 4688 mihi
1628 4634 1684 4688 in
1729 4641 1933 4688 aeterno
1986 4648 2087 4689 no-

498 4728 647 4783 mine
679 4729 779 4782 vi:e
818 4737 1029 4784 cunctae
1065 4735 1287 4798 pateant
1319 4741 1667 4798 magnopere,
1708 4725 1752 4779 si
1795 4726 2088 4782 ascendam

495 4819 665 4875 ardua
686 4820 743 4874 in
768 4820 1051 4885 montium,
1076 4820 1122 4874 si
1144 4820 1469 4875 descendam
1496 4833 1735 4875 convexa
1767 4816 1823 4873 in
1842 4817 2086 4885 vallium,

496 4911 612 4967 si...
646 4911 760 4967 vias
787 4926 885 4981 per
907 4912 1249 4966 vastissimas
1280 4911 1558 4977 silvarum,
1589 4910 1723 4966 rubo
1753 4926 1853 4980 per
1883 4909 2089 4966 densis-

496 5005 664 5061 simas
694 5020 709 5059 :
736 5005 823 5060 via
869 5003 1030 5075 plana
1077 4990 1297 5075 pergam
1346 5013 1509 5074 atque
1533 5003 1712 5059 lucida
1760 5016 1934 5072 usque
1978 5000 2083 5057 loci

494 5093 863 5150 destinati.....
1106 5118 1109 5119 ν
1370 5094 1375 5099 ’

479 5236 484 5241 .
562 5190 793 5247 Domine
828 5188 956 5246 Jesu
986 5188 1223 5255 Christe,
1261 5196 1314 5245 te
1356 5190 1584 5248 obsecro
1625 5208 1725 5263 per
1771 5194 2082 5251 misericor-

493 5282 637 5338 diam
678 5291 732 5359 et
760 5281 1104 5339 clementiam
1144 5290 1313 5348 tuam,
1345 5292 1405 5337 ut
1442 5293 1666 5353 prazstes
1697 5285 1829 5341 mihi
1868 5286 2083 5341 veniam

492 5360 809 5429 delictorum
856 5388 1117 5429 meorum.
1169 5373 1331 5443 Aperi
1376 5375 1507 5428 mihi
1554 5372 1778 5443 januam
1824 5377 1970 5444 vitae,
2023 5385 2079 5434 et

491 5464 742 5535 princeps
774 5465 1120 5520 tenebrarum
1149 5480 1257 5517 non
1289 5475 1542 5520 occurrat
1572 5467 1723 5521 mihi.
1748 5466 1866 5523 Non
1895 5469 2080 5523 veniat

492 5555 623 5610 mihi
659 5572 756 5626 pes
785 5556 1070 5625 superbim,
1116 5564 1170 5610 et
1197 5573 1391 5611 manus
1419 5565 1679 5612 extranea
1722 5575 1828 5615 non
1871 5560 2081 5615 contin-

492 5656 583 5715 gat
629 5649 763 5704 mihi
788 5669 800 5703 :
828 5650 924 5705 sed
964 5650 1179 5719 suscipe
1218 5666 1304 5706 me
1331 5651 1629 5707 secundum
1654 5652 1874 5709 verbum
1904 5663 2076 5721 tuum,

565 5772 591 5799 ι
625 5755 799 5817 Locus
826 5772 1133 5838 corruptus.

1805 5952 1893 5972 νη

2191 3443 2267 3498 tia
2307 3452 2364 3499 et
2392 3444 2695 3515 ignorantia
2725 3460 2884 3500 mea:
2932 3444 3025 3500 ubi
3053 3444 3186 3500 mihi
3235 3444 3517 3515 aperuisti,
3570 3445 3784 3516 suscipe

2191 3533 2483 3590 intrantem
2514 3552 2528 3600 ;
2558 3535 2648 3591 ubi
2679 3535 2947 3602 clausisti,
2972 3536 3125 3607 aperi
3161 3534 3417 3607 pulsanti.
3443 3535 3781 3592 Meminerim

2190 3626 2291 3691 tui,
2321 3626 2616 3698 intelligam
2658 3636 2729 3693 te,
2761 3628 2981 3700 diligam
3010 3636 3083 3683 te.
3125 3627 3276 3701 Auge
3310 3628 3365 3683 in
3408 3643 3497 3684 me
3524 3628 3653 3694 ista,
3690 3629 3781 3684 do-

2192 3732 2293 3773 nec
2318 3733 2405 3773 me
2425 3717 2629 3774 formes
2648 3720 2716 3774 ad
2730 3719 3018 3791 integrum.
3041 3718 3186 3787 Scio,
3203 3720 3465 3791 scriptum
3490 3728 3579 3775 est
3596 3719 3779 3792 μιᾳ..

2191 3809 2455 3879 scriptum
2502 3808 2645 3883 esse]
2675 3828 2688 3864 :
2721 3809 2790 3864 In
2822 3805 3150 3882 multiloriuio
3197 3827 3301 3866 non
3335 3811 3555 3882 effugies
3595 3828 3781 3883 pecca-

2191 3910 2302 3955 tum
2330 3899 2512 3973 (Prov.
2535 3917 2591 3967 ι,
2623 3899 2732 3972 19).
2777 3899 2885 3956 Sed
2924 3901 3148 3956 utinam.
3173 3902 3518 3974 praedicando
3549 3903 3775 3958 verbum

2192 3998 2365 4057 tuum,
2389 4000 2445 4045 et
2464 3990 2731 4047 laudando
2761 3997 2835 4057 te,
2860 3992 3231 4047 tantummodo
3251 3991 3507 4062 loquerer
3528 4011 3543 4047 :
3568 4008 3679 4048 non
3701 4007 3782 4049 so-

2192 4082 2304 4138 lum
2350 4083 2593 4155 fugerem
2639 4093 2945 4156 peccatum,
2994 4085 3089 4141 sed
3133 4087 3385 4141 meritum
3425 4086 3633 4142 bonum
3687 4103 3779 4144 ac-

2192 4177 2493 4248 quirerem;
2519 4178 2916 4250 quantumlibet
2946 4180 3260 4246 meruisses,
3296 4179 3553 4249 loquerer
3588 4178 3773 4253 [Aug.,

2192 4269 2490 4341 quamlibet
2521 4270 2750 4326 multum
2786 4272 2865 4327 sic
2905 4271 3201 4346 loquerer].
3231 4271 3417 4343 Neque
3444 4275 3593 4329 enim
3620 4274 3780 4330 homo

2193 4361 2259 4417 de
2308 4371 2361 4417 te
2390 4363 2581 4417 beatus
2609 4371 2893 4433 peccatum
2936 4365 3256 4435 praeciperet
3284 4379 3546 4437 germano
3577 4365 3631 4421 in
3675 4366 3782 4421 ﬁde

2194 4456 2306 4514 ﬁlio
2350 4473 2469 4525 suo,
2510 4458 2598 4513 cui
2624 4459 2861 4530 scripsit,
2898 4459 3122 4515 dicens:
3154 4458 3400 4515 Prwdica
3426 4460 3662 4525 uerbum,
3700 4462 3782 4515 in-

2191 4559 2275 4604 sta
2318 4559 2625 4621 opportune,
2673 4550 2969 4621 importune
3016 4548 3105 4623 (II
3137 4548 3273 4605 Tim.
3307 4565 3384 4616 1v,
3414 4548 3495 4624 2).
3526 4547 3780 4622 Nunquid

2193 4640 2481 4696 dicendum
2523 4649 2609 4696 est
2635 4641 2798 4697 istum
2832 4656 2942 4698 non
2978 4641 3207 4697 multum
3240 4642 3502 4708 locutum,
3537 4643 3631 4713 qui
3670 4657 3779 4698 non

2190 4732 2363 4788 solum
2398 4741 2720 4804 opportune,
2770 4748 2960 4788 verum
2996 4733 3160 4788 etiam
3202 4733 3512 4804 importune
3551 4734 3779 4788 verbum

2191 4834 2360 4891 tuum,
2391 4824 2633 4889 Domine,
2664 4840 2773 4880 non
2799 4826 3049 4881 tacebat?
3074 4825 3169 4881 sed
3198 4825 3320 4881 ideo
3346 4840 3456 4881 non
3486 4834 3607 4881 erat
3640 4824 3782 4879 mul-

2191 4924 2329 4980 tum,
2379 4916 2508 4987 quia
2563 4924 2775 4971 tantum
2826 4923 2948 4971 erat
2994 4916 3383 4971 necessarium.
3426 4914 3626 4972 Libera
3667 4929 3778 4983 me,

2185 5007 2328 5063 Deus
2378 5023 2550 5075 meus,
2606 5024 2636 5062 a
2685 5007 3042 5078 multiloquio,
3096 5008 3240 5080 quod
3295 5008 3477 5080 patior
3538 5009 3689 5064 intus
3723 5007 3779 5063 in

2186 5098 2365 5153 anima
2410 5114 2532 5155 mea
2568 5098 2768 5153 misera
2803 5099 2856 5153 in
2884 5108 3181 5171 conspectu
3215 5106 3330 5164 tuo,
3367 5107 3423 5155 et
3466 5100 3782 5172 confugien-

2185 5198 2295 5244 tem
2331 5189 2399 5244 ad
2428 5189 2859 5245 misericordiam
2898 5196 3068 5245 tuam.
3105 5189 3223 5246 Non
3252 5190 3399 5245 enim
3433 5190 3781 5262 cogitationi-

2184 5278 2286 5335 bus
2329 5289 2501 5347 taceo,
2530 5283 2696 5337 etiam
2735 5292 2925 5339 tacens
2954 5299 3085 5339 voce
3111 5281 3291 5355 [Aug.,
3321 5280 3594 5354 vocibus].
3634 5281 3706 5336 Et
3731 5280 3781 5337 si

2184 5375 2403 5447 quidem
2430 5391 2535 5430 non
2571 5377 2869 5447 cogitarem
2903 5377 3009 5433 nisi
3048 5376 3194 5447 quod
3228 5376 3467 5446 placeret
3503 5375 3622 5440 tibi,
3670 5386 3783 5429 non

2183 5471 2369 5540 utique
2392 5484 2640 5542 rogarem
2662 5478 2723 5524 ut
2748 5484 2834 5524 me
2865 5467 2932 5523 ab
2978 5469 3081 5524 hoc
3131 5467 3471 5537 multiloquio
3492 5466 3779 5521 liberares.

2186 5559 2294 5617 Sed
2344 5561 2525 5617 multm
2563 5560 3065 5631 suntcogitationes
3096 5574 3230 5614 mea:
3254 5557 3410 5622 tales,
3455 5556 3646 5627 quales
3676 5569 3782 5612 no-

2145 5724 2155 5735 .
2185 5655 2256 5710 sti
2280 5654 2636 5724 cogitationes
2660 5652 2960 5719 hominum,
2985 5650 3242 5724 quoniam
3271 5665 3425 5705 vanae
3448 5658 3577 5706 sunt
3596 5646 3779 5720 (Ρωι.
