4044 6340
252 294 354 354 609
1245 275 1643 338 LlTURGlCA.
1683 303 1757 315 —-
1789 267 2061 330 OFFlClA
2098 264 2232 325 PER
2263 261 2534 321 FERlAS.
2761 351 2806 354 Α
2863 351 2871 354 Δ
3012 351 3026 354 _
3423 253 3532 316 610

254 405 403 454 scut,
436 383 547 458 ll).
571 383 720 440 Dona
741 377 877 439 mihi
897 391 1009 436 non
1027 375 1109 434 eis
1128 373 1459 438 consentire,
1482 379 1538 428 et
1560 371 1605 426 si
1620 366 1836 440 quando
1862 368 1918 430 Α

247 499 340 541 me
377 479 716 537 delectantur
748 474 933 549 [Aug.,
984 466 1302 540 delectant],
1347 481 1443 520 eas
1489 461 1842 518 nihilominus

253 573 582 646 improbare,
623 583 722 624 nec
767 566 823 621 in
853 565 933 619 eis
975 561 1124 616 velut
1162 555 1506 614 dormitando
1532 550 1840 608 immorari:

253 683 355 726 nec
380 667 435 722 in
461 672 672 720 tantum
700 659 916 716 valeant
943 656 1086 727 apud
1124 670 1232 721 me,
1262 661 1324 708 ut
1355 649 1558 721 aliquid
1586 648 1640 703 in
1677 661 1844 717 opera

253 775 376 819 mea
427 757 688 831 procedat
727 770 794 809 ex
843 751 970 817 illis,
1025 749 1120 805 sed
1150 749 1218 804 ab
1245 746 1325 803 eis
1371 759 1494 801 mea
1534 743 1719 798 statim
1774 741 1848 796 sit

256 861 372 910 tuta
411 848 699 914 sententia,
744 853 863 900 tuta
884 841 1216 900 conscientia
1261 848 1316 894 te
1358 843 1565 893 tuente.
1615 835 1846 906 Sapiens

256 945 478 1018 quidam
522 956 647 998 cum
673 939 739 995 de
776 946 831 992 te
872 937 1188 1006 loqueretur
1213 932 1272 988 in
1302 930 1444 987 libro
1473 944 1590 996 suo,
1624 929 1718 998 qui
1745 926 1848 982 Ec-

254 1036 599 1095 clesiasticus
646 1031 870 1104 proprio
919 1029 1137 1084 nomine
1182 1027 1299 1098 jam
1353 1031 1620 1080 vocatur:
1650 1020 1844 1086 Multa,

255 1130 452 1202 inquit,
499 1129 742 1192 dicimus,
775 1135 823 1181 et
849 1141 954 1180 non
982 1121 1349 1195 pervenimus;
1383 1127 1430 1173 et
1463 1117 1846 1171 consummatio

254 1241 560 1282 sermonum
606 1224 851 1277 universa
895 1221 1005 1291 ipse
1035 1227 1112 1274 est
1152 1215 1342 1290 (Eccli.
1375 1230 1528 1280 mu,
1566 1210 1678 1284 29).
1713 1210 1848 1266 Cum

255 1335 389 1391 ergo
427 1315 838 1390 pervenerimus
862 1312 930 1367 ad
958 1320 1029 1378 te,
1057 1309 1350 1365 cessabunt
1385 1305 1552 1361 multa
1597 1305 1702 1360 ista
1729 1317 1852 1374 qua

259 1409 425 1483 125
459 1409 711 1474 dicimus,
739 1415 787 1462 et
819 1421 922 1459 non
954 1403 1320 1475 pervenimus;
1349 1406 1404 1454 et
1441 1397 1684 1453 manebis
1709 1409 1850 1449 unus

255 1503 446 1558 omnia
476 1501 531 1555 in
557 1498 810 1555 omnibus
834 1514 849 1565 ;
875 1503 930 1552 et
954 1496 1074 1552 sine
1099 1494 1208 1550 ﬁne
1246 1493 1488 1548 dicemus
1517 1505 1709 1556 unum,
1734 1487 1851 1542 lau-

255 1599 457 1653 dantes
493 1603 548 1651 te
587 1595 642 1649 in
671 1607 864 1659 unum,
914 1598 969 1647 et
998 1591 1056 1645 in
1087 1599 1140 1646 te
1176 1589 1340 1644 etiam
1372 1587 1503 1642 facti
1534 1601 1632 1642 nos
1660 1600 1850 1650 unum,

255 1691 491 1746 Domine
524 1691 668 1745 Deus
711 1705 820 1744 une
858 1701 909 1742 α.
952 1687 1097 1743 Deus
1143 1686 1405 1751 Trinitas,
1454 1684 1678 1754 ignosce
1718 1679 1852 1736 mihi

254 1783 448 1839 omnia
497 1791 723 1854 peccata
754 1796 896 1847 mea,
935 1790 992 1836 et
1017 1781 1072 1835 in
1108 1780 1211 1835 hac
1248 1777 1558 1850 integritate
1601 1775 1748 1841 ﬁdei,
1799 1781 1856 1829 et

254 1875 531 1934 bonorum
568 1891 791 1948 Operum
819 1874 1154 1947 perfectione
1178 1872 1389 1928 custodi
1420 1887 1526 1937 me,
1566 1879 1621 1925 et
1646 1871 1714 1925 ab
1740 1883 1854 1924 om-

256 1971 426 2026 nibus
457 1969 671 2025 insidiis
702 1969 899 2024 diaholi
931 1976 985 2023 et
1025 1967 1305 2024 hominum
1334 1965 1503 2021 libera
1532 1981 1641 2030 me,
1676 1971 1732 2018 et
1756 1961 1856 2017 sub

257 2065 460 2120 umbra
497 2064 706 2118 alarum
737 2071 955 2117 tuarum
1001 2067 1225 2130 protege
1253 2072 1362 2123 me,
1395 2057 1489 2128 qui
1516 2072 1576 2112 es
1608 2054 1859 2111 benedic-

260 2166 353 2213 tus
383 2157 441 2213 in
471 2155 689 2211 saecula.

409 2268 702 2326 HYMNUS
741 2267 943 2323 BEATI
981 2262 1289 2321 EPlSCOPl
1327 2259 1600 2317 SEDULII
1626 2259 1655 2299 ι)
1685 2299 1700 2324 ,

258 2365 344 2424 De
370 2366 662 2429 nativitate,
687 2372 732 2416 et
757 2362 1034 2432 baptismo,
1063 2368 1109 2412 et
1140 2359 1344 2432 virtute,
1373 2365 1421 2409 et
1446 2353 1729 2432 traditio-ne
1753 2390 1769 2416 ,
1800 2359 1858 2432 et

334 2436 625 2506 passione,
650 2420 1028 2506 resurrectione
1052 2439 1100 2484 et
1126 2427 1428 2482 ascensione
1455 2422 1668 2480 Domini
1693 2420 1858 2476 nostri

331 2505 468 2562 Iesu
500 2505 716 2560 Christi.

552 2625 599 2680 A
627 2623 756 2680 solis
780 2629 932 2678 ortus
958 2618 1180 2676 cardine

488 2719 572 2776 Ad
599 2733 771 2788 usque
801 2726 961 2771 terrae
988 2713 1217 2767 limitem
1246 2750 1262 2776 ,

491 2812 766 2868 Christum
794 2823 1052 2863 canamus
1075 2803 1380 2876 principem

487 2903 686 2960 Natum
717 2899 885 2955 Maria
912 2899 1141 2968 virgine.

557 2998 760 3053 Beatus
789 3001 980 3049 auctor
1007 2988 1188 3046 saeculi

488 3089 701 3148 Servile
723 3102 920 3158 corpus
948 3083 1122 3140 induit
1147 3121 1162 3147 ,

487 3183 563 3240 Ut
589 3196 752 3239 carne
779 3191 998 3235 carnem
1030 3173 1268 3229 liberans

486 3273 842 3346 Neperderet
869 3283 1005 3339 quos
1037 3263 1172 3339 [Al.,
1200 3258 1368 3334 quod]
1396 3256 1658 3316 condidit.

559 3365 767 3421 Clausa:
795 3360 931 3434 [Αι.,
958 3353 1164 3426 clausa]
1198 3350 1442 3425 parentis
1469 3348 1682 3403 viscera

489 3454 739 3511 Caelestis
761 3453 932 3507 intrat
955 3447 1128 3519 gratia
1152 3462 1165 3498 :

488 3546 690 3602 Venter
716 3542 906 3615 puella:
932 3537 1137 3607 baiulat

489 3637 712 3695 Secreta
745 3651 865 3706 quae
891 3647 998 3687 non
1027 3637 1277 3685 noverat.

562 3729 764 3785 Domus
784 3724 965 3797 pudici
991 3720 1236 3792 corporis
1264 3715 1398 3792 [Αι.,
1419 3713 1679 3788 pectoris]

499 3818 784 3891 Templum
814 3823 1035 3886 repente
1064 3813 1125 3867 iit
1147 3810 1245 3867 Dei
1274 3826 1290 3865 :

492 3913 701 3969 Intacta
729 3909 976 3966 nesciens
999 3907 1180 3962 virum

493 4001 672 4057 Verbo
703 4001 947 4072 concepit
974 3999 1188 4055 Filium.

566 4094 740 4150 Enixa
763 4103 846 4150 est
871 4108 1135 4164 puerpera
1158 4090 1267 4166 [ΑΙ.
1287 4131 1304 4158 ,
1333 4089 1506 4145 Enixa
1541 4085 1655 4157 jam
1701 4101 1864 4158 puer-

1503 4183 1656 4256 [pera
1684 4180 1791 4254 est]

497 4283 666 4352 Quem
688 4282 905 4338 Gabriel
933 4279 1255 4352 praedixerat
1290 4297 1304 4333 :

497 4377 669 4445 Quem
697 4376 888 4431 matris
919 4374 1038 4428 alvo
1068 4373 1307 4444 gestiens

495 4465 720 4526 Clausus
745 4467 981 4524 Joannes
1011 4472 1275 4522 senserat.

563 4563 710 4618 Feno
731 4560 912 4632 jacere
940 4560 1162 4632 pertulit
1189 4601 1205 4626 ,

494 4655 739 4726 Prmsepe
764 4670 871 4709 non
901 4651 1183 4708 abhorruit
1215 4670 1230 4704 :

494 4745 777 4814 Parvoque
804 4744 941 4799 lacte
966 4750 1154 4812 pastus
1178 4747 1293 4805 est,

495 4836 599 4892 Per
626 4852 785 4906 quem
816 4851 916 4890 nec
945 4834 1054 4888 ales
1083 4833 1273 4889 esurit.

564 4929 775 4984 Gaudet
803 4929 1001 4982 chorus
1030 4925 1362 4992 cmlestium,

495 5019 562 5075 Et
595 5019 769 5090 angeli
799 5026 998 5072 canunt
1035 5017 1183 5072 Deo:

492 5111 784 5182 Palamque
815 5111 874 5164 lit
900 5110 1205 5181 pastoribus

491 5203 685 5260 Pastor
707 5201 934 5258 Creator
961 5201 1224 5257 omnium.

561 5295 744 5351 Hostis
772 5293 1013 5369 Herodes
1043 5291 1228 5364 impie,

2159 362 2435 418 Christum
2467 355 2653 414 venire
2682 351 2809 426 quid
2837 351 3032 409 times?

2162 455 2279 510 Non
2310 455 2472 524 eripit
2493 451 2626 525 [Αι.,
2652 465 2759 505 non
2781 445 3000 520 abripit]
3023 442 3295 511 mortalia

2161 547 2264 616 Qui
2296 562 2459 618 regna
2491 547 2585 600 dat
2619 543 2883 600 cmlestia.

2231 638 2388 694 Ibant
2415 636 2577 708 Magi,
2613 652 2718 707 qua
2745 641 3008 690 venerant
3033 630 3168 705 [Al.,
3196 644 3361 702 quam
3390 627 3538 685 vide-

3288 722 3460 799 [tam]

2169 827 2394 884 Stellam
2419 833 2706 896 sequentes
2729 824 2989 896 praeviam
3015 841 3028 877 :

2162 919 2371 976 Lumen
2398 917 2682 988 requirunt
2716 929 2941 970 munere
2963 912 3094 986 [Αι.,
3123 910 3351 984 lumine]
3378 951 3394 979 ,

2167 1011 2340 1067 Deum
2371 1009 2611 1065 fatentur
2635 1023 2881 1064 munere.

2229 1105 2464 1161 Katerva
2491 1113 2725 1160 matrum
2754 1109 3011 1173 personat

2163 1197 2363 1254 Collisa
2398 1195 2601 1253 deﬂens
2627 1195 2856 1267 pignora
2885 1212 2898 1247 :

2165 1289 2406 1358 Quorum
2431 1296 2694 1361 tyrannus
2720 1286 2886 1343 millia

2169 1383 2388 1439 Christo
2417 1359 2654 1438 sacravit
2679 1381 2902 1436 victima
2925 1359 3063 1453 με,
3089 1376 3414 1450 victimam].

2199 1509 2208 1518 -
2235 1475 2475 1530 Lavacra
2509 1474 2630 1545 puri
2660 1473 2886 1546 gurgitis

2167 1569 2421 1626 Caelestis
2447 1567 2633 1639 Agnus
2665 1566 2846 1637 attigit
2873 1582 2885 1618 :

2180 1663 2414 1719 Peccata
2438 1676 2558 1730 qua:
2584 1674 2692 1715 non
2723 1657 2918 1713 detulit

2169 1754 2280 1810 Nos
2303 1753 2568 1809 abluendo
2594 1750 2830 1807 sustulit.

2245 1842 2519 1898 Miraculis
2549 1840 2698 1902 dedit
2726 1839 2890 1894 [idem

2174 1937 2384 1992 Habere
2438 1934 2734 1990 secundum
2780 1933 2999 1988 Patrem
3039 1930 3147 2005 [AL
3173 1973 3188 1998 ,
3234 1931 3448 1988 Habere
3489 1949 3550 1992 se

2959 2024 3161 2098 [Deum
3187 2022 3430 2095 Patrem]
3457 2041 3469 2078 :

2171 2123 2390 2179 lnﬁrma
2422 2137 2622 2177 sanans
2648 2135 2878 2191 corpora
2904 2160 2920 2185 ,

2169 2217 2237 2272 Et
2266 2217 2535 2272 suscitans
2557 2214 2690 2288 [Al.,
2713 2210 3067 2286 resuscitans]
3095 2213 3378 2269 cadavera.

2245 2310 2453 2363 Novum
2486 2323 2654 2380 genus
2691 2305 2946 2377 potentiae

2174 2404 2331 2473 Aqua
2367 2401 2502 2475 [Αι.,
2534 2399 2709 2472 aquae]
2735 2401 3031 2456 rubescunt
3051 2397 3254 2473 hydria
3280 2414 3296 2453 :

2175 2495 2482 2563 Vinumque
2503 2491 2656 2560 jussa
2684 2491 2912 2547 fundere

2173 2586 2403 2643 Mutavit
2427 2584 2570 2639 unda
2594 2585 2881 2656 originem.

2243 2679 2376 2735 Orat
2398 2677 2627 2733 salutem
2654 2675 2869 2730 servulo

2176 2771 2348 2828 Nixus
2371 2769 2504 2843 [Al.,
2534 2768 2754 2840 Flexus]
2786 2782 2926 2839 genu
2950 2765 3208 2824 Centurio
3237 2782 3250 2820 :

2177 2862 2464 2919 Credentis
2497 2861 2660 2914 ardor
2683 2858 2948 2930 plurimus

2175 2955 2451 3012 Exstinxit
2482 2955 2634 3026 ignes
2659 2953 2910 3008 febrium.

2248 3046 2439 3101 Petrus
2459 3061 2558 3115 per
2583 3045 2759 3099 undas
2786 3044 3025 3099 ambulat
3050 3043 3186 3118 [Al.,
3211 3044 3518 3120 ambulans]

2179 3143 2383 3199 Christi
2409 3142 2618 3198 levatus
2647 3140 2778 3215 [Al.,
2807 3140 3040 3214 levatur]
3073 3141 3298 3197 dextera
3322 3154 3337 3195 :

2175 3234 2380 3291 Natura
2406 3250 2569 3306 quam
2593 3241 2889 3304 negaverat
2913 3273 2930 3298 ,

2171 3329 2333 3386 Fides
2353 3327 2568 3397 paravit
2591 3326 2865 3382 semitam.

2241 3420 2446 3486 Quarta
2475 3419 2562 3474 die
2586 3417 2698 3486 jam
2725 3418 2924 3474 fetidus

2176 3511 2357 3567 Vitam
2383 3513 2588 3582 recepit
2610 3512 2888 3567 Lazarus:

2180 3603 2470 3676 Mortisque
2501 3605 2637 3660 liber
2670 3603 2776 3677 [AL
2808 3647 2822 3674 ,
2870 3604 3201 3677 Cunctisque
3244 3606 3402 3682 liber]
3439 3609 3558 3666 vin-

3321 3699 3482 3773 [culis

2086 3883 2095 3892 _
2175 3808 2374 3866 Factus
2403 3819 2486 3867 est
2514 3819 2788 3882 superstes
2819 3811 2941 3868 sibi.

2250 3900 2416 3956 Rivos
2443 3902 2656 3957 cruoris
2686 3903 2876 3958 torridi
2901 3902 3036 3976 [Al.,
3065 3896 3327 3980 horridil

2175 3995 2437 4050 Contacta
2468 3996 2636 4052 vestis
2665 3997 2900 4052 obstruit
2927 4012 2941 4051 :

2176 4086 2328 4144 Fletu
2360 4088 2592 4160 rig'antis
2618 4087 2750 4160 [Al.,
2776 4089 3010 4164 rigante]
3039 4091 3293 4162 supplicis

2176 4179 2382 4235 Clausit
2403 4179 2600 4234 ﬂuenta
2621 4178 2755 4252 [At.,
2773 4179 2945 4236 Arent
2961 4179 3203 4254 ﬂuentia]
3226 4183 3522 4255 sanguinis.

2249 4272 2469 4327 Solutus
2497 4272 2644 4327 omni
2680 4273 2937 4346 languore
2968 4273 3104 4347 [Al.,
3128 4275 3273 4330 omni
3305 4273 3552 4351 corpore]

2183 4363 2378 4419 Jussus
2405 4372 2629 4434 repente
2668 4379 2890 4436 surgere
2923 4405 2940 4432 ,

2186 4454 2313 4511 Suis
2336 4455 2580 4510 vicissim
2606 4457 2884 4526 gressibus

2185 4543 2354 4616 Eger
2381 4544 2614 4601 vehebat
2639 4545 2915 4601 lectulum.

2246 4634 2400 4690 Tunc
2423 4635 2510 4690 ille
2537 4635 2706 4692 ludas
2731 4637 2976 4692 carnifex

2181 4724 2360 4781 Ausus
2389 4726 2705 4797 Magistrum
2735 4728 2973 4796 tradere,

2184 4818 2381 4875 Pacem
2409 4820 2618 4875 ferebat
2640 4820 2829 4876 osculo

2184 4913 2358 4980 Quam
2387 4929 2492 4968 non
2523 4913 2756 4968 habebat
2780 4923 3020 4984 pectore.

2248 5003 2426 5058 Verax
2454 5005 2613 5058 datur
2637 5004 2922 5062 fallacibus
2946 5047 2961 5073 ,

2175 5099 2331 5154 Pium
2360 5098 2593 5169 ﬂagellat
2623 5100 2820 5170 impius
2854 5116 2870 5155 :

2175 5191 2443 5260 Crucique
2476 5190 2618 5246 ﬁxus
2645 5192 2906 5248 innocens

2183 5282 2515 5354 Conjnnctus
2542 5292 2626 5339 est
2655 5283 2790 5358 [Al.,
2831 5284 3196 5359 coniungitur]
3225 5283 3545 5344 latronibus.

342 5492 374 5522 ι
411 5477 566 5548 Apud
594 5477 729 5548 Aug.
782 5477 858 5532 ita
897 5472 1231 5548 hmc‘oratio
1279 5470 1550 5548 _c_._au_dit_ur
1595 5488 1608 5522 :
1662 5487 1680 5519 ί
1718 5467 1860 5524 Deus
1963 5469 2249 5548 presbyteri
2274 5469 2840 5548 hymnusnacrostichis
2868 5511 2906 5548 ,ἢ
2936 5478 3097 5522 totam
3150 5470 3306 5548 vitam
3350 5467 3547 5548 Christi

231 5552 241 5568 '
282 5543 537 5611 Trinitas,
573 5543 904 5617 quaecunque
936 5546 1045 5600 dixi
1077 5545 1129 5599 in
1167 5544 1251 5598 his
1282 5543 1435 5617 libris
1462 5543 1527 5595 de
1559 5549 1669 5604 tuo,
1696 5555 1863 5617 agno-

245 5630 436 5680 'scant
471 5630 525 5674 et
562 5611 634 5674 tui
677 5637 689 5672 :
725 5619 770 5672 si
809 5611 912 5688 qua
949 5617 1015 5670 de
1045 5631 1193 5688 meo,
1231 5624 1286 5668 et
1312 5612 1701 5688 tuuignosceﬁgt
1725 5611 1854 5688 tui.)

340 5695 375 5733 δ
410 5692 597 5746 Exstat
621 5690 706 5745 hic
732 5681 964 5746 hvmnus
994 5687 1169 5741 editus
1195 5683 1400 5740 tom.“
1423 5681 1567 5738 Bibl.
1596 5681 1697 5736 PP.
1729 5681 1859 5735 edit.

253 5763 556 5835 Lugdun.,
587 5777 710 5835 pag.
739 5751 872 5826 4'71,
924 5759 1025 5816 sub
1057 5758 1161 5814 hoc
1210 5756 1366 5819 titulo
1411 5774 1426 5814 :
1479 5752 1605 5809 Caeli
1659 5751 1864 5809 Sedulii

1967 5539 2255 5595 continens.
2289 5540 2415 5594 Inde
2442 5539 2751 5594 diﬂ‘erentes
2788 5541 3044 5595 lectiones
3079 5540 3407 5607 accepimus.
3442 5539 3550 5596 Νο-

1968 5612 2104 5668 tabit
2159 5611 2330 5666 lector
2365 5611 2567 5682 primas
2605 5612 2811 5666 litteras
2859 5611 3200 5680 stropharum
3235 5609 3394 5680 hujus
3428 5627 3545 5682 car-

1967 5682 2130 5743 minis
2159 5691 2330 5764 totum
2363 5673 2706 5764 alphabetum
2738 5673 2990 5754 referre._'
3303 5673 3318 5707 '-
3431 5673 3438 5683 ’
3499 5678 3506 5687 “
