4044 6340
530 288 637 348 615

1344 280 1408 336 Β.
1446 280 1509 335 F.
1550 276 1778 333 ALBlNl
1814 275 1946 333 SEU
1985 270 2262 330 ALCUINI
2300 272 2585 332 OPERUM
2619 272 2802 332 PARS
2837 273 2926 330 ιν.

3682 280 3779 337 616

523 406 640 461 vita
672 403 833 459 beata
869 397 1186 471 acquiritur,
1222 394 1363 451 sicut
1389 395 1676 450 Psalmista
1726 394 1803 449 ait
1842 411 1853 447 :
1893 392 2099 447 Diserte
2127 392 2179 453 Α
2204 391 2343 445 mino
2372 390 2502 463 [Al.,
2530 391 2684 465 Deo],
2711 399 2767 447 ut
2787 390 3073 464 qui'diligit
3093 391 3378 449 Dominum
3405 393 3541 467 [Al.,
3567 394 3778 470 Deum),

526 514 560 552 a
585 494 725 551 malo
766 504 814 549 et
860 491 945 561 fac
988 490 1175 544 bonum
1216 486 1387 560 (Psal.
1422 504 1614 552 χχχιιι,
1651 488 1760 560 15).
1800 487 1917 541 Non
1958 487 2103 541 enim

527 586 724 645 sufﬁcit
754 584 1002 655 cuiquam
1039 581 1180 637 mala
1204 595 1310 635 non
1345 579 1543 645 facere,
1568 580 1675 634 nisi
1699 581 1863 635 etiam
1882 588 1938 634 et
1961 580 2104 634 bona

526 683 734 740 faciat:
768 694 869 736 nec
925 677 1066 733 bona
1116 677 1320 743 facere,
1366 678 1471 733 nisi
1517 678 1680 732 etiam
1716 684 1772 731 et
1814 677 1954 732 mala
1993 692 2104 732 non

524 774 832 831 committat
855 768 961 843 [ΑΙ.
991 777 1046 825 et
1070 768 1210 824 mala
1246 766 1499 839 amittat].
1526 766 1714 823 Omnis
1741 783 1870 833 ergo
1909 768 2000 824 aui
2025 769 2104 823 sic

526 865 745 935 sapiens
773 870 883 925 est,
924 860 1108 931 procul
1142 859 1301 915 dubio
1331 859 1522 915 beatus
1557 859 1664 914 erit
1700 859 1755 914 in
1805 871 2102 926 mternum;

523 960 684 1015 beata
714 956 979 1026 siquidem
1013 952 1169 1027 [vita]
1196 962 1282 1009 est
1308 951 1544 1026 cognitio
1569 952 1894 1019 divinitatis;
1925 954 2106 1025 cogni-

526 1040 602 1106 tio
637 1047 812 1121 [vero]
846 1047 1144 1103 divinitatis
1185 1047 1356 1100 virtus
1389 1045 1517 1099 boni
1552 1044 1731 1114 operis
1767 1052 1854 1100 est
1886 1063 1899 1099 :
1933 1045 2105 1101 virtus

525 1142 651 1201 boni
681 1141 861 1213 operis
889 1139 1096 1195 fructus
1125 1146 1210 1194 est
1239 1148 1457 1194 aeternae
1485 1137 1852 1193 beatitudinis.

1151 1248 1377 1306 CAPUT
1411 1248 1474 1303 11.

1191 1361 1269 1416 De
1297 1360 1421 1431 ﬁde.

597 1481 705 1538 Sed
737 1482 854 1537 haec
896 1477 1132 1550 cognitio
1170 1477 1470 1533 divinitatis
1512 1483 1569 1532 et
1605 1476 1831 1533 scientia
1860 1476 2104 1532 veritatis

523 1591 623 1647 per
664 1573 825 1628 ﬁdem
864 1569 1186 1627 catholicam
1225 1568 1483 1623 discenda
1533 1578 1646 1633 est;
1685 1568 1810 1638 quia
1848 1569 1959 1622 sine
2001 1567 2106 1636 ﬁde

525 1662 839 1737 impossibile
869 1671 945 1717 est
968 1660 1172 1731 placere
1203 1659 1313 1715 Deo
1338 1658 1526 1729 (Hebr.
1551 1677 1628 1725 χι,
1655 1659 1729 1729 6).
1756 1658 1894 1715 Vere
1915 1660 2104 1716 beatus

524 1764 628 1822 est,
656 1755 748 1826 qui
772 1762 829 1810 et
852 1760 997 1808 recte
1018 1752 1287 1808 credendo
1308 1751 1446 1806 bene
1468 1750 1617 1815 vivit,
1640 1758 1696 1805 et
1711 1750 1847 1805 bene
1874 1749 2104 1805 vivendo
2133 1742 2184 1805 Β

524 1847 686 1904 ﬁdem
722 1854 926 1903 rectam
968 1842 1223 1900 custodit.
1264 1842 1431 1914 [gitur
1460 1844 1603 1898 sicut
1643 1843 1815 1898 otiosa
1839 1849 1924 1896 est
1968 1840 2103 1896 ﬁdes

523 1941 641 1997 sine
671 1939 924 2011 operibus
953 1937 1173 2012 [bonis],
1206 1938 1278 1993 ita
1304 1937 1433 1993 nihil
1458 1936 1750 2007 proﬁciunt
1776 1950 1941 2005 opera
1962 1935 2106 1989 bona

522 2034 642 2089 sine
680 2032 785 2089 ﬁde
820 2040 986 2088 recta.
1027 2030 1182 2087 Unde
1224 2039 1281 2085 et
1326 2030 1517 2085 beatus
1554 2026 1786 2084 Jacobus
1832 2025 2105 2096 apostolus

521 2124 659 2181 dixit
684 2143 698 2179 :
735 2123 876 2190 Quid
900 2122 1151 2195 proderit,
1182 2121 1372 2191 fratres
1395 2120 1515 2183 mei,
1554 2120 1600 2174 si
1626 2117 1781 2187 ﬁdem
1815 2118 1933 2189 quis
1962 2116 2106 2170 dicat

521 2234 577 2272 se
614 2216 824 2280 habere,
862 2231 1021 2285 opera
1056 2224 1231 2268 autem
1268 2231 1372 2267 non
1407 2212 1569 2282 faciat
1602 2210 1790 2284 [Codd.
1829 2226 1960 2267 mss.
2010 2211 2106 2266 ha-

523 2306 696 2379 beat]?
728 2305 983 2376 Nunquid
1012 2306 1198 2376 poterit
1220 2305 1351 2375 ﬁdes
1380 2304 1586 2359 salvare
1610 2303 1771 2357 eum?
1795 2301 1957 2356 Fides
1992 2303 2105 2358 sine

524 2397 764 2470 operibus
795 2405 1003 2450 mortua
1027 2404 1101 2450 est
1139 2394 1329 2469 [Codd.
1363 2411 1520 2461 mss.,
1568 2395 1736 2449 otiosa
1778 2394 1899 2468 est].
1956 2392 2104 2449 Sicut

506 2488 661 2542 enim
697 2504 883 2558 corpus
909 2487 1019 2541 sine
1048 2487 1235 2557 spiritu
1261 2496 1524 2542 mortuum
1548 2495 1642 2551 est,
1672 2488 1746 2539 ita
1771 2496 1819 2540 et
1840 2486 1968 2555 ﬁdes
1994 2487 2104 2540 sine

524 2583 764 2655 operibus
799 2593 1005 2638 mortua
1028 2592 1103 2639 est
1135 2580 1277 2655 (Jac.
1307 2599 1369 2649 ιι,
1396 2583 1463 2638 14
1485 2582 1649 2656 seqq.)
1682 2602 1694 2637 :
1722 2583 1788 2639 de
1822 2581 1975 2651 cujus
2008 2599 2104 2639 ex-

522 2676 769 2733 cellentia
800 2685 885 2733 est
920 2676 1140 2733 alterius
1170 2677 1425 2747 temporis
1471 2678 1773 2748 disputare;
1815 2677 1940 2748 quia
1977 2677 2102 2733 bre-

520 2766 773 2834 viarium,
803 2768 945 2837 quod
980 2769 1045 2825 de
1079 2767 1348 2823 mandatis
1384 2768 1479 2823 Dei
1509 2768 1605 2823 tibi
1640 2768 1824 2838 petisti
1858 2768 2104 2824 districto

519 2875 770 2919 sermone
794 2862 911 2918 ﬁeri
942 2876 993 2931 ι,
1016 2862 1464 2935 profundissimas
1493 2862 1558 2918 de
1589 2861 1693 2917 ﬁde
1725 2861 1989 2917 catholica
2017 2877 2105 2916 ra-

527 2952 703 3009 tiones
749 2952 945 3025 [Edit.,
991 2954 1288 3021 orationes,
1331 2952 1619 3027 mendose]
1667 2952 1938 3026 explicare
1992 2968 2102 3009 non

532 3043 753 3118 poterit.

1133 3136 1360 3195 CAPUT
1397 3136 1484 3193 III.

1116 3245 1194 3302 De
1239 3248 1511 3301 charitate.

589 3361 649 3416 ιιι
684 3360 964 3431 praeceptis
998 3376 1127 3417 vero
1160 3361 1255 3417 Dei
1302 3362 1539 3417 cbaritas
1584 3360 1793 3416 obtinet
1831 3359 2103 3432 principa-

522 3461 656 3519 tum,
686 3454 803 3509 sine
832 3452 985 3522 cujus
1019 3452 1350 3524 perfectione
1387 3452 1522 3507 nihil
1551 3451 1660 3507 Deo
1694 3450 1909 3521 placere
1939 3467 2101 3523 posse

519 3542 716 3600 Paulus
739 3551 973 3600 testatur
1001 3543 1279 3614 apostolus
1302 3542 1354 3615 (Ι
1374 3541 1498 3597 Cor.
1526 3541 1675 3614 χιιι),
1700 3543 1791 3613 qui
1826 3556 1927 3599 nec
1959 3558 2105 3597 mar-

519 3643 719 3713 tyrium
753 3654 854 3694 nec
885 3636 1063 3693 saeculi
1093 3643 1482 3707 contemptum,
1510 3650 1609 3691 nec
1635 3635 2101 3707 eleemosynarum

516 3735 881 3807 largitionem,
914 3731 1032 3787 sine
1078 3729 1359 3785 cbaritatis
1394 3727 1569 3785 ofﬁcio
1606 3730 1896 3801 quidquam
1943 3729 2105 3802 proﬁ-

516 3842 641 3885 cere
672 3840 832 3896 posse
861 3821 992 3896 [Al.,
1024 3821 1306 3895 prodesse]
1340 3822 1594 3878 ostendit.
1623 3821 1753 3878 lnde
1775 3832 1829 3880 et
1855 3823 1970 3895 ipse
1992 3822 2101 3879 Do-

516 3923 698 3979 minus
752 3936 783 3974 a
835 3917 1069 3989 quodam
1124 3917 1302 3972 scriba
1349 3916 1715 3989 interrogatus
1763 3917 1906 3987 quod
1958 3924 2105 3972 esset

517 4010 829 4068 mandatum
863 4010 1181 4073 maximum,
1214 4006 1497 4079 respondit
1534 4026 1547 4061 :
1586 4006 1782 4078 Diliges
1816 4007 2101 4062 Dominum

517 4102 685 4158 Deum
721 4112 869 4156 tuum
900 4117 965 4155 ex
986 4109 1094 4155 toto
1130 4097 1285 4154 corde
1317 4109 1427 4165 tuo,
1457 4107 1505 4152 et
1539 4114 1603 4152 ea:
1633 4107 1741 4152 tota
1772 4100 1951 4153 anima
1987 4109 2096 4163 tua,

516 4208 565 4251 et
614 4212 679 4250 ex.
724 4203 833 4249 tota
877 4203 1046 4248 mente
1076 4202 1187 4246 tua.
1237 4190 1457 4245 Addidit
1490 4206 1705 4261 quoque
1743 4208 1756 4243 :
1800 4189 2101 4245 Secundum

519 4295 692 4340 autem
728 4285 897 4339 simile
931 4293 1006 4338 est
1029 4283 1191 4337 huic:
1222 4281 1420 4353 Diliges
1450 4284 1747 4352 proximum
1780 4292 1930 4337 tuum
1964 4285 2101 4337 sicut

517 4377 770 4447 teipsum;
796 4378 849 4429 in
880 4375 959 4429 his
998 4375 1200 4429 duobus
1242 4375 1504 4430 mandatis
1540 4384 1649 4429 tota
1691 4374 1800 4430 Lex
1832 4376 2018 4447 pendet
2049 4384 2099 4430 et

2129 3102 2177 3168 C

2203 480 2385 551 diligat
2415 492 2461 536 et
2499 484 2793 554 proximum
2823 482 2878 555 (Ι
2900 482 3061 538 Joan.
3093 501 3165 548 ιν,
3197 484 3309 557 21).
3340 486 3395 543 Si
3427 487 3570 544 forte
3601 491 3783 562 quisli-

2202 575 2294 631 bet
2319 583 2524 645 quaerat
2546 576 2665 647 quis
2687 576 2757 630 sit
2780 576 3077 645 proximus,
3114 576 3251 631 sciat
3278 592 3494 634 omnem
3530 579 3785 639 Christia-

2203 681 2333 721 num
2368 676 2512 723 recte
2553 667 2857 737 proximum
2883 666 3007 732 dici,
3037 669 3163 737 quia
3199 683 3388 725 omnes
3425 670 3481 725 in
3514 671 3783 743 baptismo

2203 758 2296 813 ﬁlii
2328 758 2421 814 Dei
2448 758 2869 825 sanctiﬁcamur,
2895 766 2959 814 ut
2993 758 3190 815 fratres
3222 762 3392 816 simus
3430 763 3784 833 spiritualiter

2204 849 2260 905 in
2293 850 2559 905 cbaritate
2593 849 2851 920 perfecta.
2890 848 3129 905 Nobilior
3179 858 3264 906 est
3304 854 3585 923 generatio
3634 856 3785 927 spiri-

2204 942 2365 998 tualis
2397 958 2559 1014 quam
2587 944 2849 1010 carnalis,
2881 942 2947 998 de
2971 959 3078 1014 qua
3117 944 3172 999 in
3208 944 3499 1017 Evangelia
3532 948 3651 1018 ipsa
3684 946 3785 1004 Ve-

2202 1036 2337 1090 ritas
2364 1036 2485 1090 ait:
2534 1034 2654 1089 Nisi
2701 1036 2815 1107 quis
2857 1046 3070 1092 renatus
3106 1036 3239 1109 [Al.,
3292 1038 3479 1112 natus]
3519 1040 3682 1109 fuerit
3722 1057 3783 1095 ex

2204 1143 2343 1199 aqua
2382 1136 2430 1181 et
2467 1125 2665 1199 Spiritu
2700 1126 2963 1200 [sancto],
2995 1146 3097 1183 non
3124 1139 3290 1200 potest
3338 1132 3558 1186 introire
3599 1133 3658 1187 in
3698 1151 3780 1189 re-

2203 1237 2361 1292 gnum
2395 1221 2493 1276 Dei
2520 1220 2703 1302 (Joan.
2731 1239 2813 1286 ιιι,
2844 1224 2920 1291 5).
2953 1223 3135 1279 Discat
3164 1225 3327 1281 homo
3355 1242 3474 1296 quae
3501 1237 3628 1284 sunt
3646 1245 3784 1302 pra:-

2204 1321 2356 1383 cepta
2378 1314 2494 1379 Dei,
2526 1295 2673 1369 etoea
2695 1316 2965 1371 custodiat
2989 1324 3253 1386 quantum
3277 1295 3459 1373 valeat
3490 1337 3503 1371 :
3538 1327 3594 1374 et
3617 1295 3700 1375 sic
3728 1336 3783 1377 se

2204 1415 2493 1478 cognoscat
2537 1408 2854 1463 charitatem
2899 1409 2995 1465 Dei
3049 1410 3267 1466 habere.
3317 1410 3558 1478 Quorum
3607 1413 3783 1485 aliqua

2205 1505 2311 1554 tute
2331 1498 2646 1565 'ostendere,
2674 1500 3024 1555 dilectissime
3049 1500 3144 1567 fili,
3169 1502 3438 1557 devotioni
3463 1504 3785 1561 nominatim

2207 1589 2429 1655 curabo,
2459 1598 2518 1645 ut
2548 1593 2735 1661 paucis
2760 1592 3045 1648 intellectis
3067 1592 3198 1666 [Al.,
3225 1595 3545 1670 perspectis]
3574 1596 3785 1655 facilius

2207 1682 2432 1741 aliorum
2465 1683 2689 1742 virtutes
2716 1685 3014 1758 intelligere
3042 1687 3223 1743 valeas
3250 1689 3297 1741 δ.

2732 1818 2889 1890 130
2924 1818 3151 1877 CAPUT
3187 1821 3276 1877 1v.

2875 1930 2955 1986 De
2988 1950 3099 1992 spe.

2276 2040 2405 2097 Tria
2432 2042 2644 2111 quidem
2676 2042 2783 2118 [ΑΙ.
2805 2086 2819 2111 ,
2857 2048 3124 2121 quaedam]
3159 2048 3440 2119 proposuit
3465 2050 3659 2106 anima:
3684 2067 3783 2109 no-

2205 2141 2332 2187 stra:
2381 2135 2687 2189 necessaria
2725 2138 2974 2209 egregius
3021 2140 3261 2207 gentium
3302 2141 3512 2206 doctor,
3544 2140 3735 2199 dicens
3769 2160 3781 2197 :

2206 2221 2357 2294 Spes,
2388 2226 2538 2295 ﬁdes,
2582 2228 2833 2295 Charitas,
2871 2231 2976 2284 tria
3000 2230 3110 2285 lucc
3140 2246 3158 2285 :
3193 2233 3369 2305 major
3404 2244 3577 2288 autem
3602 2235 3685 2289 Iris
3714 2245 3784 2291 est

2206 2317 2436 2372 charitas
2477 2316 2528 2388 (1
2558 2314 2681 2371 Cor.
2717 2334 2834 2385 χιιι,
2869 2320 2977 2391 15).
3006 2321 3175 2379 Nemo
3208 2324 3389 2396 igitur,
3424 2326 3674 2395 quamvis
3709 2327 3786 2381 in-

2206 2409 2354 2481 genti
2381 2418 2725 2479 peccatorum
2750 2410 2990 2480 pondere
3014 2422 3310 2483 prematur,
3337 2414 3405 2471 de
3431 2415 3676 2471 bonitate
3704 2416 3782 2473 di-

2204 2499 2345 2553 vina:
2390 2500 2608 2569 pietatis
2637 2501 2925 2571 desperare
2962 2503 3122 2560 debet
3151 2522 3167 2560 :
3199 2505 3294 2561 sed
3321 2522 3416 2578 spe
3439 2515 3604 2563 certze
3633 2507 3782 2581 μὴ..

2204 2590 2375 2664 certa]
2403 2593 2787 2649 misericordia;
2810 2594 2953 2652 illius
2980 2596 3364 2670 indulgentiam
3390 2599 3494 2655 sibi
3519 2603 3786 2671 quotidia-

2205 2687 2291 2742 nis
2313 2687 2591 2758 deprecari
2612 2688 2894 2760 lacrymis;
2926 2706 3088 2761 quam
3110 2700 3259 2748 recte
3291 2708 3510 2763 sperare
3535 2706 3781 2766 possunt,

2205 2777 2252 2834 si
2278 2777 2345 2832 ab
2371 2780 2583 2835 actione
2602 2781 2754 2849 pravi
2780 2782 2960 2850 operis
2982 2784 3289 2840 cessabunt.
3305 2786 3430 2842 Ideo
3447 2802 3545 2843 nec
3566 2799 3785 2860 propter

2205 2884 2355 2940 spem
2384 2870 2554 2925 venite
2588 2881 3001 2942 perseveranter
3026 2891 3253 2947 peccare
3289 2878 3572 2945 debemus,
3614 2896 3786 2951 neque

2205 2962 2329 3032 quia
2357 2962 2499 3019 Deus
2519 2964 2663 3034 juste
2690 2972 2911 3035 peccata
2939 2968 3114 3039 punit,
3138 2970 3350 3024 veniam
3379 2970 3674 3041 desperare
3701 2975 3785 3029 de-

2205 3052 2397 3110 bemus
2428 3073 2441 3109 :
2471 3056 2564 3111 sed
2585 3063 2815 3128 utroque
2849 3060 3089 3129 periculo
3116 3062 3339 3127 evitato,
3366 3070 3422 3117 et
3451 3078 3483 3117 a
3514 3065 3661 3121 malo
3696 3067 3782 3123 de-

2206 3144 2491 3213 clinemus,
2521 3156 2575 3203 et
2601 3148 2668 3205 de
2694 3150 2893 3219 pietate
2926 3151 3022 3206 Dei
3051 3152 3264 3208 veniam
3288 3156 3784 3225 speremus..Simi-

2204 3238 2329 3294 liter
2352 3248 2408 3296 et
2433 3241 2489 3295 in
2513 3242 2662 3297 omni
2682 3242 3090 3299 tribulationum
3118 3246 3385 3317 angustia,
3424 3263 3519 3318 spe
3540 3249 3614 3303 ad
3649 3250 3782 3308 sola-

2204 3331 2341 3386 tium
2397 3348 2646 3403 supernae
2693 3335 2910 3404 pietatis
2954 3336 3281 3391 currendum
3311 3346 3417 3404 est,
3449 3340 3577 3410 quia
3612 3341 3669 3396 in
3699 3340 3782 3396 illo

2205 3423 2321 3480 solo
2347 3426 2524 3481 omnis
2552 3441 2675 3496 spes
2700 3437 2757 3483 et
2777 3427 2922 3483 salus
2947 3427 3065 3484 sine
3086 3428 3248 3485 dubio
3272 3431 3543 3497 consistit,
3573 3432 3781 3490 dicente

2203 3514 2475 3586 Propheta
2508 3534 2521 3571 :
2569 3515 2637 3571 In
2685 3517 2795 3573 Deo
2824 3518 3057 3574 salutare
3096 3538 3267 3576 meum
3309 3531 3357 3577 et
3404 3523 3575 3595 gloria
3625 3542 3782 3581 mea:

2204 3605 2347 3661 Deus
2399 3607 2587 3662 auxilii
2633 3611 2755 3677 mei,
2805 3620 2854 3665 et
2904 3628 3019 3681 spes
3060 3629 3175 3668 mea
3213 3614 3267 3669 in
3309 3612 3413 3670 Deo
3453 3626 3530 3670 est
3588 3616 3779 3688 (Psal.

2203 3714 2315 3767 ιχι,
2345 3698 2422 3772 8).

2831 3793 3061 3852 CAPUT
3099 3798 3163 3853 V.

2681 3898 2704 3927 θ
2741 3886 2820 3942 De
2845 3887 3079 3944 lectionis
3113 3891 3306 3946 studio.

2276 4001 2598 4058 Sanctarum
2628 4002 2793 4059 lectio
2821 4002 3226 4074 Scripturarum
3261 4006 3455 4064 divina)
3482 4018 3569 4065 est
3603 4010 3783 4085 cogni-

2205 4094 2281 4149 tio
2317 4094 2684 4150 beatitudinis.
2728 4094 2787 4148 ln
2824 4095 2907 4151 his
2931 4096 3076 4151 enim
3105 4099 3260 4167 quasi
3302 4099 3354 4154 in
3393 4102 3630 4172 quodam
3669 4119 3784 4173 spe-

2202 4188 2323 4244 culo
2347 4189 2509 4245 homo
2530 4191 2766 4259 seipsum
2793 4192 3140 4248 considerare
3167 4201 3363 4264 potest,
3387 4196 3565 4265 qualis
3588 4199 3680 4263 sit,
3705 4196 3784 4253 vel

2201 4297 2309 4351 quo
2339 4283 2539 4337 tendat.
2590 4281 2773 4338 Lectio
2808 4283 3024 4338 assidua
3054 4284 3304 4355 purificat
3332 4286 3595 4353 animam,
3628 4288 3784 4343 timo-

2202 4389 2317 4427 rem
2339 4373 2531 4427 incutit
2554 4374 2833 4444 gehennze,
2866 4374 2933 4429 ad
2965 4375 3160 4446 gaudia
3181 4391 3413 4445 superna
3437 4392 3537 4432 cor
3566 4377 3784 4449 instigat

516 4469 779 4542 prophetis
812 4467 1027 4540 (Matth.
1056 4483 1192 4529 χχιι,
1219 4467 1289 4520 36
1320 4468 1471 4538 seq.).
1508 4466 1660 4534 Quod
1684 4484 1810 4523 vero
1841 4469 1917 4523 ait
1954 4485 1966 4523 :
2012 4467 2096 4527 Ex
2122 4476 2179 4541 ι)
2201 4462 2448 4532 legentis.
2482 4461 2583 4529 Qui
2615 4463 2728 4517 vult
2754 4479 2877 4518 cum
2908 4463 3018 4519 Deo
3044 4479 3257 4536 semper
3284 4482 3435 4531 esse,
3469 4466 3783 4538 frequenter

517 4569 622 4616 toto
650 4559 825 4625 corde,
864 4574 928 4613 ex
946 4566 1054 4612 tota
1078 4557 1275 4619 anima,
1304 4574 1369 4611 e1:
1402 4566 1511 4612 tota
1546 4568 1737 4623 mente,
1770 4560 1824 4614 id
1846 4567 1945 4624 est,
1982 4568 2096 4615 toto

517 4651 791 4708 intellectu
819 4692 833 4717 ,
880 4658 989 4706 tota
1042 4649 1355 4715 voluntate,
1413 4657 1469 4705 et
1520 4665 1587 4706 ex
1643 4652 1788 4706 omni
1836 4653 2095 4707 memoria

515 4744 686 4800 Deum
720 4759 841 4800 esse
876 4742 1221 4814 diligendum.
1274 4743 1368 4799 Dei
1404 4757 1531 4799 vero
1565 4742 1781 4799 dilectio
1820 4743 1875 4798 in
1914 4743 2100 4798 obser-

515 4835 731 4890 vatione
781 4834 1158 4889 mandatorum
1191 4831 1305 4902 ejus
1344 4840 1453 4888 tota
1483 4833 1752 4899 consistit,
1784 4834 1926 4888 sicut
1972 4834 2097 4888 alibi

516 4925 591 4980 ait
618 4943 631 4980 :
662 4924 723 4980 Si
755 4925 870 4996 quis
896 4923 1065 4994 diligit
1103 4939 1201 4985 me,
1240 4939 1503 4977 sermones
1540 4940 1679 4978 meos
1714 4930 1882 4978 servat
1914 4920 2092 4993 (Joan.

514 5034 625 5084 xw,
659 5018 772 5090 93).
809 5018 962 5075 Unde
1002 5017 1116 5088 ipsa
1138 5015 1352 5071 Veritas
1377 5016 1498 5071 alibi
1531 5017 1606 5070 ait
1643 5036 1655 5070 :
1683 5015 1750 5070 In
1774 5017 1871 5069 hoc
1901 5031 2094 5086 cogno-

513 5119 657 5166 scent
682 5122 858 5165 omnes
884 5150 899 5175 ,
939 5108 1063 5181 quia
1093 5109 1192 5162 mei
1227 5106 1473 5177 discipuli
1506 5108 1657 5171 estis,
1693 5106 1738 5160 si
1768 5105 2096 5161 dilectionem

515 5205 803 5260 habueritis
838 5202 907 5256 ad
933 5202 1151 5256 invicem
1184 5198 1375 5270 (Ibid.,
1413 5216 1533 5263 χιιι,
1566 5199 1677 5269 55).
1710 5199 1845 5254 Item
1866 5198 2098 5269 Aposto-

514 5296 600 5352 lus
626 5316 639 5351 :
665 5294 950 5351 Plenitudo
974 5294 1100 5365 legis
1136 5301 1211 5347 est
1238 5292 1444 5346 dilectio
1477 5291 1653 5362 (Rom.
1684 5309 1800 5356 χιιι,
1831 5293 1939 5364 10).
1963 5292 2095 5348 Item

515 5387 754 5444 Joannes
782 5385 1109 5456 evangelista
1139 5401 1152 5437 :
1193 5381 1307 5436 Hoc
1336 5382 1643 5437 mandatum
1668 5383 1914 5438 habemus
1935 5402 1968 5438 a
1988 5384 2099 5439 Do-

591 5560 618 5589 ι
658 5546 756 5603 Ms.
781 5546 838 5601 S.
866 5544 1051 5599 Jacobi
1076 5541 1360 5598 Scotorum
1391 5562 1404 5595 :
1435 5541 1927 5608 Quia’breviarium,
1956 5545 2099 5608 quod

521 5620 586 5674 de
620 5616 882 5672 mandatis
932 5613 1030 5670 Dei
1082 5614 1305 5669 scribere
1354 5614 1694 5678 decrevimus,
1746 5613 2096 5685 profundissi-

522 5698 852 5819 mf’liilgod.
883 5766 984 5814 ms.
1018 5755 1076 5812 S.
1099 5754 1283 5812 Jacobi
1310 5755 1497 5812 ultima
1528 5755 1793 5813 sententia
1820 5754 1900 5812 sic
1920 5757 2099 5831 expri-

2202 4554 2361 4609 debet
2385 4569 2541 4609 orare
2567 4553 2922 4627 [frequenter]
2944 4563 2999 4610 et
3015 4555 3211 4627 legere.
3234 4555 3369 4612 Nam
3395 4574 3519 4613 cum
3540 4575 3778 4621 oramus,

2199 4647 2301 4717 ipsi
2344 4663 2466 4703 cum
2506 4649 2616 4702 Deo
2654 4648 2922 4717 loquimur
2965 4667 2978 4702 :
3031 4665 3153 4704 cum
3189 4666 3318 4705 vero
3348 4650 3606 4722 legimus,
3640 4652 3785 4707 Deus

2198 4738 2479 4794 nobiscum
2533 4739 2788 4809 loquitur.
2832 4739 3121 4796 Geminum
3153 4742 3364 4797 confert
3391 4743 3591 4798 donum
3620 4744 3784 4799 lectio

2200 4837 2509 4884 sanctarum
2540 4830 2958 4901 Scripturarum,
2983 4834 3096 4889 sive
3118 4835 3241 4904 quia
3272 4834 3603 4891 intellectum
3630 4852 3786 4893 men-

2199 4923 2272 4977 tis
2299 4924 2494 4988 erudit,
2523 4939 2617 4979 seu
2647 4926 2791 4994 quod
2818 4942 2847 4980 a
2880 4928 3065 4983 mundi
3094 4928 3424 4985 vanitatibus
3446 4931 3784 4987 abstractum

2199 5016 2475 5072 hominem
2510 5018 2576 5072 ad
2613 5033 2851 5075 amorem
2884 5019 2980 5075 Dei
3006 5021 3270 5090 perducit.
3318 5021 3497 5078 Labor
3520 5024 3787 5080 honestus

2198 5116 2280 5163 est
2306 5108 2554 5165 lectionis
2582 5109 2885 5182 [studium],
2909 5120 2964 5166 et
2988 5113 3212 5167 multum
3240 5114 3305 5168 ad
3334 5117 3783 5172 emundationem

2200 5202 2391 5257 anima:
2415 5203 2649 5272 proﬁcit.
2679 5203 2831 5259 Sicut
2857 5206 2999 5260 enim
3022 5222 3087 5261 ex
3116 5206 3423 5263 carnalibus
3451 5210 3589 5265 escis
3615 5210 3789 5264 alitur

2199 5311 2348 5362 caro,
2380 5298 2453 5352 ita
2480 5313 2547 5351 ex
2587 5299 2783 5355 divinis
2820 5300 3048 5371 eloquiis
3086 5302 3310 5358 interior
3338 5303 3503 5359 homo
3539 5305 3790 5360 nutritur

2200 5399 2254 5447 et
2276 5391 2536 5462 pascitur,
2563 5392 2703 5447 sicut
2728 5393 3012 5449 Psalmista
3040 5395 3115 5449 ait
3146 5413 3158 5448 :
3195 5396 3366 5462 Quam
3393 5394 3567 5449 dulcia
3596 5396 3789 5465 fauci-

2198 5548 2363 5605 mitur
2401 5563 2415 5602 :
2462 5548 2698 5623 Quorum
2746 5551 2923 5623 aliqua
2961 5551 3175 5623 dignum
3219 5562 3291 5607 est
3320 5553 3536 5607 breviter
3562 5552 3792 5610 demon-
3884 5584 3893 5589 -

2197 5628 2384 5694 δινανῇ
2423 5610 2501 5674 ιιῖ
2515 5621 2727 5694 facilius
2764 5610 2973 5676 virtutes
2997 5610 3118 5677 alia:
3144 5624 3341 5694 possint
3355 5623 3608 5694 intelligi.

2272 5703 2294 5732 ο
2335 5690 2447 5749 lloc
2473 5708 2593 5766 cap.
2624 5692 2657 5746 5
2683 5708 2808 5765 pars
2829 5702 2913 5750 cst
2936 5690 3201 5753 sermonis
3220 5693 3324 5751 502
3347 5692 3405 5751 S.
3433 5690 3565 5768 Aug‘.
