4044 6340
283 287 388 344 617

1064 285 1393 345 MORALIA.
1430 318 1500 329 -—-
1535 288 1739 345 LIBER
1780 288 1866 345 DE
1905 288 2326 348 VIBTUTIBUS
2362 291 2449 347 ET
2490 291 2706 349 ViTliS.

3428 301 3533 358 6l8

281 404 427 458 cibus
442 418 568 457 mers
589 402 792 473 etoquia
817 409 927 469 tua,
946 400 1197 459 Domine!
1213 420 1366 476 super
1393 404 1491 459 mel
1505 414 1551 459 et
1574 405 1751 475 favum
1782 406 1861 457 ori
1895 416 1933 467 Α
1962 403 2085 457 dam
2116 403 2210 458 Dei
2238 406 2661 463 misericordiam
2689 409 3069 468 misericordiae
3097 413 3350 484 operibus
3387 416 3543 486 adju-

282 511 395 548 meo
416 492 590 565 (Psal.
623 509 808 556 cxvru,
837 494 978 566 105).
1007 493 1113 549 Sed
1140 494 1228 549 ille
1256 496 1600 550 beatissimus
1631 502 1734 559 est,
1763 494 1855 563 qui

234 602 245 614 -
281 578 493 638 divinas
530 583 835 654 Scripturas
877 584 1081 655 legens,
1143 587 1304 640 verba
1355 587 1518 641 vertit
1564 586 1618 640 in
1671 600 1853 655 opera.

280 668 469 729 Omnis
495 674 653 743 plane
676 674 955 743 Scriptura
981 682 1165 729 sancta
1192 677 1259 731 ad
1288 684 1526 731 nostram
1552 676 1753 744 scripta
1775 682 1860 728 est

280 767 531 832 salutem,
588 776 650 822 ut
695 767 1042 838 proﬁciamus
1087 768 1138 821 in
1178 769 1258 822 eis
1309 769 1362 822 in
1409 768 1654 823 veritatis
1681 767 1861 837 cogni-

278 859 447 914 tione.
488 856 696 929 Stepius
726 874 901 913 caecus
919 858 1142 913 offendit
1164 874 1321 927 quam
1344 859 1531 912 videns
1556 877 1568 912 :
1602 859 1679 913 sic.
1710 858 1860 928 igno-

277 965 408 1007 rans
435 950 608 1022 iegem
636 950 732 1004 Dei
770 950 964 1020 saepius
1001 950 1318 1019 ignoranter
1345 957 1553 1018 peccat,
1584 964 1743 1018 quam
1772 949 1859 1004 ille

275 1040 370 1110 qui
418 1042 536 1096 scit.
571 1039 740 1110 _Sicut
773 1055 947 1095 caecus
990 1041 1108 1094 sine
1151 1041 1393 1105 ductore,
1424 1039 1501 1095 sic
1545 1040 1707 1094 homo
1741 1039 1858 1093 sine

274 1106 496 1187 doctore
524 1106 666 1186 viam
694 1138 897 1185 rectam
926 1130 1015 1184 vix
1049 1129 1309 1201 graditur.

882 1259 1109 1316 CAPUT
1162 1259 1251 1314 VI.

939 1353 1019 1407 De
1039 1369 1185 1423 pace.

349 1467 601 1524 Salvator
629 1468 695 1522 ad
721 1469 939 1523 Patrem
962 1468 1198 1533 rediens,
1221 1467 1373 1537 quasi
1403 1466 1635 1537 speciale
1664 1482 1859 1522 munus

266 1558 549 1629 discipulis
571 1559 717 1628 pacis
738 1557 886 1614 dedit
912 1567 1198 1628 praecepta,
1224 1559 1410 1614 dicens
1433 1578 1446 1613 ε
1478 1557 1674 1614 Pacem
1688 1575 1858 1614 meam

263 1650 341 1703 do
369 1648 533 1712 vobis,
575 1665 757 1719 pacem
800 1648 1034 1719 relinquo
1081 1649 1221 1703 vobis
1271 1649 1455 1719 (Joan.
1506 1667 1619 1714 xiv,
1645 1650 1758 1721 27).
1800 1651 1859 1704 In

1960 509 2169 548 vemur.
2220 494 2500 561 Quomodo
2548 514 2579 552 a
2628 499 2740 553 Deo
2782 502 3211 558 misericordiam
3260 516 3542 576 exspectat
3592 512 3593 515 “

1962 583 2118 654 [Μεη
2147 585 2377 657 sperat],
2409 588 2501 657 qui
2530 590 2779 669 crudelis
2817 602 2902 647 est
2950 594 3001 647 in
3044 610 3335 652 conservos
3376 600 3540 653 suos?

1961 676 2115 732 Sicut
2140 678 2263 747 quis
2294 681 2442 749 cupit
2472 680 2639 735 Deum
2671 684 2774 738 sibi
2812 686 3081 753 misereri,
3104 688 3178 742 ita
3209 698 3265 744 et
3282 691 3540 753 miserm-,-

1960 776 2049 824 tur
2076 769 2407 825 debitoribus
2436 772 2569 825 suis.
2594 773 2905 831 Certissime
2927 778 3312 850 indulgentiam
3340 799 3535 853 exspe-

1962 854 2275 943 ctare[Ms.,
2295 863 2536 935 sperare]
2562 867 2780 934 poterit,
2805 868 2895 937 qui
2918 869 3039 925 aliis
3068 872 3344 943 indulgere
3367 875 3534 930 novit.

1959 951 2042 1005 Ad
2091 942 2475 1008 misericordiae
2499 970 2633 1024 Opus
2664 957 2868 1025 optimo
2915 975 3013 1015 nos
3042 961 3095 1015 in
3126 942 3414 1034 Evangelia
3434 964 3541 1020 Do-

1961 1040 2141 1095 minus
2167 1042 2414 1111 exemplo
2441 1044 2739 1110 roboravit,
2761 1047 2849 1101 ubi
2882 1050 2958 1105 ait
2988 1070 3001 1105 :
3034 1052 3214 1108 Estote
3246 1056 3542 1111 misericor-

1960 1122 2071 1196 des,
2094 1133 2227 1186 sicut
2254 1142 2303 1187 et
2331 1133 2493 1189 Pater
2518 1146 2679 1190 uester
2709 1138 2927 1195 caelestis
2970 1144 3264 1201 misericors
3296 1157 3391 1202 est.
3435 1147 3542 1213 Qui

1961 1221 2122 1275 solem
2145 1239 2299 1276 suum
2328 1219 2458 1277 oriri
2487 1225 2612 1294 facit
2644 1244 2799 1297 super
2840 1228 2999 1284 bonos
3039 1242 3086 1286 et
3113 1234 3297 1306 malos,
3333 1245 3379 1290 et
3408 1235 3541 1307 pluit

1960 1334 2115 1387 super
2134 1306 2308 1387 justas
2332 1326 2379 1372 et
2405 1319 2629 1389 injustas
2658 1311 2808 1393 (Luc.
2838 1340 2913 1391 v1,
2955 1316 3067 1397 36).
3112 1321 3299 1384 Omnis
3329 1306 3543 1384 miSeri—

1962 1407 2145 1461 cordia
2175 1397 2337 1462 faciet
2381 1405 2560 1464 locum
2604 1404 2895 1484 unicuique
2944 1416 3240 1477 secundum
3288 1420 3543 1473 meritum

1962 1512 2183 1567 operum
2214 1514 2454 1554 suorum.
2480 1501 2583 1569 Qui
2623 1501 2754 1559 facit
2772 1506 3221 1576 misericordiam,
3250 1508 3359 1565 Deo
3385 1509 3544 1567 offert

1962 1578 2291 1671 sacrificium
2340 1590 2530 1647 salutis
2579 1592 2730 1665 [Ms.,
2771 1598 2927 1669 satis]
2972 1588 3249 1669 placabile.
3278 1599 3543 1671 Injudicc

1964 1669 2334 1760 misericordia
2363 1678 2418 1736 et
2448 1682 2730 1753 disciplina
2758 1684 2917 1742 debet
2943 1703 3100 1743 esse:
3133 1687 3259 1760 quia
3285 1669 3393 1745 una
3422 1692 3543 1749 sine

262 1756 411 1854 Pa‘cﬁ
432 1756 529 1854 V25
557 1741 789 1805 (ίίπηίιῑον
814 1741 867 1854 in
893 1756 1026 1854 P1360
1046 1756 1156 1854 δίζε
1182 1742 1477 1854 infula?"
1499 1742 1858 1854 Ρτοίξξίδεῗηε
1887 1766 1932 1827 Β
1962 1767 2135 1823 altera
2159 1758 2298 1825 bene
2318 1786 2438 1826 esse
2463 1788 2573 1827 non
2612 1776 2785 1843 possit
2812 1766 2971 1847 [Ms.,_
2991 1741 3236 1854 poterit].
3267 1781 3405 1842 Nam
3433 1788 3540 1843 mi-

260 1832 441 1886 voluit
469 1832 622 1897 dare,
652 1847 774 1900 qure
798 1832 1139 1887 desiderabat
1162 1832 1379 1887 rediens
1416 1833 1473 1887 in
1501 1833 1751 1889 omnibus
1776 1833 1858 1887 in-

260 1921 476 1975 venire.
552 1920 719 1990 Cujus
781 1922 930 1990 pacis
992 1929 1313 1976 ornamenta
1371 1922 1696 1977 mirabiliter
1750 1922 1857 1977 alio

265 2011 517 2066 ostendit
559 2011 708 2075 loco,
752 2011 938 2066 dicens
968 2025 983 2064 :
1023 2011 1172 2065 Beati
1208 2012 1449 2081 paciﬁci,
1483 2013 1731 2083 quoniam
1758 2013 1858 2082 ﬁlii

264 2102 373 2156 Dei
412 2100 990 2173 vocabuntur-(Matth.
1022 2117 1076 2167 v,
1123 2101 1201 2172 9).
1236 2102 1315 2156 En
1340 2103 1507 2158 Filius
1532 2103 1628 2158 Dei
1674 2104 1861 2173 incipit

258 2194 476 2259 vocari,
501 2194 592 2262 qui
616 2172 877 2263 pacilicus
906 2207 1027 2247 esse
1050 2192 1164 2262 jam
1193 2193 1377 2262 coepit.
1402 2193 1519 2248 Non
1544 2194 1658 2247 vult
1689 2172 1858 2249 Filius

261 2286 368 2341 Dei
409 2284 539 2350 dici,
583 2284 674 2353 qui
704 2298 891 2353 pacem
936 2282 1173 2338 noluerit
1219 2283 1489 2353 amplecti.
1541 2282 1711 2353 Negat
1754 2284 1857 2338 sibi

261 2375 493 2430 Patrem
533 2374 721 2438 Deum,
767 2374 858 2444 qui
906 2372 1163 2444 paciﬁcus
1208 2389 1332 2430 esse
1382 2374 1696 2430 contemnit.
1750 2374 1859 2429 Sed

260 2467 385 2521 haec
412 2482 520 2536 pax
550 2481 673 2521 cum
704 2466 859 2520 bonis
886 2474 943 2519 et
965 2465 1061 2519 Dei
1090 2473 1361 2536 praecepta
1390 2466 1738 2520 servantibus
1762 2480 1859 2521 cu-

261 2556 551 2610 stodienda
599 2562 701 2620 est,
749 2570 858 2609 non
901 2570 1026 2610 cum
1067 2554 1268 2624 iniquis
1320 2562 1376 2610 et
1418 2554 1718 2621 sceleratis,
1763 2555 1857 2625 qui

259 2664 461 2718 pacem
500 2649 642 2703 inter
666 2664 726 2703 se
753 2649 957 2703 habent
977 2649 1031 2704 in
1062 2649 1298 2720 peccatis
1333 2650 1466 2705 suis.
1514 2649 1627 2705 Pax
1651 2650 1854 2705 Christi

260 2740 336 2792 ad
361 2738 589 2793 salutem
619 2738 834 2808 proficit
856 2740 1261 2810 sempiternam.
1286 2739 1397 2794 Pax
1418 2755 1537 2810 qua:
1564 2742 1619 2795 in
1642 2740 1857 2796 diabolo

260 2838 373 2894 est,
402 2829 472 2884 ad
501 2837 815 2900 perpetuam
840 2831 1089 2899 pervenit
1113 2830 1244 2902 [Al.,
1275 2831 1443 2904 ducit]
1477 2832 1853 2902 perditionem.

260 2920 381 2975 Pax
404 2936 527 2976 cum
549 2922 725 2987 bonis,
751 2930 805 2976 et
826 2922 1023 2977 bellum
1046 2937 1169 2978 cum
1188 2922 1360 2988 vitiis,
1378 2938 1592 2994 semper
1611 2924 1854 2980 habenda

264 3018 374 3066 est.
429 3009 570 3064 Mala
614 3011 883 3081 siquidem
942 3013 1225 3068 hominum
1264 3014 1553 3084 impiorum
1600 3016 1725 3071 odio
1759 3017 1856 3070 ha-

260 3098 444 3154 benda
478 3108 626 3166 sunt,
675 3114 782 3156 non
813 3102 1061 3159 homines
1102 3104 1227 3175 ipsi,
1258 3106 1508 3174 quamvis
1542 3107 1669 3161 mali
1699 3119 1846 3174 sunt,

260 3191 397 3260 quia
422 3198 673 3245 creatura
700 3192 795 3247 Dei
822 3200 965 3247 sunt.
996 3193 1106 3249 Pax
1134 3210 1280 3260 vero,
1310 3211 1432 3266 qua:
1453 3198 1505 3251 in
1534 3198 1690 3253 nobis
1713 3197 1847 3271 [ΑΛ.

259 3280 317 3333 in
358 3280 534 3352 bouis]
586 3288 689 3347 est,
745 3284 1089 3339 concordiam
1138 3286 1391 3353 fratrum,
1434 3296 1488 3342 et
1525 3289 1848 3345 charitatem

259 3372 485 3441 copulat
521 3374 909 3442 proximorum.
966 3372 1077 3430 Pax
1118 3377 1366 3447 spiritum
1412 3379 1507 3434 Dei
1541 3381 1852 3449 specialiter

257 3473 624 3534 promeretur.
657 3466 768 3520 Pax
798 3467 1100 3524 dilectionis
1129 3478 1302 3524 mater
1326 3480 1428 3525 est.
1455 3471 1563 3527 Pax
1592 3474 1850 3529 indicium

258 3561 353 3609 cst
400 3555 738 3617 sanctitatis,
774 3557 840 3612 de
885 3573 990 3628 qua
1043 3559 1183 3614 Deus
1233 3576 1330 3629 per
1373 3564 1690 3631 prophetam
1729 3565 1847 3619 ait:

259 3643 464 3699 Pacem
497 3656 547 3699 et
580 3649 846 3702 ueritatem
868 3649 1068 3721 diligite
1101 3650 1284 3723 (Zach.
1316 3669 1433 3716 vm,
1470 3654 1576 3725 19).
1605 3654 1714 3709 Pax
1742 3656 1852 3725 ple-

256 3734 352 3789 bis
385 3742 471 3789 est
505 3736 731 3800 sanitas,
762 3736 930 3808 gloria
969 3740 1287 3804 sacerdotis,
1323 3751 1373 3795 et
1412 3744 1600 3810 patriae
1638 3745 1844 3811 laetitia,

256 3833 315 3879 et
340 3822 525 3881 terror
552 3826 788 3882 hostium
835 3829 947 3884 sive
975 3829 1285 3896 visibilium,
1324 3833 1437 3886 sive
1478 3833 1844 3889 invisibilium.

261 3917 422 3988 l3]
464 3918 726 3975 Omnibus
778 3920 983 3977 viribus
1014 3937 1118 3991 pax
1166 3931 1252 3977 est
1301 3924 1671 3991 custodienda,
1721 3927 1845 3996 quia

256 4024 479 4079 semper
506 4011 561 4064 in
610 4011 720 4065 Deo
750 4020 952 4067 manet.
986 4012 1087 4080 Qui
1135 4014 1190 4068 in
1242 4030 1376 4083 pace
1410 4024 1598 4071 sancta
1640 4026 1845 4084 manet,

254 4115 384 4154 cum
416 4102 619 4156 sanctis
645 4102 741 4156 Dei
768 4111 967 4158 manet.
995 4102 1301 4160 Sacerdotis
1336 4115 1421 4161 est
1446 4106 1499 4160 in
1530 4123 1663 4177 pace
1684 4123 1850 4178 popu-

256 4188 373 4244 lum
398 4190 497 4245 Dei
531 4192 821 4247 admonere
850 4193 978 4263 quid
1001 4195 1196 4251 debeat
1222 4211 1384 4267 agere
1414 4215 1426 4251 :
1476 4199 1652 4269 populi
1682 4209 1765 4254 est
1792 4200 1846 4254 in

253 4282 567 4338 humilitate
620 4284 807 4339 audire
858 4300 978 4355 quae
1022 4295 1204 4341 monet
1253 4289 1522 4343 sacerdos.
1575 4289 1846 4359 Quidquid

250 4389 368 4428 non
396 4374 546 4439 licet,
579 4376 812 4444 pastoris
837 4383 920 4430 est
958 4377 1249 4446 prohibere
1277 4390 1345 4434 ne
1378 4379 1472 4433 fiat
1504 4393 1519 4433 :
1559 4380 1731 4450 plebis
1763 4391 1846 4435 est

252 4463 473 4528 audire,
495 4478 568 4545 ne
602 4463 785 4519 faciat.
1592 4466 1595 4467 ⁷

838 4590 864 4620 α
897 4572 1123 4636 CAPUT
1162 4579 1272 4635 VII.

807 4667 884 4723 De
922 4660 1301 4725 misericordia.

324 4777 670 4848 Praecipuum
700 4787 786 4833 est
810 4779 1193 4836 misericordizc
1236 4778 1457 4849 bonum,
1489 4784 1555 4838 de
1592 4798 1697 4855 qua
1730 4784 1842 4856 ipse

251 4866 513 4923 Salvator
540 4869 617 4923 ait
647 4887 659 4922 :
689 4868 841 4923 Beati
869 4872 1249 4938 misericordes,
1289 4876 1537 4943 quoniam
1562 4876 1660 4944 ipsi
1688 4878 1843 4931 mise-

247 4960 546 5029 ricordiam
571 4972 953 5032 consequentur
979 4962 1190 5035 (Matth.
1214 4967 1356 5039 v,7).
1381 4965 1497 5020 Non
1521 4976 1700 5037 potest
1720 4986 1846 5039 pec-

246 5061 409 5106 cator
462 5067 493 5105 a
535 5051 648 5108 Deo
682 5053 1109 5109 misericordiam
1152 5071 1391 5125 sperare,
1424 5058 1515 5128 qui
1544 5059 1847 5114 misericor-

244 5146 400 5200 diam
422 5161 532 5201 non
560 5146 693 5202 facit
712 5149 1059 5218 peccantibus
1088 5151 1144 5206 in
1166 5168 1243 5206 se.
1268 5153 1408 5224 Ergo
1429 5152 1663 5209 dimittat
1682 5155 1843 5208 homo

245 5236 555 5307 temporale
606 5237 846 5294 debitum
866 5282 903 5306 ,.
926 5249 987 5295 ut
1024 5253 1295 5299 mereatur
1322 5247 1561 5317 recipere
1589 5246 1844 5303 :cternale

238 5324 477 5382 bonum.
511 5325 567 5383 Si
598 5330 810 5386 animas
839 5342 1056 5389 nostras
1079 5336 1324 5405 cupimus
1349 5347 1697 5407 peccatorum
1728 5352 1846 5393 sor-

236 5419 411 5476 dibus
450 5424 749 5491 emundari,
782 5428 1210 5484 misericordiam
1255 5430 1309 5484 in
1350 5445 1450 5485 nos
1496 5430 1843 5501 peccantibus

235 5524 363 5568 non
391 5527 671 5584 negemus,
702 5525 762 5571 ut
788 5516 844 5571 in
874 5518 962 5573 die
992 5520 1365 5576 retributionis
1413 5522 1481 5583 ad
1528 5535 1842 5592 promeren-

373 5623 490 5680 Hoc
509 5641 626 5695 cap.
659 5629 847 5699 7~pars
872 5641 954 5686 est
982 5636 1246 5690 sermonis
1280 5635 1381 5687 3M
1410 5635 1465 5690 S.
1504 5634 1636 5705 Aug.

698 5788 970 5851 Ps'mOL.
1019 5794 1113 5855 Cl.

1958 1860 2253 1945 sericordia
2286 1849 2401 1917 sola
2422 1864 2468 1918 si
2517 1864 2699 1932 fuerit,
2728 1869 3075 1926 securitatem
3104 1849 3234 1930 facit
3279 1881 3542 1949 peccandi

1959 1940 2232 2021 subjectis.
2262 1949 2484 2021 iterum,
2514 1954 2561 2009 si
2592 1954 2879 2025 disciplina
2925 1952 3040 2016 sola
3089 1940 3303 2036 semper
3345 1969 3542 2038 aderit,

1958 2041 2188 2096 vertitur
2228 2043 2443 2101 animus
2490 2038 2853 2118 delinquentis
2898 2042 2953 2106 in
2996 2053 3455 2127 desperationem,
3485 2069 3544 2118 et

1950 2129 2117 2199 judex
2157 2150 2264 2189 non
2312 2137 2609 2194 merebitur
2651 2155 2684 2195 a
2732 2140 2845 2196 Deo
2884 2143 3312 2206 misericordiam
3369 2169 3383 2207 :
3444 2154 3541 2210 sed

1958 2223 2099 2279 hanc
2148 2220 2580 2285 misericordiam
2622 2246 2668 2317 a.
2693 2232 2874 2305 seipso
2904 2236 3063 2293 debet
3089 2240 3250 2296 homo
3276 2242 3538 2317 incipere.

1957 2313 2235 2381 Quomodo
2260 2317 2315 2372 in
2344 2319 2463 2375 aliis
2491 2330 2577 2376 est
2604 2311 2938 2392 misericors,
2968 2329 3061 2399 qui
3104 2330 3159 2385 in
3190 2333 3371 2404 seipso
3391 2311 3542 2394 *ει-ιι-

1957 2407 2091 2462 deiis
2131 2410 2246 2463 est?
2291 2409 2349 2493 In
2380 2413 2560 2483 seipso
2583 2415 2817 2472 'crudelis
2843 2427 2949 2483 est,
2977 2420 3071 2491 qui
3110 2423 3213 2479 sibi
3250 2437 3542 2497 perpetuas
3602 2430 3603 2433 “

1954 2501 2193 2568 peccatis
2246 2502 2361 2557 suis
2406 2514 2563 2573 parat
2601 2505 2867 2565 flammas.
2898 2511 3043 2568 Bene
3085 2515 3397 2574 misericors
3434 2530 3539 2587 est,
3596 2524 3601 2533 ’

1956 2592 2048 2661 qui
2080 2607 2110 2645 a
2138 2593 2317 2664 seipso
2343 2595 2554 2667 incipit,
2577 2606 2633 2653 et
2660 2614 2720 2655 se
2747 2601 3034 2673 diligenter
3057 2608 3313 2678 custodit,
3346 2628 3416 2671 ne
3440 2630 3542 2684 pu-

1956 2682 2138 2738 niatur
2189 2700 2312 2740 cum
2359 2687 2595 2756 diabolo,
2623 2699 2679 2747 et
2714 2693 2795 2749 sic
2842 2694 2963 2752 aliis
2990 2707 3231 2769 praestet,
3254 2704 3397 2774 quod
3432 2682 3539 2761 sibi

1953 2774 2157 2831 bonum
2178 2791 2298 2834 esse
2324 2780 2604 2852 perSpicit.

2520 2914 2549 2957 1³
2576 2913 2804 2974 CAPUT
2832 2916 2943 2974 Vill

2523 3026 2610 3084 De
2626 3030 2969 3102 indulgentia.

1878 3112 1922 3174 ο
2024 3122 2289 3214 Dominus
2319 3137 2374 3193 in
2396 3138 2686 3212 Evangeiio
2713 3143 2788 3197 ait
2822 3160 2834 3197 :
2866 3138 3144 3214 Dimittite,
3171 3158 3219 3203 et
3246 3149 3539 3209 dimittetur

1954 3226 2115 3280 vobis.
2138 3226 2272 3282 item
2308 3248 2320 3283 :
2356 3228 2416 3285 Si
2444 3231 2745 3288 dimiseritis
2774 3234 3071 3291 hominibus
3094 3249 3307 3309 peccata
3335 3259 3537 3311 eorum,

1953 3318 2175 3373 dimittet
2203 3330 2251 3375 et
2276 3322 2417 3377 vobis
2451 3322 2610 3379 Pater
2632 3335 2796 3381 vester
2845 3328 3065 3384 cretestis
3108 3342 3319 3401 peccata
3346 3345 3536 3394 vestro.

1954 3405 2012 3461 Si
2044 3426 2145 3465 non
2167 3410 2469 3470 dimiseritis
2493 3415 2810 3484 hominibus,
2831 3435 2923 3473 nec
2951 3417 3115 3474 Pater
3134 3431 3297 3478 vester
3321 3425 3541 3482 caelestis

1953 3501 2178 3556 dimittet
2207 3504 2344 3559 vobis
2370 3516 2582 3577 peccata
2605 3518 2771 3563 vestra
2800 3508 3015 3581 (Matth.
3046 3527 3121 3578 vi,
3156 3507 3246 3580 14,
3270 3514 3378 3587 15).
3412 3516 3540 3573 Haec

1950 3605 2081 3646 vero
2122 3593 2337 3649 Domini
2376 3598 2649 3653 sententia
2691 3615 2939 3671 magnam
2975 3618 3137 3674 super
3177 3620 3277 3660 nos
3326 3608 3540 3665 miseri-

1952 3683 2192 3737 cordiam
2218 3683 2369 3757 [Ms.,
2403 3684 2769 3762 clementiam]
2801 3700 2957 3747 sonat
2985 3692 3093 3759 his,
3124 3690 3213 3766 qui
3243 3710 3365 3751 eam
3391 3707 3538 3755 recte

1952 3772 2251 3845 intelligere
2291 3781 2534 3845 possunt.
2564 3772 2728 3849 igitur
2756 3796 2823 3835 ex
2868 3790 3055 3838 nostro
3095 3781 3298 3855 judicio
3327 3784 3539 3854 judicat

1954 3879 2054 3918 nos
2082 3862 2246 3931 Deus,
2270 3870 2325 3920 et
2350 3867 2749 3936 quodammodo
2801 3872 2854 3925 in
2899 3879 3166 3943 potestate
3210 3884 3395 3932 nostra
3426 3889 3534 3945 est,

1951 3955 2219 4022 quomodo
2250 3953 2556 4024 iudicemur
2584 3974 2614 4012 a
2638 3958 2817 4029 judice
2847 3960 2975 4017 Deo.
3028 3962 3086 4017 Si
3112 3960 3539 4024 misericorditer

1946 4043 2253 4113 iudicamus
2280 4046 2344 4100 de
2390 4047 2444 4101 in
2484 4054 2583 4103 nos
2627 4049 3082 4121 delinquentibus,
3112 4052 3538 4116 misericorditer

1943 4134 2207 4203 judicabit
2250 4138 2392 4195 Deus
2423 4139 2489 4196 de
2522 4143 2677 4199 nobis
2708 4144 2763 4199 in
2790 4160 2848 4200 se
2891 4148 3259 4216 peccantibus.
3283 4150 3537 4209 lntenda-

1950 4243 2070 4284 mus
2126 4231 2432 4301 eXemplum
2485 4233 2653 4299 illius,
2690 4236 2832 4291 sicut
2884 4236 3083 4294 Doctor
3125 4240 3367 4310 gentium
3415 4240 3532 4299 ait:

1947 4317 2152 4373 Donate
2178 4320 2231 4374 in
2254 4322 2647 4394 nobismetipsis,
2675 4325 2720 4379 si
2744 4329 2860 4397 quis
2908 4328 3155 4384 adversus
3185 4330 3411 4404 aliquem
3444 4335 3538 4389 Ita-

1949 4408 2029 4463 bet
2054 4411 2340 4481 querelam.
2367 4412 2519 4468 Sicut
2567 4414 2707 4471 Deus
2734 4418 2895 4472 donat
2937 4417 3085 4492 [Ms.,
3126 4420 3371 4498 donavit].
3394 4424 3537 4480 vobis

1874 4494 1919 4552 ο
1948 4502 2003 4555 in
2033 4499 2264 4568 Christo,
2289 4507 2362 4558 ita
2388 4514 2436 4559 et
2468 4523 2554 4560 vos
2584 4506 2741 4576 facite
2768 4508 2991 4581 (Coloss.
3010 4513 3220 4587 111,15).
3253 4494 3534 4582 Quomodo

1951 4590 2092 4648 Deus
2128 4594 2180 4648 in
2238 4593 2455 4652 Christo
2480 4599 2635 4655 nobis
2671 4610 2858 4658 nostra
2889 4613 3109 4664 peccata
3144 4607 3368 4665 donavit
3407 4628 3420 4664 :
3455 4612 3537 4666 sic

1948 4685 2109 4738 etiam
2141 4701 2237 4741 nos
2272 4686 2357 4741 his
2376 4690 2471 4759 qui
2496 4689 2550 4742 in
2576 4706 2673 4745 nos
2700 4704 2947 4760 peccant,
2977 4697 3331 4754 dimittamus.
3358 4700 3490 4757 Item
3518 4722 3532 4757 :

1950 4770 2107 4829 Nulli
2132 4777 2330 4832 malum
2358 4788 2451 4849 pro
2482 4780 2621 4834 malo
2649 4783 2939 4838 t‘eddentes.
2970 4787 3034 4841 Et
3067 4789 3173 4845 alio
3208 4789 3329 4847 loco
3360 4811 3371 4846 :
3406 4794 3536 4849 Noli

1948 4865 2082 4918 uinci
2108 4883 2140 4919 a
2169 4868 2328 4932 malo,
2360 4868 2450 4923 sed
2480 4870 2622 4924 vince
2642 4872 2697 4925 in
2722 4873 2853 4927 bona
2884 4877 3079 4932 malum
3111 4880 3285 4951 (Rom.
3312 4901 3412 4950 xu,
3442 4886 3531 4952 17,

1948 4956 2059 5029 21).
2080 4952 2373 5014 Sciendum
2396 4969 2482 5015 est
2495 4962 2799 5019 certissime
2815 4969 2955 5037 quod
2979 4974 3349 5046 unusquisque
3370 4978 3537 5033 talem

1947 5049 2340 5120 indulgentiam
2370 5062 2689 5122 accepturus
2715 5065 2799 5111 est
2839 5074 2868 5112 a
2914 5059 3043 5128 Deo,
3082 5065 3293 5133 qualem
3325 5076 3381 5121 et
3416 5069 3533 5137 ipse

1947 5132 2154 5195 dederit
2176 5143 2422 5210 proximo
2454 5159 2571 5198 suo.
2603 5142 2695 5199 illa
2720 5150 2896 5203 oratio
2920 5167 3019 5221 pro
3043 5132 3282 5222 peccatis
3330 5132 3529 5212 nostris

1948 5230 2015 5287 ad
2051 5248 2211 5289 aures
2247 5234 2632 5303 omnipotentis
2678 5236 2771 5294 Dei
2810 5241 2919 5296 cito
2962 5246 3262 5313 perveniet,
3291 5245 3333 5299 si
3360 5245 3531 5302 deliu-

1926 5325 2227 5396 ‘quentium
2262 5325 2340 5397 [in
2365 5325 2483 5399 nos]
2511 5342 2703 5397 preces
2734 5330 2788 5385 in
2811 5334 3010 5389 nostris
3031 5335 3252 5390 auribus
3282 5330 3529 5407 accepta-

1947 5417 2083 5472 biles
2109 5426 2255 5473 sunt.
2290 5417 2391 5486 Qui
2428 5416 2724 5477 clementer
2744 5427 3095 5495 peccantibus
3120 5414 3398 5497 ignescere
3429 5444 3530 5487 no-

1948 5510 2042 5575 vit,
2067 5510 2409 5566 clementiam
2436 5512 2630 5568 divinae
2659 5515 2876 5585 pietatis
2923 5516 3226 5573 certissime
3271 5516 3524 5593 accipiet.

1943 5695 1982 5749 Α
2018 5625 2044 5663 b
2078 5625 2189 5680 iloc
2242 5642 2359 5696 cap.
2401 5627 2433 5682 8
2482 5627 2646 5683 altera
2694 5644 2819 5698 pars
2865 5639 2949 5685 est
2994 5620 3265 5688 sermonis
3308 5634 3412 5689 504
3464 5635 3520 5691 S.

1990 5712 2075 5749 112.

1990 5712 2075 5767 ug.

3009 5796 3089 5855 20
