4044 6340
509 237 612 297 619

1341 232 1401 289 Β.
1443 232 1503 285 ι’.
1544 228 1770 287 ,ιιιιδιΝι
1809 226 1941 286 SEU
1976 222 2252 280 ALCL'INI
2290 220 2573 279 OPERUM
2612 220 2790 276 PARS
2826 221 2913 277 Π.

3669 218 3774 273 6‘20

508 353 599 409 Sic
627 352 771 409 enim
802 352 1110 409 remittetur
1134 348 1310 415 nobis,
1339 358 1400 403 ut
1444 363 1545 403 nos
1592 344 1975 401 remiseremus
2002 340 2083 395 eis
2115 350 2160 410 Α
2187 336 2254 391 lis
2283 335 2598 407 angelorum
2628 343 2877 388 creatura
2910 332 3108 387 cecidit
3152 330 3218 386 de
3260 329 3398 386 celo
3433 347 3445 383 :
3476 344 3577 399 per
3597 330 3776 385 humi-

506 444 598 518 qui
624 443 780 500 nobis
813 456 1139 513 quacunque
1159 440 1493 510 malignitate
1517 443 1838 492 nocuerunt.

1014 550 1178 626 .132
1213 552 1442 609 CAPUT
1472 551 1571 606 ιιι.

1106 644 1186 698 De
1211 643 1483 715 patientia.

577 755 648 816 ‘ln
675 756 928 831 patientia
970 767 1163 821 vestra,
1201 755 1403 811 dicitur
1438 755 1493 808 in
1517 752 1840 822 Evangelia,
1863 738 2093 820 posside-

507 847 626 906 bitis
673 849 877 902 animas
916 856 1107 902 vestras
1149 844 1301 915 (Luc.
1335 859 1453 908 xxx,
1502 841 1609 913 l9).
1647 840 1704 894 In
1751 838 1898 893 omni
1945 837 2091 890 enim

502 941 615 995 vita
650 939 889 993 humana
939 936 1201 1006 patientia
1245 932 1554 990 necessaria
1583 939 1688 987 est.
1724 929 1879 985 Sicut
1910 928 2092 996 itaque

498 1032 777 1103 patienter
804 1028 1029 1084 suﬂ‘erre
1057 1028 1315 1082 debemus
1346 1025 1570 1095 injurias
1605 1023 1674 1077 ab
1725 1022 1846 1076 aliis
1890 1020 1945 1074 in
1992 1033 2092 1073 nos

502 1122 729 1191 delatas,
756 1127 828 1181 ita
863 1132 917 1179 et
947 1123 1221 1193 patienter
1254 1121 1626 1176 tribulationcs
1648 1132 1767 1189 qua:
1791 1114 1947 1170 nobis
1970 1126 2093 1167 eve-

504 1220 675 1283 nient,
710 1214 936 1272 sufferre
961 1229 1185 1270 necesse
1213 1221 1314 1268 est.
1338 1210 1659 1283 'Stcpissim‘e
1689 1211 1742 1264 in
1769 1207 1871 1263 hoc
1896 1204 2093 1261 saculo

502 1310 633 1365 boni
649 1324 679 1362 a
698 1305 944 1376 reprobis
968 1302 1669 1373 tribula'tionespatiuntur.
1688 1299 1813 1354 ldeo
1838 1296 1884 1352 si
1906 1293 2097 1365 quisli-

504 1399 598 1454 bet
619 1404 743 1468 post
761 1397 900 1450 bona
932 1408 1093 1463 opera
1129 1392 1502 1447 tribulationes
1535 1388 1757 1460 patitur,
1796 1400 1905 1440 non
1937 1384 2097 1439 debet

507 1489 563 1544 in
593 1488 923 1559 cogitatione
953 1485 1133 1541 dicere
1173 1501 1187 1538 :
1218 1482 1435 1539 Perdidi
1464 1495 1628 1550 opera
1659 1494 1777 1533 mea
1804 1478 1945 1532 bona
1975 1488 2096 1544 quas

506 1579 793 1634 faciebam.
821 1577 921 1644 Qui
948 1577 1096 1631 enim
1117 1574 1223 1629 hoc
1253 1573 1474 1635 dixerit,
1500 1587 1606 1625 non
1637 1584 1737 1641 pro
1768 1581 1951 1622 amore
1975 1564 2093 1631 Dei,

507 1667 605 1722 sed
635 1682 735 1737 pro
761 1654 1008 1721 mercede
1029 1663 1304 1720 felicitatis
1334 1660 1495 1730 hujus
1521 1661 1664 1723 vitat,
1694 1666 1788 1712 aut
1812 1671 1909 1726 pro
1935 1653 2091 1710 laude

506 1758 745 1813 humana
772 1773 908 1828 opus
933 1757 1132 1813 bonum
1157 1755 1350 1809 fecisse
1375 1751 1738 1823 cognoscitur.
1772 1748 2094 1803 Probabitur

506 1853 653 1907 enim
688 1851 851 1906 homo
896 1849 1119 1921 ﬂagellis
1146 1848 1266 1912 Dei,
1297 1862 1405 1917 quo
1438 1846 1622 1900 animo
1645 1840 1972 1905 benefaciat,
2008 1837 2095 1894 vel

504 1958 610 2014 qua
664 1942 983 1997 fortitudine
1030 1938 1253 1996 sufferat
1295 1932 1627 1993 tentationes
1682 1931 1782 1990 sibi
1840 1944 2096 2003 superveé

503 2039 737 2093 nientes.
773 2030 971 2090 Tentat
998 2035 1143 2089 enim
1188 2048 1283 2087 vos
1319 2032 1483 2097 Deus,
1517 2029 1649 2085 dicit
1682 2025 1992 2098 Apostolus,
2036 2030 2098 2078 ut

503 2129 642 2185 sciat
672 2126 718 2183 si
772 2126 991 2197 diligitis
1028 2140 1171 2180 eum.
1202 2118 1452 2188 Prorsus,
1492 2119 1762 2175 tribulatio
1791 2115 2096 2188 patientiam

504 2231 775 2291 operatur,
801 2218 1057 2289 patientia
1090 2224 1263 2269 autem
1294 2230 1421 2283 opus
1465 2222 1538 2266 est
1567 2210 1873 2282 perfectum.
1902 2207 2097 2261 Beatus

505 2312 643 2364 enim
676 2311 777 2374 vir,
806 2310 894 2379 qui
918 2308 1102 2375 suffert
1132 2306 1486 2369 tentationem,
1533 2302 1781 2373 quoniam
1819 2317 1937 2353 cum
1979 2317 2101 2369 pro-

508 2399 661 2452 batus
693 2397 875 2465 fuerit,
916 2394 1135 2464 accipiet
1185 2408 1431 2446 coronam
1463 2391 1599 2454 vitae,
1627 2401 1783 2460 quam
1809 2387 2099 2457 repromisit

508 2488 653 2543 Deus
692 2485 1027 2559 diligentibus
1061 2501 1114 2540 se
1145 2483 1286 2557 (Jac.
1336 2499 1376 2548 ι,
1425 2484 1479 2548 '5,
1517 2482 1593 2553 4).
1632 2480 1802 2535 Nemo
1835 2480 1972 2534 bene
2014 2494 2103 2533 sa-

507 2581 665 2655 piens
699 2588 806 2644 est,
840 2578 932 2649 qui
955 2576 1277 2648 patientiam
1305 2590 1413 2630 non
1450 2573 1633 2628 habet.
1673 2570 1889 2625 Fortior
1913 2566 2099 2623 estdo-

510 2669 745 2727 minator
771 2666 923 2744 [Ms.,
952 2664 1203 2738 domitor]
1226 2662 1390 2721 animi
1414 2664 1495 2723 sui
1517 2671 1868 2734 expugnatore
1895 2660 2099 2713 urbium

509 2762 692 2836 (Prov.
723 2780 835 2829 xw,
866 2761 977 2834 δὲ).
1004 2760 1059 2814 lu
1085 2758 1347 2830 patientia
1372 2770 1502 2812 vero
1524 2752 1811 2825 quaerenda
1840 2758 1923 2806 est
1951 2750 2101 2820 igno-

509 2856 694 2913 scendi
733 2854 979 2918 facultas,
1014 2868 1121 2908 non
1150 2845 1462 2908 vindicandi
1503 2846 1895 2918 opportunitas.
1942 2840 2099 2898 Tales

509 2957 638 3003 sunt
664 2948 905 3016 quidam,
940 2946 1033 3014 qui
1061 2954 1302 3013 tempore
1340 2940 1664 3009 injuriarum
1690 2938 1963 3008 patienter
1988 2934 2101 2989 sufa

510 3040 715 3102 ferunt,
759 3032 1249 3109 utsubscquentcr
1285 3032 1498 3087 facilius
1544 3029 1823 3085 vindicare
1864 3025 2095 3081 valeant.
2124 3028 2174 3092 ρ

514 3126 581 3183 ili
611 3142 795 3182 veram
833 3142 939 3182 non
970 3124 1171 3179 habent
1193 3121 1534 3193 patientiam.
1567 3118 1833 3174 Patientia
1864 3131 1993 3171 vera
2019 3121 2105 3169 est

511 3220 568 3275 in
598 3218 791 3273 faciem
821 3215 1034 3271 fortiter
1065 3214 1333 3269 sustinere
1358 3210 1609 3279 injurias,
1636 3216 1691 3263 et
1712 3209 1764 3261 in
1789 3207 1970 3261 futuro
1987 3204 2103 3258 vin-

513 3309 716 3363 dictam
761 3322 868 3362 non
901 3318 1166 3375 quaerere,
1194 3299 1290 3356 sed
1336 3316 1402 3355 ex
1430 3299 1593 3354 corde
1640 3297 1938 3369 ignoscere.
1973 3291 2103 3349 Sine

514 3398 665 3454 ferro
687 3398 770 3452 vel
796 3395 1027 3450 flammis
1057 3400 1322 3464 martyres
1345 3404 1465 3445 esse
1487 3403 1796 3459 possumus,
1822 3387 1866 3441 si
1892 3386 2104 3456 patien-

514 3491 650 3547 tiam
672 3488 942 3544 veraciter
964 3486 1016 3539 in
1042 3484 1223 3538 animo
1260 3495 1539 3537 servamus
1566 3494 1686 3533 cum
1718 3477 1979 3548 proximis
2005 3490 2105 3529 no-

516 3581 668 3638 stris.
721 3574 1073 3633 Laudabilius
1115 3581 1201 3628 est
1256 3569 1506 3640 iniuriam
1556 3567 1783 3623 tacendo
1810 3566 2103 3628 declinare,

516 3688 678 3744 quam
732 3666 1111 3739 respondendo
1161 3676 1435 3733 superare.
1474 3659 1574 3727 Qui
1617 3659 1886 3729 patienter
1915 3656 2107 3710 tolerat

516 3763 676 3828 mala,
714 3762 767 3816 in
791 3761 970 3816 futuro
988 3769 1244 3814 coronam
1269 3751 1564 3808 merehitur
1591 3749 1995 3819 sempiternam.

1128 3881 1153 3907 ⁸
1183 3864 1411 3922 CAPUT
1440 3863 1505 3917 Χ.

1094 3959 1169 4013 Dc
1228 3956 1537 4010 humilitate.

591 4077 802 4151 Quanta
832 4076 905 4133 sit
943 4088 1084 4129 ver-.e
1118 4066 1439 4125 humilitatis
1472 4066 1669 4130 virtus,
1705 4062 1861 4117 facile
1891 4077 1957 4116 ex
1987 4074 2109 4115 ver-

520 4175 605 4232 bis
631 4168 845 4226 Domini
865 4164 1230 4238 cognoscitur,
1258 4160 1351 4230 qui
1382 4165 1442 4212 ut
1476 4153 1784 4226 superbiam
1815 4152 2112 4206 Pharisaeo-

522 4277 645 4318 rum
672 4260 975 4320 damnaret,
1007 4253 1145 4309 dixit
1171 4271 1185 4305 ι
1224 4250 1406 4305 Omnis
1436 4249 1525 4319 qui
1548 4263 1602 4301 se
1620 4243 1841 4309 exultat,
1863 4242 2110 4296 humilia-

523 4350 684 4422 bitur,
700 4356 746 4402 et
775 4347 864 4418 qui
887 4362 940 4400 se
958 4342 1224 4407 humiliat,
1243 4337 1563 4394 exaltabitur
1584 4333 1794 4408 (Matth.
1820 4348 1978 4397 mu,
1996 4330 2104 4402 1‘2).

524 4397 858 4495 Huiuilitaiis
882 4433 1134 4506 passibus
1162 4431 1229 4486 ad
1257 4428 1379 4484 creti
1423 4397 1654 4481 culmina
1695 4397 2107 4488 conscenditur;
2141 4397 2191 4459 ί)

524 4534 652 4604 quia
681 4530 824 4586 Deus
849 4526 1097 4583 excelsus
1126 4538 1232 4578 non
1268 4521 1540 4590 superbia,
1563 4517 1658 4573 sed
1702 4516 2004 4571 humilitate
2031 4525 2113 4570 at-

526 4624 773 4695 tingitur.
808 4620 884 4675 De
904 4633 1011 4688 quo
1042 4616 1243 4673 dictum
1281 4621 1365 4668 est
1394 4628 1405 4664 :
1435 4609 1576 4663 Deus
1624 4608 1857 4679 superbis
1896 4607 2111 4670 resistit,

526 4694 813 4769 humilibus
842 4718 1015 4763 autem
1044 4706 1135 4760 dat
1176 4700 1401 4775 gratiam
1433 4697 1573 4772 (Jac.
1602 4713 1678 4763 tv,
1707 4694 1781 4769 6).
1812 4694 1963 4750 Unde
1981 4703 2037 4749 et
2060 4695 2111 4748 in

526 4805 751 4878 psalmis
784 4802 982 4859 dicitur
1013 4819 1025 4852 :
1062 4796 1315 4852 Excelsus
1348 4792 1603 4848 Dominus
1624 4799 1671 4843 et
1700 4788 1920 4843 humilia
1948 4789 2109 4858 respi-

528 4877 621 4961 cit,
674 4906 721 4951 et
772 4894 882 4948 alta
935 4909 966 4946 a
1015 4889 1164 4959 longe
1211 4884 1472 4957 cognoscit
1531 4879 1702 4953 (Psal.
1743 4890 1988 4941 chxvn,
2034 4877 2110 4949 6).

525 4988 650 5045 Alta
678 4985 857 5056 posuit
884 4998 981 5055 pro
1006 4978 1269 5051 superbis,
1298 4973 1521 5029 humilia
1547 4986 1679 5028 vero
1706 4986 1806 5041 pro
1824 4968 2116 5023 humilibus

531 5081 666 5156 ML,
696 5093 795 5156 pro
816 5070 1158 5143 mansuetis].
1190 5067 1424 5124 llumilia
1474 5064 1713 5135 respicit,
1758 5070 1819 5116 ut
1862 5060 2114 5116 attollat:

514 5153 663 5240 .alta,
685 5172 738 5227 id
762 5154 867 5235 est,
885 5165 1115 5236 superba
1146 5161 1439 5232 cognoscit,
1468 5166 1528 5212 ut
1572 5156 1803 5225 dejiciat.
1836 5153 2118 5208 Discamus

516 5267 698 5340 igitur
728 5260 1107 5319 humilitatem,
1134 5269 1229 5324 per
1254 5267 1414 5323 quam
1441 5249 1550 5303 Deo
1578 5247 1940 5318 propinquare
1970 5250 2121 5313 pote-

534 5334 728 5418 rimus,
755 5352 895 5407 sicut
922 5350 1037 5419 ipse
1072 5346 1123 5400 in
1148 5341 1437 5412 Evangelia
1468 5340 1542 5393 ait
1573 5357 1585 5392 :
1620 5338 1814 5391 Discite
1835 5354 1865 5388 a
1894 5351 1973 5388 me
1999 5334 2123 5405 quia

535 5446 680 5500 mitis
707 5458 823 5497 sunt
848 5449 894 5495 et
932 5436 1143 5493 humilis
1168 5433 1343 5495 corde,
1374 5441 1420 5484 et
1464 5428 1728 5483 invenietis
1756 5426 1981 5497 requiem
2009 5423 2125 5477 ani-

535 5538 724 5590 mabus
746 5530 924 5585 vestris
958 5526 1173 5596 (Matth.
1199 5540 1272 5587 ιι,
1295 5521 1407 5589 29).
1434 5518 1538 5573 Per
1564 5515 1868 5586 superbiam
1900 5512 2124 5567 mirabi-

614 5659 637 5686 ι
670 5644 781 5699 [loc
810 5648 969 5712 caput
1000 5639 1066 5694 10
1092 5652 1217 5708 pars
1251 5643 1335 5690 est
1361 5632 1625 5687 sermonis
1649 5626 1752 5682 297
1795 5625 1851 5679 S.
1881 5627 1997 5695 Aug

2188 425 2395 479 litatem
2429 423 2571 495 [Dei]
2600 421 2866 494 fragilitas
2898 423 3394 498 humanaeqnaturte
3429 423 3682 477 ascendit
3710 422 3778 476 ad

2190 515 2406 579 coelum.
2432 515 2669 570 Honesta
2696 522 2781 569 est
2809 514 2954 568 enim
2998 514 3138 568 inter
3182 514 3429 569 homines
3455 514 3781 571 humilitatis

2181 606 2547 671 consuetudo,
2575 606 2715 659 sicut
2738 603 2993 659 Salomon
3031 605 3108 658 ait
3138 623 3150 657 :
3180 604 3281 659 Ubi
3325 605 3483 674 fuerit
3512 608 3781 677 superbia,

2189 699 2263 752 ibi
2286 700 2385 752 erit
2408 708 2453 752 et
2486 696 2822 752 contumelia.
2855 696 2958 750 Ubi
2980 706 3154 750 autem
3183 697 3473 763 humilitas,
3518 698 3593 752 ibi
3614 707 3666 752 et
3688 715 3780 753 sa-

2188 785 2384 855 pientia
2414 784 2595 853 (Prov.
2630 801 2707 848 x1,
2742 784 2819 855 2).
2871 784 3003 839 Item
3032 784 3169 839 alius
3201 784 3466 858 [quidam]
3498 785 3733 856 Sapiens
3757 807 3778 841 ι

2195 872 2405 940 Quanto
2431 874 2609 943 major
2628 890 2704 939 es,
2728 873 2947 927 humilia
2969 884 3017 928 te
3037 875 3091 928 in
3113 875 3372 940 omnibus,
3393 886 3442 930 et
3468 894 3650 931 coram
3672 878 3783 933 Dea

2190 962 2418 1016 invenies
2443 965 2670 1033 gratiam
2702 962 2892 1033 (Eccli.
2926 980 3009 1028 ιιι,
3038 964 3151 1036 20).
3184 965 3317 1020 ltem
3361 967 3624 1023 Dominus
3652 969 3785 1024 dicit

2192 1067 2291 1122 per
2330 1054 2650 1123 prophetam
2684 1071 2696 1107 :
2733 1054 2814 1108 Ad
2856 1071 3007 1124 quem
3046 1064 3222 1109 autem
3267 1058 3541 1128 respicidm
3582 1059 3686 1112 nisi
3714 1061 3783 1112 ad

2194 1144 2456 1207 humilem,
2472 1154 2517 1198 et
2530 1145 2780 1215 quietum,
2796 1154 2844 1198 et
2856 1154 3155 1199 trementem
3170 1148 3321 1201 verba
3331 1165 3444 1202 mea
3459 1148 3617 1219 (Isai.
3635 1166 3781 1214 LXVI,

2193 1230 2288 1303 2)?
2325 1232 2641 1305 Quicunque
2667 1233 2885 1287 humilis
2911 1242 2967 1288 et
2998 1234 3214 1302 quietus
3261 1250 3369 1290 non
3395 1237 3519 1302 erit,
3557 1254 3669 1292 non
3692 1255 3785 1308 po-

2198 1334 2303 1381 test
2327 1327 2382 1380 in
2411 1340 2476 1380 eo
2502 1326 2747 1381 habitare
2772 1327 2944 1397 gratia
2977 1325 3213 1395 Spiritus
3247 1328 3443 1382 sancti.
3494 1328 3643 1384 Deus
3687 1330 3783 1384 hu—

2196 1416 2340 1470 milis
2372 1415 2548 1471 factus
2571 1426 2657 1471 est
2680 1426 2883 1471 nostrae
2921 1417 3114 1472 salutis
3166 1434 3357 1484 causa,
3398 1428 3457 1473 ut
3493 1421 3783 1476 erubescat

2196 1506 2360 1560 homo
2385 1507 2651 1576 superbus
2677 1522 2819 1562 esse.
2851 1507 3121 1573 Quantum
3154 1509 3459 1564 humilitate
3490 1511 3784 1567 inclinatur

2196 1609 2292 1649 cor
2318 1594 2388 1650 ad
2406 1595 2534 1660 ima,
2564 1603 2772 1649 tantum
2801 1596 3014 1665 proficit
3040 1598 3094 1650 in
3124 1598 3358 1653 excelso.
3390 1599 3493 1665 Qui
3509 1600 3656 1654 enim
3685 1601 3784 1654 hu-

2120 1685 2168 1747 B
2196 1684 2341 1740 milis
2368 1686 2489 1750 erit,
2524 1685 2933 1741 exaltabitur'in
2963 1686 3130 1756 gloria
3156 1686 3291 1759 [Al.,
3321 1688 3413 1757 qui
3446 1688 3539 1743 hic
3562 1689 3781 1745 humilis

2197 1774 2364 1830 fuerit
2382 1776 2438 1829 in
2464 1784 2700 1829 terra....
2733 1776 2788 1829 in
2817 1776 2986 1846 gloria
3012 1775 3236 1848 futura].
3270 1777 3484 1833 Primus
3509 1779 3782 1835 humilitaa

2198 1864 2269 1920 tis
2295 1865 2493 1936 gradus
2515 1873 2601 1919 est
2625 1866 2871 1920 veritatis
2916 1878 3220 1922 sermonem
3261 1868 3538 1924 humiliter
3573 1871 3781 1935 audire,

2198 1957 2511 2011 memoriter
2539 1957 2797 2023 retinere,
2824 1956 3126 2013 voluntarie
3152 1957 3434 2027 perﬁcere.
3464 1960 3601 2015 Eam
3628 1962 3784 2032 quipa

2197 2061 2286 2116 pe,
2317 2061 2478 2117 quam
2508 2062 2617 2102 non
2648 2047 2855 2102 invenit
2892 2047 3151 2101 humilem
3196 2048 3441 2121 [veritas]
3471 2050 3609 2122 fugit
3633 2068 3785 2107 men-

2199 2145 2330 2193 tem.
2368 2137 2639 2205 Quantum
2672 2138 2793 2207 quis
2839 2137 3094 2193 humilior
3122 2140 3227 2194 erit
3277 2140 3344 2195 de
3391 2142 3595 2211 seipse,
3632 2151 3789 2199 tanto

2199 2230 2375 2301 major
2408 2230 2514 2285 erit
2551 2229 2606 2283 in
2648 2237 2942 2300 conspectu
2970 2227 3086 2285 Del.
3119 2229 3393 2300 Superbus
3421 2247 3551 2287 vero
3580 2244 3787 2305 quanto

2200 2320 2483 2390 gloriosior
2506 2328 2729 2391 apparet
2757 2321 2898 2374 inter
2926 2321 3197 2387 homines,
3231 2331 3385 2379 tanto
3404 2324 3664 2393 dejectior
3682 2326 3790 2380 erit

2201 2419 2326 2466 ante
2370 2410 2558 2466 Deum.
2609 2410 2709 2477 Qui
2757 2411 2902 2465 enim
2952 2412 3070 2467 sine
3098 2412 3402 2469 humilitate
3455 2427 3594 2469 bona
3623 2430 3791 2485 opera

2201 2503 2333 2574 agit,
2360 2503 2415 2556 in
2444 2510 2665 2558 ventum
2700 2503 2854 2573 133
2881 2503 3161 2572 pulverem
3190 2494 3387 2574 portat.
3419 2505 3561 2573 Quid
3596 2524 3791 2578 supera

2201 2593 2281 2649 bit
2320 2600 2464 2647 terra
2491 2600 2548 2646 et
2568 2592 2726 2658 cinis,
2759 2593 2885 2647 dum
2928 2601 3089 2648 vento
3127 2594 3391 2664 superbia:
3436 2597 3788 2668 dispergitur,

2198 2684 2345 2753 quod
2389 2680 2610 2751 jejuniis
2659 2692 2713 2738 et
2756 2683 3115 2755 eleemosynis
3160 2700 3492 2757 congregare
3537 2689 3792 2743 videtur?

2200 2774 2341 2841 Noli,
2365 2790 2398 2829 ο
2424 2775 2605 2840 homo,
2633 2775 2684 2829 in
2704 2775 2989 2830 virtutibus
3011 2777 3116 2830 tuis
3136 2776 3384 2847 gloriari;
3406 2780 3532 2847 quia
3557 2778 3789 2834 alterum

2200 2866 2485 2921 habiturus
2527 2881 2588 2921 es
2632 2865 2891 2936 judicem,
2940 2882 3046 2921 non
3095 2868 3360 2937 teipsum;
3394 2869 3447 2922 in
3480 2868 3635 2937 cujus
3661 2885 3789 2926 con-

2202 2967 2391 3029 spectu
2423 2958 2651 3028 teipsum
2681 2952 2734 3012 in
2768 2958 2932 3012 corde
2959 2966 3051 3013 tuo
3074 2957 3359 3013 humiliare
3396 2969 3632 3029 oportet,
3659 2977 3788 3031 qua-

2205 3063 2364 3109 tenus
2391 3053 2479 3108 ille
2500 3062 2552 3107 te.
2580 3053 2782 3107 exaltet
2803 3053 2858 3106 in
2882 3058 3122 3122 tempore
3147 3049 3516 3106 retributionis
3541 3056 3667 3103 tute.
3693 3049 3788 3103 De-

2203 3145 2403 3201 scende
2430 3152 2486 3198 ut
2508 3144 2792 3207 ascendas,
2820 3138 3107 3196 humilia‘re
3150 3149 3212 3195 ut
3239 3139 3518 3203 exalteris,
3542 3154 3614 3193 ne
3641 3138 3784 3194 exal-

2204 3243 2350 3290 tatus
2372 3235 2692 3289 humilioris.
2725 3234 2827 3301 Qui
2856 3233 3001 3287 enim
3025 3232 3129 3287 sibi
3158 3231 3280 3285 vilis
3314 3238 3420 3295 est,
3447 3238 3575 3284 ante
3619 3229 3784 3283 Deum

2203 3341 2429 3400 magnus
2448 3335 2530 3381 est
2568 3323 2700 3396 [Al.,
2732 3322 2954 3394 pulcher
2980 3316 3124 3394 est];
3170 3331 3226 3377 et
3265 3322 3355 3391 qui
3385 3320 3489 3376 sibi
3516 3321 3786 3390 displicet,

2203 3417 2315 3473 Deo
2334 3417 2510 3488 placet
2538 3416 2672 3488 (AL,
2703 3424 2757 3471 et
2783 3416 2875 3485 qui
2919 3415 3019 3471 sibi
3051 3414 3282 3484 placent,
3316 3413 3429 3468 Deo
3453 3410 3782 3482 displicent).

2204 3511 2334 3565 Esto
2364 3510 2524 3581 igitur
2553 3523 2752 3577 parvus
2805 3508 2859 3561 in
2912 3492 3236 3569 oculistuis,
3284 3513 3341 3558 ut
3371 3504 3448 3559 sis
3478 3518 3705 3574 magnus
3734 3502 3786 3556 in

2204 3600 2374 3654 oculis
2409 3598 2644 3652 Domini.
2679 3598 2854 3651 Tanto
2882 3596 3027 3651 enim
3058 3594 3165 3649 eris
3192 3594 3331 3664 apud
3370 3592 3541 3648 Deum
3584 3590 3811 3661 pretim.

2205 3693 2338 3756 sior,
2392 3698 2595 3761 quanto
2641 3689 2807 3743 fueris
2838 3696 2965 3743 ante
2992 3687 3176 3741 oculos
3219 3695 3340 3740 tuos
3374 3684 3704 3754 dcspectior.
3731 3682 3787 3737 In

2206 3798 2417 3838 sui-imo
2444 3782 2648 3835 honore
2697 3794 2906 3834 summa
2961 3779 3055 3833 tibi
3103 3779 3176 3833 sit
3221 3776 3517 3833 humilitas.
3560 3774 3792 3830 Honoris

2207 3873 2323 3927 laus
2347 3884 2454 3926 est.
2484 3869 2802 3927 humilitatis
2831 3869 3023 3922 virtus.

2826 3998 3055 4056 CAPUT
3089 3997 3178 4052 XI.

2635 4115 2710 4168 De
2748 4112 3145 4184 compunctione
3171 4110 3364 4166 cordis.

2281 4227 2638 4300 Compunctio
2658 4225 2839 4281 cordis
2864 4239 2928 4279 ex
2961 4222 3282 4278 humilitatis
3298 4220 3499 4275 virtute
3520 4220 3801 4281 nascitur;

2212 4323 2280 4378 de
2318 4320 2733 4389 compunctione
2775 4315 3046 4371 confessio
3073 4321 3449 4384 peccatorum;
3480 4311 3548 4367 de
3588 4310 3805 4367 confes.

2215 4412 2367 4468 sione
2403 4408 2755 4480 pwnitentia;
2791 4406 2858 4460 de
2886 4404 3206 4475 paenitentia
3240 4417 3367 4457 vera
3392 4402 3681 4471 proveniet
3705 4400 3801 4453 de-

2215 4504 2466 4557 lictorum
2495 4496 2844 4567 indulgentia.
2877 4492 3229 4563 Compunctio
3265 4492 3442 4545 cordis
3468 4500 3557 4545 est
3585 4487 3808 4544 humili-

2216 4604 2299 4649 tas
2325 4590 2540 4654 mentis,
2573 4603 2693 4643 cum
2723 4586 2994 4657 lacrymis,
3033 4592 3088 4638 et
3132 4580 3508 4638 recordatione
3550 4588 3812 4652 peccato—

2215 4703 2359 4751 rum,
2397 4692 2453 4740 et
2472 4684 2663 4737 timore
2686 4679 2894 4751 judicii.
2928 4678 3007 4731 Ex
3029 4676 3241 4747 gemino
3262 4674 3408 4730 fonte
3431 4671 3811 4742 commodio-

2219 4777 2304 4833 nis
2351 4776 2527 4830 solent
2566 4769 2831 4842 profluere
2873 4765 3154 4838 lacrymte;
3207 4764 3260 4821 id
3301 4774 3403 4830 est,
3449 4765 3580 4819 dum
3610 4763 3811 4818 merita

2218 4884 2439 4941 cperam
2468 4878 2691 4922 suorum
2720 4859 3030 4941 diligentius
3060 4858 3214 4932 [Δίκη
3246 4858 3372 4912 dum
3404 4870 3659 4910 mens....
3690 4853 3817 4909 dili-

2220 4962 2434 5036 gentius
2455 4955 2615 5028 mala]
2645 4934 2981 5015 considerat;
3014 4952 3183 5005 altera
3205 4950 3330 5004 dum
3359 4946 3635 5003 desiderio
3661 4955 3824 5000 aeter—

2222 5070 2304 5108 nae
2326 5053 2449 5105 vita:
2476 5046 2732 5116 suspirat.
2765 5040 2919 5098 Unde
2960 5038 3228 5112 Propheta
3272 5040 3347 5093 ait
3381 5056 3393 5091 :
3428 5036 3604 5091 Sitivit
3631 5038 3820 5091 anima

2222 5163 2336 5201 mea
2367 5144 2434 5197 ad
2459 5142 2625 5195 Deum
2654 5135 3083 5206 vivuntquando
3112 5136 3309 5188 veniam
3340 5141 3389 5185 ct
3410 5130 3683 5201 apparebo
3700 5139 3825 5183 ante

2226 5237 2409 5306 {aciem
2445 5231 2579 5285 Dei?
2611 5226 2848 5281 Fuerunt
2882 5225 3009 5279 mihi
3032 5224 3276 5293 lacryma.’
3300 5240 3427 5277 metr
3456 5220 3629 5291 panis‘
3646 5221 3741 5273 die
3765 5233 3828 5271 ac

2227 5336 2373 5381 nocte
2404 5320 2573 5395 (Psal.
2615 5335 2722 5379 xu,
2756 5318 2813 5381 5,
2842 5314 2918 5388 b).
2952 5314 3082 5369 Item
3124 5332 3135 5368 ε
3170 5311 3501 5382 Concupiscit
3538 5320 3591 5363 et
3645 5308 3829 5378 deﬁcit

2227 5419 2402 5473 anima
2430 5430 2545 5467 mea
2572 5414 2625 5464 in
2653 5410 2790 5478 atria
2832 5407 3063 5461 Domini.
3092 5406 3158 5460 Et
3187 5425 3198 5458 :
3232 5402 3336 5458 Cor
3364 5419 3558 5467 meum,
3605 5412 3661 5456 et
3704 5415 3833 5456 caro

2228 5528 2341 5567 mea
2390 5506 2777 5563 exsultarerunt
2814 5503 2867 5554 in
2918 5500 3085 5554 Deum
3126 5499 3295 5553 rivum
3348 5494 3519 5567 (Psal.
3581 5507 3832 5549 Lxmu.
