4044 6340
285 273 386 331 621

1094 264 1421 333 MORALIA.
1456 303 1531 315 -—
1563 272 1766 331 LIBER
1803 272 1893 329 DE
1925 272 2342 331 VlRTUTlBUS
2379 274 2468 332 ΕΤ
2505 275 2728 337 V'l'l'liS.

3418 280 3527 339 623

284 387 361 455 3).
392 385 636 454 Quatuor
673 390 801 440 sunt
840 382 1127 455 qualitates
1153 385 1494 441 afl‘ectionum
1534 383 1685 456 [ιιι.
1715 383 1850 438 aflli-
1878 386 1930 447 Α
1954 376 2362 453 immanitatem,
2382 398 2437 444 et
2458 389 2829 460 neglevernnt.
2847 388 2924 444 Ita
2940 389 3080 447 sicut
3103 390 3250 447 foras
3268 389 3530 459 flammis,

284 476 571 548 ctionum],
602 476 796 546 quibus
818 477 1073 546 cogitatio
1095 476 1230 545 justi
1281 476 1445 532 taedio
1488 475 1690 530 salubri
1710 489 1860 529 com-

282 567 558 637 pungitur,
586 566 691 619 hoc
714 573 827 629 est,
841 566 1098 619 memoria
1123 565 1517 635 praeteritorum
1537 564 1855 629 faeinorum,

283 656 589 712 recordatio
614 654 915 708 futurarum
959 668 1262 724 poenarum,
1308 656 1667 710 consideratio
1704 669 1859 725 pere-

283 748 606 818 grinationis
645 762 757 801 suae
807 747 861 800 in
906 747 1063 816 hujus
1096 747 1221 800 vita;
1256 746 1496 813 miseria,
1534 748 1860 803 desiderium

283 853 533 907 supernae
574 838 783 906 patriae,
810 845 1077 907 quatenus
1104 837 1172 891 ad
1199 852 1319 891 eam
1342 839 1660 908 quantocius
1687 839 1862 892 valeat

281 928 583 998 pervenire.
614 927 837 993 Quando
857 942 985 996 ergo
1005 926 1107 979 ista
1144 926 1199 979 in
1247 927 1409 980 corde
1437 925 1669 980 hominis
1698 926 1858 991 ﬁunt,

281 1018 561 1071 sciendum
586 1025 671 1071 est
696 1026 822 1070 tunc
843 1031 962 1070 esse
985 1016 1148 1081 Deum
1169 1031 1266 1086 per
1286 1016 1512 1086 gratiam
1538 1032 1689 1070 suam
1709 1016 1859 1070 cordi

278 1108 520 1162 humano
558 1116 898 1177 przesentem.
946 1107 1099 1161 Unde
1154 1115 1210 1161 et
1254 1107 1308 1160 in
1359 1106 1567 1176 psalmo
1613 1105 1856 1161 dicitur:

278 1197 428 1251 Deus
452 1200 608 1251 vitam
644 1215 809 1251 meam
832 1198 1066 1250 nuntiavi
1092 1196 1217 1261 tibi;
1246 1198 1397 1265 posui
1425 1195 1573 1267 [Ms.-,
1616 1194 1856 1268 posuisti]

278 1288 546 1359 lacrymas
574 1305 716 1342 ineas
743 1290 799 1342 in
827 1298 1101 1359 conspectu
1148 1298 1258 1350 tuo,
1307 1289 1441 1341 sicut
1478 1298 1526 1342 et
1559 1289 1613 1342 in
1645 1289 1862 1358 promis-

273 1377 425 1432 sione
454 1388 542 1431 tua
565 1375 733 1445 (Psal.
768 1395 854 1441 ιγ,
883 1378 959 1449 9).
1016 1377 1308 1432 Promissio
1334 1375 1673 1449 indulgentiae
1697 1392 1859 1446 quam

274 1466 541 1522 habemus
568 1482 596 1520 a
619 1467 748 1531 Deo,
782 1467 1048 1537 lacrymas
1086 1467 1418 1536 paenitentiae
1462 1468 1664 1522 excitat
1710 1467 1858 1521 cordi

272 1569 484 1616 nostro.
515 1559 823 1615 Thesaurus
861 1558 1235 1614 desiderabilis
1286 1559 1341 1612 in
1389 1560 1551 1614 corde
1600 1558 1856 1624 hominis,

269 1638 715 1720 compunctionis
739 1649 982 1704 dulcedo.
1014 1648 1207 1702 Anima
1232 1648 1467 1703 hominis
1492 1662 1613 1718 qua:
1650 1649 1705 1703 in
1734 1660 1857 1703 ora-

1957 476 2033 531 ita
2058 478 2203 533 intus
2225 478 2282 532 in
2302 480 2628 534 conscientia
2647 480 2861 549 propria
2890 488 3226 550 torquentur.
3249 480 3531 548 Quomodo

1956 572 2132 635 potest
2156 566 2395 621 medicus
2420 567 2616 622 vulnus
2641 583 2855 634 sanare,
2904 570 3048 638 quod
3097 582 3329 641 aegrotus
3353 578 3535 627 osten-

1958 654 2087 710 dere
2129 656 2437 712 erubescit?
2469 657 2612 713 Deus
2659 659 2803 713 enim
2849 660 3244 717 confessionem
3290 671 3532 718 nostram

1958 746 2249 810 desiderat,
2280 755 2341 800 ut
2369 746 2573 817 justam
2599 748 2797 803 habeat
2821 765 3036 806 causam
3067 751 3395 821 ignoscendi.
3430 751 3531 818 Qui

1958 840 2179 906 peccata
2205 852 2298 890 sua
2317 837 2569 902 occultat,
2587 846 2642 892 et
2662 842 2933 896 erubescit
2953 842 3242 898 salubriter
3262 843 3531 911 confiteri,

1961 927 2128 981 Deum
2152 936 2340 982 testem
2357 928 2521 983 habet
2544 946 2707 995 nunc,
2730 941 2785 986 et
2806 933 2998 988 iterum
3021 936 3240 991 habebit
3254 952 3376 991 eum
3398 938 3537 993 ulto-

1959 1026 2095 1071 rem.
2126 1016 2341 1086 Optime
2363 1034 2423 1072 se
2436 1017 2642 1085 iudicat
2669 1020 2830 1077 homo
2866 1024 2920 1077 in
2960 1025 3059 1080 hac
3085 1026 3217 1093 vita,
3246 1028 3538 1098 nejudice-

1960 1112 2048 1159 tur
2074 1121 2104 1160 a
2130 1107 2239 1161 Deo
2261 1106 2600 1163 damnatione
2629 1118 2905 1179 perpetua.
2935 1111 3207 1181 Duplicem
3228 1116 3428 1170 habere
3443 1116 3539 1171 de-

1960 1193 2054 1249 bet
2078 1194 2261 1250 fletum
2308 1198 2362 1251 in
2388 1199 2702 1268 poenitentia
2751 1201 2928 1255 omnis
2955 1212 3229 1271 peccator,
3258 1206 3374 1260 sive
3408 1206 3537 1275 quia

1960 1297 2058 1351 per
2078 1286 2452 1355 negligentiam
2480 1288 2681 1343 bonum
2720 1305 2849 1344 non.
2868 1290 3014 1355 fecit,
3063 1307 3158 1347 seu
3182 1294 3305 1363 quia
3331 1295 3535 1349 malum

1960 1384 2058 1438 per
2083 1373 2360 1428 audaciam
2407 1377 2757 1445 perpetravit.
2783 1376 2936 1443 Quod
2964 1379 3107 1432 enim
3130 1382 3388 1447 Oportuit,
3428 1396 3536 1437 non

1962 1463 2145 1532 gessit,
2161 1466 2368 1534 etquod
2393 1481 2498 1520 non
2523 1468 2782 1537 oportuit,
2808 1470 2933 1538 egit.
2956 1468 3234 1525 Confessio
3252 1469 3535 1538 iustificat,

1960 1553 2233 1609 confessio
2255 1557 2463 1612 veniam
2489 1559 2725 1629 peccatis
2751 1560 2933 1615 donat.
2982 1561 3170 1618 Omnis
3201 1577 3324 1632 spes
3367 1564 3539 1619 venia:

1960 1644 2016 1697 in
2052 1646 2394 1702 confessione
2437 1649 2705 1704 consistit.
2742 1649 3023 1707 Confessio
3050 1667 3185 1722 opus
3209 1661 3294 1707 est
3328 1652 3561 1706 miseri-‘

273 1740 429 1794 tione
479 1739 881 1810 compungitur,
922 1738 1077 1793 valde
1116 1737 1194 1792 illi
1235 1737 1449 1807 proficit
1487 1739 1555 1793 ad
1605 1738 1853 1793 salutem.
1889 1730 1933 1788 Β
1960 1737 2155 1791 cordiae
2185 1755 2198 1790 :
2227 1738 2370 1794 salus
2396 1741 2581 1810 :egroti
2608 1741 2826 1796 unicum
2860 1750 2945 1797 est
2994 1744 3201 1799 viribus
3223 1741 3429 1817 [Fortc,
3456 1744 3539 1797 vi-

269 1828 413 1883 Cum
460 1843 561 1897 per
613 1829 916 1882 orationem
961 1829 1303 1897 compunctio
1340 1826 1647 1889 effunditur,
1687 1824 1860 1896 Spiri-

268 1910 366 1973 tus
394 1918 577 1973 sancti
604 1918 950 1988 praesentiam
977 1918 1169 1972 adesse
1216 1917 1468 1973 cordibus
1515 1914 1718 1971 nostris
1748 1926 1856 1970 non

267 2006 499 2062 dubium
523 2015 627 2061 est.

881 2076 1108 2132 CAPUT
1144 2072 1257 2132 XII.

851 2170 928 2225 De
945 2171 1291 2240 confessione.

346 2278 608 2338 Hortatur
635 2297 734 2336 nos
757 2280 951 2350 smpius
982 2278 1260 2350 Scriptura
1297 2280 1363 2336 ad
1404 2280 1855 2335 medicamentum

265 2370 464 2444 fugere
489 2372 843 2427 confessionis
876 2389 887 2423 :
917 2386 1025 2424 non
1046 2370 1188 2439 quod
1217 2370 1360 2425 Deus
1386 2370 1620 2441 indigeat
1645 2370 1856 2427 confes-

267 2463 433 2518 sione
454 2470 657 2524 nostra,
686 2462 773 2516 cui
802 2461 980 2515 omnia
1008 2469 1206 2530 praesto
1243 2468 1370 2513 sunt
1389 2474 1510 2530 quae
1534 2462 1853 2531 cogitamus,

269 2554 573 2623 loquimur,
596 2560 691 2605 aut
719 2551 957 2620 agimus;
996 2550 1090 2605 sed
1118 2565 1215 2604 nos
1244 2550 1400 2604 aliter
1424 2549 1559 2604 salvi
1600 2550 1715 2606 fieri
1746 2566 1856 2605 non

266 2659 587 2715 possumus,
610 2642 714 2696 nisi
736 2641 1090 2697 confiteamur
1114 2640 1439 2711 pmnitentes
1489 2641 1630 2710 quod
1674 2640 1857 2709 inique

266 2736 545 2807 gessimus
573 2733 920 2803 negligentes.
955 2731 1055 2799 Qui
1104 2731 1339 2801 seipsum
1370 2738 1590 2785 accusat
1637 2747 1693 2784 ιιι
1737 2744 1858 2800 pec-

267 2828 412 2881 catis
436 2826 571 2890 suis,
599 2826 741 2879 hunc
765 2820 1009 2879 diabolus
1036 2839 1142 2878 non
1172 2823 1336 2878 habet
1363 2825 1559 2878 iterum
1598 2838 1857 2878 accusare

267 2917 322 2971 in
351 2917 445 2972 die
476 2914 704 2982 judicii:
738 2914 783 2969 si
824 2923 999 2969 tamen
1043 2914 1307 2969 confitens
1349 2914 1658 2984 paenitendo
1702 2912 1857 2966 diluit

266 3021 392 3075 qua:
423 3004 575 3069 fecit,
598 3020 697 3058 nec
727 3006 918 3057 iterum
954 3015 1176 3059 renovat
1221 3020 1340 3074 qua:
1378 3005 1485 3075 egit
1514 3003 1666 3076 [Ms.,
1699 3019 1854 3058 revo-

266 3105 378 3161 cat,
410 3110 532 3165 quae
577 3093 785 3166 gemit].
817 3094 1171 3163 Conﬁtemini,
1215 3096 1345 3150 dicit
1379 3094 1610 3149 Jacobus
1639 3104 1853 3163 aposto-
1879 3081 1925 3146 C

266 3187 379 3253 ius,
413 3187 722 3241 alterutrum
752 3196 960 3256 peccata
1010 3198 1193 3251 vestra,
1221 3198 1267 3241 et
1298 3197 1441 3241 orate
1478 3204 1571 3257 pro
1613 3187 1849 3252 invicem,

267 3288 326 3332 ut
352 3277 633 3332 salvemini
664 3275 803 3346 (Jac.
835 3292 889 3341 v,
924 3276 1030 3348 16).
1050 3277 1181 3331 Item
1205 3278 1394 3331 beatus
1421 3276 1617 3331 Paulus
1637 3284 1854 3345 aposto—

264 3366 353 3425 lus
389 3387 402 3421 ;
428 3366 542 3422 Ore
565 3376 734 3421 autem
761 3366 1015 3437 confessio
1044 3366 1103 3434 ﬁt
1133 3362 1199 3419 ad
1226 3366 1442 3420 salutem
1468 3365 1638 3437 (Rom.
1662 3382 1719 3430 κ,
1740 3367 1849 3436 10).

268 3454 381 3511 Sed
431 3464 489 3510 et
533 3455 784 3511 Salomon
830 3457 895 3510 de
926 3454 1259 3511 confessione
1296 3468 1640 3525 peccatorum
1669 3456 1804 3509 dixit
1836 3471 1850 3510 :

267 3543 379 3610 Qui
406 3544 677 3598 abscondit
704 3554 913 3615 peccata
944 3544 1087 3616 [Ms.,
1117 3544 1333 3616 scelera]
1365 3563 1480 3610 sua,
1510 3562 1611 3599 non
1662 3546 1855 3616 dirige-

265 3646 357 3690 tur
379 3652 398 3689 :
427 3637 520 3705 qui
542 3644 712 3689 autem
730 3635 999 3705 confessus
1026 3635 1205 3704 luerit,
1235 3644 1282 3689 et
1305 3635 1566 3707 reliquerit
1593 3653 1676 3701 ea,
1707 3637 1855 3690 mise-

264 3725 561 3779 ricordiam
601 3734 940 3795 consequetur
969 3721 1153 3801 (Prov.
1197 3738 1388 3789 xxvnt,
1440 3724 1550 3797 15).
1602 3724 1855 3796 Magnum

263 3822 354 3868 est
402 3813 595 3869 salutis
632 3814 1082 3869 medicamentum
1134 3829 1240 3868 non
1285 3815 1484 3870 iterare
1529 3833 1648 3886 qua:
1688 3834 1853 3888 prave

266 3903 435 3975 (Hm,
464 3904 649 3977 impie]
675 3906 956 3977 gessimus,
978 3920 1077 3960 nec
1097 3907 1336 3976 priorum
1356 3907 1640 3981 cicatrices
1668 3909 1854 3965 vulne-

267 4010 399 4050 rum
450 3996 774 4052 resauciare.
832 3997 924 4051 Sic
978 4005 1157 4051 autem
1187 3997 1324 4052 dixit
1362 3997 1598 4055 Joannes
1626 4016 1856 4073 cvange-

264 4082 397 4140 lisla
434 4102 449 4137 :
482 4083 541 4140 Si
560 4086 902 4155 conﬁteantur
926 4096 1135 4157 peccata
1163 4097 1362 4156 nostra,
1411 4090 1580 4147 ﬁdelis
1608 4102 1682 4146 est
1710 4092 1853 4149 Deus

261 4185 312 4229 et
326 4173 537 4245 justus,
561 4184 619 4228 ut
648 4177 875 4229 remittat
901 4178 1045 4231 nobis
1080 4189 1312 4247 peccata,
1358 4188 1407 4233 et
1438 4183 1645 4236 inundet
1668 4201 1760 4237 nos
1788 4185 1852 4239 ab

261 4268 418 4320 omni
442 4267 716 4336 iniquitate
741 4266 793 4337 (1
835 4266 996 4321 Joan.
1023 4286 1063 4333 ι,
1096 4269 1171 4339 9).
1203 4268 1467 4325 Similiter
1486 4280 1541 4326 et
1569 4272 1853 4331 Psalmista

1961 1824 2071 1898 tiis]
2102 1828 2301 1884 nostris
2328 1830 2780 1885 medicamentum
2807 1847 2932 1887 cum
2959 1834 3301 1902 poenitentia.

2485 1976 2512 2004 ι
2551 1962 2777 2021 CAPUT
2842 1964 2975 2021 Xlll.

2538 2074 2616 2130 De
2634 2078 2952 2147 paenitentia.

2026 2196 2191 2274 Cujus
2221 2198 2336 2275 ipse
2373 2202 2623 2261 Salvator
2648 2207 2701 2261 in
2731 2206 3019 2279 Evangelio
3067 2208 3322 2265 virtutem
3353 2221 3537 2268 osten-

1956 2293 2054 2356 dit,
2086 2293 2308 2349 dicens:
2342 2292 2708 2349 Paenitentiam
2740 2298 2896 2367 agite,
2924 2300 3355 2370 appropinquabit
3401 2302 3541 2357 enim

1958 2399 2172 2452 regnum
2192 2384 2437 2439 calorum
2455 2385 2681 2457 (Matth.
2725 2404 2809 2455 ιιι,
2837 2389 2915 2460 2).
2942 2388 3010 2443 Et
3037 2388 3271 2446 Joannes
3292 2392 3541 2463 Baptista

1958 2472 2034 2526 ait
2064 2492 2076 2527 :
2110 2472 2296 2529 Facite
2322 2475 2526 2546 fructus
2572 2477 2760 2548 dignos
2804 2480 3116 2549 pwnitentia:
3145 2480 3295 2551 (Luc.
3342 2499 3427 2550 ιιι,
3455 2484 3536 2556 8).

1956 2562 2186 2619 Fructus
2214 2574 2297 2620 est
2321 2565 2514 2638 dignus
2541 2569 2892 2638 poenitentiae,
2942 2578 3216 2627 transacta
3252 2571 3381 2629 flere
3409 2591 3538 2645 pec—

1956 2648 2100 2721 cata,
2131 2664 2186 2711 et
2209 2657 2397 2712 eadem
2417 2657 2612 2712 iterum
2627 2675 2734 2714 non
2756 2675 2939 2729 agere,
2961 2661 3101 2716 sicut
3126 2660 3408 2733 Scriptura
3430 2666 3536 2721 ait:

1958 2747 2083 2802 Non
2113 2742 2334 2819 adjicies
2361 2758 2626 2819 peccatum
2654 2768 2809 2821 super
2848 2762 3115 2832 peccatum
3162 2753 3350 2824 (Eccli.
3378 2770 3433 2822 v,
3458 2756 3536 2826 5).

1956 2836 2252 2905 stamini,
2280 2840 2409 2894 dicit
2435 2840 2693 2896 Dominus
2732 2856 2829 2911 per
2875 2842 3068 2897 lsaiam
3106 2846 3446 2914 prophetam,
3489 2857 3541 2900 et

1958 2929 2139 2982 mundi
2170 2939 2327 2983 estote
2354 2929 2508 3001 (Isai.
2551 2948 2589 2995 ι,
2620 2930 2729 3000 16).
2758 2930 2993 2986 Lavatur
3020 2933 3202 3002 itaque
3231 2942 3283 2989 et
3302 2935 3536 2991 mundus

1956 3027 2060 3084 est,
2092 3035 2183 3089 qui
2208 3021 2480 3089 praeterita
2509 3021 2736 3093 plangit,
2762 3031 2819 3076 et
2856 3022 3051 3077 iterum
3081 3022 3256 3079 flenda
3294 3039 3403 3080 non
3442 3026 3538 3081 ad-

1956 3109 2121 3163 mittit
2142 3108 2273 3181 [Al.,
2303 3126 2412 3165 non
2433 3098 2764 3185 committit].
2788 3111 3028 3167 Lavatur
3055 3122 3109 3169 et
3133 3128 3239 3169 non
3270 3124 3353 3171 est
3378 3132 3534 3172 mun-

1955 3198 2076 3264 dus,
2107 3201 2196 3269 qui
2220 3199 2423 3272 plangit
2446 3200 2587 3271 quod
2611 3202 2795 3272 gessit,
2825 3217 2924 3257 nec
2949 3202 3150 3258 deserit
3179 3222 3192 3257 :
3217 3210 3272 3258 et
3297 3214 3420 3276 post
3454 3205 3534 3260 la-

1954 3304 2167 3360 crymas
2212 3289 2327 3344 haec
2373 3305 2491 3361 qua:
2516 3290 2755 3358 fleverat,
2808 3293 3020 3363 repetit.
3065 3293 3141 3349 De
3183 3294 3267 3349 bis
3294 3296 3384 3365 qui
3410 3304 3537 3365 post

1954 3379 2223 3451 lacrymas
2249 3381 2317 3436 ad
2337 3382 2529 3437 delicta
2559 3391 2904 3437 revertuntur
2939 3382 3120 3455 pejora
3147 3385 3278 3457 [Αι.,
3306 3385 3535 3461 priora],

1952 3471 2144 3525 beatus
2192 3471 2386 3526 Petrus
2437 3472 2753 3528 terribiliter
2793 3474 2909 3529 ait:
2941 3472 3101 3531 Canis
3148 3478 3423 3531 revertitur
3467 3477 3538 3531 ad

1953 3561 2199 3615 vomitum
2226 3577 2378 3615 suum
2403 3559 2486 3632 (II
2515 3558 2660 3615 Pelr.
2692 3578 2751 3627 ιι,
2775 3562 2886 3634 22).
2913 3561 3042 3629 Fili,
3065 3565 3311 3634 peccasti,
3336 3564 3535 3619 dicitur

1955 3650 2008 3705 in
2027 3650 2305 3723 Scriptura
2327 3660 2532 3716 sancta,
2560 3670 2661 3706 non
2684 3649 2907 3723 adjicias
2930 3654 3139 3719 iterum,
3160 3654 3250 3709 sed
3269 3655 3333 3710 de
3350 3657 3535 3727 pristi-

1954 3743 2035 3795 nis
2065 3742 2358 3811 deprecare,
2388 3750 2435 3795 et
2463 3740 2786 3795 remittantur
2818 3744 2912 3797 tibi
2938 3743 3128 3816 (Eccli.
3162 3761 3277 3809 XXI,
3308 3744 3381 3816 1).
3411 3745 3534 3799 Ρωο

1954 3830 2183 3883 nitentia
2212 3844 2341 3884 vera
2386 3844 2490 3883 non
2550 3844 2815 3885 annorum
2867 3846 3094 3887 numero
3137 3840 3408 3897 censetur,
3442 3833 3537 3887 sed

1953 3917 2310 3973 amaritudine
2335 3918 2521 3973 animi.
2568 3918 2723 3974 Unde
2764 3921 2954 3975 beatus
2991 3920 3187 3975 Petrus
3228 3936 3353 3977 mox
3379 3918 3539 3976 tabo.

1953 4010 2100 4063 mino
2139 4008 2524 4078 indulgentiam
2569 4007 2795 4077 recepit,
2840 4010 2965 4078 quia
3005 4008 3344 4064 amarissime
3386 4008 3536 4064 ﬂevit

1956 4099 2109 4153 trina:
2152 4098 2452 4169 negationis
2492 4098 2724 4169 culpam.
2773 4098 3118 4163 Ptenitentia,
3170 4099 3418 4169 quamvis
3465 4098 3540 4154 sit

1954 4187 2132 4260 exigui
2181 4187 2470 4258 temporis;
2521 4188 2566 4243 si
2619 4189 2806 4243 intima
2830 4188 3011 4245 cordis
3041 4189 3403 4244 amaritudine
3425 4189 3539 4260 agi-

1956 4286 2062 4344 tur,
2091 4294 2199 4333 non
2225 4279 2521 4350 despicitur
2549 4279 2685 4350 apud
2724 4281 2958 4350 judicem
2990 4280 3194 4352 justum
3226 4281 3417 4346 Deum,
3444 4280 3537 4351 qui

263 4356 389 4408 ait:
429 4355 597 4409 Dixi:
627 4355 923 4424 Conﬁtebor
939 4359 1210 4414 adversum
1235 4378 1315 4416 me
1342 4362 1658 4431 iniustitiam
1686 4383 1855 4420 meam
1887 4429 1931 4445 ﬁ
1956 4369 2136 4425 cordis
2179 4377 2389 4425 secreta
2435 4369 2758 4426 considerat.
2798 4373 2914 4427 Non
2956 4374 3101 4427 enim
3144 4373 3537 4445 longitudinem

263 4446 504 4501 Domino
528 4460 547 4496 :
574 4456 625 4499 et
652 4455 707 4498 tu
736 4448 979 4502 remisisti
1007 4451 1331 4520 iniquitatem
1347 4429 1492 4526 [Ms.,
1511 4454 1851 4531 impietatem]
1887 4429 1934 4489 θ
1963 4460 2221 4530 temporis
2276 4468 2482 4514 tantum
2511 4462 2741 4531 requirit
2776 4462 2937 4527 Deus,
2984 4429 3270 4533 quantum”
3288 4462 3541 4520 affectum

258 4536 471 4606 peccati
500 4536 601 4590 mei
623 4533 795 4608 (Psal.
820 4554 971 4602 xxxr,
1004 4537 1078 4610 5).
1109 4539 1301 4596 Vivens
1330 4544 1648 4599 confiteatur
1667 4562 1855 4616 pecca~

261 4635 358 4681 tor
387 4642 513 4697 qua:
542 4626 689 4691 fecit,
720 4627 847 4696 quia
878 4644 984 4681 non
1015 4638 1096 4683 est
1123 4629 1394 4687 fructuosa
1424 4634 1690 4690 confessio
1714 4637 1856 4706 apud

261 4716 503 4782 inferos,
549 4732 661 4772 nec
674 4719 989 4787 paenitentia
1031 4718 1098 4772 ad
1122 4719 1346 4776 salutem
1373 4724 1681 4791 proficiens.
1718 4727 1855 4782 Ecce

130 4844 135 4847 -
180 4868 185 4873 ,
260 4824 421 4863 nunc
467 4818 676 4879 tempus
719 4804 927 4874 salutis,
958 4825 1084 4865 ecce
1122 4828 1265 4868 nunc
1294 4821 1504 4884 tempus
1526 4819 1854 4887 acccptabile

258 4899 383 4955 Deo
420 4897 507 4969 {II
540 4898 664 4954 Cor.
696 4901 872 4973 vi,2).
916 4901 1147 4970 Tempus
1193 4912 1279 4958 est
1326 4922 1469 4961 nunc
1521 4909 1855 4965 remissionis

257 4991 697 5059 paenitentibus;
743 4993 835 5047 sed
876 5001 1086 5063 tempus
1126 4993 1283 5067 134
1312 4998 1415 5051 erit
1452 5007 1576 5067 post
1624 5011 1852 5055 mortem

206 5128 212 5135 .
257 5082 529 5137 vindicta:
556 5083 948 5154 negligentibus
995 5085 1238 5141 confiteri
1279 5090 1481 5143 scelera
1510 5105 1625 5145 sua.
1655 5090 1855 5147 Omnes

253 5172 419 5226 enim
454 5172 602 5242 impii
632 5190 872 5229 amaram
913 5177 1115 5231 habent
1154 5178 1206 5231 in
1253 5182 1536 5236 tormentis
1582 5183 1852 5253 preuiten-

257 5264 431 5327 tiam,
486 5267 581 5320 sed
626 5282 732 5320 non
778 5266 994 5335 proficit
1025 5269 1103 5323 eis
1148 5272 1463 5339 pmnitentia
1511 5276 1576 5329 ad
1626 5277 1854 5331 salutem

257 5351 438 5424 μισ..
471 5357 863 5430 remissionem]
896 5376 909 5413 :
938 5360 1031 5415 sed
1052 5362 1379 5416 conscientia
1416 5371 1630 5434 torquet
1655 5381 1749 5420 eos
1789 5366 1857 5419 ad

254 5457 628 5519 augmentum
676 5465 962 5521 poenarum
1017 5468 1152 5523 quas
1197 5455 1493 5523 patiuntur.
1566 5456 1859 5512 Potuerunt

253 5542 422 5594 enim
448 5542 547 5595 sibi
575 5556 673 5610 per
696 5543 1087 5609 confessionem
1132 5560 1435 5615 praecavere
1462 5556 1855 5606 tormentorum

1962 4550 2293 4606 sinceritatis
2322 4549 2679 4625 [paenitentis]
2710 4563 2923 4624 pensat.
2959 4553 3058 4622 Qui
3102 4556 3246 4610 enim
3297 4555 3353 4610 in
3378 4554 3538 4611 Chri-

1962 4650 2105 4697 stum
2137 4649 2246 4697 tota
2270 4650 2452 4699 mente
2482 4643 2723 4711 confidit,
2754 4647 2967 4701 etiamsi
2987 4647 3041 4701 in
3070 4648 3253 4704 multis
3277 4649 3541 4705 moriatur

1960 4735 2221 4803 peccatis,
2251 4734 2355 4790 fide
2381 4751 2476 4790 sua
2503 4736 2637 4791 vivit
2654 4734 2709 4791 in
2731 4745 3011 4803 aeternum,
3056 4739 3197 4795 sicut
3224 4740 3337 4810 ipse
3360 4739 3542 4795 Domi-

1961 4841 2063 4882 nus
2090 4826 2143 4881 in
2172 4826 2463 4898 Evangelio
2482 4828 2557 4882 ait
2580 4847 2592 4881 :
2622 4828 2736 4897 Ego
2759 4846 2873 4883 sum
2896 4833 3203 4886 resurrectio
3224 4841 3272 4886 et
3294 4833 3418 4887 vita.
3436 4831 3541 4898 Qui

1961 4915 2122 4969 credit
2152 4917 2207 4969 in
2237 4933 2338 4981 me,
2367 4918 2574 4971 etiamsi
2602 4926 2837 4972 mortuus
2867 4918 3046 4988 fuerit,
3069 4921 3196 4976 vivet
3232 4935 3249 4973 :
3281 4932 3330 4976 et
3372 4923 3540 4975 omnis
3640 4976 3653 4989 ,

1958 5008 2048 5076 qui
2080 5007 2199 5062 vivit
2225 5017 2275 5061 et
2300 5008 2462 5061 credit
2497 5008 2553 5062 in
2581 5024 2683 5072 me,
2734 5023 2835 5061 non
2885 5012 3138 5065 morietur
3183 5011 3240 5066 in
3286 5023 3539 5068 wternum

1961 5095 2142 5167 (Joan.
2172 5112 2249 5161 xi,
2275 5097 2386 5167 25).
2433 5096 2509 5151 De
2537 5107 2712 5153 morte
2758 5100 2951 5155 anima:
2972 5101 3131 5169 dixit,
3161 5104 3288 5176 quia
3318 5112 3541 5173 propter

1957 5195 2305 5257 peccatorum
2328 5186 2700 5258 aegritudinem
2733 5189 2864 5262 [Αι.,
2896 5208 3015 5262 qua:
3054 5210 3152 5265 pro
3197 5192 3537 5265 aegritudine]

1957 5279 2170 5334 eveniet
2193 5278 2287 5333 illi.
2317 5279 2458 5335 Deus
2491 5289 2669 5335 autem
2695 5292 2884 5339 natura
2917 5285 3225 5341 misericors
3252 5293 3355 5351 est,
3380 5299 3541 5353 para-

1960 5382 2047 5431 tus
2068 5384 2151 5430 est
2170 5376 2380 5432 salvare
2399 5379 2971 5453 per_misericordiam,
3025 5396 3163 5451 quos
3208 5372 3314 5434 non
3361 5378 3543 5434 veniet

1960 5464 2114 5537 [Ms.,
2148 5465 2375 5540 invenit]
2406 5467 2617 5523 salvare
2656 5485 2753 5541 per
2780 5467 3063 5541 justitiam,
3094 5470 3184 5541 qui
3214 5468 3317 5525 vult
3362 5485 3540 5524 omnes

1958 5556 2128 5611 salvos
2155 5556 2291 5626 ﬁeri,
2334 5566 2383 5613 et
2429 5560 2682 5613 neminem
2727 5562 2896 5631 perire
2944 5559 2996 5637 (1
3030 5560 3163 5614 Tim.
3205 5576 3264 5627 ιι,
3312 5560 3369 5631 Δ)
3405 5580 3416 5614 :
3447 5559 3543 5629 qui

339 5664 369 5695 ι
416 5655 499 5708 Ex
546 5657 794 5727 capitulis
841 5659 907 5713 12
948 5668 1002 5714 et
1052 5659 1118 5713 15
1165 5668 1373 5715 constat
1416 5676 1593 5716 sermo
1631 5661 1733 5716 251
1772 5662 1828 5717 S.
1870 5664 2002 5738 Aug.
