4044 6340
510 248 616 307 625

509 455 577 507 rit
595 460 855 523 peccator,
882 451 984 504 rita
1007 449 1152 510 vivet,
1176 455 1224 499 et
1251 462 1353 500 non
1378 446 1628 499 morietur
1657 443 1872 515 (Ezech.
1921 460 2076 509 xvm,

507 541 627 614 ξι).
649 540 903 608 Quamvis
946 537 1172 606 quisque
1195 534 1266 588 sit
1293 543 1547 602 peccator
1590 539 1648 586 et
1694 532 1911 601 impius,
1941 532 1986 586 si
2012 532 2081 586 ad

508 631 879 700 paenitentiam
907 631 1268 688 convertatur,
1308 622 1563 691 consequi
1588 636 1747 691 posse
1774 623 1983 675 veniam
2020 635 2081 675 se

508 732 604 788 per
647 718 740 772 Dei
786 713 1203 770 misericordiam
1255 727 1358 767 non
1398 711 1623 766 dubitet.
1666 711 1724 765 In
1753 712 1857 765 hoc
1884 710 2081 765 saeculo

508 808 879 879 penitentiam
901 802 1230 859 facientibus
1273 801 1367 855 Dei
1412 800 1783 856 misericordia
1809 800 2076 854 subvenit.

505 899 562 951 In
590 897 771 952 futuro
799 903 977 949 autem
1003 892 1321 963 pmnitentia
1364 906 1469 945 non
1518 890 1750 960 proiicit,
1780 890 1875 945 sed
1916 890 2079 944 ratio-

504 1005 629 1045 nem
673 996 979 1042 nostrorum
1027 981 1297 1056 [operum]
1342 982 1605 1037 reddituri
1648 997 1851 1036 sumus.
1891 981 1949 1035 ln
1976 982 2079 1037 hac

501 1080 610 1133 vita
631 1085 836 1132 tantum
861 1075 1143 1146 pmnitenti
1171 1073 1324 1145 [Ms.,
1352 1072 1706 1145 ptenitentiaa]
1742 1081 1888 1143 patet
1908 1074 2075 1129 liber-

505 1178 605 1233 tas,
633 1175 755 1239 post
782 1173 1010 1220 mortem
1034 1177 1163 1218 vero
1192 1162 1336 1216 nulla
1360 1162 1711 1217 correctionis
1730 1171 1814 1218 est
1837 1162 2072 1218 licentia.

1086 1292 1311 1349 CAPUT
1345 1290 1485 1347 XIV.

501 1409 579 1464 De
606 1424 709 1463 non
740 1405 1000 1461 tardando
1024 1404 1249 1477 converti
1267 1406 1366 1477 _ad
1396 1404 1563 1477 Deum
1595 1403 1725 1477 [Al..
1754 1403 1829 1459 De
1856 1418 2076 1459 conver-

996 1475 1139 1529 sione
1158 1475 1227 1528 ad
1258 1474 1587 1546 Dominum].

570 1590 792 1661 Legitur
831 1591 885 1643 in
931 1588 1128 1643 litteris
1176 1587 1434 1642 divinitus
1484 1584 1756 1656 inspiratis
1806 1583 2006 1640 dictum
2052 1600 2067 1638 :

1313 249 1373 303 Β.
1422 247 1483 301 F.
1512 238 1749 301 Aan!
1785 244 1919 301 seu
1958 244 2231 302 ALCUINI
2267 246 2548 303 opsum):
2586 250 2763 304 psus
2804 236 2923 305 Iv.’

505 379 607 435 per
640 361 953 434 prophetam
979 360 1056 414 ait
1086 377 1101 413 :
1134 359 1199 412 In
1222 374 1526 429 quacunque
1551 357 1635 410 die
1660 372 1932 411 conversus
1963 356 2077 425 fue-
2105 362 2151 420 Α
2179 356 2321 411 niam
2348 359 2604 425 inveniet,
2633 364 2721 431 qui
2752 366 2910 418 modo
2936 372 3118 433 aptum
3150 368 3314 421 venite
3340 376 3551 437 tempus
3568 372 3751 438 perdi-
3840 408 3845 413 ο

3638 250 3745 305 624

2178 447 2275 503 dit.
2298 449 2371 503 Ibi
2395 450 2507 519 jam
2537 466 2567 505 a
2594 452 2704 506 Deo
2732 469 2836 507 non
2870 462 3047 523 potest
3084 458 3278 510 mereri
3303 460 3444 526 quod
3467 461 3628 529 petit,
3655 464 3747 532 qui

2177 537 2267 593 hic
2293 539 2463 594 noluit
2490 542 2676 596 audire
2704 545 2843 610 quod
2878 545 3059 613 jussit.
3115 547 3215 613 Qui
3244 557 3453 618 tempus
3478 552 3751 619 pteniten-

2176 628 2267 685 tia:
2285 631 2467 685 datum
2499 631 2645 704 [sibi]
2677 634 2918 705 negligit,
2950 635 3148 691 frustra
3176 647 3301 693 ante
3332 641 3567 694 tribunal
3593 640 3750 696 Chri-

2174 719 2243 774 sti
2264 735 2453 791 preces
2478 722 2720 777 effundit.
2751 725 3030 781 Festinare
3057 728 3214 783 debet
3238 731 3304 783 ad
3328 730 3497 785 Deum
3522 748 3748 787 conver-

2178 814 2338 869 tendo
2365 816 2753 886 unusquisque,
2782 818 2904 872 dum
2936 829 3134 889 potest,
3177 838 3245 877 ne
3268 824 3336 888 si,
3374 824 3501 877 dum
3547 830 3746 895 potest,

2177 903 2429 971 noluerit,
2448 907 2665 961 omnino
2686 923 2808 962 cum
2838 910 2989 964 tarde
3011 911 3263 976 voluerit,
3285 929 3390 969 non
3414 916 3606 985 possit.

2740 1049 2765 1077 ιι
2806 1037 3033 1095 CAPUT
3074 1039 3187 1095 XV.

2664 1117 2742 1180 De
2791 1128 2972 1183 timore
3020 1128 3253 1186 Domini.

2246 1206 2466 1268 Initium
2510 1216 2779 1287 sapientia:
2821 1219 2978 1272 timor
3014 1218 3228 1295 Domini
3269 1224 3439 1295 (Psal.
3492 1244 3582 1295 cx,
3634 1231 3745 1303 10).

2174 1298 2363 1372 Magna
2386 1312 2469 1358 est
2492 1305 2699 1359 cautela
2736 1311 2941 1376 peccati
2981 1310 3150 1366 Deum
3184 1329 3396 1384 semper
3425 1298 3746 1387 praesentem

2174 1386 2325 1461 [Ms.,
2357 1389 2451 1445 Dei
2493 1394 2863 1467 praesentiam]
2902 1398 3113 1454 timere.
3154 1400 3255 1467 Qui
3304 1397 3539 1471 perfecte
3575 1404 3747 1462 Deum

2172 1479 2364 1547 timet,
2413 1474 2699 1554 diligenter
2746 1501 2805 1540 se
2853 1503 2883 1541 a
2926 1492 3163 1558 peccatis
3217 1495 3469 1549 custodit.
3526 1490 3747 1553 Timenti

2168 1569 2339 1626 Deum
2370 1570 2426 1626 in
2468 1566 2742 1629 novissimo
2786 1567 2869 1630 die
2911 1578 3035 1633 bene
3079 1573 3195 1645 erit,
3236 1592 3281 1635 et
3324 1601 3514 1637 merces
3544 1573 3660 1654 ejus
3690 1588 3745 1640 in

503 1680 636 1745 Fili,
667 1697 729 1734 ne
757 1679 930 1733 tardes
976 1678 1201 1732 converti
1242 1676 1311 1730 ad
1338 1677 1507 1730 Deum
1544 1676 1695 1747 [Ms.,
1742 1672 2068 1743 Dominum],

2173 1671 2422 1717 wternum
2466 1676 2731 1735 permanet
2781 1668 2967 1740 (Eccli.
3007 1688 3055 1736 ι,
3095 1673 3203 1741 15).
3239 1674 3339 1740 Qui
3379 1678 3655 1732 erubescit
3690 1678 3743 1731 in

500 1772 622 1840 quia
650 1769 836 1834 nescis,
864 1767 988 1839 quid
1010 1768 1189 1839 futura
1214 1766 1387 1837 pariat
1414 1760 1522 1820 dies
1563 1764 1750 1835 (Eccli.
1782 1780 1838 1830 v,
1863 1763 1938 1829 8).
1962 1762 2064 1828 Qui

2170 1763 2459 1823 conspectu
2487 1755 2718 1813 hominis
2738 1770 2995 1828 peccare,
3021 1772 3224 1832 quanto
3245 1767 3416 1836 magis
3441 1766 3603 1823 debet
3628 1785 3745 1825 eru-

499 1863 682 1917 tardat
734 1860 998 1925 converti,
1043 1857 1338 1928 periculum
1373 1855 1500 1912 facit
1543 1857 1737 1910 anima:
1776 1870 1905 1920 suae,
1942 1855 2068 1923 quia
2166 1842 2387 1898 beseel‘e
2415 1845 2469 1899 ῖη
2500 1858 2794 1916 Conspectu
2823 1850 2920 1907 Dei
2952 1853 3287 1923 ῑηίψιίιθιοω
3317 1873 3496 1928 ageres
3518 1854 3610 1929 (illii
3634 1878 3741 1917 ηοη

496 1969 639 2007 mors
668 1969 771 2009 non
790 1951 964 2007 tardat
992 1944 1181 2022 (Eccli.
1212 1964 1327 2011 xw,
1360 1947 1467 2019 12).
1508 1945 1637 2013 Quae
1680 1947 1725 2001 si
1766 1945 2068 2000 tardantem

499 2043 745 2099 converti
767 2042 1027 2105 inveniet,
1054 2041 1122 2096 ad
1145 2046 1412 2095 tormenta
1439 2036 1654 2093 deducit
1693 2050 1836 2090 eum.
1885 2035 2071 2090 Disso-

496 2135 608 2189 luta
638 2142 693 2189 et
712 2132 1007 2202 paralytica
1031 2128 1187 2201 [Ms.,
1212 2125 1536 2198 periculosa]
1580 2125 1832 2197 cogitatio
1861 2132 1964 2187 est,
2005 2124 2072 2179 de

495 2224 734 2280 crastina
760 2222 997 2292 cogitare
1026 2217 1398 2280 conversione,
1434 2223 1490 2268 et
1541 2215 1859 2269 hodiernam
1900 2213 2072 2283 negli-

496 2328 641 2384 gere.
666 2306 804 2377 Quid
827 2318 883 2363 tu
904 2314 1154 2377 peccator
1177 2303 1463 2376 [converti]
1486 2302 1813 2366 dissimulas,
1840 2298 1994 2372 135
2018 2309 2074 2356 et

498 2384 607 2453 non
648 2397 866 2462 metuis,
916 2409 984 2448 ne
1015 2393 1111 2448 tibi
1139 2407 1286 2447 mors
1314 2392 1592 2462 repentina
1638 2392 1903 2461 subripiat
1929 2391 2072 2445 diem

442 2506 447 2509 ·
495 2485 899 2544 conversionis?
936 2480 1122 2538 Nonne
1150 2482 1395 2537 homines
1430 2480 1607 2536 subito
1638 2482 1977 2537 moriuntur?
2012 2481 2071 2537 Si

496 2579 698 2633 bonum
729 2582 808 2631 est
832 2576 1052 2646 peccata
1079 2571 1370 2636 dimittere,
1402 2578 1456 2625 et
1484 2568 1553 2624 ad
1600 2569 1769 2625 Deum
1809 2571 2069 2636 converti,

496 2671 607 2725 cito
651 2667 762 2722 fiat.
812 2667 955 2723 Deus
980 2663 1078 2720 tibi
1127 2663 1397 2734 promittit
1436 2663 1812 2720 remissionem
1850 2678 2075 2719 conver-

496 2761 631 2816 tenti
678 2774 709 2813 a
755 2757 1012 2829 peccatis,
1045 2756 1392 2812 securitatem
1441 2753 1536 2809 tibi
1574 2772 1679 2810 non
1708 2756 1954 2824 promisit
1982 2755 2075 2810 diu

497 2849 729 2905 vivendi.
758 2847 923 2921 [Lege
960 2847 1271 2918 prophetas,
1297 2845 1412 2915 lege
1439 2842 1775 2916 Apostolum,
1804 2853 1859 2901 et
1879 2846 1999 2901 vide
2028 2846 2072 2900 si

497 2940 593 2994 tibi
640 2938 905 3009 promissa
943 2937 1015 2992 sit
1066 2937 1201 2991 hora
1240 2941 1334 2990 aut
1356 2934 1515 3007 dies.]
1554 2934 1678 2991 Ideo
1707 2945 1987 2990 convertat
2016 2952 2073 2991 se

2169 1932 2340 1988 solum
2382 1949 2575 2004 opera,
2615 1938 2708 1992 sed
2750 1948 2807 1993 et
2849 1943 3010 1995 corda
3056 1945 3379 2000 considerat.
3409 1946 3509 2013 Qui
3554 1952 3743 2005 timore

2169 2033 2356 2079 sancto
2385 2025 2552 2083 Deum
2594 2038 2872 2095 metuunt,
2900 2032 3181 2101 inquirunt
3215 2052 3335 2105 qua:
3372 2038 3511 2092 bona
3547 2030 3742 2110 placita

2170 2122 2298 2167 sunt
2324 2112 2417 2167 illi.
2449 2115 2598 2171 Alius
2642 2126 2728 2173 est
2771 2120 2932 2174 timor
2976 2121 3226 2189 ﬁliorum,
3258 2124 3394 2181 alius
3446 2128 3547 2181 est:
3583 2131 3744 2185 timor

2170 2214 2466 2256 servorum.
2498 2203 2649 2260 Servi
2677 2207 2823 2261 enim
2848 2218 3067 2278 propter
3104 2219 3371 2268 tormenta
3404 2214 3654 2271 dominos
3684 2220 3745 2272 ti-

2170 2297 2346 2355 ment,
2380 2290 2472 2344 filii
2524 2308 2649 2346 vero
2695 2304 2915 2364 propter
2948 2313 3186 2353 amorem
3222 2311 3403 2369 patres
3442 2305 3650 2361 timent.
3685 2307 3745 2361 Si

2170 2374 2264 2434 ﬁlii
2290 2380 2385 2435 Dei
2414 2398 2616 2448 sumus,
2652 2384 2936 2440 timeamus
2976 2403 3098 2443 eum
3138 2405 3205 2444 ex
3250 2387 3531 2450 charitatis
3561 2397 3747 2451 dulce—

2171 2472 2313 2536 dine,
2339 2487 2446 2526 non
2487 2473 2553 2527 de
2596 2475 2804 2531 timoris
2846 2476 3220 2535 amaritudine.
3252 2481 3420 2539 Homo
3445 2484 3660 2556 sapiens
3690 2489 3747 2543 in

2171 2561 2419 2616 omnibus
2464 2564 2717 2632 operibus
2758 2566 2871 2622 suis
2910 2570 3101 2623 metuit
3138 2570 3454 2641 Dominum,
3481 2578 3658 2632 sciens
3688 2595 3746 2634 se

2171 2663 2445 2718 nunquam
2473 2650 2589 2718 ejus
2609 2657 2950 2722 prazsentiam
2979 2658 3163 2730 fugere
3192 2678 3379 2732 posse,
3416 2667 3561 2721 sicut
3595 2664 3747 2724 Psal-

2171 2739 2330 2793 mista
2356 2740 2465 2797 Deo
2494 2741 2623 2796 dicit
2647 2761 2659 2797 :
2688 2742 2803 2809 Quo
2836 2746 2916 2799 ibo
2943 2766 2974 2802 a
3003 2751 3187 2821 spiritu
3218 2762 3326 2819 tuo,
3353 2766 3400 2809 et
3427 2774 3529 2827 quo
3551 2777 3584 2813 a
3610 2761 3748 2829 facie

2174 2838 2263 2883 tua
2320 2831 2521 2901 fugiam
2558 2834 2729 2905 (l’sal.
2772 2853 3046 2904 cxxxvm,
3085 2844 3175 2912 7)?
3209 2844 3405 2901 lterum
3437 2868 3449 2902 :
3482 2845 3622 2916 Quia
3654 2871 3746 2907 ne-

2173 2940 2271 2993 que
2295 2924 2358 2977 ab
2383 2920 2614 2993 Oriente,
2643 2940 2803 3000 neque
2826 2930 2889 2984 ab
2936 2929 3211 2989 Occidente
3244 2928 3415 3007 (Psal.
3445 2950 3629 3008 Lxxiv,
3669 2945 3746 3015 7),

503 3034 666 3089 cuius
691 3030 1057 3101 unusquisque
1083 3028 1150 3082 ad
1174 3028 1368 3092 Deum,
1390 3037 1447 3082 et
1473 3043 1595 3082 cum
1624 3022 1895 3083 invenerit
1921 3044 2067 3094 eum,
2096 3023 2143 3084 ρ
2173 3014 2508 3079 subauditur,
2558 3026 2707 3087 patet
2753 3020 2901 3076 locus
2946 3022 3181 3095 fugiendi
3229 3026 3416 3083 Deum.
3461 3031 3566 3097 Qui
3605 3037 3747 3089 timet

497 3125 835 3193 derelinquat
860 3123 1056 3192 impius
1082 3122 1226 3175 viam
1255 3136 1428 3176 suam.
1464 3116 1521 3175 Si
1566 3120 1743 3175 subito
1771 3122 1937 3176 intrat
1957 3121 2073 3176 dies

497 3225 791 3280 extremus,
822 3215 960 3284 perit
987 3214 1192 3279 dilatio,
1239 3221 1295 3268 et
1344 3220 1514 3268 restat
1557 3212 1847 3268 damnatio.
1889 3212 2074 3269 Perire

499 3325 608 3364 non
658 3308 757 3374 vis,
805 3307 918 3361 redi
967 3305 1034 3361 ad
1076 3305 1265 3371 Deum,
1305 3314 1359 3358 et
1403 3304 1572 3359 vives.
1613 3303 1733 3357 Noli
1788 3304 2075 3375 desperare

499 3397 655 3472 [Ms.,
679 3394 950 3467 peccando
1002 3393 1241 3466 sperare]
1288 3393 1355 3449 de
1394 3393 1549 3448 venia
1574 3401 1939 3463 peccatorum,
1976 3410 2073 3465 nec

500 3491 568 3547 de
591 3490 701 3543 vita
732 3486 957 3559 longiori
988 3486 1275 3541 conlidere.
1299 3484 1627 3540 Convertere
1646 3499 1797 3556 ergo,
1824 3493 1877 3538 et
1903 3487 2076 3556 poeni-

499 3580 725 3634 tentiam
767 3592 884 3649 age.
930 3576 1085 3641 Cras,
1119 3574 1351 3645 inquies,
1397 3584 1727 3631 convertam.
1767 3576 1942 3643 Quare
1968 3593 2074 3630 non

501 3671 693 3726 hodie?
720 3670 857 3738 Quid
884 3669 1030 3734 mali,
1076 3666 1235 3732 dicis,
1263 3668 1307 3723 si
1344 3682 1465 3722 cras
1506 3668 1719 3722 dicam?
1754 3666 1892 3734 Quid
1925 3667 2073 3733 mali,

500 3768 546 3823 si
576 3765 773 3822 hodie?
798 3766 959 3821 Forte
986 3763 1156 3820 dicis:
1189 3763 1369 3834 Longa
1412 3763 1516 3818 erit
1558 3763 1667 3817 vita
1697 3777 1835 3817 mea.
1869 3762 2074 3828 Dicam,

466 3856 472 3860 ’
501 3857 548 3911 si
597 3856 752 3927 longa
799 3856 872 3910 sit
916 3854 1068 3926 [Ms.,
1097 3853 1249 3926 erit],
1276 3855 1417 3909 bona
1451 3854 1553 3919 sit;
1587 3853 1632 3908 si
1660 3854 1859 3918 brevis,
1886 3863 1940 3908 et
1962 3854 2077 3923 ipsa

499 3949 642 4004 bona
671 3948 761 4004 sit.
792 3945 923 4015 Quis
953 3945 1091 4002 ferat
1117 3947 1317 4002 malum
1349 3946 1600 4016 longum?
1632 3945 1922 4000 Prandium
1961 3946 2078 4000 lon-

501 4054 627 4111 gum
654 4054 761 4094 non
787 4039 871 4095 vis
898 4038 1099 4093 habere
1127 4036 1344 4103 malum,
1376 4047 1433 4093 et
1455 4039 1619 4093 vitam
1642 4038 1855 4107 longam
1876 4038 1958 4092 vis
1984 4038 2079 4092 ba-

501 4131 630 4186 bere
650 4129 879 4185 malam?
895 4129 1086 4184 Villam
1113 4129 1280 4184 emis:
1307 4130 1504 4183 bonam
1528 4128 1821 4183 desideras.
1844 4128 2076 4183 Uxorem

486 4219 587 4273 vis
616 4220 811 4274 dueere
836 4236 849 4273 :
876 4220 1069 4273 bonam
1092 4218 1308 4287 quarris.
1339 4217 1503 4272 Filios
1531 4219 1627 4272 tibi
1654 4218 1803 4272 nasci
1830 4218 1910 4273 vis
1938 4235 1950 4271 :
1978 4219 2076 4272 ho-

503 4321 602 4365 nos
626 4316 797 4376 Optas.
821 4306 888 4360 Et
908 4315 967 4361 ut
989 4307 1154 4361 etiam
1182 4307 1247 4361 de
1274 4306 1437 4361 rebus
1456 4306 1732 4364 vilissimis
1756 4306 1967 4377 loquar,
1989 4322 2079 4360 ca-

506 4399 643 4469 ligas
668 4398 826 4461 emis,
853 4405 910 4452 et
928 4411 1037 4454 non
1062 4398 1146 4451 vis
1167 4396 1335 4451 malas
1361 4415 1374 4451 :
1404 4406 1459 4453 et
1481 4398 1643 4453 vitam
1672 4414 1821 4453 amas
1848 4399 2079 4453 malam?

506 4484 647 4551 Quid
670 4492 723 4541 te
750 4483 971 4539 oﬂ'endit
996 4484 1107 4538 vita
1136 4491 1246 4547 tua,
1270 4500 1429 4555 quam
1454 4486 1622 4540 solam
1650 4488 1730 4541 vis
1761 4487 1977 4553 malam,
2018 4496 2079 4548 ut

506 4576 654 4632 inter
676 4575 857 4630 omnia
883 4575 1020 4629 bona
1040 4572 1179 4645 [tua]
1208 4574 1353 4629 solus
1380 4575 1455 4629 sis
1480 4576 1685 4631 malus?
1707 4576 1884 4648 Neque
1904 4579 2077 4635 tardes

507 4664 735 4718 converti
766 4662 834 4718 ad
866 4662 1168 4728 Dominum,
1199 4672 1247 4717 et
1279 4679 1342 4716 ne
1390 4664 1603 4735 diﬂeras
1630 4666 1696 4720 de
1737 4668 1820 4721 die
1853 4669 1908 4723 in
1938 4670 2074 4726 diem

509 4756 698 4829 (Eccli.
726 4771 780 4821 v,
824 4756 903 4828 8).
934 4755 1107 4812 Verba
1140 4756 1235 4811 Dei
1284 4764 1430 4821 sunt,
1460 4773 1562 4812 non
1588 4773 1726 4812 mea.
1759 4758 1873 4814 Non
1915 4776 1943 4813 a
1990 4777 2077 4818 me

507 4846 626 4902 haec
653 4845 868 4913 audisti,
898 4846 991 4901 sed
1035 4863 1134 4917 ego
1164 4854 1343 4903 tecum
1388 4848 1549 4903 audio
1574 4864 1604 4903 a
1631 4849 1877 4906 Domino.
1917 4852 2079 4910 Forte

510 4933 802 5005 respondes
832 4953 847 4990 :
873 4933 1025 5001 Cras,
1069 4951 1210 4991 cras.
1240 4935 1284 4992 Ο
1322 4952 1422 4992 vox
1451 4938 1697 4994 corvina!
1739 4939 1943 4997 Corvus
1972 4960 2078 4999 non

510 5025 652 5082 redit
676 5024 743 5079 ad
764 5039 964 5091 arcam,
991 5026 1236 5081 columba
1261 5028 1417 5082 redit.
1461 5028 1518 5083 Si
1548 5030 1689 5085 enim
1716 5039 1841 5086 tunc
1865 5033 1946 5087 vis
1965 5047 2080 5103 poe—

512 5114 794 5173 nitentiam
825 5130 983 5185 agere
1012 5117 1225 5187 quando
1253 5133 1477 5187 peccare
1506 5135 1609 5174 non
1654 5129 1831 5190 poles,
1858 5134 2079 5192 peccata

510 5214 567 5260 te
587 5204 927 5270 dimiserunt,
956 5221 1063 5260 non
1106 5215 1164 5260 tu
1203 5206 1311 5262 illa.
1365 5206 1507 5264 Satis
1549 5211 1755 5267 alienus
1783 5229 1812 5266 a
1844 5215 1946 5269 ﬁde
1975 5222 2076 5282 est,

511 5293 604 5362 qui
654 5294 723 5352 ad
775 5295 1033 5366 agendam
1087 5296 1456 5365 pmnitentiam
1517 5309 1728 5373 tempus
1790 5309 2081 5364 senectutis

506 5395 811 5457 exspectat.
869 5388 1211 5444 Metuendum
1260 5399 1365 5456 cst,
1406 5409 1473 5448 ne
1501 5393 1628 5450 dum
1658 5409 1838 5467 sperat
1866 5402 2083 5457 miseri-

514 5479 773 5544 eordiam,
816 5478 1019 5536 incidat
1044 5481 1100 5536 in
1136 5480 1415 5550 judicium.
1446 5484 1630 5557 Neque
1666 5490 1807 5545 enim
1840 5501 1965 5551 tunc
1991 5510 2082 5550 ve-

2174 3101 2364 3170 Deum,
2395 3107 2607 3175 accipiet
2638 3108 2928 3165 doctrinam
2957 3114 3102 3183 ejus,
3129 3125 3176 3168 et
3210 3119 3296 3188 qui
3336 3120 3659 3190 uigilarerint
3693 3128 3745 3179 in

2175 3196 2435 3251 mandatis
2462 3192 2623 3263 illius,
2653 3201 2908 3257 invenient
2935 3202 3339 3264 benedictionem
3361 3216 3746 3284 sempiternam

2175 3283 2363 3354 (Ereti.
2408 3304 2579 3356 xxxu,
2624 3291 2730 3360 18).
2782 3291 3028 3349 Timentis
3078 3296 3245 3352 Deum
3290 3298 3437 3356 beata
3467 3283 3541 3358 est
3572 3310 3748 3362 anima

2176 3375 2365 3446 (Et-cli.
2398 3395 2583 3446 xxxrv,
2612 3382 2719 3453 17),
2745 3392 2799 3438 et
2827 3400 2857 3438 a
2892 3388 3188 3443 tentatione
3230 3383 3491 3447 diabolica
3522 3404 3636 3450 tuta
3667 3414 3749 3451 re-

2177 3480 2374 3525 manet.
2415 3471 2611 3529 Beatus
2644 3475 2827 3539 homo,
2851 3474 2940 3548 qui
2976 3496 3176 3550 semper
3200 3492 3273 3536 est
3310 3486 3537 3553 pavidus
3567 3486 3746 3559 (Prov.

2176 3574 2369 3623 xxvm,
2404 3555 2510 3630 14),
2535 3570 2590 3617 et
2615 3564 2701 3617 cui
2732 3565 2987 3620 donatum
3009 3578 3094 3623 est
3126 3570 3219 3624 Dei
3252 3573 3499 3629 timorem
3540 3555 3749 3648 semper

2132 3660 2147 3684 δ
2176 3657 2300 3703 ante
2328 3650 2509 3707 oculos
2533 3652 2748 3709 habere.
2773 3652 2873 3722 Qui
2915 3658 3065 3714 timet
3096 3661 3395 3730 Dominum,
3439 3670 3644 3723 recedit
3685 3672 3750 3724 ab

2177 3741 2370 3796 itinere
2395 3759 2579 3813 pravo,
2610 3752 2666 3801 et
2697 3750 2762 3803 ad
2793 3750 3008 3806 virtutis
3045 3757 3293 3812 semitam
3320 3759 3435 3813 vias
3468 3777 3598 3817 suas
3626 3765 3750 3819 diri-

2178 3832 2269 3902 git.
2299 3834 2483 3890 Timor
2508 3837 2719 3895 Domini
2755 3836 2961 3911 repellit
2998 3856 3251 3913 peccata,
3279 3858 3333 3903 et
3357 3853 3547 3921 adjicit
3582 3856 3747 3909 virtu-

2179 3929 2279 3976 tes.
2313 3923 2496 3980 Timor
2519 3937 2735 3983 cautum
2765 3928 2892 3985 facit
2918 3932 3188 3991 hominem
3227 3950 3282 3994 et
3328 3942 3648 4011 sollicitum,
3685 3963 3750 4003 ne

2179 4023 2381 4083 peccet.
2414 4015 2512 4073 Ubi
2541 4035 2671 4075 vero
2694 4022 2855 4077 timor
2879 4025 3087 4082 Domini
3116 4046 3221 4085 non
3244 4040 3346 4098 est,
3371 4034 3444 4087 ibi
3473 4036 3751 4092 dissolutio

2180 4106 2303 4159 vitae
2329 4114 2429 4161 est.
2461 4107 2714 4180 Quisquis
2746 4112 2910 4167 Deum
2939 4116 2993 4169 in
3020 4122 3289 4188 prosperis
3319 4139 3425 4177 non
3455 4126 3638 4189 timet,
3672 4126 3748 4180 vel

2184 4194 2333 4267 [Ms.,
2360 4198 2571 4272 saltem]
2601 4201 2655 4255 in
2683 4204 2926 4261 adversis
2950 4206 3181 4278 refugiat
3204 4212 3270 4265 ad
3298 4206 3444 4266 illum
3464 4254 3480 4279 ,
3524 4216 3617 4283 qui
3662 4215 3746 4269 lla-

2182 4288 2359 4358 gellat,
2389 4298 2447 4344 ut
2471 4300 2642 4346 sanet.
2672 4293 2864 4349 Beatus
2894 4298 2991 4361 vir,
3022 4301 3111 4369 qui
3157 4302 3299 4355 timet
3348 4302 3637 4358 Dominum
3657 4346 3673 4369 ,
3699 4308 3753 4359 in

2106 4369 2155 4428 1)
2182 4379 2445 4434 mandatis
2488 4382 2601 4451 ejus
2628 4386 2767 4455 cupit
2802 4387 2954 4441 nimis
2984 4387 3154 4459 (Psal.
3200 4406 3285 4445 cxr
3304 4434 3320 4458 ,
3348 4393 3419 4461 1).
3454 4394 3642 4450 Timor
3663 4397 3751 4451 Dei

2181 4469 2427 4524 timorem
2489 4473 2750 4541 gehenna:
2805 4478 3038 4546 expellit.
3093 4480 3182 4535 Sic
3227 4480 3419 4555 [ergo]
3472 4485 3755 4540 timeamus

2179 4559 2365 4625 Deum,
2391 4570 2452 4616 ut
2475 4561 2757 4635 diligamus
2777 4583 2929 4633 eum;
2956 4572 3077 4639 quia
3103 4574 3330 4643 perfecta
3352 4575 3589 4631 charitas
3615 4577 3755 4646 foras

2177 4649 2333 4703 mittit
2363 4651 2597 4708 timorem
2629 4658 2877 4711 servilem
2910 4660 2964 4729 (Ι
2986 4660 3147 4715 Ιοαη.
3178 4679 3250 4727 1v,
3276 4664 3381 4734 l8).

2675 4767 2831 4839 136
2866 4769 3089 4827 CAPUT
3128 4773 3263 4829 xvi.

2806 4856 2884 4910 De
2902 4859 3131 4929 jejunio.

2256 4958 2560 5019 Perfectum
2585 4973 2669 5020 est
2690 4963 2985 5033 jejunium,
3028 4972 3171 5039 quod
3214 4974 3269 5028 in
3313 4975 3677 5052 eleemosynis
3709 4992 3763 5038 et

2184 5048 2429 5104 oratione
2472 5050 2552 5106 ﬁt.
2598 5053 2805 5109 (Italum
2865 5055 2995 5128 [Al.,
3046 5062 3378 5121 orationibus
3428 5069 3485 5123 in
3542 5048 3759 5144 caelum]

2187 5140 2401 5204 transit,
2431 5149 2485 5194 et
2526 5142 2594 5195 ad
2628 5145 2878 5201 thronum
2910 5149 3154 5207 altissimi
3191 5154 3284 5209 Dei
3317 5162 3583 5225 pervenit.
3598 5135 3764 5244 Eune

2186 5229 2330 5282 enim
2365 5231 2524 5284 homo
2554 5234 2846 5301 spiritualis
2892 5239 3115 5298 effectus
3148 5248 3352 5317 angelis
3396 5229 3762 5324 conjungi-tur,

2188 5319 2402 5389 Deoque
2438 5322 2655 5380 liberius
2684 5329 2982 5397 copulatur,
3013 5334 3059 5387 si
3087 5335 3414 5393 abstinentia
3440 5319 3623 5397 carnis
3644 5359 3767 5398 ora-

2188 5410 2422 5465 tionibus
2455 5400 2755 5497 excitatur?1
2780 5419 2883 5475 Per
2911 5422 3114 5490 jejunia
3150 5436 3206 5480 et
3241 5433 3519 5487 orationes
3555 5436 3764 5490 occulta

2186 5505 2561 5572 mysteriorum
2589 5496 2886 5567 cmlestitim
2927 5516 3251 5584 revelantur,
3281 5521 3559 5595 divinique
3583 5541 3766 5580 sacra-

588 5616 754 5705 sﬁoc
804 5620 964 5694 capit.
1012 5622 1095 5685 15,
1139 5637 1261 5693 pars
1309 5632 1390 5677 est
1414 5627 1676 5681 sermonis
1724 5629 1788 5681 97
1838 5630 1892 5684 S.
1938 5633 2070 5703 Aug.
2112 5635 2334 5705 Appcnd
