4044 6340
321 267 426 324 625

1111 266 1435 325 MORALIA.
1471 301 1536 314 -
1572 270 1774 329 LIBER
1809 272 1896 329 DE
1935 271 2350 334 vaUTlBUS
2389 276 2476 336 ET
2516 277 2735 335 VlTllS.

3461 280 3567 340 626

320 387 493 436 menti
523 390 723 436 arcana
767 375 1093 447 panduntur.
1135 380 1382 447 Quandiu
1420 383 1592 438 Adam
1616 385 1895 449 abstinuit,
1926 386 1974 447 Α
1999 401 2121 442 esse
2164 389 2497 446 muniﬁcum.
2535 389 2604 446 Et
2625 389 2717 461 qui
2766 388 2857 446 dat
2902 399 2962 445 ut
2997 390 3229 457 habeas,
3265 395 3482 450 mandat
3515 406 3576 453 ut

318 469 521 544 marisit
570 468 626 522 in
673 467 963 536 paradiso:
996 470 1359 537 manducavit,
1408 481 1464 527 et
1506 474 1761 544 expulsus
1790 484 1892 530 est.

284 527 529 645 @unia
563 527 720 612 fortia
757 557 861 611 tela
893 567 1020 612 sunt
1043 558 1301 615 adversus
1335 527 1668 617 tentameiita
1700 566 1898 619 daemo—

319 652 562 716 niorum;
591 650 698 704 cito
718 650 860 703 enim
884 664 980 719 per
1000 648 1382 706 abstinentiam
1408 648 1898 752 vincunttthude

318 744 483 804 etiam
532 745 789 798 Dominus
829 751 884 798 et
924 744 1171 800 Salvator
1207 755 1393 802 noster
1424 764 1613 803 eorum
1650 744 1898 805 itTcursus

310 827 537 901 jejuniis
567 838 622 885 et
649 831 988 900 orationibus,
1024 840 1320 901 praemonet
1369 850 1628 905 superare
1675 837 1895 893 dicens:

324 919 440 973 Hoc
469 937 629 990 genus
667 937 771 976 non
818 921 1044 990 ejicitur,
1091 922 1191 975 nisi
1230 924 1286 978 in
1327 927 1563 980 oratione
1604 937 1651 980 et
1692 927 1899 998 jejunio

321 1009 540 1081 (Matth.
574 1027 705 1075 xvn,
733 1010 831 1075 20;
866 1009 1032 1065 Marc.
1063 1028 1148 1075 rx,
1180 1011 1290 1082 28).
1326 1014 1587 1070 immundi
1622 1020 1765 1072 enim
1791 1022 1901 1089 spi.

321 1101 461 1154 ritus
510 1100 582 1154 ibi
635 1115 711 1194 εἰ
740 1099 1075 1156 ﬁducialibus
1131 1102 1458 1168 immittunt,
1511 1107 1598 1160 ubi
1644 1109 1903 1166 videbunt

318 1191 635 1262 frequenter
679 1191 1106 1248 comessationes
1161 1204 1219 1249 et
1285 1196 1575 1253 ebrietates
1632 1202 1896 1257 exerceri.

316 1280 662 1338 Abstinentia
692 1296 909 1364 corp‘us
923 1293 1191 1348 macerat,
1238 1285 1334 1340 sed
1378 1302 1476 1341 cor
1524 1286 1903 1361 impinguescit

319 1373 455 1445 [Ηε.
474 1362 1079 1445 ωἰηευθιηϐξιυηεω
1111 1376 1371 1441 debilitat,
1400 1376 1494 1432 sed
1519 1376 1754 1433 animam
1779 1396 1901 1436 con-

319 1389 455 1445 lus.
483 1391 499 1428 ι
595 1389 1079 1519 ιηευθιι.ἓέιιυηεω
1111 1389 1371 1441 demutat,
1400 1389 1494 1432 sed
1519 1394 1754 1433 animam
1779 1396 1901 1436 con-

278 1456 281 1457 ⁷
315 1461 507 1518 fortat.
584 1464 651 1517 ed
687 1465 837 1519 scien
876 1481 968 1519 um
1023 1473 1109 1520 est
1149 1467 1292 1535 quod
1330 1465 1440 1535 jeju
1485 1469 1533 1521 'a
1579 1484 1702 1523 cum
1745 1470 1901 1527 bonis

315 1389 591 1609 οι)θὲ
601 1554 711 1609 Deo
746 1556 947 1609 ontime
981 1564 1107 1609 sunt
1133 1485 1512 1609 acceptabiliaﬁ
1525 1558 1625 1609 Oni
1662 1568 1839 1609 autem
1869 1577 1900 1609 a

315 1554 573 1624 operibus
601 1554 711 1609 Deo
746 1556 947 1624 optime
981 1564 1107 1610 sunt
1133 1554 1625 1626 acceptabilia.|Qui
1662 1568 1839 1614 autem
1869 1577 1901 1615 a

312 1642 457 1697 cibis
484 1644 778 1708 abstinent,
806 1652 861 1696 et
891 1659 1052 1712 prave
1081 1653 1276 1715 agunt;
1306 1642 1576 1701 dmm'o'nes
1599 1648 1896 1712 imitantur,

312 1732 518 1802 quibus
542 1746 671 1788 esca
698 1733 931 1788 carnalis
958 1749 1062 1788 non
1088 1742 1200 1799 est,
1244 1744 1300 1790 et
1341 1737 1578 1805 nequitia
1609 1738 1898 1806 spiritualis
1927 1727 1974 1786 B

313 1838 537 1892 semper
570 1824 729 1877 inest.
766 1824 858 1878 Ille
886 1825 1030 1879 enim
1076 1826 1215 1881 bene
1250 1828 1487 1882 abstinet
1525 1845 1555 1883 a
1603 1831 1765 1890 cibis.
1807 1832 1898 1901 qui

312 1921 373 1967 et
405 1928 438 1966 a
468 1912 689 1968 malitia:
724 1915 963 1980 actibus,
1000 1923 1056 1971 et
1084 1932 1115 1970 a
1143 1919 1325 1977 mundi
1351 1917 1559 1996 jejunat
1597 1921 1903 1990 ambitioni-

310 2002 445 2069 bus.
480 2000 671 2071 melius
703 2013 787 2058 est
828 2006 1227 2079 prazficationis
1278 2017 1485 2074 sanctae
1533 2011 1783 2073 convivio
1823 2010 1903 2083 [et

312 2093 471 2147 verbi
497 2093 591 2148 Dei
623 2092 841 2169 pabulo]
872 2095 1135 2159 victuram
1171 2097 1225 2165 in
1253 2107 1513 2173 perpetuo
1546 2109 1783 2155 mentem
1817 2116 1901 2159 re-

310 2179 501 2246 ﬁcere,
526 2197 687 2262 quam
714 2192 956 2241 ventrem
980 2186 1267 2262 mortiferis
1294 2189 1473 2244 carnis
1501 2188 1741 2262 [terreno
1760 2207 1900 2262 pane

307 2265 397 2340 εί]
428 2258 696 2335 ἀθίίέίοείδ
724 2282 969 2328 saturare
1002 2258 1191 2343 epulis.
1502 2258 1519 2262 ’
1760 2258 1789 2273 ⁷λ
1820 2266 1829 2272 ·

889 2382 1119 2440 CAPUT
1158 2385 1317 2441 XVII.

871 2492 950 2548 De
999 2495 1353 2569 eleemosynis.

393 2602 687 2659 Sciendum
724 2616 809 2662 est
841 2607 987 2661 enim
1019 2623 1142 2665 esse
1168 2612 1387 2680 pietatis
1421 2627 1585 2683 opus,
1618 2623 1681 2669 ut
1720 2616 1787 2671 de
1815 2617 1899 2673 his

308 2709 443 2764 quae
490 2696 645 2751 nobis
688 2697 925 2754 caelestis
972 2701 1132 2755 Pater
1171 2704 1595 2785 misericorditer
1641 2709 1897 2775 contulit,

311 2800 422 2839 nos
446 2800 661 2856 quoque
695 2787 829 2844 alios
864 2790 1196 2858 adiuvemus.
1228 2794 1364 2850 Sunt
1389 2799 1532 2852 enim
1560 2800 1774 2868 plurimi
1807 2806 1899 2872 qui

312 2875 524 2931 nullam
561 2878 615 2932 in
649 2881 812 2950 agris,
851 2882 1049 2937 nullam
1096 2885 1151 2938 in
1198 2886 1411 2963 vineis,
1450 2891 1652 2947 nullam
1700 2893 1901 2951 habent

310 2967 375 3022 in
432 2969 612 3024 saeculi
669 2971 870 3028 divitiis
918 2976 1243 3044 portionem.
1306 2979 1547 3047 Quorum
1604 2985 1797 3056 inopia:
1831 2988 1899 3043 de

309 3072 384 3111 ea
438 3073 601 3128 quam
665 3060 923 3119 Dominus
995 3067 1150 3121 nobis
1192 3069 1337 3125 dedit
1398 3075 1551 3142 copia
1617 3078 1898 3134 consulere
1924 3075 1972 3139 C

309 3149 617 3217 debemus,
676 3162 738 3208 ut
782 3164 840 3211 et
909 3157 1010 3226 ipsi
1063 3160 1343 3216 nobiscum
1406 3165 1517 3222 Deo
1580 3183 1681 3239 pro
1742 3178 1900 3226 terra:

310 3240 649 3298 {ecunditate
712 3245 1074 3316 benedicant,
1132 3260 1187 3306 et
1253 3256 1520 3324 gaudeant
1577 3242 1900 3328 possidenti-

310 3330 421 3385 bus
464 3329 628 3393 fuisse
664 3332 893 3401 donata,
921 3353 1039 3407 quae
1071 3340 1233 3396 etiam
1276 3333 1602 3414 pauperibus
1646 3364 1711 3404 ac
1753 3366 1901 3419 pere-

312 3420 490 3489 grinis
525 3420 668 3476 facta
703 3422 921 3479 fuerunt
954 3432 1276 3491 communia.
1305 3434 1455 3489 Felix
1499 3445 1584 3492 est
1625 3439 1753 3495 illud
1777 3442 1901 3496 hor-

311 3523 505 3577 reum,
543 3520 598 3567 et
633 3517 875 3571 omnium
922 3519 1189 3575 fructuum
1222 3525 1660 3595 multiplicatione
1704 3532 1900 3603 dignis-

310 3598 539 3664 simum,
565 3604 705 3659 unde
728 3608 1019 3675 egentium,
1046 3618 1101 3664 et
1121 3610 1393 3680 debilium,
1419 3625 1473 3670 et
1495 3598 1899 3690 peregrinorum

308 3699 598 3745 saturatur
626 3697 853 3751 esuries.
893 3697 1038 3764 Quos
1074 3701 1194 3755 ideo
1232 3703 1332 3758 sub
1374 3706 1603 3763 diversis
1640 3710 1900 3772 molestiis

302 3777 525 3848 iustitia
558 3782 652 3838 Dei
680 3784 923 3843 laborare
952 3791 1218 3867 permisit,
1244 3801 1303 3847 ut
1324 3802 1380 3848 et
1413 3796 1641 3852 miseros
1675 3814 1773 3867 pro
1806 3816 1901 3871 pa-

308 3868 529 3937 tientia,
568 3880 624 3926 et
653 3864 1028 3933 misericordes
1050 3895 1151 3949 pro
1183 3882 1558 3940 benevolentia
1593 3864 1896 3946 coronaret.

306 3956 703 4017 Etlicacissima
748 3967 890 4020 enim
936 3984 1034 4038 pro
1084 3973 1320 4040 peccatis
1373 3974 1683 4045 deprecatio
1729 3988 1813 4035 est
1844 3981 1898 4035 in

308 4049 683 4124 eleemosyuis
734 4066 894 4127 atque
932 4059 1180 4131 jejuniis;
1212 4073 1266 4119 et
1301 4066 1557 4124 velociter
1592 4071 1659 4126 ad
1691 4072 1899 4130 divinas

305 4146 632 4199 conscendit
684 4163 844 4205 aures
897 4152 1089 4209 talibus
1138 4159 1311 4212 oratio
1357 4160 1566 4217 elevata
1597 4163 1895 4241 sull‘ragiis,

304 4232 578 4301 quoniam
603 4237 863 4307 scriptum
893 4251 977 4295 est
1005 4259 1017 4294 :
1053 4243 1255 4300 Animae
1280 4264 1391 4301 sua:
1417 4250 1670 4320 benefacit
1698 4232 1900 4310 virvmié

304 4324 543 4377 sericors
569 4322 752 4397 (Prov.
784 4346 861 4396 χι,
893 4332 1001 4405 l7).
1025 4333 1159 4391 Pars
1183 4339 1327 4393 enim
1349 4345 1708 4412 corporalium
1730 4347 1897 4405 facul-

1998 474 2232 542 tribuas,
2264 478 2448 533 dicens
2474 496 2488 531 :
2514 478 2679 544 Date,
2709 489 2757 533 et
2786 479 2998 534 dabitur
3032 483 3195 536 vobis.
3225 482 3269 538 Ο
3300 498 3492 550 avare,
3526 488 3574 542 si

1996 577 2186 619 aurum
2218 564 2414 637 diligis,
2442 566 2527 621 vel
2556 568 2769 623 divitias
2803 569 3011 635 saaculi,
3047 572 3144 636 da,
3173 586 3240 626 ne
3270 574 3481 642 perdas.
3516 575 3573 629 Si

1996 655 2321 721 servaveris,
2348 657 2466 711 sine
2488 657 2650 713 dubio
2675 660 2868 729 perdes
2894 679 2907 715 :
2933 662 2978 716 si
3002 664 3325 733 erogaveris,
3356 666 3576 720 omnino

1996 744 2221 800 habebis
2257 760 2349 801 eas
2375 748 2724 823 :eternaliter,
2752 750 2964 807 dicente
2988 754 3103 823 ipsa
3127 752 3368 811 Veritate
3394 774 3407 810 :
3444 756 3577 811 Tlte-

1995 834 2260 887 saurizate
2288 835 2427 889 vobis
2459 836 2730 892 thesauros
2756 841 2809 893 in
2838 841 2984 907 caelo,
3014 842 3102 896 ubi
3131 861 3222 898 nec
3246 862 3425 916 terugo
3444 885 3459 911 ,
3482 862 3575 901 nec

1996 925 2137 978 tinea
2170 924 2487 979 demolitur:
2511 944 2673 997 neque
2712 929 2855 998 fures
2892 932 3175 1001 effodiunt,
3219 944 3268 989 et
3305 936 3570 1005 furantur.

2000 1012 2101 1068 Ubi
2125 1017 2260 1069 enim
2290 1026 2363 1070 est
2389 1016 2663 1071 thesaurus
2679 1028 2821 1085 tuus,
2838 1020 2909 1073 ibi
2924 1031 2996 1074 est
3015 1032 3065 1076 et
3080 1040 3170 1077 cor
3189 1034 3337 1089 tuum
3360 1024 3572 1098 (Matth.

1997 1121 2074 1170 vr,
2097 1106 2209 1175 29).
2245 1104 2441 1176 Utique
2473 1107 2611 1162 bene
2634 1108 3011 1178 dispensantes
3048 1114 3360 1183 temporalia
3395 1117 3578 1186 acqui-

1998 1195 2130 1248 retis
2154 1203 2375 1249 aeterna.
2414 1192 2531 1250 Noli
2568 1198 2784 1254 timidus
2817 1201 3022 1256 essein
3058 1201 3366 1273 largiendo,
3400 1221 3468 1261 ne
3498 1207 3575 1262 sis

1999 1303 2201 1359 egenus
2227 1289 2280 1344 in
2303 1290 2655 1347 retributione
2682 1311 2694 1346 :
2724 1293 2848 1363 quia
2871 1295 2961 1365 qui
2982 1311 3138 1363 parce
3158 1298 3396 1363 seminat,
3421 1314 3573 1369 parce

1998 1389 2047 1434 et
2068 1388 2220 1435 metet
2249 1379 2334 1452 (Il
2353 1379 2475 1437 Cor.
2506 1398 2585 1449 ix,
2610 1383 2685 1456 6).
2713 1384 2816 1450 Qui
2843 1396 3016 1440 autem
3043 1388 3317 1442 miseretur
3334 1393 3573 1460 pauperi,

2000 1471 2179 1526 beatus
2206 1473 2306 1526 erit
2336 1470 2520 1544 (Prov.
2551 1490 2661 1540 xxv,
2689 1475 2800 1548 2|).
2837 1476 3135 1549 Redemptio
3180 1479 3355 1550 itaque
3386 1480 3578 1536 anima:

1998 1561 2121 1628 viri,
2146 1564 2342 1618 divitiae
2364 1566 2478 1635 ejus
2507 1565 2690 1637 (Prov.
2716 1583 2839 1634 xttl,
2866 1568 2941 1641 8).
2975 1568 3211 1624 Honorat
3245 1569 3412 1625 Deum
3430 1611 3446 1637 ,
3487 1573 3578 1643 qui

1998 1653 2273 1707 miseretur
2316 1656 2581 1726 pauperis.
2628 1656 2896 1712 Absconde
2944 1658 3320 1729 eleemosynam
3361 1661 3418 1716 in
3458 1662 3579 1716 sinu

2001 1746 2267 1813 pauperis,
2293 1745 2424 1800 dicit
2451 1746 2733 1817 Scriptura
2768 1760 2976 1815 sancta,
3006 1761 3053 1805 et
3081 1752 3194 1821 ipsa
3216 1752 3384 1807 orabit
3413 1771 3508 1826 pro
3530 1766 3579 1810 te

2003 1831 2193 1904 (Eccli.
2222 1850 2371 1900 xxxx,
2402 1836 2509 1908 15).
2539 1835 2688 1892 Sicut
2717 1855 2854 1909 aqua
2884 1840 3038 1910 137
3062 1843 3342 1912 exstinguit
3376 1845 3577 1915 ignem,

2000 1922 2075 1983 ita
2103 1922 2424 1995 eleemosyna
2446 1928 2729 1998 exstinguit
2748 1939 3034 1999 peccatum.
3065 1932 3310 1986 Animam
3343 1936 3579 1990 esurien-

2000 2021 2101 2065 tem
2134 2029 2197 2069 ne
2220 2013 2547 2085 despexeris,
2572 2028 2621 2071 et
2648 2034 2711 2071 ne
2752 2035 3023 2090 exasperes
3068 2037 3347 2093 pauperem
3386 2024 3443 2077 in
3470 2023 3582 2079 cla-

2000 2118 2142 2157 more
2182 2120 2277 2162 suo
2315 2104 2505 2175 (Eccli.
2560 2122 2632 2172 tv,
2684 2106 2761 2177 2).
2796 2108 2898 2175 Qui
2921 2110 3119 2166 avertit
3144 2124 3331 2165 aurem
3362 2126 3516 2167 suam
3551 2128 3582 2166 a

2000 2192 2236 2249 clamore
2261 2199 2532 2266 pauperis,
2574 2198 2714 2253 illius
2749 2201 2928 2254 oratio
2968 2200 3308 2257 clementiam
3346 2203 3440 2259 Dei
3475 2219 3585 2259 non

2000 2285 2295 2340 merebitur
2324 2286 2475 2358 [Ms.,
2505 2288 2784 2360 meretur].
2806 2289 2863 2344 In
2895 2291 3002 2344 vita
3032 2300 3121 2346 tua
3144 2291 3368 2348 benefac
3390 2293 3585 2349 anima:

2000 2384 2136 2441 tuae,
2185 2375 2555 2448 eleemosynas
2598 2380 2732 2434 dans
2764 2380 3006 2447 miseris,
3045 2382 3171 2451 quia
3195 2391 3319 2451 post
3352 2392 3583 2443 mortem

1999 2480 2109 2531 non
2134 2466 2303 2521 habes
2325 2476 2648 2536 potestatem
2669 2471 2807 2527 bene
2836 2472 3085 2528 faciendi.
3105 2472 3165 2528 In
3188 2475 3450 2531 conviviis
3475 2476 3585 2530 tuis

1999 2570 2261 2627 pauperes
2303 2567 2611 2625 vescantur,
2635 2569 2690 2621 et
2720 2560 2967 2618 Christus
3014 2564 3067 2619 in
3114 2564 3236 2618 illis.
3282 2564 3406 2618 Tria
3456 2573 3587 2620 sunt

2001 2664 2198 2719 genera
2227 2652 2692 2720 cleemosyuarum
2719 2670 2732 2712 :
2763 2669 2869 2707 una
2895 2654 3207 2724 corporalis,
3245 2646 3425 2724 egenti
3455 2656 3586 2710 dare

2000 2742 2263 2811 quidquid
2298 2744 2567 2812 potueris;
2596 2744 2763 2800 altera
2792 2746 3107 2814 spiritualis,
3141 2746 3411 2801 dimittere
3455 2747 3504 2802 ei
3551 2764 3585 2801 a

2000 2849 2109 2903 quo
2137 2835 2297 2890 lmsus.
2326 2835 2521 2901 fueris;
2555 2838 2713 2891 tertia
2756 2837 3160 2907 delinquentcm
3196 2840 3587 2909 corrigere,“

1999 2934 2247 2985 errantes
2278 2927 2332 2981 in
2365 2927 2505 2982 viam
2538 2927 2795 2984 reducere
2820 2929 3084 2984 veritatis.
3392 2954 3395 2957 η

2528 3053 2552 3087 a
2592 3040 2818 3096 CAPUT
2856 3039 3036 3095 XVIII.

2604 3153 2682 3208 De
2711 3155 2967 3208 castitate.

2073 3265 2306 3322 Castitas
2332 3265 2571 3339 angelica
2592 3274 2677 3322 est
2699 3268 2827 3322 vita.
2855 3266 3090 3323 Castitas
3110 3282 3233 3321 cum
3255 3264 3581 3331 humilitate,

2003 3356 2235 3426 Spiritus
2263 3359 2435 3413 sancti
2463 3359 2758 3413 merebitur
2783 3359 3193 3424 habitationem,
3220 3372 3380 3429 quem
3405 3357 3587 3429 expel-

2000 3445 2061 3500 lit
2089 3446 2427 3501 immunditia
2455 3448 2755 3513 libidinum,
2790 3449 3000 3503 dicente
3030 3447 3304 3517 Scriptura
3331 3467 3344 3500 :
3376 3446 3584 3515 Corpus

1999 3538 2238 3605 peccatis
2283 3538 2552 3592 subditum
2598 3536 2833 3607 Spiritus
2863 3546 3082 3593 sanctus
3107 3537 3324 3607 ell‘ugiet
3352 3533 3502 3607 (Sap.
3528 3551 3582 3603 ι,

2001 3627 2076 3693 5).
2112 3628 2347 3699 Membra
2369 3638 2553 3684 nostra
2584 3630 2694 3683 Deo
2725 3630 2924 3685 debent
2949 3645 3071 3686 esse
3093 3630 3297 3699 dicata,
3336 3643 3444 3683 non
3475 3626 3587 3683 for-

2001 3719 2279 3774 nicationi.
2308 3719 2558 3791 Opponat
2586 3721 2747 3775 homo
2778 3721 3048 3776 desiderio
3073 3721 3257 3776 carnis
3293 3735 3405 3775 suae
3429 3728 3587 3775 aeter-

2001 3825 2193 3865 norum
2257 3812 2501 3866 ﬂammas
2558 3820 2971 3866 tormentorum.
3026 3812 3324 3866 Assuesc'at
3364 3810 3585 3880 juvenis

1999 3904 2257 3969 castitati,
2288 3912 2347 3959 ut
2368 3905 2443 3959 sit
2468 3905 2662 3977 dignus
2690 3905 2952 3973 sapientia
2979 3905 3092 3959 Dei.
3121 3905 3219 3960 Ubi
3245 3905 3586 3960 immunditia

2000 4002 2085 4053 est
2108 3995 2373 4063 corporis,
2390 3995 2462 4048 ibi
2476 3994 2735 4049 habitatio
2758 3994 3004 4049 diabolici
3029 3996 3278 4065 Spiritus;
3303 3996 3395 4066 qui
3416 3995 3586 4051 maxi-

2000 4098 2087 4137 me
2122 4085 2319 4154 gaudet
2366 4085 2420 4138 in
2482 4085 2855 4155 iuquinatione
2901 4086 3082 4141 carnis
3129 4095 3346 4142 nostrae.
3383 4086 3585 4145 Omnes

1999 4176 2355 4231 immunditia:
2368 4175 2477 4231 Deo
2499 4175 2802 4245 displicent,
2831 4184 2887 4230 et
2912 4178 3148 4231 maxime
3169 4192 3289 4247 qua:
3316 4192 3423 4233 non
3456 4184 3588 4233 sunt

1998 4268 2290 4322 naturales.
2319 4268 2587 4323 Admonet
2616 4269 2796 4339 itaque
2834 4284 2931 4324 nos
2960 4269 3241 4340 Scriptura
3265 4278 3480 4338 sancta,
3504 4271 3581 4331 di-

1997 4374 2126 4414 cens
2155 4376 2167 4411 :
2200 4356 2327 4412 Post
2355 4358 2796 4428 concupiscentias
2822 4370 2939 4414 tuas
2970 4377 3072 4415 non
3098 4378 3186 4415 eas
3205 4401 3220 4426 ,
3252 4370 3301 4417 et
3336 4378 3371 4417 a
3393 4361 3581 4420 volun-

306 4420 510 4519 tatum,
541 4432 660 4486 qua:
690 4421 1047 4496 indigentibus
1075 4429 1430 4499 ministratur,
1464 4437 1518 4492 in
1551 4438 1767 4496 divitias
1791 4442 1897 4498 lar—
1928 4424 1978 4483 Ῐ)
2000 4458 2106 4501 tate
2133 4458 2224 4502 tua
2249 4458 2496 4503 avertere.
2528 4449 2591 4505 Si
2616 4460 2830 4521 pra'stes
2859 4452 3051 4507 anima:
3074 4463 3178 4507 tute
3203 4455 3576 4525 concupiscen-

303 4504 483 4577 gienti
534 4512 729 4565 transit
781 4522 1032 4571 aeternas.
1086 4519 1164 4575 Ita
1215 4525 1639 4585 misericordiam
1695 4531 1789 4589 Dei
1841 4545 1896 4590 et

304 4594 701 4668 indulgentiam
733 4614 1079 4673 peccatorum
1104 4620 1433 4683 nostrorum,
1470 4634 1763 4690 pauperum
1792 4626 1894 4679 mi-

302 4690 588 4745 seratione
629 4701 684 4747 et
725 4694 1079 4770 eleemosynis
1122 4720 1393 4762 meremur
1438 4728 1450 4763 :
1498 4714 1751 4780 quoniam
1799 4719 1894 4787 qui

303 4791 475 4832 suum
505 4780 575 4835 ab
604 4782 762 4853 inope
808 4802 912 4840 non
957 4793 1153 4847 avertit
1178 4796 1439 4862 animum,
1470 4801 1578 4854 cito
1604 4805 1669 4857 ad
1703 4822 1761 4861 se
1788 4780 1894 4863 Do-

300 4867 449 4923 mini
477 4876 749 4928 convertit
776 4879 1036 4943 auditum.
1068 4884 1276 4940 dicente
1307 4889 1533 4947 Domino
1558 4912 1570 4946 :
1597 4895 1776 4952 Estoze
1796 4900 1894 4953 mi-

299 4959 627 5027 sericordes,
658 4965 790 5018 sicut
822 4966 983 5023 Pater
1006 4984 1172 5027 vester
1199 4978 1491 5036 misericors
1518 4995 1591 5037 est
1621 4984 1770 5057 (Luc.
1806 5006 1857 5044 γι
1876 5032 1891 5056 ,

295 5051 427 5123 56).
471 5054 623 5121 Quod
661 5047 987 5118 reddituram
1020 5083 1077 5122 se
1112 5072 1380 5137 promittit
1420 5047 1660 5145 Veritas,
1704 5047 1893 5138 secura

296 5147 587 5215 expendat
611 5148 690 5221 [et
715 5153 934 5227 tribuat]
960 5159 1287 5218 humanitas.
1305 5166 1573 5224 Constans
1585 5181 1724 5238 esto,
1740 5172 1894 5229 Chri—

292 5236 490 5292 stiane
511 5238 754 5314 largitor,
783 5245 847 5299 da
875 5250 1017 5316 quod
1047 5252 1312 5321 accipias,
1360 5272 1481 5313 sere
1516 5263 1656 5330 quod
1687 5236 1888 5331 metas,

290 5338 509 5421 sparge
556 5333 703 5421 quod
753 5335 989 5406 colligas.
1039 5338 1155 5394 Noli
1226 5353 1467 5401 metuere
1521 5350 1888 5421 dispendium,

292 5414 423 5469 noli
448 5416 515 5473 de
536 5420 697 5475 dubio
721 5427 993 5496 suspirare
1014 5440 1297 5499 proventu.
1317 5414 1628 5492 Substantia
1655 5448 1739 5496 tua
1770 5414 1892 5498 cum

290 5506 455 5560 bene
487 5521 759 5580 erogatur,
800 5527 1041 5588 augetur.
1078 5523 1471 5589 Rpmunerator
1526 5539 1648 5589 tuus
1696 5534 1807 5599 vult
1846 5547 1896 5593 lc

2000 4544 2101 4597 tias
2151 4544 2285 4613 ejus,
2324 4544 2479 4614 faciet
2532 4556 2580 4600 te
2631 4547 2686 4600 in
2733 4548 2984 4618 gaudium
3006 4546 3232 4602 inimicis
3268 4547 3372 4602 tuis
3393 4545 3581 4603 venire

2002 4631 2022 4703 (
2029 4633 2072 4685 E
2076 4633 2189 4686 ccli.
2221 4650 2376 4699 xvm,
2404 4634 2493 4699 50,
2522 4635 2632 4707 51).
2660 4636 2789 4707 Ejus
2812 4653 3025 4708 quoque
3046 4638 3190 4693 modi
3213 4634 3468 4694 Salomon
3491 4653 3581 4693 sa.

1997 4724 2368 4793 pientissimus
2409 4726 2721 4795 proferebat
2766 4729 3062 4787 sententias
3115 4730 3182 4786 de
3213 4732 3456 4787 cavenda
3480 4730 3579 4797 im-

1999 4814 2261 4870 munditia
2292 4817 2505 4883 carnis,
2535 4817 2757 4875 dicens:
2790 4816 2839 4870 F
2842 4836 2969 4874 avus
3002 4819 3263 4877 distillans
3299 4821 3440 4876 labia
3474 4839 3580 4878 me-

1996 4906 2216 4970 retricis,
2241 4916 2288 4962 et
2315 4906 2532 4965 nitidius
2558 4906 2670 4960 oleo
2698 4918 2889 4977 guttur.
2902 4909 3036 4981 ejus.
3063 4911 3363 4969 Novissima
3400 4923 3577 4969 autem
3678 4904 3685 4909 ’

1992 4999 2135 5056 illius
2164 5016 2349 5054 amara
2375 4999 2528 5069 quasi
2549 4999 2889 5067 absinthium,
2917 5011 2966 5058 et
2994 5013 3149 5058 acuta
3177 5008 3329 5077 quasi
3366 5006 3576 5077 gladius

1995 5091 2182 5159 biceps.
2217 5086 2383 5142 Pedes
2409 5088 2522 5157 ejus
2549 5089 2864 5148 descendunt
2895 5092 2964 5147 ad
2993 5106 3213 5149 mortem
3230 5105 3321 5167 te!
3343 5096 3413 5149 ad
3442 5096 3576 5166 infe-

1995 5198 2080 5246 ros
2122 5198 2327 5251 gressus
2370 5181 2512 5237 illius
2551 5192 2839 5253 penetrant.
2880 5183 2985 5239 Per
3030 5189 3265 5253 semitam
3311 5189 3430 5241 vitae
3472 5206 3576 5243 non

1993 5270 2295 5334 ambulant,
2330 5272 2449 5349 vagi
2487 5281 2609 5327 sunt
2653 5290 2859 5341 gressus
2899 5276 3038 5345 ejus,
3077 5288 3126 5329 et
3172 5276 3571 5349 inuestigabiles.

1996 5359 2153 5413 Nunc
2174 5377 2315 5430 ergo,
2346 5362 2426 5430 ﬁli
2455 5363 2715 5427 mi,audi
2743 5381 2823 5418 me
2848 5404 2864 5439 η
2894 5374 2941 5418 et
2987 5382 3051 5419 ne
3080 5366 3289 5419 recedas
3327 5383 3359 5419 a
3404 5364 3573 5425 verbis

1995 5450 2100 5503 oris
2132 5451 2250 5504 mei.
2294 5450 2467 5521 Longe
2497 5451 2581 5519 fac
2608 5453 2671 5509 ab
2701 5469 2761 5514 ea
2790 5454 2901 5513 vias
2942 5463 3078 5515 tuas,
3108 5463 3157 5506 et
3185 5472 3248 5508 ne
3286 5456 3572 5525 appropin-

1995 5557 2119 5610 ques
2142 5541 2340 5613 foribus
2369 5542 2553 5599 domus
2578 5543 2689 5614 ejus
2712 5540 2892 5616 (Prov.
2919 5558 2968 5609 v,
2998 5543 3138 5616 5-8).
3166 5543 3279 5601 Hoc
3306 5544 3572 5616 siquidem

384 5651 413 5679 ⁸
450 5641 528 5696 Ex
579 5645 677 5702 hoc
726 5653 899 5725 capite
956 5654 1034 5715 18,
1075 5656 1334 5714 formatus
1375 5667 1455 5716 est
1504 5677 1679 5722 sermo
1724 5667 1784 5721 9|
1825 5667 1882 5721 S.
1924 5668 2056 5741 Aug.
