4044 6340
514 306 618 363 627

1314 305 1409 359 σθ.
1448 304 1510 359 F.
1551 301 1775 357 ALBlNl
1814 300 1946 360 seu
1982 276 2258 357 ALCUlNl
2297 274 2582 358 ornavit
2616 300 2795 358 esas
2834 298 2920 357 1v.

3668 259 3835 355 623'

513 435 622 476 non
640 417 813 477 solum
834 417 901 475 de
921 417 1264 473 meretricum
1284 414 1622 470 immunditia
1644 414 1798 478 dixit,
1812 412 1907 468 sed
1924 412 2089 466 etiam
2116 414 2168 473 Α
2182 411 2447 495 damnum
2469 412 2523 466 in
2552 413 2731 467 corde.
2757 412 2852 466 llis
2872 409 3123 466 omnibus
3149 408 3397 464 meliores
3417 408 3635 465 divitias
3651 426 3776 481 per-

512 510 581 565 de
608 509 755 567 omni
781 508 960 563 carnis
980 506 1436 577 concupiscentia,
1452 519 1570 573 quae
1583 504 1837 559 sollicitat
1856 498 2091 555 anima'm
2126 554 2137 561 κ
2158 520 2163 523 -

510 598 630 653 suis
658 597 964 652 consentire
984 594 1286 650 desideriis.
1316 592 1425 648 Sed
1450 593 1592 647 ratio
1619 592 1818 647 mentis
1845 589 2095 660 prohibe-

511 702 575 742 re
603 686 762 741 debet
795 686 1027 754 impetus
1050 685 1247 747 carnis,
1272 693 1329 738 et
1350 683 1626 738 refrenare
1653 683 1952 751 voluptates
1975 679 2093 749 ejus

511 776 747 846 iniquas.
777 775 907 833 Item
936 773 1023 828 ille
1042 774 1133 843 qui
1163 788 1323 842 supra
1342 814 1358 837 ,
1401 773 1695 842 prohibens
1742 770 2095 825 cohabitatio-

509 880 638 927 nem
668 864 1015 928 feminarum,
1049 862 1339 930 juvenibus
1384 862 1513 916 dicit
1537 879 1549 913 :
1578 859 1833 931 Nunquid
1860 860 2092 912 'abscou-

510 955 636 1008 dere
671 962 836 1023 potest
862 952 1014 1006 homo
1063 953 1234 1022 ignem
1272 952 1328 1004 in
1370 952 1491 1004 sinu
1533 965 1628 1003 suo
1652 989 1666 1014 ,
1698 958 1754 1001 ut
1784 949 2092 1001 vestimenta

506 1042 654 1099 illius
688 1059 793 1097 non
821 1042 1083 1097 ardeant?
1126 1043 1229 1095 Aut
1273 1041 1544 1095 ambulare
1589 1058 1748 1112 super
1773 1056 2001 1110 prunas,
2032 1048 2092 1093 ut

510 1149 617 1189 non
642 1132 1019 1195 comburantur
1058 1130 1255 1201 planta:
1280 1132 1415 1201 ejus.
1446 1130 1536 1186 Sic
1579 1131 1668 1201 qui
1701 1130 1996 1205 ingreditur
2018 1127 2090 1183 ad

508 1219 780 1276 mulierem
800 1221 1026 1289 proximi
1050 1221 1153 1283 sui,
1184 1236 1285 1274 non
1311 1221 1409 1274 erit
1435 1220 1691 1283 mundus,
1720 1235 1837 1272 cum
1867 1219 2090 1288 tetigerit

508 1325 624 1363 eam
652 1308 836 1378 (Prov.
866 1306 1176 1379 “,27-29).
1206 1309 1467 1364 Similiter
1491 1317 1546 1365 et
1575 1311 1765 1368 beatus
1786 1308 1981 1367 Paulus
2003 1308 2092 1369 ads

509 1407 694 1453 monet
722 1413 821 1453 nos
846 1399 1142 1468 apostolus,
1178 1399 1455 1468 inquiens:
1482 1399 1689 1454 Bonum
1717 1408 1791 1451 est
1819 1397 2088 1452 mulierem

508 1504 617 1541 non
642 1496 852 1559 tangere
877 1488 927 1559 (Ι
948 1486 1070 1542 Car.
1096 1504 1191 1555 vn,
1223 1489 1300 1554 l),
1329 1490 1483 1563 quasi
1515 1490 1697 1545 statim
1734 1489 1787 1547 in
1818 1497 1966 1543 tactu
2000 1504 2090 1558 pe—

512 1576 738 1632 riculum
774 1586 937 1632 esset.
965 1578 1192 1633 Pulchra
1219 1587 1303 1633 est
1329 1588 1480 1634 casta
1509 1578 1769 1646 juvenum
1797 1580 2080 1649 pudicitia,

508 1679 566 1724 et
592 1669 702 1724 Deo
732 1669 998 1735 amabilis,
1030 1678 1087 1724 et
1110 1670 1179 1724 ad
1203 1684 1365 1724 omne
1390 1670 1593 1725 bonum
1620 1669 1788 1723 utilis.
1816 1669 1916 1736 Qui
1947 1670 2086 1725 ﬁlios

2190 500 2393 567 didisti,
2421 502 2474 557 id
2495 512 2599 568 est,
2625 502 2803 568 ﬁdem,
2828 510 2881 557 et
2900 500 3185 569 justitiam,
3218 509 3273 555 et
3295 500 3639 559 dilectionem
3674 500 3778 557 Dei

2189 600 2246 646 et
2264 593 2512 661 proximi.
2528 593 2760 650 Lucrum
2786 602 2936 649 tuum
2959 593 3185 662 cogitas,
3209 591 3464 647 damnum
3488 600 3639 645 tuum
3662 598 3775 647 non

2190 679 2520 733 consideras.
2549 679 2605 734 Si
2634 681 2758 735 huic
2782 680 2934 734 lucro
2963 681 3197 751 gaudes,
3239 695 3406 749 quare
3433 679 3522 734 illa
3556 681 3780 750 perdita

2189 782 2298 822 non
2327 768 2572 838 plangis?
2592 768 2720 827 Plus
2745 784 2873 839 ergo
2894 770 3177 843 perdidisti
3202 786 3362 840 quam
3399 771 3706 840 acquisisti.
3731 770 3779 826 0

2190 859 2360 924 dives,
2375 861 2520 931 rapis
2538 876 2637 931 per
2661 861 2955 930 potentiam
2984 861 3125 929 quod
3149 860 3242 914 tibi
3266 860 3442 930 placet
3461 861 3691 927 habere,
3722 870 3782 916 et

2188 951 2370 1020 perdis
2397 966 2496 1020 per
2520 950 2839 1020 injustitiam
2870 952 3013 1020 quod
3042 959 3093 1009 te
3116 950 3259 1005 Deus
3292 950 3406 1004 vult
3440 940 3645 1006 habere
3665 991 3682 1016 ,
3725 952 3781 1006 id

2189 1050 2303 1105 est,
2355 1040 2742 1097 beatitudinem
2776 1041 3183 1109 sempiternam.
3235 1038 3291 1094 Si
3340 1041 3517 1094 omnis
3564 1038 3655 1093 fur
3690 1039 3781 1094 vel

2190 1138 2377 1199 raptor
2419 1130 2601 1184 lumen
2640 1129 2918 1184 oculorum
2960 1129 3286 1198 perdidisset
3315 1129 3540 1191 infurto
3570 1130 3659 1185 vel
3690 1146 3783 1184 ra-

2189 1220 2346 1287 pina,
2378 1218 2621 1290 nunquid
2663 1229 2848 1289 postea
2888 1219 3091 1273 furtum
3125 1218 3343 1275 fecisset
3374 1220 3459 1275 vel
3489 1222 3784 1291 rapinam?

2191 1309 2259 1367 Et
2296 1308 2491 1372 nescit,
2540 1309 2683 1379 quod
2718 1309 2772 1361 in
2803 1307 3067 1375 ejusmodi
3108 1317 3328 1380 peccato
3365 1308 3549 1364 lumen
3596 1309 3785 1378 perdit

2190 1399 2389 1463 cordis,
2416 1399 2557 1468 quod
2579 1398 2771 1454 melius
2798 1407 2882 1453 est
2900 1400 3049 1453 omni
3071 1399 3274 1453 lumine
3301 1401 3565 1470 corporis.
3581 1400 3782 1471 Magis,

2189 1504 2371 1553 avare,
2399 1489 2466 1543 da
2488 1490 2810 1559 pauperibus
2832 1490 2973 1559 quod
2996 1489 3182 1555 habes,
3200 1497 3261 1543 ut
3283 1490 3526 1544 invenias
3554 1490 3610 1543 in
3633 1492 3785 1547 caelo

2189 1583 2330 1652 quod
2351 1584 2543 1643 dedisti
2570 1584 2623 1638 in
2648 1593 2815 1645 terra.
2832 1583 2970 1651 Quid
2997 1585 3155 1641 times
3175 1587 3457 1655 pecuniam
3480 1593 3628 1639 tuam
3652 1602 3785 1655 per-

2189 1673 2337 1739 dere,
2366 1682 2554 1730 etnon
2588 1674 2746 1729 times
2780 1683 2843 1728 ut
2870 1682 3014 1729 totus
3038 1675 3261 1745 pereas?
3285 1674 3390 1729 Pro
3412 1676 3785 1745 acquisitione

508 1761 672 1823 habet
695 1761 1021 1835 spirituales,
1058 1761 1140 1815 vel
1170 1761 1435 1827 carnales,
1464 1762 1669 1815 nutriat
1694 1762 1813 1821 illos
1840 1764 1894 1816 in
1919 1763 2087 1817 casti-
2116 1778 2166 1841 Β
2189 1768 2430 1836 pecuniae
2459 1766 2651 1822 falsum
2680 1768 3050 1822 testimonium
3089 1767 3253 1832 dicis,
3294 1768 3576 1834 mentiris,
3626 1769 3789 1838 rapis.

507 1859 619 1906 tate
648 1850 778 1916 Deo,
809 1866 915 1906 non
953 1852 1007 1904 in
1045 1850 1401 1908 fornicatione
1437 1849 1667 1905 diabolo.
1702 1850 1839 1917 Quid
1868 1851 2090 1920 prodest

505 1942 710 2001 homini
735 1941 905 2004 lilium
926 1943 1147 2007 habere,
1174 1944 1401 2007 nutrire,
1425 1957 1629 2007 amare,
1652 1943 1698 1997 si
1725 1944 1942 1998 aeternis
1963 1957 2086 1997 eum

503 2031 707 2091 nutriet
730 2033 1047 2089 tormentis?
1067 2032 1168 2099 Qui
1192 2033 1246 2087 in
1283 2032 1530 2089 castitate
1548 2033 1757 2097 vivunt,
1788 2031 2084 2102 angelicam

504 2121 708 2183 habent
742 2123 799 2177 in
836 2118 997 2178 terris
1032 2123 1521 2178 conversationem.
1550 2120 1788 2177 Castitas
1811 2122 2086 2176 hominem

503 2212 643 2269 caelo
663 2213 961 2285 conjungit,
977 2214 1182 2285 angelis
1209 2213 1338 2268 facit
1360 2214 1658 2267 concivem.
1685 2212 1788 2279 Qui
1810 2213 2086 2267 mulierem

503 2302 671 2358 habet
694 2302 1013 2374 legitimam,
1053 2303 1291 2374 legitime
1324 2310 1509 2357 utatur
1535 2318 1598 2356 ea
1625 2302 1957 2375 temporibus
1990 2318 2087 2373 op-

500 2392 773 2463 portunis,
800 2402 864 2448 ut
895 2393 1327 2451 benedictionem
1358 2400 1630 2447 mereatur
1659 2391 1891 2447 filiorum
1920 2408 1952 2447 a
1974 2392 2086 2447 Deo

503 2482 766 2556 recipere.
796 2482 965 2538 Nemo
993 2483 1137 2539 dicat
1162 2500 1189 2537 a
1222 2482 1575 2539 fornicatione
1601 2498 1660 2537 se
1684 2483 1956 2543 custodire
1974 2497 2085 2538 non

500 2585 683 2644 posse.
728 2570 927 2627 Fidelis
958 2583 1033 2628 est
1052 2574 1195 2635 enim
1216 2573 1380 2639 Deus,
1407 2574 1540 2629 dicit
1561 2574 1751 2629 beatus
1771 2574 2081 2644 Apostolus,

474 2663 595 2743 qui
625 2679 729 2717 non
749 2664 999 2733 permittit
1026 2680 1119 2719 nos
1144 2666 1337 2719 tentari
1369 2680 1531 2735 supra
1570 2664 1645 2729 id,
1695 2666 1833 2736 quod
1876 2675 2085 2736 portare

500 2768 607 2817 non
631 2752 753 2825 [Ms.
786 2754 936 2808 omit.
973 2754 1100 2826 non]
1130 2772 1406 2826 possumus
1432 2768 1451 2805 :
1479 2755 1569 2809 sed
1601 2755 1757 2824 faciet
1785 2756 1942 2809 etiam
1964 2771 2083 2816 cum

500 2832 789 2911 tentatione
818 2854 1124 2915 proventum
1149 2844 1195 2917 (I
1230 2844 1353 2900 Cor.
1395 2861 1450 2909 x,
1480 2844 1591 2914 15).
1623 2843 1768 2899 Talis
1794 2844 2083 2913 unicuique

500 2936 706 2996 homini
732 2938 959 2991 tentatio
984 2937 1163 3003 datur,
1188 2937 1301 2995 sive
1331 2938 1386 2991 in
1425 2936 1605 2993 carnis
1641 2936 1937 3000 desiderio,
1967 2935 2083 2989 sive

499 3024 559 3085 in
597 3024 893 3085 ambitione
930 3025 1131 3090 saeculi,
1168 3025 1254 3079 vel
1280 3024 1519 3079 etiamid
1551 3039 1875 3094 quacunque
1902 3032 2081 3083 tenta-

2188 1859 2384 1914 aliena.
2434 1858 2611 1926 Juras,
2663 1858 2929 1930 perjuras,
2979 1875 3098 1929 quae
3148 1860 3233 1915 lex
3284 1869 3446 1915 vetat.
3482 1859 3618 1915 Cum
3660 1862 3785 1915 haec

2185 1955 2367 2008 omnia
2403 1953 2537 2009 facis
2562 1993 2578 2021 ,
2628 1968 2797 2025 quare
2834 1968 2943 2008 non
2971 1954 3163 2017 times,
3201 1967 3270 2005 ne
3314 1961 3459 2007 totus
3483 1955 3684 2007 ardeas
3724 1954 3782 2008 in

2185 2048 2481 2101 aeternum?
2506 2046 2633 2112 Cur,
2659 2062 2842 2111 avare,
2873 2045 2993 2115 plus
3020 2061 3172 2100 amas
3204 2060 3426 2111 aurum,
3455 2061 3621 2115 quam
3660 2047 3785 2100 ani-

2184 2138 2364 2192 mam?
2392 2137 2530 2203 Quid
2555 2139 2699 2193 enim
2723 2139 2955 2209 proderit
2983 2139 3094 2202 tibi,
3116 2138 3162 2192 si
3188 2138 3441 2191 mundum
3469 2139 3783 2192 universum

2185 2224 2441 2292 lucreris,
2497 2228 2687 2279 animle
2749 2234 2926 2280 autem
2976 2235 3082 2280 tute
3138 2226 3501 2279 detrimentum
3547 2224 3783 2296 patiaris

2186 2315 2399 2387 (Matth.
2431 2332 2543 2381 xvi,
2569 2316 2697 2387 26)?
2727 2317 2794 2371 Et
2824 2318 2939 2386 ipse
2967 2316 3227 2379 Dominus
3252 2316 3382 2376 dicit
3423 2317 3479 2370 in
3519 2317 3782 2386 Evange-

2183 2407 2258 2467 lio
2287 2425 2299 2461 :
2329 2405 2513 2462 Cavete
2541 2408 2605 2461 ab
2635 2410 2776 2461 omni
2804 2408 3053 2472 avaritia,
3084 2409 3208 2479 quia
3236 2425 3338 2462 non
3361 2408 3417 2461 in
3440 2408 3779 2462 abundantia

2184 2502 2499 2573 cujusquam
2520 2502 2623 2556 vita
2646 2503 2780 2568 ejus,
2807 2519 2923 2574 qua:
2939 2504 3167 2574 possidet
3196 2502 3346 2574 (Luc.
3370 2518 3469 2568 xu,
3498 2503 3609 2574 l5).
3628 2502 3783 2557 Nun-

2183 2596 2312 2666 quid
2340 2611 2449 2650 non
2480 2596 2675 2652 divites
2719 2598 2968 2653 similiter
3006 2600 3334 2664 moriuntur,
3364 2601 3506 2654 sicut
3548 2607 3604 2654 et
3637 2615 3781 2669 pau-

2184 2686 2377 2756 peres?
2404 2685 2521 2740 Non
2546 2688 2803 2756 prodesse
2839 2698 3065 2757 possunt
3095 2690 3293 2744 divitiae
3323 2690 3377 2744 in
3405 2690 3492 2745 die
3520 2690 3776 2755 ultionis,

2184 2792 2288 2832 nec
2321 2777 2629 2833 liberabunt'
2668 2779 2806 2835 male
2849 2788 3062 2835 utentes
3109 2780 3241 2854 (AL,
3297 2780 3565 2850 viventes]
3611 2781 3701 2835 eis
3740 2796 3774 2834 a

2182 2867 2361 2936 ptenis
2396 2867 2756 2936 sempiternis.
2795 2868 2938 2923 Nihil
2983 2877 3066 2923 est
3108 2885 3274 2925 avaro
3317 2870 3639 2933 scelestius,
3679 2869 3779 2939 qui

2185 2957 2421 3011 animam
2457 2972 2611 3011 suam
2637 2957 2798 3032 habet
2830 2959 3072 3014 venalem
3100 2974 3197 3029 pro
3233 2960 3525 3030 cupiditate
3562 2960 3760 3014 divitia

2184 3060 2322 3099 rum.
2355 3044 2595 3103 Avaritia
2625 3048 2843 3111 modum
2881 3049 3119 3119 ignorat,
3155 3058 3212 3108 et
3242 3066 3363 3104 cum
3395 3051 3579 3105 omnia
3608 3050 3775 3104 devo-

498 3113 664 3169 tionis
692 3113 959 3213 τηοίίξδίξθν
992 3116 1215 3213 qualem.
1235 3124 1328 3170 aut
1364 3131 1488 3169 cum
1514 3116 1677 3213 Ῑξιυδξ
1702 3117 1954 3213 "inferev
1988 3124 2083 3213 3}“
2108 3114 2154 3176 ο
2184 3146 2297 3204 ret,
2345 3141 2519 3194 nescit
2543 3141 2757 3210 penitus
2800 3113 2987 3195 satiari
3016 3141 3169 3213 (Ma,
3195 3141 3474 3213 saturari].
3504 3141 3776 3197 Esuriens

471 3216 626 3264 .cum
648 3203 937 3282 opprobrio
978 3204 1331 3258 succumbere
1373 3205 1589 3280 poterit.
1638 3204 1901 3260 Omnibus
1937 3206 2083 3260 enim

499 3292 724 3348 eastilas
746 3307 957 3363 semper
984 3295 1291 3349 necessaria
1314 3304 1417 3360 est,
1448 3296 1542 3350 sed
1562 3296 1796 3356 maxime
1815 3298 2083 3355 ministris
2109 3296 2122 3311 '

501 3380 703 3435 Christi
729 3382 933 3447 altaris,
966 3398 1193 3453 quorum
1217 3385 1327 3439 vita
1349 3384 1577 3440 aliorum
1615 3386 1777 3442 debet
1809 3401 1930 3443 esse
1956 3403 2084 3451 eru-

499 3471 656 3538 ditio,
685 3481 741 3527 et
764 3474 981 3528 assidua
1004 3474 1191 3537 salutis
1217 3477 1545 3551 praedicatio.
1574 3476 1731 3537 Tales
1760 3478 1905 3533 enim
1927 3480 2084 3539 decet

499 3562 783 3627 Dominum
813 3564 1014 3620 habere
1042 3565 1349 3632 ministros,
1375 3569 1464 3638 qui
1505 3568 1648 3623 nulla
1687 3570 1865 3623 carnis
1901 3580 2083 3626 conta.

501 3652 661 3722 gione
699 3652 862 3725 [Ms.,
898 3654 1107 3709 nullo...
1151 3657 1437 3729 contagio]
1483 3668 1929 3728 corrumpantur;
1986 3662 2081 3715 sed

497 3742 677 3809 potius
702 3744 1035 3800 continentia
1062 3746 1329 3805 castitatis
1359 3746 1680 3814 splendeant
1704 3756 1761 3803 et
1794 3749 1956 3805 totius
1984 3749 2081 3806 bo-

496 3832 727 3895 nestatis
758 3832 995 3904 fulgeant
1019 3835 1073 3888 in
1109 3835 1305 3905 populo
1335 3836 1618 3906 exemplis.

984 3966 1145 4045 133
1181 3966 1407 4023 CAPUT
1449 3966 1591 4027 xnx.

1002 4082 1081 4134 De
1101 4080 1290 4149 fraude
1312 4081 1564 4135 cavenda.

566 4216 824 4275 Dominus
849 4216 984 4285 ipse,
1008 4214 1099 4295 qui
1126 4230 1224 4273 nos
1248 4214 1511 4285 benignos
1533 4214 1785 4270 admonet
1803 4216 1868 4269 de
1894 4224 2077 4271 nostra

495 4307 798 4363 substantia
825 4306 1153 4375 pauperibus
1174 4314 1228 4361 et
1254 4307 1468 4361 miseris
1498 4322 1619 4361 esse
1643 4348 1657 4371 ,
1691 4306 1937 4375 prohibet
1978 4324 2077 4362 nos

482 4395 565 4449 ab
600 4394 746 4453 omni
792 4395 1015 4447 avaritia
1068 4403 1123 4457 et
1165 4393 1365 4461 injusta
1417 4396 1659 4464 pecunia:
1701 4397 2070 4466 acquisitione.

2186 3240 2399 3296 semper
2425 3235 2480 3282 et
2507 3229 2663 3298 inops
2688 3238 2790 3284 est.
2817 3228 3027 3285 Avarus
3054 3231 3137 3284 vir
3167 3230 3384 3287 inferno
3422 3239 3507 3286 est
3550 3228 3771 3293 similis,

2138 3338 2139 3341 η
2184 3317 2277 3388 qui
2306 3333 2585 3396 nunquam
2609 3318 2877 3390 impletur.

2783 3449 3010 3505 CAPUT
3036 3447 3154 3505 XX.

2760 3562 2837 3617 De
2893 3563 3185 3633 judicibus.

2249 3673 2437 3729 Omnis
2465 3676 2555 3745 qui
2583 3683 2731 3730 recte
2753 3674 2980 3743 judicat,
3012 3685 3269 3730 stateram
3302 3675 3354 3728 in
3382 3690 3548 3729 manu
3571 3682 3769 3744 gestat.

2179 3762 2237 3819 In
2270 3774 2500 3835 utroque
2531 3780 2692 3820 sensu
2729 3764 2881 3837 [Ms.,
2922 3766 3112 3837 pensu]
3150 3765 3419 3836 justitiam
3460 3776 3516 3820 et
3556 3766 3773 3821 miseri-

2180 3855 2420 3910 cordiam
2450 3863 2668 3924 portat:
2706 3863 2765 3909 ut
2798 3871 2896 3929 pro
2924 3855 3133 3923 justitia
3166 3857 3357 3911 reddat
3378 3857 3623 3925 peccatis
3647 3871 3771 3911 sen—

2179 3947 2404 4000 tentiam
2434 3961 2532 4016 pro
2557 3948 2921 4001 misericordia
2963 3947 3170 4016 peccati
3220 3954 3481 4015 temperet
3521 3961 3764 4016 poenam.

2179 4037 2432 4105 Qumdam
2460 4054 2587 4092 vero
2622 4045 2749 4093 sunt
2775 4054 2803 4093 a
2823 4038 3005 4106 judice
3030 4038 3171 4092 bono
3195 4054 3293 4107 per
3312 4037 3626 4107 aequitatem
3656 4052 3769 4091 cor-

2180 4131 2419 4201 rigenda,
2446 4132 2689 4199 quzedam
2702 4147 2799 4200 per
2823 4131 3243 4185 misericordiam
3261 4128 3608 4199 indulgenda.
3636 4128 3767 4182 Sine

2176 4234 2531 4289 personarum
2570 4221 2885 4289 acceptione
2939 4219 3137 4273 debent
3177 4233 3296 4272 esse
3340 4215 3566 4284 judicia.
3623 4216 3769 4271 Nihil

2176 4311 2320 4364 enim
2346 4310 2580 4380 iniquius
2606 4319 2710 4374 est,
2737 4325 2900 4379 quam
2925 4323 3150 4362 munera
3176 4309 3418 4377 accipere
3439 4308 3493 4361 in
3509 4305 3763 4374 iudiciis:

2178 4400 2304 4469 quia
2340 4417 2560 4453 munera
2605 4410 2869 4454 exca'cant
2918 4400 3079 4454 corda
3117 4399 3262 4471 [Ms.,
3295 4397 3497 4469 oculos]
3534 4400 3765 4467 pruden-

497 4486 597 4553 Qui
625 4501 755 4539 vero
783 4486 859 4539 ait
884 4503 895 4537 ε
922 4484 1000 4538 De
1032 4485 1192 4553 justis
1227 4485 1491 4539 laboribus
1535 4488 1639 4540 tuis
1675 4488 1759 4556 [ac
1802 4488 2076 4559 cleemosy-
2103 4460 2155 4520 θ
2180 4460 2329 4555 tium,
2350 4500 2395 4544 et
2418 4490 2713 4545 subvertant
2741 4492 2899 4549 corda
2927 4491 3073 4562 [Ms.,
3097 4460 3557 4561 verbaljustorum
3583 4490 3763 4560 (Deut.

496 4593 620 4631 nam
651 4575 801 4648 (Τοῦ.
845 4591 919 4642 ιν,
947 4575 1021 4647 7),
1049 4576 1164 4644 ipse
1194 4590 1292 4645 per
1316 4575 1615 4644 apostolum
1643 4592 1800 4631 suum
1825 4578 2075 4633 hortatur

494 4680 627 4731 nos,
678 4666 867 4721 dicens
913 4684 927 4721 ξ
972 4664 1151 4719 Nolite
1197 4664 1439 4735 fraudem
1486 4664 1658 4734 facere
1698 4664 1862 4736 [Ms.,
1916 4668 2075 4724 nolite

494 4756 768 4830 fraudare]
795 4757 1011 4817 invicem
1039 4756 1230 4826 (Marc.
1256 4772 1310 4820 Χ,
1336 4755 1441 4827 l9).
1483 4756 1583 4823 Qui
1621 4755 1806 4811 fraude
1840 4757 2077 4827 qualibet

436 4916 445 4923 '
494 4848 701 4919 aliquid
732 4848 1075 4917 acquisierit,
1122 4846 1300 4916 perdit
1344 4843 1611 4915 justitiam
1666 4852 1721 4899 et
1763 4848 2072 4915 tequitatem

490 4939 647 5014 [Με.,
666 4938 890 5011 justitia:
919 4938 1268 5009 :equitatemj.
1302 4937 1396 4991 Dic
1423 4952 1607 5001 avare,
1638 4936 1722 4991 dic
1745 4938 1955 5007 cupide,
1988 4937 2074 4992 die

491 5034 776 5099 scelerate,
815 5033 942 5103 quid
974 5032 1286 5102 acquisisti?
1328 5030 1491 5091 Forte
1539 5031 1714 5087 dicis:
1742 5031 1947 5085 Aurum
1984 5046 2073 5086 ac-

490 5125 725 5197 quisivi?
758 5132 813 5180 et
845 5139 1029 5179 verum
1066 5123 1221 5177 dicis.
1261 5123 1401 5177 Ecce
1436 5138 1627 5177 aurum
1667 5122 1946 5193 acquisisti
1976 5136 2074 5192 per

490 5210 770 5278 liandem,
802 5221 857 5272 et
901 5212 1058 5267 fidem
1093 5212 1371 5281 perdidisti
1407 5228 1506 5282 per
1540 5211 1877 5281 injustitiam.
1923 5211 1980 5266 Si
2016 5212 2081 5281 in.

490 5316 733 5361 mercato
774 5306 932 5361 fidem
980 5304 1251 5359 invenires
1284 5305 1530 5360 venalem
1560 5323 1572 5359 :
1604 5305 1648 5359 si
1684 5305 1857 5359 bonus
1888 5318 2068 5368 esses,

492 5398 764 5467 quomodo
830 5411 1204 5466 comparasscs
1256 5394 1423 5471 [Ms.,
1484 5395 1862 5468 comparares]
1917 5399 2073 5454 eam?

492 5489 673 5554 Quare
695 5504 803 5543 non
832 5488 987 5543 times
1014 5490 1239 5559 perdere
1270 5503 1331 5542 ea
1351 5529 1364 5551 ,
1390 5503 1512 5557 quae
1537 5485 1687 5558 [Ms.,
1713 5502 1856 5552 eam,
1884 5489 2068 5562 quam]

492 5585 548 5633 te
573 5579 716 5635 Deus
746 5579 915 5634 voluit
957 5580 1155 5635 habere
1190 5579 1243 5635 in
1286 5579 1482 5634 corde?
1522 5577 1728 5632 Aurum
1775 5579 1946 5634 habes
1985 5583 2073 5637 vel

492 5678 804 5741 argentum,
854 5671 937 5731 vel
990 5670 1131 5729 aliud
1181 5669 1308 5741 quid
1359 5669 1647 5740 pretiosius
1692 5670 1744 5725 in
1780 5685 1937 5736 area;
1977 5672 2069 5726 sed

2180 4600 2291 4648 xvi,
2320 4582 2428 4653 19).
2458 4582 2526 4636 In
2552 4600 2654 4653 quo
2678 4584 3059 4653 enimjudicio,
3085 4582 3215 4636 dicit
3238 4581 3528 4643 Dominus,
3550 4580 3767 4649 judica-

2170 4662 2332 4739 bitis;
2354 4673 2680 4744 judicabitur
2707 4673 2814 4745 [de]
2844 4674 2985 4727 vobis
3010 4672 3224 4745 (Matth.
3248 4687 3353 4734 vn,
3388 4670 3469 4740 2).
3511 4669 3764 4739 Quapro-

2180 4771 2299 4835 pter
2317 4762 2480 4832 judex
2509 4763 2675 4819 Deum
2697 4764 2932 4833 judicem
2962 4765 3170 4826 timeat,
3198 4778 3265 4816 ne
3304 4761 3444 4815 forte
3480 4761 3590 4814 Deo
3618 4760 3766 4829 judi-

2181 4862 2338 4908 cante
2365 4854 2669 4909 damnetur.
2705 4855 2804 4921 Qui
2832 4856 3148 4915 innocentes
3182 4856 3419 4915 damnat,
3448 4851 3536 4906 vel
3567 4852 3763 4920 impios

2170 4940 2438 5011 justilicat
2488 4959 2589 5015 pro
2642 4946 2987 5011 muneribus;
3040 4946 3125 5000 vel
3168 4944 3459 5013 cujuslibet
3510 4959 3766 5013 persona

2177 5049 2360 5088 amore
2392 5033 2476 5089 vel
2507 5035 2629 5091 odio
2655 5034 2861 5107 [inique
2898 5036 3135 5105 judicat,
3167 5038 3221 5091 in
3262 5036 3356 5091 Dei
3391 5034 3603 5103 judicio
3637 5035 3765 5089 vin-

2176 5125 2375 5180 dictam
2401 5125 2730 5199 sustinebit].
2749 5126 2916 5181 Nemo
2936 5128 3239 5197 principum
3255 5127 3450 5183 stultos
3462 5126 3548 5180 vel
3562 5125 3765 5195 impro-

2175 5215 2272 5269 bos
2296 5213 2503 5285 judices
2534 5230 2733 5283 ponere
2759 5215 2937 5270 debet.
2965 5216 3096 5271 Nam
3130 5215 3323 5271 stultus
3353 5231 3453 5285 per
3484 5215 3765 5286 ignaviam

2177 5305 2688 5377 iguoratjustitiam,
2726 5307 3002 5377 improbus
3042 5318 3220 5364 autem
3265 5324 3362 5378 per
3399 5308 3764 5376 cupiditatem

2174 5400 2436 5453 subvertit
2466 5400 2637 5470 ipsam
2666 5415 2830 5470 quam
2874 5399 3063 5454 didicit
3102 5400 3407 5453 veritatem.
3452 5394 3599 5450 Peue
3645 5412 3769 5466 grao

2171 5491 2292 5545 vius
2315 5490 2619 5545 lacerantur
2644 5507 2908 5562 pauperes
2938 5506 2966 5545 a
2993 5493 3173 5559 pravis
3197 5490 3501 5558 iudicibus,
3531 5504 3695 5558 quam
3728 5502 3763 5540 a

2173 5580 2563 5637 cruentissimis
2595 5582 2857 5636 hostibus.
2883 5582 3068 5635 Nullus
3088 5582 3230 5636 enim
3252 5581 3433 5652 prmdo
3472 5588 3582 5634 tam
3606 5579 3764 5647 cupi-

2172 5667 2273 5725 dus
2298 5670 2351 5725 in
2384 5670 2593 5738 alienis,
2634 5687 2795 5742 quam
2830 5672 2992 5743 judex
3021 5674 3235 5745 iniquus
3264 5674 3316 5728 in
3356 5672 3488 5728 suis.
3534 5669 3767 5738 Pejores
