4044 6340
324 296 429 353 029

1123 278 1445 349 mensus.
1485 319 1556 332 -
1591 262 1791 343 LIBER
1826 286 1913 343 ne
1951 284 2371 343 vmrurmus
2397 285 2485 340 ενι
2526 283 2744 341 virus.

3454 286 3563 342 650

323 424 451 475 sunt
486 411 952 481 hostibusjudices
971 410 1160 481 iniqui.
1193 410 1387 466 Hostes
1409 425 1549 481 szepe
1576 409 1699 479 fuga
1723 408 1895 463 vitau-
1921 408 1968 469 Α
1990 402 2374 477 judicabantur
2399 420 2429 458 a
2458 405 2633 460 bonis.
2687 404 2839 475 Saepe
2869 403 3032 459 ctiam
3062 412 3116 460 et
3141 380 3231 462 hic
3256 404 3385 461 boni
3435 405 3568 463 infe-

322 516 413 562 tur
438 505 678 575 :judices
698 501 872 576 [vero]
901 510 1121 573 propter
1144 503 1439 572 potentiam
1458 500 1617 573 effugi
1643 515 1749 555 non
1770 508 1893 569 pos-

323 603 482 661 sunt,
516 594 607 664 qui
637 593 848 648 divitias
870 599 927 648 et
962 592 1161 646 civium
1190 592 1540 661 oppressione
1564 603 1894 661 congregare

322 686 562 742 student.
589 680 1115 753 Aliquoties-judices
1145 681 1270 735 boni
1298 681 1577 737 ministros
1607 680 1766 751 139
1800 681 1895 734 ha-

321 776 456 833 bent
481 789 722 845 rapaces,
746 789 972 843 quorum
996 774 1202 828 scelere
1233 773 1669 843 coinquinantur,
1702 773 1761 826 si
1786 787 1894 827 non

321 865 611 936 prohibent
632 865 978 933 rapacitatem
1006 863 1240 919 illorum.
1263 863 1329 917 Hi
1359 864 1411 916 in
1447 864 1637 919 alienis
1670 870 1898 933 pereunt

319 956 560 1026 peccatis
577 996 591 1018 ,
613 955 737 1023 quia
764 971 867 1008 non
893 953 1060 1007 solum
1080 995 1094 1019 ,
1126 963 1189 1009 ut
1214 955 1459 1025 egregius
1491 953 1680 1008 mundi
1710 953 1897 1007 doctor

312 1043 421 1108 ait,
447 1044 536 1115 qui
567 1043 789 1113 faciunt,
819 1043 909 1097 sed
936 1043 1024 1113 qui
1047 1044 1372 1098 consentiunt
1400 1041 1730 1112 facientibus,
1750 1041 1896 1111 digni

316 1133 614 1201 efficiuntur
638 1142 800 1195 nunc
826 1143 1072 1203 perpetua
1101 1131 1276 1203 (Rom.
1301 1149 1339 1197 ι,
1364 1131 1476 1202 ⁸52).
1504 1130 1658 1201 Saepe
1688 1129 1896 1199 iudices

315 1221 471 1294 pravi
504 1221 813 1290 cupiditatis
837 1235 1001 1275 causa
1034 1229 1125 1275 aut
1146 1220 1434 1285 diﬂ'erunt,
1460 1229 1551 1273 aut
1583 1224 1899 1288 pervertunt

308 1308 535 1378 judicia.
562 1310 672 1365 Nec
693 1308 887 1364 finiunt
922 1324 1135 1373 causas,
1171 1323 1453 1381 quousque
1484 1307 1686 1362 saeculi
1708 1321 1897 1361 eorum

315 1398 665 1467 inpleantur.
695 1398 917 1465 Quando
941 1399 1084 1453 enim
1111 1397 1384 1465 iudicant,
1412 1412 1519 1451 non
1545 1412 1740 1477 causas
1758 1438 1781 1461 ,
1802 1395 1899 1450 sed

313 1490 459 1544 dona
512 1489 876 1546 considerant.
929 1489 1146 1545 Iudices
1189 1493 1385 1560 praei,
1416 1489 1569 1558 juxta
1616 1488 1900 1558 Propheta:

312 1581 564 1646 verbum,
592 1582 741 1652 quasi
772 1581 883 1651 lupi
902 1598 1107 1650 vespere
1136 1594 1153 1632 :
1188 1598 1290 1634 non
1329 1581 1625 1650 re'inquunt
1658 1581 1712 1633 in
1746 1596 1898 1633 mane

311 1670 574 1741 (Sapiam.
615 1688 674 1726 ιιι
700 1711 714 1735 ,
751 1671 837 1738 3),
877 1673 979 1725 hoc
1011 1680 1126 1736 est,
1159 1670 1225 1726 de
1265 1671 1549 1741 praesentis
1580 1672 1704 1731 vita:
1745 1685 1895 1726 com-

311 1761 489 1817 modo.
510 1769 721 1816 tantum
746 1762 999 1837 cogitant,
1027 1762 1092 1816 de
1115 1760 1295 1816 futuro
1328 1770 1510 1815 autem
1535 1762 1668 1815 nihil
1697 1779 1709 1814 :
1746 1761 1896 1831 lupo-
1925 1751 1973 1813 Β

311 1865 433 1911 rum
464 1866 617 1905 more
638 1860 832 1905 cuncta
856 1850 1150 1921 rapientes,
1183 1860 1240 1906 et
1272 1851 1359 1904 vix
1384 1850 1709 1920 pauperibus
1730 1865 1901 1921 pauca

319 1940 715 2009 relinquentes.
742 1941 1038 1996 Iracundus
1073 1941 1235 2011 judex
1266 1940 1451 2010 judicii
1485 1956 1712 1997 examen
1745 1942 1902 2017 plene

311 2033 561 2089 contueri
592 2047 699 2087 non
723 2034 886 2098 valet,
929 2035 1053 2103 quia
1089 2035 1321 2104 caligine
1364 2034 1563 2088 furoris
1608 2050 1716 2089 non
1756 2035 1902 2089 videt

309 2127 616 2183 claritatem
640 2125 884 2197 justitiae.
912 2127 1029 2185 Non
1066 2136 1152 2181 est
1180 2143 1408 2198 persona
1447 2128 1503 2183 in
1530 2127 1736 2196 judicio
1770 2142 1901 2181 con-

309 2216 625 2280 sideranda,
665 2218 757 2270 sed
784 2232 964 2271 causa.
996 2216 1270 2287 Scriptum
1309 2227 1394 2272 est
1433 2218 1621 2271 enim:
1652 2215 1775 2271 Non
1810 2234 1899 2270 ac-

310 2307 472 2377 cipies
493 2323 766 2377 personam
792 2308 845 2359 in
860 2307 1066 2377 judicio
1090 2307 1269 2379 (Deut.
1298 2324 1337 2372 ι,
1364 2307 1472 2378 17).
1499 2305 1897 2377 lniquijudices

307 2407 500 2453 errant
529 2400 582 2452 in
610 2400 851 2453 veritatis
876 2400 1169 2464 sententia,
1192 2400 1317 2457 dum
1347 2400 1637 2459 intendunt
1667 2399 1897 2469 qualita-

310 2498 424 2552 tem
468 2505 751 2559 personat:
786 2500 845 2545 et
873 2501 1070 2551 nocent
1099 2507 1240 2562 saepe
1275 2490 1459 2560 justis,
1501 2490 1628 2545 dum
1654 2491 1897 2560 improbe

308 2580 612 2636 defendunt
652 2583 865 2652 impios.
918 2583 1175 2659 Acceptio
1225 2598 1511 2637 munerum
1564 2582 1618 2637 in
1657 2580 1891 2650 judiciis,

310 2673 689 2750 praevaricatio
716 2682 800 2728 est
826 2675 1089 2729 veritatis.
1126 2674 1229 2742 Qui
1268 2676 1434 2730 Deum
1474 2675 1725 2730 timentes
1748 2674 1897 2745 juste
1952 2689 1961 2696 '

308 2759 585 2833 iudicant,
610 2770 821 2819 aeterna
850 2779 885 2817 a
915 2764 1144 2819 Domino
1174 2765 1447 2836 accepturi
1482 2773 1612 2821 sunt
1651 2766 1905 2839 praemia-

914 2893 1140 2950 CAPUT
1168 2895 1307 2950 XXI.

836 3002 915 3061 De
936 3002 1086 3073 falsis
1098 3005 1355 3063 testium.

385 3106 583 3164 Fabius
610 3111 777 3177 testis,
826 3113 958 3168 dicit
1012 3112 1289 3181 Salomon,
1322 3132 1425 3170 non
1466 3117 1564 3171 erit
1608 3117 1895 3186 impunitus

310 3199 497 3271 (Prov.
530 3217 644 3267 nx,
669 3202 745 3271 9).
777 3202 877 3270 Qui
901 3203 1095 3260 falsum
1126 3206 1496 3261 testimonium
1538 3206 1743 3277 profert
1768 3222 1898 3261 con-

310 3300 397 3351 tta
439 3293 747 3360 proximum
794 3310 971 3361 suum,
1018 3297 1394 3367 exstinguetur
1438 3297 1661 3353 lucerna
1703 3297 1819 3367 ejus
1840 3297 1894 3353 in

308 3382 399 3437 die
429 3383 635 3440 ultimo.
665 3385 768 3453 Qui
795 3395 940 3441 metu
970 3387 1253 3460 cujuslibet
1297 3391 1582 3463 potestatis
1607 3390 1903 3448 veritatem

307 3476 575 3541 occultat,
626 3477 962 3533 iracundiam
1012 3479 1109 3535 Dei
1137 3495 1301 3551 super
1342 3496 1402 3536 se
1444 3489 1741 3551 provocat,
1767 3481 1903 3551 quia

310 3565 487 3634 magis
518 3566 669 3621 timet
697 3569 969 3624 hominem
991 3585 1155 3639 quam
1194 3571 1384 3626 Deum.
1412 3571 1712 3626 Falsidicus
1743 3571 1896 3627 testis

310 3657 488 3713 tribus
528 3666 614 3713 est
636 3661 886 3728 personis
937 3662 1205 3717 obnoxius
1232 3681 1245 3716 :
1272 3664 1505 3733 primum
1557 3662 1690 3727 Deo,
1743 3660 1897 3730 cujus

307 3750 663 3819 praesentiam
694 3753 1032 3817 contemnit;
1073 3753 1266 3808 deinde
1288 3754 1491 3827 judici,
1512 3769 1672 3823 quem
1701 3754 1897 3808 menti-

308 3841 456 3896 endo
484 3840 656 3907 fallit;
686 3851 964 3912 postremo
985 3844 1279 3909 innocenti,
1310 3859 1470 3913 quem
1491 3843 1628 3898 falso
1660 3844 1898 3898 testimo-

310 3931 404 3987 nio
433 3930 595 3986 hedit.
627 3931 689 3986 Si
714 3932 833 3987 falsi
869 3942 1035 3989 testes
1063 3943 1408 4003 separantur,
1439 3950 1565 3989 mox
1607 3932 1896 3989 mendaces

310 4019 682 4075 inveniuntur.
718 4020 956 4091 Uterque
990 4021 1187 4094 [mque]
1217 4038 1343 4077 reus
1368 4031 1470 4087 est,
1503 4030 1559 4078 et
1584 4022 1677 4091 qui
1701 4022 1898 4075 verita-

312 4116 424 4167 ιεω
450 4110 711 4175 occultat,
743 4120 798 4166 ct
825 4112 916 4180 qui
964 4113 1309 4168 mendacium
1354 4112 1517 4167 dicit:
1548 4112 1678 4181 quia
1722 4119 1778 4165 et
1808 4110 1897 4167 ille

311 4200 574 4271 prodesse
598 4216 708 4255 non
757 4201 893 4266 vult,
920 4212 975 4257 et
999 4203 1102 4257 iste
1132 4217 1331 4258 nocere
1378 4201 1667 4258 desiderat.
1700 4201 1900 4257 Beatus

313 4290 473 4358 cujus
503 4291 870 4347 testimonium
913 4293 966 4351 in
995 4300 1287 4364 conspectu
1313 4292 1408 4348 Dei
1443 4292 1721 4361 probabile
1750 4293 1901 4346 inve-

310 4378 512 4437 nietur.
543 4380 785 4447 Quatuor
826 4382 1230 4453 modisjustitia
1268 4383 1325 4437 in
1374 4382 1593 4453 judiciis
1633 4380 1900 4437 subverti-

312 4476 408 4522 tur
433 4487 457 4527 ιν
481 4469 692 4535 timore,
723 4472 1049 4540 cupiditate,
1092 4472 1246 4536 odio,
1265 4487 1471 4528 amore.
1506 4470 1747 4535 Timore,
1770 4470 1897 4524 dum

311 4568 463 4617 metu
485 4562 770 4629 potestatis
795 4562 1022 4634 alicujus
1068 4564 1350 4617 veritatem
1400 4562 1603 4634 [dicere
1629 4560 1741 4632 vel}
1762 4560 1902 4629 judi-

310 4666 444 4707 care
470 4653 724 4722 quislibet
742 4656 1014 4725 pavescit;
1045 4656 1357 4725 cupiditate,
1384 4656 1511 4711 dum
1538 4655 1764 4725 praemio
1784 4668 1901 4707 mue

312 4746 468 4800 neris
509 4746 737 4818 alicujus
766 4748 1124 4818 corrumpitur
1147 4748 1311 4819 judex
1337 4765 1351 4812 ;
1383 4747 1527 4811 odio,
1568 4748 1695 4802 dum
1724 4745 1902 4815 cujus-

310 4835 447 4890 libet
474 4837 769 4892 inimicitize
809 4853 975 4893 causa
1002 4853 1198 4893 nocere
1228 4837 1385 4892 alteri
1409 4836 1721 4897 desiderat;
1756 4851 1900 4889 amo-

311 4943 398 4990 re,
431 4929 560 4982 dum
584 4930 786 4985 amicos
814 4930 899 4984 vel
924 4931 1254 5001 propinquos
1299 4939 1489 4985 contra
1512 4929 1781 4999 justitiam
1809 4927 1897 4982 de-

310 5018 492 5073 fendit
517 5022 806 5089 potentior.
864 5022 957 5076 His
989 5031 1220 5092 quatuor
1261 5022 1436 5077 modis
1487 5036 1629 5089 saepe
1666 5019 1894 5088 aequitas

300 5107 501 5179 judicii
532 5110 883 5175 subvertitur,
914 5120 968 5166 et
995 5112 1302 5167 innocentia
1349 5111 1577 5165 lmditur.
1608 5107 1777 5177 Magis
1805 5108 1895 5162 do-

306 5198 464 5253 lendi
483 5207 609 5253 sunt
635 5202 727 5271 qui
754 5203 1061 5271 opprimunt
1080 5217 1362 5273 pauperes,
1386 5215 1547 5270 quam
1567 5199 1656 5270 qui
1684 5197 1895 5268 patiun-

309 5298 411 5343 tur
448 5289 717 5357 injuriam.
749 5292 827 5345 llli
869 5292 1012 5345 enim
1061 5293 1150 5360 qui
1202 5293 1595 5361 opprimuntur,
1623 5298 1892 5357 tempora-

309 5379 427 5433 lem
454 5380 727 5433 miseriam
758 5382 868 5435 cito
899 5382 1093 5435 ﬁniunt
1116 5381 1248 5452 ML,
1286 5379 1588 5450 transeunt]
1617 5397 1637 5437 ζ
1663 5378 1737 5431 illi
1764 5391 1908 5433 vero.

310 5469 411 5538 qui
442 5471 753 5539 opprimunt
791 5488 884 5527 eos
910 5489 1007 5543 per
1030 5470 1370 5539 injustitiam,
1417 5470 1637 5525 aeternis
1667 5467 1896 5525 [lanuuiis

312 5559 723 5626 deputabuntur
771 5559 925 5631 μη,
978 5560 1345 5632 deputantur].
1396 5560 1495 5617 llic
1543 5573 1670 5613 vero
1692 5570 1896 5624 saepea

312 5646 481 5704 malis
511 5647 634 5704 boni
677 5651 1025 5721 judicantur:
1061 5653 1114 5708 in
1143 5651 1323 5707 futura
1353 5651 1615 5722 siquidem
1644 5650 1750 5705 vita
1773 5647 1899 5703 mali

1993 493 2126 550 lices
2154 502 2282 549 sunt
2304 501 2360 549 et
2395 495 2581 550 miseri
2623 508 2810 551 ceram
2856 495 3181 563 hominibus,
3222 504 3277 551 et
3304 498 3429 552 mali
3454 496 3568 554 feli-

1994 600 2105 641 ces.
2152 585 2211 640 ln
2240 584 2330 639 illa
2358 586 2539 655 itaque
2582 594 2785 640 :eterna
2826 585 3177 641 retributione
3204 601 3416 658 semper
3436 586 3567 643 boni

1994 674 2175 731 felices
2203 684 2385 741 erunt,
2415 684 2475 732 et
2514 676 2642 729 mali
2665 690 2880 745 semper
2928 675 3108 731 miseri
3138 685 3316 731 erunt.
3350 676 3414 732 Hi
3442 676 3565 747 qui-

1993 766 2093 822 bus
2114 767 2254 822 bona
2292 775 2427 822 sunt
2443 767 2605 839 [Hs.,_
2622 768 2763 824 bene
2789 768 2880 841 sit]
2906 768 2959 823 in
2981 770 3084 823 hoc
3104 769 3322 835 seculo,
3344 778 3567 826 conten-

1996 858 2127 913 dant
2154 858 2385 913 maxime
2414 874 2483 914 ne
2510 859 2651 914 bona
2679 860 2907 929 perdant
2931 869 3190 931 perpetua
3217 879 3231 915 :
3262 869 3319 915 et
3344 862 3436 932 qui
3459 876 3568 917 mo-

1995 949 2178 1005 lestias
2224 949 2521 1020 patiuntur,
2571 948 2795 1017 fortiter.
2831 966 2925 1004 eas
2975 950 3253 1017 suil‘erant,
3285 959 3567 1007 uttcterua

1995 1040 2324 1096 beatitudine
2352 1040 2498 1111 digni
2526 1040 2888 1098 inveniantur.
3538 1020 3547 1037 ³

2474 1151 2489 1161 ’
2561 1149 2792 1207 CAPUT
2836 1152 2996 1209 XXII.

2625 1240 2703 1295 De
2729 1243 2947 1297 invidia.

2067 1350 2279 1410 Invidia
2308 1346 2675 1409 diaboli'mors
2719 1356 2950 1410 introivit
3006 1359 3059 1411 i‘n
3084 1359 3257 1412 orbem
3308 1369 3569 1416 terrarum

1997 1440 2148 1515 (Sep.
2181 1459 2241 1509 ιι,
2276 1442 2389 1513 24).
2452 1444 2586 1498 Dum
2643 1445 2916 1500 invidebat
2967 1447 3168 1501 homini
3210 1456 3428 1504 terreno
3460 1444 3572 1505 cm-

1997 1531 2133 1598 lum,
2180 1533 2454 1604 quaerebat
2505 1526 2781 1605 quomodo-
2816 1551 2937 1591 eum
2972 1538 3221 1606 perderet
3269 1554 3367 1609 per
3397 1547 3573 1596 trans-

1999 1623 2331 1694 gressionem
2354 1624 2498 1682 illius
2521 1627 2784 1692 mandati,
2812 1630 2954 1697 quod
2986 1628 3212 1685 Creator
3240 1631 3442 1687 homini
3467 1639 3572 1689 sta—

2001 1713 2121 1767 tuit.
2160 1712 2299 1767 Nihil
2331 1716 2559 1784 nequius
2592 1725 2770 1785 potest
2806 1733 2929 1772 esse
2960 1719 3179 1782 invidia,
3216 1735 3337 1791 quae
3382 1721 3573 1777 alienis

2001 1813 2283 1873 torquetur
2311 1806 2508 1861 bonis:
2542 1814 2598 1860 et
2636 1808 2778 1877 quod
2813 1809 2926 1881 ipsa
2963 1824 3070 1864 non
3113 1811 3297 1876 habet,
3326 1812 3459 1868 alios
3483 1813 3572 1868 in-

1989 1896 2147 1951 videt
2180 1896 2399 1952 habere.
2453 1896 2719 1953 Omnibus
2762 1898 2981 1954 inimica
3027 1908 3113 1955 est
3141 1900 3300 1957 bonis
3347 1903 3568 1957 invidia.

2001 1987 2104 2045 Ubi
2125 1997 2211 2043 est
2236 1989 2459 2054 invidia,
2483 1988 2718 2045 charitas
2738 2005 2860 2046 esse
2886 2007 2991 2045 non
3023 2000 3219 2061 potest.
3250 1993 3317 2046 Et
3338 1992 3424 2047 ubi
3449 1995 3553 2049 cha

1998 2078 2134 2133 ritas
2155 2093 2265 2133 non
2287 2085 2392 2144 est,
2428 2079 2499 2135 ibi
2539 2081 2672 2135 nihil
2702 2080 2829 2137 boni
2871 2096 2993 2137 esse
3024 2084 3241 2153 poterit.
3281 2083 3382 2152 Qui
3436 2085 3576 2140 invi-

1998 2168 2111 2235 det,
2142 2169 2355 2225 diabolo
2379 2170 2570 2226 similis
2622 2178 2725 2237 est,
2752 2173 2845 2242 qui
2874 2188 2973 2242 per
3008 2174 3262 2229 invidiam
3299 2176 3574 2231 hominem

1998 2258 2065 2312 de
2088 2258 2325 2327 paradisi
2378 2258 2635 2315 felicitate
2681 2262 2891 2332 dejecit.
2935 2261 3157 2333 Magnus
3194 2264 3272 2317 vir
3320 2274 3426 2327 est,
3477 2264 3571 2333 qui

1999 2346 2256 2403 invidiam
2289 2348 2597 2403 humilitate
2643 2359 2883 2421 superat,
2927 2352 3253 2408 discordiam
3309 2355 3577 2411 charitate

1997 2439 2246 2498 destruit.
2286 2440 2425 2509 Quid
2481 2441 2748 2498 infelicius
2776 2452 2861 2499 est
2883 2445 3108 2510 homini,
3150 2461 3312 2515 quam
3349 2445 3575 2501 alterius

1996 2529 2197 2585 bonum
2222 2546 2379 2585 suum
2415 2532 2591 2602 egisse
2622 2534 2991 2603 supplicium?
3026 2534 3214 2593 Omnis
3259 2536 3405 2590 enim
3435 2534 3575 2590 invi-

1996 2618 2099 2674 dus
2142 2620 2324 2675 animo
2352 2628 2653 2689 torquetur.
2696 2621 2850 2677 Unde
2902 2622 3066 2692 igitur
3114 2624 3289 2677 bonus
3339 2622 3571 2693 prolicit,

1997 2709 2122 2764 inde
2156 2709 2367 2764 invidus
2388 2708 2741 2765 contabescit.
2770 2709 2960 2765 Melius
2990 2720 3075 2765 est
3113 2710 3276 2783 140
3309 2711 3576 2767 bonorum

1998 2799 2200 2854 imitari
2230 2798 2500 2870 exempla,
2536 2815 2699 2870 quam
2722 2815 2816 2855 eos
2847 2799 3061 2855 invidia:
3090 2800 3310 2855 stimulo
3338 2800 3568 2871 agitare.
3602 2820 3607 2825 ’

1996 2889 2203 2946 invidia
2225 2904 2443 2945 sensum
2464 2891 2698 2955 mordet,
2732 2898 2921 2959 pectus
2955 2891 3081 2955 urit,
3107 2900 3342 2946 mentem
3367 2890 3571 2963 aﬂligit.

1997 2977 2186 3034 Nullus
2220 2981 2286 3035 de
2316 2980 2540 3036 alterius
2562 2980 2846 3050 cujuslibet
2880 2981 3058 3035 doleat
3084 2982 3249 3048 bono,
3286 2982 3368 3038 vel
3410 2981 3574 3038 felici-

1923 3078 1971 3143 ο
2001 3075 2113 3122 tate
2135 3068 2309 3124 aliena
2336 3070 2708 3125 contristetur.
2740 3070 2926 3126 Potest
2957 3060 3136 3141 itaque
3164 3072 3325 3128 homo
3351 3072 3576 3127 alterius

2001 3155 2202 3213 bonum
2226 3174 2382 3214 suum
2405 3157 2605 3225 facere,
2633 3158 2762 3215 dum
2788 3169 2936 3216 amat
2958 3163 3010 3215 in
3048 3161 3239 3227 altam,
3268 3161 3412 3232 quod
3434 3161 3486 3217 in
3514 3175 3576 3217 se

2000 3250 2153 3327 μιυη
2186 3251 2327 3321 quod
2346 3250 2483 3324 ipse]
2509 3266 2618 3307 non
2653 3249 2800 3306 facit.

2510 3432 2513 3433 ν
2554 3365 2781 3422 CAPUT
2818 3365 3001 3421 XXIII.

2600 3455 2677 3509 De
2704 3456 2970 3526 superbia.

2068 3565 2321 3637 Superbia.
2340 3566 2478 3621 Deus
2502 3567 2710 3631 resistit,
2740 3567 3022 3624 humilibus
3041 3578 3213 3622 autem
3234 3568 3326 3621 dat
3349 3569 3573 3637 gratiam

1996 3656 2137 3729 (Jac.
2168 3656 2288 3720 tv,6
2317 3672 2333 3722 ;
2360 3655 2388 3708 1
2407 3653 2554 3710 Patr.
2584 3672 2637 3723 v,
2654 3656 2729 3730 5).
2757 3657 3047 3712 Maximum
3068 3657 3265 3729 diaboli
3290 3667 3577 3727 peccatum

1995 3746 2099 3801 fuit
2128 3748 2398 3816 superbia.
2439 3747 2774 3818 Quapropter
2820 3750 2967 3803 omni
3001 3750 3131 3804 vitio
3161 3749 3396 3805 deterior
3418 3748 3573 3820 [Με.⁹

1997 3837 2239 3893 omnium
2270 3837 2532 3891 malorum
2575 3837 2749 3909 pejor]
2782 3847 2867 3893 est
2895 3838 3165 3918 superbia,
3213 3846 3577 3921 ςυέἕυρες)

1998 3927 2240 4005 debonis
2273 3928 2513 3982 nascitur
2543 3929 2771 4005 actibus,
2824 3928 3241 4005 dtint__hoipo_i_n
3272 3927 3576 3997 suis‘bonjs

1996 4000 2566 4101 opel'ibﬁstlﬂiit:
2605 4000 2665 4075 et
2708 4000 3048 4089 ΔΙῘδίέήῙίέιιίἰι
3094 4036 3190 4090 per
3234 4019 3572 4089 superbiam,

1995 4087 2479 4184 quodlmbu‘itﬂpwe’r
2525 4087 2887 4165 charitatem:
2911 4087 3163 4166 Omnium
3200 4087 3454 4165 vitiorum
3478 4128 3576 4165 no-

1996 4199 2280 4255 vissimum
2302 4208 2386 4254 est
2412 4201 2683 4272 superbia,
2717 4201 2844 4255 dum
2881 4201 3041 4255 homo
3092 4202 3385 4259 virtutibus
3417 4216 3578 4255 orna-

1999 4299 2106 4357 tur,
2137 4300 2191 4347 et
2214 4293 2267 4347 in
2305 4293 2389 4347 his
2416 4280 2693 4364 superbire
2752 4296 2918 4365 coepit
2953 4294 3106 4368 [Ma.,
3157 4297 3419 4367 cmperit;
3459 4297 3573 4362 ΑΙ..

2002 4382 2193 4455 cupit].
2235 4381 2427 4463 Omnis
2470 4400 2711 4463 quoque
2725 4387 2924 4457 peccati
2970 4387 3176 4441 initium
3223 4387 3466 4459 superbia
3484 4400 3567 4463 est

2002 4473 2209 4544 (Eccle.
2266 4460 2655 4545 xﬁ,15‘),rdum
2698 4477 2886 4531 anima
2940 4485 3209 4547 praecepta
3273 4460 3576 4551 contemnit

2000 4564 2292 4639 Creatoris,
2324 4582 2447 4623 mox
2473 4567 2525 4620 in
2554 4566 2837 4637 cujuslibet
2866 4566 3074 4637 peccati
3095 4567 3299 4622 corruit
3330 4554 3566 4621 foveam.

1998 4656 2187 4713 Omnis
2208 4658 2458 4728 superbia
2484 4667 2633 4713 tanto
2667 4659 2721 4712 in
2754 4657 2861 4712 imo
2902 4659 3071 4729 jacet,
3104 4667 3305 4729 quanto
3327 4676 3387 4717 se
3410 4661 3575 4732 erigit

1999 4747 2055 4801 in
2081 4746 2209 4801 alto.
2249 4746 2530 4817 Tantaque
2556 4746 2872 4817 profundius
2893 4746 3115 4814 labitur,
3164 4760 3369 4819 quanto
3402 4750 3576 4805 excel-

2000 4835 2113 4888 sius
2148 4835 2407 4889 elcvatur.
2435 4836 2534 4902 Qui
2562 4837 2705 4891 enim
2731 4851 2828 4906 per
2860 4838 3131 4908 propriam
3167 4841 3475 4915 superbiam
3500 4849 3575 4895 at-

2002 4927 2228 4991 tollitur,
2257 4944 2355 4998 per
2394 4928 2489 4981 Dei
2522 4926 2788 4996 justitiam
2836 4929 3137 4984 damnatur.
3173 4930 3312 4987 Ante
3358 4934 3569 4987 ruinam

2000 5014 2233 5069 hominis
2264 5015 2533 5070 exaltatur
2583 5016 2804 5087 Spiritus
2830 5018 2966 5089 ejus.
3020 5017 3162 5074 Nihil
3209 5022 3381 5091 magis
3417 5022 3573 5076 Chri-

1999 5110 2179 5163 stiano
2210 5109 2487 5167 vitandum
2522 5118 2608 5165 est
2638 5125 2799 5182 quam
2836 5111 3108 5181 superbia,
3143 5129 3261 5183 quae
3306 5114 3442 5167 iram
3475 5112 3571 5168 Dei

1997 5206 2278 5269 provocat.
2312 5197 2444 5277 Nam
2471 5201 2720 5270 superbia
2750 5202 3062 5277 egi/angelis
3100 5204 3373 5265 daemones
3401 5202 3569 5263 fecit:

1996 5290 2276 5345 humilitas
2295 5276 2472 5345 autem
2496 5278 2743 5349 homines
2764 5276 2972 5348 sanctis
3001 5293 3205 5365 angelis
3230 5293 3431 5350 similes
3456 5296 3575 5349 red-

1994 5379 2091 5433 dit.
2119 5379 2346 5449 Superbi
2361 5383 2583 5451 cupiunt
2598 5384 2649 5438 in
2666 5400 2725 5438 se
2741 5385 3021 5453 praedicari
3048 5385 3190 5452 quod
3206 5400 3311 5440 non
3331 5385 3570 5441 faciunt:

2002 5471 2231 5526 humiles
2257 5472 2822 5545 refugiunt,quidquid
2844 5476 2970 5531 boni
2987 5485 3304 5545 operantur,
3332 5480 3574 5546 agnosci.

2002 5561 2117 5617 Non
2144 5562 2384 5619 clevetur
2438 5567 2598 5621 homo
2634 5568 2685 5619 in
2716 5568 2860 5621 bono
2909 5583 3027 5633 suo,
3064 5580 3167 5623 nec
3223 5568 3437 5623 laudem
3473 5570 3578 5626 sibi
3650 5620 3661 5625 -

2005 5663 2228 5724 quaerat,
2263 5656 2508 5725 quamvis
2531 5656 2729 5728 aliquid
2757 5657 2880 5713 boni
2906 5656 3068 5714 faciat
3097 5676 3111 5711 :
3142 5659 3238 5717 sed
3272 5661 3441 5718 Deum
3468 5661 3583 5718 lau-
