4044 6340
515 253 621 311 est
1329 262 1392 316 Β.
1431 263 1494 318 r.
1534 261 1760 329 manu
1798 261 1929 333 seu
1961 261 2063 327 ALl

2164 262 2235 319 (Nl
2287 261 2572 333 OPERUM
2609 252 2789 325 PARS
2825 267 2914 351 lV.
3663 275 3768 333 632

519 369 650 424 dare
676 348 828 442 [Ms.,
868 368 1101 455 laudari]
1126 372 1308 441 eupiat
1351 375 1404 430 in
1440 375 1605 437 donis
1631 377 1762 444 suis,
1790 379 1917 448 quia
1950 379 2084 434 nihil
2112 382 2160 442 Α
2189 377 2402 451 (Matth.
2443 395 2602 445 mu,
2635 381 2724 453 15)
2755 383 2767 435 !
2810 348 2942 463 [Nos
2978 391 3159 449 autem
3183 401 3291 443 non
3326 402 3419 443 eos
3442 389 3766 465 imitemur],

516 460 642 517 boni
693 463 821 527 facit
877 463 1004 536 [31s,
1080 463 1251 537 fecit],
1285 468 1391 536 nisi
1418 469 1562 539 quod
1595 469 1741 529 Deus
1779 470 1998 526 donavit
2032 471 2081 527 ei
2183 466 2277 521 sed
2307 470 2601 523 secundum
2622 460 2937 541 Apostolum
2967 491 2979 527 :
3014 473 3117 539 Qui
3148 476 3427 546 gloriatur,
3458 481 3514 534 in
3536 460 3766 539 Domino

462 632 469 643 ί
517 551 720 617 facere.

1053 666 1280 726 CAPUT
1313 669 1478 727 XXIV

1083 779 1160 834 De
1194 782 1491 838 iracundia.

583 890 843 963 Egregius
895 890 1083 945 mundi
1121 890 1451 948 Praedicator
1492 893 1665 948 dicit:
1710 894 1898 949 Omnis
1943 896 2081 959 enim

513 981 836 1047 amaritudo,
867 991 918 1036 et
948 983 1053 1050 ira,
1080 992 1128 1036 et
1173 983 1489 1057 indignatio,
1550 994 1597 1038 et
1624 986 1825 1039 clamor
1869 997 1917 1041 et
1945 987 2081 1042 blas-

508 1073 715 1143 phemia
737 1071 956 1131 tollatur
984 1089 1016 1125 a
1038 1072 1179 1127 vobis
1206 1057 1418 1143 (Epltes.
1448 1090 1522 1137 iv,
1551 1075 1661 1144 31).
1698 1075 1804 1131 Nec
1831 1078 1973 1130 enim
2000 1078 2082 1131 ira

505 1162 611 1215 viri
637 1162 902 1231 justitiam
955 1162 1050 1215 Dei
1106 1163 1318 1231 operari
1363 1165 1563 1232 poterit
1603 1164 1745 1234 (Jac.
1776 1182 1811 1227 ι,
1845 1166 1955 1236 20).
1994 1167 2079 1222 lra

507 1252 630 1307 sine
674 1261 1099 1322 temperamento
1127 1268 1318 1323 expers
1363 1264 1448 1308 est
1497 1256 1741 1310 rationis.
1777 1257 2079 1326 Responsio

505 1341 683 1403 mollis
706 1343 917 1411 mitigat
945 1344 1103 1407 iram,
1136 1360 1315 1399 sermo
1359 1346 1527 1401 durus
1560 1349 1786 1402 suscitat
1819 1347 2073 1415 furorem.

513 1429 612 1485 Vir
643 1433 948 1497 iracundus,
985 1442 1046 1497 ut
1073 1435 1150 1490 ait
1182 1433 1458 1499 Salomon,
1506 1446 1747 1505 provocat
1779 1438 1921 1491 rixas
1945 1452 1963 1488 :
1988 1438 2077 1507 qui

503 1522 711 1592 patiens
744 1531 844 1587 est,
871 1523 1070 1593 mitigat
1093 1527 1373 1579 suscitatus
1406 1526 1588 1594 (Prov.
1618 1544 1709 1593 xv,
1747 1528 1858 1599 i8).
1900 1528 2045 1599 Spiri

505 1608 665 1662 ritum
693 1625 820 1665 vero
840 1609 914 1663 ad
946 1612 1274 1666 irascendum
1309 1614 1519 1683 facilem
1557 1617 1671 1685 quis
1698 1618 1950 1673 sustinere
1982 1633 2075 1686 po-

2180 557 2431 629 glorietur
2462 559 2512 630 (Ι
2536 558 2657 625 Cor.
2687 580 2726 627 1,
2753 563 2863 634 51).
2898 564 2999 643 Qui
3034 565 3246 627 laudem
3270 585 3374 624 non
3409 574 3635 642 appetit,
3662 591 3771 631 nec

2178 664 2277 719 pro
2306 651 2630 706 contumelia
2663 653 3032 708 conturbatur.
3062 654 3174 715 Nec
3200 657 3321 712 ideo
3344 674 3403 715 se
3424 661 3627 717 bonum
3653 666 3771 721 exi-

2179 738 2361 801 stimet
2390 738 2569 807 homo,
2600 741 2847 817 quamvis
2893 742 2963 795 ah
2992 743 3097 798 alio
3141 744 3411 814 laudetur,
3447 751 3574 819 quia
3615 752 3764 809 Deus

2179 822 2459 894 inspector
2493 834 2578 889 est
2612 827 2807 881 cordis.
2845 826 2984 897 Quid
3026 831 3172 895 enim
3218 834 3441 901 prodest
3491 838 3638 893 malo
3667 840 3769 895 bo-

2178 914 2331 979 mini,
2356 916 2400 969 si
2427 915 2600 981 bonus
2628 918 2951 996 praedicetur
2974 920 2996 973 ?
3019 919 3169 975 Tunc
3196 924 3463 979 veraciter
3484 927 3591 982 hoc
3617 931 3768 998 quod

2180 1006 2288 1076 agit
2309 1006 2469 1071 homo
2494 1007 2695 1065 bonum
2722 1018 2825 1073 est,
2852 1012 3068 1080 quando
3094 1011 3203 1067 Deo
3227 1013 3443 1082 placere
3465 1016 3763 1086 desiderat,

2179 1109 2210 1148 a
2244 1112 2351 1165 quo
2373 1097 2536 1149 habet
2562 1098 2819 1167 quidquid
2842 1100 2967 1153 boni
2994 1101 3158 1155 habet
3192 1102 3273 1156 vel
3300 1103 3445 1172 facit.
3484 1105 3588 1172 Qui
3616 1109 3764 1163 bona

2178 1203 2338 1257 agere
2364 1190 2594 1254 videtur,
2622 1198 2677 1243 et
2704 1206 2800 1260 per
2826 1191 2941 1245 liceo
2981 1208 3090 1247 non
3134 1192 3266 1259 Deo,
3313 1168 3408 1250 se’d
3450 1197 3765 1254 hominibus

2176 1278 2391 1347 placere
2446 1280 2611 1347 cupit,
2649 1279 2703 1333 in
2750 1296 2946 1335 vanum
2982 1282 3211 1349 laborat,
3237 1293 3294 1339 et
3343 1286 3398 1339 in
3433 1296 3654 1343 ventum
3678 1306 3765 1346 se.

2176 1368 2367 1421 minat.
2400 1366 2648 1437 Magnum
2677 1383 2737 1423 se
2758 1372 3128 1440 unusquisque
3180 1388 3299 1427 esse
3322 1375 3539 1430 studeat
3564 1378 3620 1431 in
3644 1381 3763 1435 suis

2176 1458 2467 1527 operibus;
2503 1458 2597 1511 sed
2645 1458 2711 1511 de
2736 1460 3107 1529 magnitudine
3156 1477 3251 1517 sua
3306 1464 3603 1520 humanum
3645 1485 3761 1524 non

2172 1556 2379 1618 quaerat
2413 1547 2666 1613 favorem,
2696 1567 2764 1604 ne
2791 1551 2979 1619 perdat
2993 1553 3133 1621 quod
3160 1554 3362 1617 habuit,
3381 1564 3436 1615 et
3452 1557 3525 1610 sit
3547 1572 3757 1627 parvus

2172 1634 2347 1690 factus
2364 1636 2517 1706 [Ms.,
2543 1647 2806 1707 etparvus
2819 1638 3128 1712 efficiatur].
3156 1642 3579 1712 Quidquidenim
3595 1647 3762 1702 homo

503 1702 625 1756 terit
649 1699 831 1772 (Prov.
860 1718 1016 1767 xvnl,
1048 1704 1137 1774 14)
1164 1706 1187 1757 ?
1218 1704 1310 1758 Ira
1334 1722 1437 1759 non
1467 1707 1619 1778 habet
1636 1709 2063 1772 misericordiam,

2176 1726 2303 1781 boni
2329 1726 2509 1793 faciat,
2524 1730 2630 1784 ‘hoc
2658 1746 2717 1785 se
2739 1731 2875 1784 sciat
2902 1732 3102 1786 habere
3134 1749 3242 1787 non
3270 1751 3300 1788 a
3324 1750 3409 1801 se,
3442 1738 3538 1813 sed
3566 1755 3597 1792 a
3620 1738 3757 1794 Deo.

506 1808 601 1846 nec
652 1808 924 1862 erumpens
978 1794 1127 1862 furor
1184 1794 1347 1849 ﬁnem
1382 1796 1635 1850 vindictae
1688 1798 1839 1853 novit
1894 1797 2077 1868 (Prov.

500 1898 672 1945 xxvu,
703 1883 779 1953 4).
823 1882 880 1938 Si
908 1893 977 1949 te,
1008 1900 1041 1940 ο
1071 1885 1251 1951 homo,
1276 1889 1730 1957 prazoccupaverit
1757 1889 1858 1952 ira,
1892 1889 2078 1958 mitiga

464 1942 645 2049 \eam.
680 1942 770 2030 Illa
800 1977 880 2030 ira
917 1977 1058 2031 mala
1088 1986 1192 2043 est,
1228 1942 1347 2047 quae
1393 1987 1633 2035 mentem
1682 1980 1884 2043 turbat,
1913 1989 1973 2035 ut
1997 1995 2081 2035 re-

476 2054 647 2119 ‘ctum
678 2065 964 2123 consilium
990 2068 1199 2137 perdat.
1228 2068 1323 2122 llla
1350 2069 1429 2122 ira
1454 2077 1539 2123 est
1557 2068 1703 2136 justa
1727 2078 1781 2124 et
1825 2085 2077 2130 necessa-

498 2155 600 2219 ria,
633 2156 850 2225 quando
874 2156 1037 2211 homo
1072 2165 1261 2212 contra
1284 2160 1504 2229 prOpria
1551 2159 1804 2214 irascitur
1828 2170 2072 2230 peccata,

497 2256 557 2304 et
580 2257 769 2310 contra
800 2249 1036 2318 seipsum
1071 2250 1401 2319 indignatur,
1440 2253 1567 2306 dum
1610 2254 1753 2308 male
1778 2254 1904 2324 agit.
1934 2255 2077 2312 Dicit

402 2377 409 2381 -
496 2339 642 2391 enim
665 2338 927 2407 propheta
956 2358 971 2392 :
1001 2338 1322 2404 Irascimini,
1373 2350 1422 2395 et
1450 2342 1607 2396 nolite
1656 2359 1872 2412 peccare
1898 2342 2070 2414 (Psal.

496 2440 574 2492 ιν,
606 2427 683 2495 5).
718 2427 1002 2491 Concessit
1019 2431 1161 2501 quod
1188 2440 1395 2487 naturae
1429 2440 1537 2497 est,
1576 2434 1699 2489 tulit
1730 2435 1871 2503 quod
1901 2436 2073 2505 culpa:

496 2525 597 2573 est.
637 2518 718 2571 lra
749 2518 970 2575 alterius
1002 2529 1089 2575 tua
1120 2523 1342 2577 liniatur
1389 2525 1672 2593 patientia.
1711 2524 1839 2578 Noli
1877 2527 2070 2582 vincia

496 2607 659 2673 malo,
688 2611 779 2664 sed
809 2612 951 2666 vince
971 2612 1025 2667 in
1050 2614 1180 2669 bona
1212 2616 1410 2670 malum
1441 2616 1611 2689 (Rom.
1653 2635 1753 2683 χιι,
1781 2618 1892 2689 2i).
1927 2619 2071 2675 Alte-

494 2699 667 2755 terius
692 2710 972 2770 peccatum
1023 2713 1172 2759 tuum
1220 2708 1291 2760 sit
1327 2710 1622 2777 praamium.
1662 2710 1921 2781 Displicet
1973 2712 2067 2768 tibi

496 2788 721 2845 alterius
742 2792 822 2845 ira
848 2793 870 2846 ?
904 2792 1056 2859 Quod
1087 2795 1183 2849 tibi
1211 2796 1266 2851 in
1299 2797 1469 2853 altero
1495 2800 1759 2869 displicet,
1808 2801 1861 2855 in
1891 2803 2067 2872 teipso

491 2891 707 2949 quoque
751 2882 1051 2953 displiceat.
1092 2884 1210 2941 Noli
1244 2889 1686 2958 tranquillitatem
1728 2892 1929 2947 mentis
1961 2901 2065 2947 tute

493 2965 718 3029 alterius
764 2973 1171 3039 perturbatione
1220 2978 1515 3045 maculare.
1550 2978 1666 3035 Noli
1707 2990 1759 3037 te
1800 2983 2062 3051 aequalem

487 3055 661 3118 stulto
681 3057 880 3124 facere,
902 3063 1028 3130 quia
1054 3064 1136 3118 ira
1166 3065 1221 3118 in
1240 3065 1359 3119 sinu
1386 3066 1534 3121 stulti
1569 3069 1839 3138 requiescit
1862 3070 2058 3139 (Eccle.
2086 3062 2134 3125 C

486 3159 587 3209 vn,
622 3146 732 3220 10).
770 3148 826 3204 Si
851 3159 907 3205 tu
943 3152 1198 3210 irasceris
1233 3165 1422 3211 contra
1449 3172 1591 3221 eum,
1617 3169 1777 3214 erunt
1802 3158 1932 3232 [Αι.,
1961 3161 2067 3216 eri-

490 3233 585 3307 tis]
623 3236 729 3292 duo
756 3238 906 3303 mali,
957 3248 1011 3295 tu
1049 3250 1103 3297 et
1129 3244 1234 3299 ille.
1271 3245 1459 3303 Melius
1497 3256 1583 3303 est
1618 3248 1770 3321 [Ms.,
1807 3252 1975 3323 esset]
2015 3261 2065 3308 te

490 3339 615 3381 esse
645 3326 864 3395 bonum,
896 3345 1203 3404 quanquam
1230 3335 1317 3391 ille
1343 3339 1413 3394 sit
1440 3340 1632 3406 malus.
1685 3339 1794 3415 Cur
1818 3350 1872 3412 tu
1900 3358 1967 3399 ex
1993 3344 2066 3398 al-

489 3416 658 3487 terius
683 3418 885 3492 malitia
920 3423 1091 3480 malus
1118 3425 1397 3503 afficeris?-

1073 3558 1299 3617 CAPUT
1335 3562 1499 3619 XXV.

776 3666 857 3722 De
880 3668 1109 3725 humana
1140 3672 1295 3729 laude
1331 3692 1432 3730 non
1451 3678 1754 3747 quan-cndu.

558 3792 817 3863 Dominus
840 3796 972 3865 dicit
1000 3799 1055 3853 in
1098 3800 1426 3875 Evangelio:
1461 3805 1743 3871 Attendite,
1792 3822 1855 3860 nc
1897 3807 2060 3877 justi-

484 3885 614 3947 tiam
648 3897 870 3941 vestram
901 3889 1111 3960 faciatis
1141 3910 1316 3952 coram
1338 3895 1651 3959 hominibus,
1684 3905 1740 3949 ut
1779 3896 2058 3954 videamini

481 3974 547 4027 ab
578 3960 650 4039 Eis
689 3976 902 4050 (Matt/li,
938 3996 1013 4047 vi,
1052 3981 1134 4055 1)ι
1164 3983 1216 4038 id
1261 3993 1366 4049 est,
1404 3993 1465 4039 ut
1510 4001 1575 4040 ea
1612 3986 1912 4041 intentione
1947 4005 2055 4043 non

484 4064 699 4125 faciatis
736 4065 898 4134 bona,
934 4078 996 4137 ut
1027 4071 1095 4125 ab
1140 4073 1445 4143 hominibus
1472 4090 1669 4141 vanam
1718 4076 1930 4130 laudem
1959 4079 2056 4133 ha-

481 4156 655 4209 beatis
682 4172 697 4221 ;
732 4158 825 4213 sed
846 4159 1106 4240 quidquid
1126 4162 1287 4217 homo
1308 4163 1439 4233 facit
1457 4164 1606 4230 boni,
1630 4181 1728 4235 pro
1754 4166 1848 4228 Dei
1870 4182 2053 4231 amore

483 4253 538 4297 ct
558 4246 730 4301 salute
761 4249 951 4315 animae
997 4265 1127 4316 sure,
1184 4260 1240 4323 et
1279 4251 1518 4308 fraterna
1568 4256 1831 4310 charitate
1866 4256 2048 4322 faciat.

480 4337 607 4392 Ideo
636 4339 749 4409 ipse
771 4337 1026 4397 Dominus
1055 4343 1189 4397 dixit
1220 4346 1284 4409 de
1335 4346 1674 4419 quibusdam,
1706 4348 1797 4417 qui
1821 4348 2053 4415 eleemo-

481 4443 645 4497 synas
678 4428 900 4494 faciunt,
934 4431 1014 4485 vel
1062 4434 1335 4504 orationes
1366 4424 1415 4489 et
1443 4434 1666 4504 jejunis,
1695 4446 1753 4490 ut
1787 4438 1854 4491 ab
1880 4440 2053 4495 homi-

481 4522 642 4575 nibus
669 4521 879 4576 laudem
937 4524 1247 4593 accipiant:
1287 4525 1448 4589 Amen
1492 4528 1607 4597 dico
1661 4530 1821 4595 vobis,
1856 4548 2055 4601 recepe-

482 4620 601 4664 runt
630 4612 913 4665 mercedem
949 4629 1100 4683 suam
1139 4612 1349 4685 (Matth.
1379 4631 1458 4692 vl,
1492 4617 1567 4688 2).
1619 4619 1718 4686 Qui
1743 4636 1840 4691 pro
1874 4637 1939 4676 eo
1964 4622 2054 4676 ho-

480 4718 608 4758 uum
643 4703 917 4773 quodlibet
940 4703 1085 4769 facit,
1114 4714 1175 4769 ut
1195 4706 1262 4761 ab
1286 4707 1594 4771 hominibus
1637 4710 1902 4777 laudetur,
1931 4712 2052 4774 haec

478 4801 563 4848 est
587 4808 797 4849 merces
854 4794 995 4850 illius
1052 4811 1213 4865 quam
1259 4799 1525 4867 quaesivit,
1560 4809 1615 4853 et
1642 4801 1842 4856 nullam
1874 4818 1902 4854 a
1940 4801 2049 4869 Deo

476 4899 696 4956 sperare
720 4884 882 4942 habet
930 4886 1338 4942 retributionem
1366 4905 1379 4952 ;
1414 4889 1539 4959 quia
1571 4905 1668 4959 pro
1714 4891 1831 4960 ejus
1862 4906 2048 4953 amore

476 4962 628 5045 141
669 4990 778 5041 non
840 4973 988 5040 fecit,
1035 4976 1127 5030 sed
1164 4992 1261 5046 pro
1301 4992 1436 5043 vana
1488 4970 1937 5039 humanaelaudis
1967 4982 2049 5051 ja'

471 5067 698 5133 ctantia,
728 5067 869 5135 sicut
895 5067 1192 5142 hypocritrc
1218 5066 1395 5122 facere
1428 5068 1621 5122 solent.
1656 5067 1807 5136 Quod
1854 5071 2043 5145 vitium

470 5158 780 5215 hominibus
802 5159 1046 5230 placendi
1066 5159 1118 5213 in
1133 5158 1290 5213 bonis
1314 5159 1587 5229 operibus,
1606 5160 1865 5225 Dominus
1887 5161 2047 5227 Iesus

469 5247 719 5303 Christus
774 5246 999 5302 multum
1044 5247 1361 5309 detestatur,
1408 5256 1462 5301 et
1491 5249 1685 5319 sacpius
1717 5249 2039 5321 Phariszeos,

468 5339 559 5407 qui
587 5338 720 5393 tales
772 5337 990 5392 fuerunt
1020 5338 1074 5392 in
1102 5335 1305 5401 Judzea,
1338 5337 1560 5403 terribili
1590 5337 1744 5409 .[Al.,
1775 5338 1893 5411 tali]
1925 5355 2044 5410 per-

467 5429 603 5484 cutit
656 5428 1053 5487 maledictionc.
1091 5428 1332 5483 dicens:
1392 5426 1483 5481 Va:
1543 5426 1702 5487 vobis,
1758 5428 2041 5495 hypocrita;

542 5572 565 5599 ι
595 5556 734 5614 Sunt
755 5560 845 5628 qui
874 5558 1381 5638 libellumJalterum
1408 5570 1473 5638 es
1505 5571 1658 5638 capp.
1690 5572 1840 5628 seqq.
1875 5559 2042 5638 conti-

471 5639 637 5698 cmnt,
684 5639 738 5685 et
766 5644 795 5684 a
823 5629 1145 5701 praecedenti
1206 5635 1477 5697 separant.
1538 5629 1733 5682 Verum
1787 5629 1954 5685 series
1980 5644 2043 5688 ac

2176 1816 2425 1887 Increpat
2450 1832 2543 1872 eos
2597 1818 2789 1875 beatus
2834 1820 3034 1875 Paulus
3088 1823 3365 1891 apostolus
3415 1827 3511 1895 qui
3557 1827 3612 1881 in
3638 1829 3759 1884 suis

2177 1909 2475 1981 gloriantur
2502 1910 2822 1979 benefactis,
2848 1914 3036 1970 dicens
3068 1933 3081 1968 :
3122 1915 3258 1981 Quid
3284 1918 3463 1982 habes,
3486 1920 3628 1989 quod
3652 1937 3761 1975 non
3816 1971 3823 1977 .

2176 2000 2473 2070 accepisti?
2513 1999 2570 2056 Si
2618 2011 2789 2056 autem
2834 2006 3102 2073 accepisti,
3146 2007 3269 2077 quid
3294 2007 3565 2077 gloriaris,
3602 2002 3761 2079 quasi

2176 2102 2281 2141 non
2317 2090 2567 2158 receperis
2593 2090 2645 2165 (Ι
2669 2090 2790 2145 Cor.
2824 2109 2901 2158 1v,
2929 2094 3029 2164 7)?
3060 2093 3160 2160 Qui
3187 2096 3402 2164 aliquod
3428 2097 3632 2151 donum
3658 2099 3760 2154 Dei

2175 2178 2315 2251 quod
2338 2180 2556 2250 meruit,
2585 2181 2641 2235 in
2667 2197 2819 2241 suam
2846 2183 3061 2239 laudem
3108 2188 3397 2252 convertit,
3442 2190 3633 2258 procul
3662 2190 3764 2243 du-

2172 2265 2263 2321 bio
2286 2268 2541 2324 virtutem
2570 2269 2624 2324 in
2655 2271 2844 2338 vitium
2874 2273 3151 2339 transfert,
3184 2285 3240 2329 et
3266 2277 3469 2331 bonum
3503 2279 3647 2347 quod
3671 2278 3757 2334 fe-

2174 2357 2266 2423 cit,
2307 2357 2360 2411 in
2384 2367 2690 2426 peccatum.
2721 2360 2856 2431 Cum
2894 2364 3038 2431 enim
3075 2380 3240 2419 causa
3270 2366 3552 2436 iactantiae
3577 2369 3762 2437 pasci-

2172 2453 2261 2500 tur
2292 2462 2517 2517 pauper,
2550 2451 2715 2505 etiam
2750 2451 2924 2523 ipsum
2969 2454 3353 2519 misericordiae
3376 2472 3513 2528 Opus
3541 2459 3593 2512 in
3631 2474 3760 2529 pec-

2171 2544 2353 2590 catum
2386 2540 2741 2601 convertitur.
2774 2540 3040 2613 Quidquid
3091 2545 3253 2600 homo
3288 2546 3415 2601 boni
3470 2549 3603 2620 agit,
3639 2548 3759 2606 Deo

2169 2634 2380 2693 quaerat
2430 2627 2665 2696 laudem,
2702 2646 2809 2697 non
2862 2633 2984 2698 sibi,
3014 2634 3181 2688 sicut
3228 2635 3343 2704 ipse
3388 2636 3652 2692 Dominus
3694 2638 3754 2693 in

2168 2715 2463 2787 Evangelia
2486 2720 2563 2775 ait
2586 2738 2598 2773 :
2627 2719 2714 2775 Sic
2739 2721 2909 2776 luceat
2930 2723 3022 2781 lua:
3041 2736 3208 2782 vestra
3233 2744 3409 2781 coram
3430 2729 3753 2794 hominibus,

2168 2816 2224 2860 ut
2255 2809 2462 2863 rideant
2489 2827 2645 2880 opera
2695 2824 2867 2867 vestra
2900 2816 3058 2880 bona,
3115 2827 3163 2872 et
3188 2818 3481 2888 gloriﬁcent
3534 2820 3755 2878 Patrem

2166 2908 2409 2965 vestrum,
2443 2901 2533 2971 qui
2561 2902 2615 2956 in
2645 2902 2783 2957 ccelis
2815 2915 2888 2958 est
2913 2905 3126 2975 (Matth.
3152 2924 3205 2973 v,
3244 2909 3353 2980 l6).

2697 3014 2925 3073 CAPUT
2958 3018 3140 3077 XXVI.

2168 3103 2246 3158 De
2272 3107 2657 3175 perseverantia
2683 3107 2739 3168 in
2770 3107 2915 3171 bonis
2942 3110 3182 3180 operibus
3214 3111 3358 3184 [Ms.,
3383 3113 3506 3168 boni
3530 3116 3751 3191 operis].

2238 3221 2353 3277 Non
2386 3224 2645 3292 quaeritur
2691 3225 2747 3280 in
2773 3225 3083 3284 Christiano
3125 3230 3337 3285 initium
3380 3232 3509 3289 boni
3544 3237 3747 3304 operis,

2166 3311 2260 3367 sed
2298 3312 2420 3368 linis
2448 3330 2463 3368 :
2491 3315 2617 3383 quia
2644 3315 2711 3369 de
2739 3315 2845 3371 fine
2872 3333 2971 3372 suo
2996 3320 3367 3389 unusquisque
3388 3320 3744 3388 iudicabitur.

2166 3400 2305 3454 Sunt
2326 3401 2472 3455 enim
2512 3402 2605 3471 qui
2636 3403 2773 3457 bene
2818 3405 3102 3475 incipiunt,
3136 3415 3193 3462 et
3221 3408 3361 3463 male
3396 3408 3597 3464 ﬁniunt
3624 3427 3750 3466 con-

2162 3491 2523 3553 versationem
2555 3508 2706 3547 suam
2732 3511 2744 3557 ;
2776 3494 2917 3549 sicut
2949 3494 3115 3550 Judas
3143 3497 3320 3566 primo
3362 3500 3665 3567 apostolus,
3690 3509 3748 3555 et

2161 3591 2347 3651 postea
2372 3583 2614 3651 proditor
2644 3583 2875 3648 Domini,
2901 3593 2956 3639 et
2984 3585 3110 3639 facti
3139 3588 3221 3641 sui
3266 3589 3523 3643 conscius
3545 3590 3745 3659 laqueo

2158 3686 2219 3726 se
2252 3672 2533 3741 suspendit
2557 3671 2695 3743 (Act.
2734 3673 2795 3744 l).
2830 3672 3024 3729 Saulus
3055 3674 3186 3745 [Αι.,
3218 3676 3441 3749 Paulus]
3466 3679 3610 3733 male
3634 3693 3746 3733 cte-

2158 3765 2259 3834 pit,
2290 3764 2384 3818 sed
2407 3765 2542 3818 bene
2566 3764 2775 3819 finivit:
2807 3766 2983 3834 primo
3024 3774 3360 3836 persecutor,
3390 3776 3582 3837 postea
3612 3786 3748 3840 prte-

2160 3852 2387 3906 dicator.
2423 3851 2606 3905 Virtus
2652 3852 2777 3919 boni
2810 3855 2991 3923 operis
3041 3862 3127 3909 est
3159 3857 3589 3924 perseverantia,
3623 3858 3744 3927 ipso

2158 3943 2386 3999 Domino
2410 3944 2659 4002 dicente:
2690 3944 2795 4009 Qui
2824 3948 3221 4017 perseveraverit
3258 3963 3423 4018 usque
3472 3949 3531 4000 in
3556 3948 3740 4015 ﬁnem,

2157 4035 2240 4088 Iu'c
2274 4034 2448 4089 salvus
2495 4036 2611 4088 erit.
2649 4034 2863 4105 (Matth.
2902 4052 2957 4100 κ,
2988 4036 3101 4105 22).
3147 4035 3264 4091 Non
3300 4037 3467 4107 igitur
3516 4038 3608 4106 qui
3636 4051 3747 4092 ete-

2155 4125 2295 4193 perit
2316 4124 2534 4188 bonum,
2590 4126 2684 4180 sed
2717 4126 2807 4194 qui
2862 4126 3289 4195 perseveraverit
3345 4127 3401 4181 in
3447 4126 3618 4192 bono,
3651 4127 3743 4182 hic

2154 4214 2336 4269 salvus
2360 4216 2481 4269 erit.
2517 4214 2669 4269 Tunc
2703 4217 2847 4271 enim
2881 4216 3062 4285 placet
3100 4217 3210 4273 Deo
3230 4226 3419 4272 nostra
3448 4234 3745 4274 conversa-

2154 4305 2250 4370 tio,
2279 4305 2495 4374 quando
2540 4305 2739 4361 bonum
2779 4308 2920 4376 quod
2971 4306 3306 4373 inchoamus,
3357 4310 3740 4378 perseveranti

2083 4414 2132 4474 ω
2159 4397 2264 4453 line
2294 4398 2679 4467 complebimus
2731 4398 2884 4471 [Ms.,
2937 4399 3312 4472 complemus].
3345 4400 3554 4454 Bonum
3608 4415 3741 4471 ergo

2154 4505 2262 4544 non
2290 4493 2537 4561 cmpisse,
2567 4492 2660 4546 sed
2696 4491 3007 4563 perfecisse,
3047 4494 3219 4548 virtus
3245 4502 3347 4548 est.
3380 4492 3497 4549 Non
3544 4493 3740 4548 incho-

2154 4580 2370 4634 antibus
2399 4582 2675 4650 przemium
2713 4583 3064 4651 promittitur,
3111 4583 3207 4637 sed
3255 4582 3737 4652 perseverantibus

2154 4671 2329 4724 datur.
2364 4669 2589 4740 Semper
2616 4672 2668 4724 in
2694 4672 2806 4725 vita
2846 4672 3080 4727 hominis
3133 4672 3256 4729 linis
3286 4674 3567 4742 qumritur,
3596 4686 3739 4743 qua-

2151 4760 2216 4814 lis
2249 4761 2319 4814 sit
2362 4768 2605 4815 extremo
2635 4770 2876 4831 tempore
2900 4764 3024 4817 vitae
3064 4778 3211 4818 suam
3245 4763 3370 4833 quia
3398 4765 3463 4818 de
3491 4764 3600 4819 fine
3629 4778 3736 4820 suo

2150 4850 2523 4919 unusquisque
2548 4858 2641 4903 aut
2654 4850 3007 4920 justificatur,
3029 4860 3124 4906 aut
3151 4853 3561 4907 condemnatur.
3602 4853 3733 4908 Ideo

2148 4942 2523 5011 unusquisque,
2548 4943 2934 5005 instantissime
2952 4945 3096 5007 bona
3117 4960 3235 5015 qua:
3255 4947 3440 5015 ctepit,
3465 4945 3736 5016 perﬁcene

2150 5030 2462 5094 contendat,
2498 5039 2557 5084 ut
2590 5040 2907 5101 perpetuam
2940 5049 2971 5087 a
3002 5033 3232 5089 Domino
3258 5042 3536 5090 mereatur
3584 5050 3736 5089 mer-

2151 5120 2334 5182 cedem
2356 5122 2619 5191 accipere.
2659 5125 2667 5135 '

2652 5246 2674 5273 ⁸
2708 5233 2936 5291 CAPUT
2986 5236 3195 5292 XXVII.

2148 5318 2227 5375 De
2272 5329 2385 5374 octo
2448 5322 2587 5376 vitiis
2629 5324 3029 5399 principalibus,
3076 5338 3122 5381 et
3169 5326 3333 5389 primo
3369 5326 3434 5379 de
3457 5327 3731 5382 superbia.

2219 5428 2353 5485 Octo
2377 5439 2503 5485 sunt
2526 5433 2653 5488 vitia
2690 5436 3006 5506 principalia
3037 5438 3119 5492 vel
3151 5436 3435 5507 originalia
3472 5440 3732 5489 omnium

2146 5562 2649 5636 materiaipsorum
2678 5568 3030 5636 capitulorum
3062 5569 3161 5623 hoc
3203 5567 3452 5629 revincit,
3505 5576 3562 5620 et
3589 5582 3730 5619 mss.

2148 5632 2303 5689 codd.
2334 5631 2465 5687 ﬁdes
2512 5649 2618 5689 una
2664 5631 2784 5691 cum
2826 5639 3063 5694 auctoris
3109 5638 3406 5695 intentione
3436 5636 3737 5691 manifeste
