4044 6340
283 305 391 364 655

1069 300 1395 359 MORALIA.
1424 334 1502 345 -
1539 299 1742 359 LIBER
1774 299 1864 356 DE
1901 297 2323 359 VIRTUTIBUS
2360 302 2448 359 ΕΤ
2488 302 2710 361 VITIIS.

3423 309 3534 372 634

282 421 563 485 vitiorum,
600 434 667 476 ex
706 418 900 490 quibus
928 418 1086 489 quasi
1120 417 1391 474 radicibus
1442 418 1623 473 omnia
1664 431 1849 472 corru-
1873 419 1925 478 Α
1953 412 2171 469 domina
2209 414 2370 472 debet
2394 432 2538 485 esse,
2570 428 2627 475 et
2671 420 2940 490 imperare
2990 419 3182 488 carni;
3214 428 3271 477 et
3296 438 3313 474 ‹“
3329 435 3426 478 aro
3453 424 3534 480 fa-

282 521 390 582 ptte
424 510 623 566 mentis
668 510 755 564 vel
808 508 999 565 incasti
1048 509 1293 585 corporis
1346 509 1682 564 diversarum
1721 510 1852 564 vitia

281 603 549 675 pullulant
565 601 926 671 iniquitatum.
957 601 1032 656 De
1057 601 1252 670 quibus
1270 615 1440 670 pauca
1463 600 1646 665 dicere
1674 609 1852 656 ratum

282 693 558 757 duximus,
580 692 665 746 vel
687 708 752 745 ex
781 691 973 762 quibus
1024 691 1295 745 radicibus
1328 691 1420 760 qui
1466 691 1602 745 rami
1650 692 1854 749 vitiosae

283 778 694 854 geminationis
718 794 966 834 crescere
991 779 1305 842 vidcantur;
1329 786 1387 832 ut
1410 780 1547 833 sciat
1567 779 1854 847 unusquis-

283 886 391 942 que
414 871 684 935 radicibus
725 869 1054 938 exstirpatis,
1106 868 1315 923 facilius
1347 884 1526 923 ramos
1560 870 1853 938 praecidere

282 977 465 1033 posse.
504 960 761 1041 Primum
795 962 982 1014 vitium
1025 960 1433 1041 egsHtVspirituale,
1488 960 1758 1031 superbia,
1785 961 1853 1025 de

284 1065 393 1119 qua
420 1036 1121 1110 damma?
1153 1050 1349 1119 peccati
1386 1050 1627 1119 superbia
1680 1049 1849 1120 (Eccl.

282 1124 653 1217 θρὶξῌῖθὲ
666 1136 852 1217 regina
880 1148 963 1197 est
987 1141 1225 1197 omnium
1253 1139 1533 1206 malorum,
1561 1156 1660 1210 per
1688 1156 1852 1210 quam

284 1212 833 1309 a-ngelmunt
864 1218 950 1285 Ide
997 1231 1154 1295 caalo,
1210 1246 1327 1300 quae
1357 1231 1416 1293 fit
1442 1247 1509 1285 ex
1540 1241 1853 1301 contemptu

283 1310 819 1397 ιιηιῐιόεὶιᾳῖᾞμῐῃιρςίΖ
836 1319 945 1396 it
959 1321 1148 1397 etiam,
1170 1321 1384 1397 quando
1414 1320 1673 1375 attollitur
1697 1336 1852 1377 mens

281 1400 879 1487 de‘bgni’s'opmjbum
922 1412 1083 1484 142
1119 1421 1173 1469 et
1195 1427 1253 1466 se
1304 1413 1581 1469 meliorem
1623 1414 1854 1487 aestimat

282 1498 426 1563 aliis,
457 1500 583 1554 dum
606 1500 660 1554 in
683 1515 747 1556 eo
776 1501 888 1570 ipse
910 1502 1059 1570 pejor
1084 1501 1203 1555 aliis
1229 1509 1331 1565 est,
1362 1516 1468 1570 quo
1494 1516 1552 1556 se
1574 1500 1851 1561 meliorem

1951 504 2117 570 mula,
2148 513 2203 559 et
2233 507 2455 563 obedire
2483 511 2712 565 domina;
2747 527 2879 577 sua},
2920 513 2973 568 id
2996 522 3098 579 est,
3149 516 3399 572 rationali
3419 519 3533 573 ani-

1950 612 2070 650 mae.
2101 596 2230 663 Quae
2283 597 2569 661 fornicatio
2621 603 2680 655 fit
2718 618 2816 672 per
2863 605 3294 661 commistionem
3350 608 3531 664 carnis

1951 704 2075 747 cum
2111 686 2310 751 femina
2338 690 2595 770 qualibet,
2626 693 2708 746 vel
2752 695 2917 747 etiam
2960 694 3061 747 alia
3089 710 3407 766 quacunque
3435 698 3533 751 im-

1950 780 2213 838 munditia
2258 780 2327 833 ad
2372 781 2695 850 explendum
2745 784 2979 839 libidinis
3008 786 3274 841 ardorem.
3320 786 3394 843 De
3421 805 3529 860 qua
3586 818 3589 823 λ

1953 869 2356 945 [fornicatione]
2390 873 2632 925 nascitur
2658 876 2873 930 cmcitas
2914 877 3131 941 mentis,
3163 879 3528 935 inconstantia
3592 886 3597 945 ξ

1950 959 2227 1021 oculorum
2278 960 2360 1013 vei
2416 962 2581 1021 totius
2635 966 2875 1033 corporis
2923 981 3076 1020 amor
3107 967 3524 1035 immoderatus;
3592 959 3597 993 "

1950 1061 2092 1117 saepe
2129 1048 2424 1123 periculum
2475 1050 2618 1111 vitae,
2666 1050 2906 1116 lascivia,
2942 1052 3088 1121 joca,
3133 1057 3451 1124 petulantia,
3475 1066 3535 1111 et

1950 1138 2126 1192 omnis
2154 1138 2541 1195 incontinentia
2570 1156 2583 1205 ;
2625 1141 2806 1195 odium
2836 1144 3211 1199 mandatorum
3241 1147 3354 1211 Dei,
3380 1162 3530 1201 men-

3598 1000 3609 1049 ’δ

1952 1227 2021 1283 tis
2046 1227 2344 1291 enervatio,
2369 1236 2423 1283 et
2446 1229 2656 1299 injuste
2675 1231 3034 1299 cupiditates;
3065 1211 3386 1305 negligentia
3402 1238 3527 1291 vita:
3602 1254 3605 1307 ζ

1951 1317 2164 1383 futurae,
2200 1327 2256 1372 et
2278 1320 2560 1388 prtesentis
2606 1321 2891 1376 delectatio
2922 1322 3075 1397 [Ms.,
3106 1325 3364 1397 dilectio].
3399 1327 3528 1393 Quae
3596 1322 3609 1397 ὲ

1950 1408 2183 1469 vincitur
2205 1424 2301 1479 per
2326 1410 2635 1463 castitatem
2678 1419 2733 1465 et
2764 1413 3154 1473 continentiam
3186 1426 3523 1481 consuetam,

1951 1504 2005 1550 et
2036 1498 2461 1552 recordationem
2509 1499 2647 1569 ignis
2677 1502 2886 1566 aeterni,
2915 1510 2971 1556 et
3012 1504 3258 1558 timorem
3287 1518 3527 1572 prmsen-
3586 1486 3591 1519 θ

279 1597 454 1658 putat.
487 1589 569 1644 Fit
598 1592 759 1644 etiam
787 1607 884 1661 per
908 1593 1302 1647 contumaciam
1339 1593 1610 1662 superbia,
1636 1593 1921 1677 quando}.jr
1953 1589 2039 1642 tia:
2068 1589 2378 1659 sempiterni
2408 1591 2502 1645 Dei
2533 1591 2653 1667 [nos
2678 1593 2872 1663 ubique
2893 1602 2947 1649 ct
2968 1610 3130 1666 opera
3153 1603 3338 1651 nostra
3359 1594 3528 1664 inspi-

281 1679 587 1750 despiciunt
620 1684 863 1739 homines
893 1685 1195 1740 senioribus
1216 1686 1433 1741 obedire
1470 1686 1601 1763 suis.
1634 1686 1712 1753 Ex
1736 1684 1929 1763 ipsa“
1953 1678 2169 1752 cientis]

280 1783 413 1823 vero
440 1774 684 1827 nascitur
704 1776 880 1835 omnis
907 1776 1290 1839 inobedicntia,
1319 1782 1372 1829 et
1401 1755 1577 1829 omnis
1599 1788 1853 1842 praesum-
1883 1744 1931 1806 Β

279 1860 416 1931 Ρὲῗο,
457 1870 514 1916 et
563 1865 739 1937 omnis
780 1856 1104 1937 pertinacia,
1155 1866 1548 1930 contentiones,
1594 1866 1848 1926 btereses,

280 1954 615 2020 arrogantia.
643 1953 720 2031 [in
745 1955 953 2025 loquela
983 1957 1208 2021 clamor,
1232 1956 1286 2010 in
1320 1956 1689 2011 taciturnitate
1710 1968 1855 2009 ama-

277 2034 480 2109 ritudo,
510 2043 757 2098 excelsus
784 2053 839 2098 et
859 2045 1060 2101 effusus
1084 2047 1137 2100 in
1163 2047 1347 2101 lzetitia
1376 2048 1534 2109 risus,
1568 2046 1854 2099 irrationa-

275 2124 402 2179 bilis
438 2127 492 2182 in
524 2130 818 2185 serenitate
840 2134 1081 2197 tristitia,
1116 2134 1170 2187 in
1227 2135 1579 2203 responsione
1630 2149 1847 2198 rancor,

275 2211 495 2279 falsitas
516 2218 569 2275 in
600 2234 866 2275 sermone.
900 2221 1075 2277 Verba
1106 2224 1309 2292 passim
1357 2224 1475 2278 sine
1515 2223 1623 2281 ulla
1673 2224 1850 2277 cordis

277 2308 552 2377 gravitate
574 2312 930 2389 erumpentia,
956 2313 1179 2375 audacia
1214 2313 1283 2367 ad
1322 2312 1852 2368 contumeliasdrro—

276 2398 509 2466 gandas,
542 2399 609 2461 ad
645 2400 953 2463 tolerandas
997 2402 1454 2474 pusillanimitas.|
1488 2402 1616 2473 Quae
1666 2401 1849 2458 omnia

275 2488 426 2559 mla
472 2492 923 2571 verahhumilitas
969 2493 1152 2549 famuli
1205 2494 1299 2549 Dei
1333 2488 1589 2564 perfaCile
1633 2482 1849 2548 vincere

279 2576 437 2655 μίση
464 2570 681 2654 curare|
708 2585 927 2656 poterit.
963 2583 1274 2656 [llumilitas
1326 2600 1457 2639 vera
1499 2593 1602 2651 est,
1631 2593 1691 2637 ut
1716 2585 1852 2639 dixi-

275 2685 425 2736 mus,
449 2674 688 2739 veritatis
713 2690 1021 2731 sermonem
1047 2676 1322 2731 humiliter
1366 2676 1572 2743 audire,
1596 2677 1848 2742 memori-

276 2770 366 2817 ter
391 2764 648 2831 retinere,
679 2766 981 2827 voluntarie
1006 2766 1319 2838 perficere]

822 2898 1048 2956 CAPUT
1086 2900 1316 2956 XXVIII.

957 2992 1037 3047 De
1069 2992 1214 3062 gula.

2534 1752 2760 1807 CAPUT
2789 1753 2956 1808 XXX.

2573 1843 2651 1897 De
2687 1846 2932 1897 avaritia.

2019 1931 2262 1987 Avaritia
2283 1940 2367 1988 est
2388 1934 2552 1988 nimia
2574 1934 2884 1989 divitiarum
2912 1934 3244 2004 acquirendi,
3269 1934 3524 2005 habendi,

1951 2022 2036 2076 vel
2082 2024 2299 2078 tenendi
2344 2025 2628 2092 cupiditas,
2678 2040 2797 2093 qua:
2834 2026 3005 2094 pestis
3048 2026 3384 2097 inexplebilis
3416 2034 3523 2083 est.

1954 2110 2107 2166 Sicut
2134 2114 2476 2183 hydropicus,
2526 2116 2618 2184 Qui
2644 2123 2848 2184 quanto
2887 2115 3005 2185 plus
3042 2117 3196 2183 bibit,
3224 2126 3375 2173 tanto
3399 2118 3521 2187 plus

1951 2203 2027 2258 illi
2064 2205 2182 2257 sitis
2205 2206 2469 2259 accrescit
2496 2204 2649 2276 [Ms.,
2690 2207 2870 2261 addita
2899 2207 3117 2277 crescitl
3142 2226 3154 2260 :
3189 2208 3269 2263 sic
3297 2209 3526 2265 avaritia

1951 2300 2154 2360 quanto
2194 2294 2365 2360 magis
2394 2293 2577 2358 habet,
2612 2302 2760 2349 tanto
2784 2296 2905 2364 plus
2939 2293 3185 2367 [habere]
3224 2296 3441 2355 desider
3478 2310 3518 2357 t.

1950 2382 2017 2436 Et
2044 2383 2167 2436 dum
2218 2385 2409 2439 modus
2440 2400 2547 2439 non
2606 2395 2691 2439 est
2718 2386 2792 2439 illi
2832 2387 2885 2439 in
2933 2387 3196 2452 habendo,
3229 2388 3419 2443 modus
3446 2386 3524 2445 illi

1948 2486 2057 2528 non
2078 2472 2182 2526 erit
2207 2473 2259 2526 in
2274 2473 2647 2528 desiderando.
2670 2473 2833 2544 Cujus
2854 2489 3052 2544 genera
3078 2475 3228 2548 [Ms.,
3257 2476 3522 2550 germina]

1950 2571 2076 2616 sunt
2109 2563 2327 2627 invidia,
2358 2562 2520 2628 furta,
2553 2564 2856 2628 latrocinia,
2884 2566 3194 2630 homicidia,
3221 2564 3565 2641 mendacia,

1948 2653 2208 2722 perjuria,
2250 2654 2470 2721 rapinae,
2504 2654 2791 2718 violentiae,
2824 2655 3157 2723 inquietudo,
3217 2652 3415 2720 injusta
3438 2654 3525 2723 ju-

1948 2742 2108 2806 dicia,
2135 2750 2473 2811 contemptus
2501 2743 2764 2805 veritatis,
2798 2742 2990 2796 futurae
3022 2742 3372 2796 beatitudinis
3394 2741 3525 2796 obli—
3552 2748 3565 2801 ί

1947 2830 2054 2894 vio,
2087 2831 2369 2885 obduratio
2423 2832 2621 2885 cordis.
2667 2831 2795 2897 Quas
2833 2831 2892 2884 fit
2938 2830 3091 2901 [Με.,
3118 2846 3236 2899 qua:
3263 2830 3368 2901 est]
3401 2846 3528 2886 con-

1948 2919 2114 2973 traria
2140 2921 2539 2985 misericordize,
2570 2921 2927 2991 eleemosynis
2949 2921 3003 2974 in
3032 2936 3316 2989 pauperes,
3341 2932 3396 2976 et
3420 2922 3521 2977 toti

1946 3010 2133 3079 pietati
2161 3010 2213 3063 in
2239 3011 2486 3065 miseros.
2519 3010 2647 3077 Quae
2670 3012 2906 3065 vincitur
2934 3026 3031 3080 per
3053 3010 3302 3065 timorem
3327 3010 3443 3076 Dei,
3466 3019 3524 3066 et

348 3098 589 3154 Primum
618 3109 703 3155 est
726 3102 1001 3171 corporale
1056 3110 1336 3173 peccatum
1385 3100 1525 3172 gula,
1560 3100 1613 3155 id
1640 3109 1743 3165 est,
1772 3101 1847 3154 in-
1871 3083 1916 3144 (ἶ
1948 3116 2043 3171 per
2063 3100 2357 3155 fraternam
2379 3101 2719 3164 cbaritatem,
2744 3109 2797 3155 et
2816 3116 2911 3170 per
2931 3115 3093 3169 opera
3116 3099 3521 3165 misericordim,

278 3198 593 3273 tgnﬁrans
620 3192 724 3247 cibi
750 3192 833 3245 vel
855 3201 1013 3262 potus
1049 3193 1315 3261 voluptas,
1362 3208 1457 3261 per
1484 3207 1644 3260 quam
1688 3192 1845 3261 primi

275 3289 539 3363 parentes
567 3282 785 3351 humani
806 3284 1019 3353 generis
1048 3285 1282 3353 paradisi
1316 3284 1629 3338 felicitatem
1674 3284 1851 3353 perdi-

278 3358 497 3439 derunt,
554 3385 608 3429 et
635 3375 689 3428 in
740 3376 878 3429 hanc
912 3392 1271 3430 aerumnosam
1310 3376 1468 3447 hujus
1511 3377 1635 3430 vita:
1664 3376 1849 3447 [mise-

278 3463 668 3553 riamjdejecti
692 3475 852 3531 sunt;
886 3467 973 3520 ubi
1003 3467 1178 3520 omnis
1225 3467 1387 3521 homo
1429 3480 1527 3535 per
1564 3474 1845 3536 peccatum

278 3554 545 3635 nascitur,
577 3571 674 3624 per
717 3554 954 3610 laborem
984 3558 1135 3621 vivit,
1171 3573 1269 3626 per
1316 3556 1553 3612 dolorem
1601 3557 1845 3613 moritur.

242 3634 414 3725 ple
430 3634 819 3701 ’tribus‘modis
858 3634 1102 3718 regnare
1148 3648 1361 3704 videtur
1407 3648 1461 3701 in
1508 3647 1762 3712 homine;
1796 3646 1847 3701 id

246 3738 387 3807 Eest,
418 3736 545 3791 dum
580 3738 740 3791 homo
762 3738 950 3797 horam
1006 3738 1321 3793 canonicam
1348 3745 1404 3792 et
1430 3744 1685 3795 statutam
1715 3736 1850 3807 gulae

278 3844 447 3883 causa
478 3830 774 3900 anticipare
809 3808 1099 3929 cupiufaut
1142 3830 1521 3898 exquisitiores
1569 3829 1716 3882 cibos
1747 3827 1848 3884 sibi

276 3934 590 3989 prteparare
609 3917 780 3987 jubet,
810 3936 972 3989 quam
990 3917 1297 3991 necessitas
1336 3920 1596 3991 corporis,
1627 3918 1711 3972 vel
1741 3933 1851 3981 suae

275 3986 516 4080 qualitas
570 3986 1099 4099 personteenigat,‘E
1129 4012 1213 4070 vel
1266 4013 1312 4067 si
1353 3986 1473 4091 plus
1522 4012 1748 4081 accipiet
1794 4012 1847 4065 in

276 4104 490 4159 edendo
508 4103 595 4158 vel
621 4103 851 4158 bibendo
888 4113 1107 4174 propter
1131 4104 1456 4158 desiderium
1492 4104 1853 4172 intemperan-

279 4198 370 4250 tia:
387 4211 517 4261 suae,
549 4210 709 4264 quam
730 4212 840 4251 sua:
865 4195 1109 4266 proficiat
1143 4196 1320 4249 saluti.
1373 4196 1449 4253 De
1474 4210 1579 4267 qua
1609 4194 1730 4265 gula
1758 4210 1854 4247 na-

279 4289 454 4343 scitur
478 4290 657 4359 inepta
671 4288 872 4354 lzetitia,
889 4289 1207 4353 scurrilitas,
1232 4286 1445 4352 levitas,
1460 4286 1848 4363 vaniloquium,

278 4378 624 4432 immunditia
679 4379 938 4448 corporis,
991 4376 1311 4432 instabilitas
1339 4376 1552 4441 mentis,
1594 4375 1847 4439 ebrietas,

276 4465 489 4520 libido:
540 4467 665 4535 quia
710 4481 777 4520 ex
823 4467 1103 4520 saturitate
1150 4465 1354 4520 ventris
1402 4464 1567 4519 libido
1607 4465 1850 4533 corporis

277 4557 610 4626 congeritur,
638 4572 756 4627 quae
776 4572 873 4626 per
890 4557 1095 4627 jejunia
1122 4564 1177 4612 et
1219 4556 1621 4620 abstinentiam,
1650 4563 1705 4609 et
1726 4569 1853 4623 ope-

276 4649 360 4703 ris
396 4648 678 4719 cujuslibet
724 4648 1095 4702 assiduitatem
1147 4648 1346 4717 optime
1388 4647 1640 4700 vincitur.
1679 4645 1855 4718 [Com-

276 4739 464 4794 munis
494 4740 639 4793 enim
669 4747 753 4792 est
784 4738 964 4809 regula
1012 4737 1259 4791 omnibus
1315 4735 1576 4805 religiosis
1617 4737 1763 4789 sanis
1799 4744 1855 4790 et

200 4844 201 4847 ‘
277 4831 537 4895 inﬁrmis,
570 4839 629 4884 ut
649 4832 713 4887 de
752 4831 1115 4901 qualicunque
1142 4828 1262 4883 cibo
1290 4842 1567 4898 nunquam
1596 4827 1854 4897 impleant

276 4922 580 4996 ventrem]
868 5009 1093 5067 CAPUT
1124 5010 1313 5065 XXIX.

854 5099 932 5154 De
965 5100 1330 5169 fornicatione.

212 5198 239 5277 ελ
282 5208 285 5211 ’
356 5211 667 5266 Fornicatio
694 5219 778 5265 est
798 5211 974 5266 omnis
1018 5209 1310 5280 corporalis
1341 5207 1703 5274 immunditia,
1734 5222 1853 5278 qum

216 5300 221 5325 ‘
276 5302 425 5357 solet
451 5300 564 5354 fieri
589 5315 656 5354 ex
685 5300 1079 5356 incontinentia
1109 5299 1365 5361 libidinis,
1402 5306 1456 5354 et
1496 5297 1719 5350 mollitia
1741 5298 1857 5351 ani-

277 5409 412 5457 mae,
441 5406 562 5462 quae
587 5392 859 5447 consentit
888 5406 999 5445 sua:
1042 5391 1191 5444 carui
1234 5403 1481 5459 peccare.
1516 5387 1649 5445 Nam
1676 5390 1855 5445 anima

278 5529 564 5585 reclamat.
597 5525 1004 5591 Qusucsruus.
1050 5522 1204 5594 —'ln
1240 5521 1422 5594 codice
1465 5521 1726 5576 Vaticano
1743 5522 1856 5594 650

280 5599 428 5655 in—i"
457 5611 583 5651 saec.
609 5612 663 5649 XI
692 5596 972 5665 sequentia
1001 5592 1176 5664 capita
1202 5593 1256 5665 in
1281 5593 1416 5665 duos
1439 5600 1699 5665 tractatus
1723 5592 1856 5665 divi-

279 5670 515 5731 duntur.
555 5661 788 5736 quorum
830 5666 1032 5736 primus
1068 5661 1387 5719 inscribitur
1423 5701 1435 5715 .
1490 5661 1720 5716 Dictatus
1757 5662 1843 5715 Al-

1947 3202 2003 3251 et
2020 3209 2119 3261 per
2146 3192 2514 3262 eleemosynas
2542 3194 2595 3247 in
2642 3207 2927 3261 pauperes,
2954 3200 3008 3245 et
3028 3207 3125 3261 per
3152 3206 3302 3260 spem
3332 3190 3526 3245 futurae

1947 3283 2312 3347 beatitudinis,
2354 3282 2480 3335 dum
2507 3280 2655 3335 falsm
2681 3278 2840 3348 hujus
2886 3281 3069 3334 saeculi
3100 3280 3296 3333 divitia:
3330 3278 3525 3334 futura:

1945 3374 2294 3438 beatitudinis
2319 3373 2463 3426 veris
2490 3372 2691 3428 divitiis
2717 3373 3024 3427 vincuntur.

2406 3484 2560 3555 ιω
2603 3480 2829 3540 CAPUT
2879 3483 3068 3537 xxxx.

2632 3575 2709 3630 De
2744 3577 2845 3628 ira.

2018 3672 2099 3729 ira
2127 3687 2231 3725 una
2263 3678 2345 3725 est
2370 3668 2438 3724 de
2458 3678 2581 3727 octo
2606 3668 2753 3723 vitiis
2772 3666 3194 3736 principalibus,
3222 3679 3341 3735 qua:
3367 3664 3412 3720 si
3439 3680 3525 3720 ra-

1948 3764 2094 3819 tione
2120 3779 2225 3817 non
2249 3761 2475 3831 regitur,
2502 3761 2555 3814 in
2582 3760 2821 3814 furorem
2855 3760 3086 3813 vertitur
3114 3772 3127 3811 :
3152 3759 3227 3813 ita
3256 3766 3316 3813 ut
3354 3759 3525 3814 homo
3560 3802 3561 3809 η

1950 3854 2031 3908 sui
2064 3852 2229 3906 animi
2253 3851 2516 3921 impotens
2536 3851 2641 3904 erit
2662 3848 2814 3921 [Ms.,
2844 3847 2980 3918 fiat],
3007 3848 3210 3902 faciens
3247 3862 3367 3916 quas
3415 3863 3523 3903 non
3560 3864 3563 3915 έ

1949 3944 2218 4000 convenit.
2247 3943 2372 3997 Haec
2409 3943 2552 3997 enim
2592 3942 2636 3996 si
2677 3941 2824 3995 cordi
2855 3940 3040 3994 insidit
3073 3938 3224 4009 [Ms.,
3280 3937 3523 4009 insidet],

1949 4053 2166 4095 omnem
2196 4036 2383 4091 eximit
2408 4036 2475 4089 ab
2506 4050 2571 4089 eo
2607 4033 2999 4105 providentiam
3043 4031 3193 4095 facti,
3250 4045 3349 4085 nec
3378 4029 3528 4099 judh

1951 4132 2095 4186 cium
2123 4136 2283 4182 recta:
2313 4126 2628 4181 directionis
2653 4123 2807 4195 [Ms.,
2848 4120 3211 4192 discretionis]
3226 4121 3524 4189 inquirere,

1952 4235 2052 4275 nec
2087 4220 2329 4273 honesta:
2352 4214 2815 4282 contemplationis
2837 4213 3116 4275 virtutem,
3155 4225 3256 4265 nec
3292 4208 3524 4264 maturi-

1954 4316 2117 4363 tatem
2148 4305 2357 4362 consilii
2384 4304 2581 4358 habere
2613 4302 2832 4372 poterit,
2881 4300 2973 4355 sed
3003 4299 3183 4353 omnia
3240 4315 3338 4368 per
3386 4313 3527 4367 prae-

1951 4396 2194 4466 cipitium
2230 4394 2499 4463 quoddam
2538 4391 2716 4446 facere
2744 4391 2969 4445 videtur.
2996 4389 3071 4444 De
3093 4405 3216 4458 qua,
3236 4390 3285 4442 id
3312 4398 3390 4442 est
3418 4390 3524 4454 ira,

1952 4486 2179 4558 pullulat
2201 4493 2378 4538 tumor
2408 4482 2628 4547 mentis,
2654 4482 2786 4534 rixa}
2822 4488 2877 4533 et
2900 4478 3258 4541 contumeliaé,
3282 4478 3489 4532 clamor
3509 4517 3525 4543 ,

1954 4574 2269 4644 indignatio,
2299 4571 2664 4647 prtesumptio,
2692 4570 3058 4639 blasphemia},
3086 4567 3364 4638 sanguinis
3382 4566 3518 4622 eil‘u—
3548 4582 3549 4587 ‘

1955 4668 2057 4731 sio,
2094 4665 2407 4728 homicidia,
2428 4662 2719 4719 ulciscendi
2748 4662 3037 4730 cupiditas,
3060 4658 3379 4727 injuriarum
3407 4674 3523 4713 me—

1954 4759 2143 4812 moria.
2182 4756 2311 4823 Qua:
2337 4756 2573 4810 vincitur
2604 4769 2703 4823 per
2728 4754 3046 4823 patientiam
3074 4761 3131 4806 et
3151 4752 3529 4822 longanimita-
3550 4746 3563 4805 τ.

1956 4859 2087 4915 tem,
2116 4857 2172 4904 et
2209 4864 2306 4917 per
2351 4848 2618 4901 rationem
2665 4843 3100 4907 intellectualem,
3150 4857 3312 4911 quam
3362 4841 3527 4906 Deus,

1957 4942 2147 4996 inserit
2194 4939 2466 4993 mentibus
2525 4934 2798 4998 humanis,
2832 4942 2887 4986 et
2943 4948 3040 5001 per
3094 4931 3526 4986 recordationem

1958 5030 2297 5102 [iniuriarum
2322 5037 2375 5081 et
2393 5025 2721 5095 passionum,
2750 5039 2887 5092 quas
2908 5039 3006 5093 pro
3030 5024 3184 5077 nobis
3200 5020 3393 5089 injuste
3405 5036 3530 5091 per—
3562 5020 3567 5085 ἒ

1961 5125 2078 5179 tulit
2144 5121 2421 5183 Christus;
2486 5126 2542 5172 et
2580 5132 2677 5185 per
2718 5114 3055 5187 memoriam]
3108 5115 3383 5170 Orationis
3426 5113 3529 5165 Do-

1957 5214 2188 5277 minium,
2222 5212 2312 5265 ubi
2345 5210 2453 5264 Deo
2480 5210 2679 5264 dicitur
2712 5227 2723 5262 :
2760 5208 2975 5261 Dimitte
3016 5208 3160 5262 nobis
3208 5206 3379 5259 debita
3435 5220 3529 5256 no-

1962 5315 2095 5369 stra,
2110 5306 2242 5363 sicut
2260 5312 2306 5357 et
2331 5319 2421 5356 nos
2446 5302 2755 5355 dimittimus
2771 5300 3087 5354 debitoribus
3107 5298 3297 5354 nostris
3312 5295 3525 5359 (Matth.

1964 5413 2039 5460 vn,
2079 5396 2182 5466 l2).

1961 5530 2103 5610 (uini
2216 5540 2325 5584 octo
2364 5530 2496 5586 vitiis
2521 5527 2936 5599 principalibus;
2964 5526 3127 5582 alter
3194 5523 3267 5580 De
3303 5533 3528 5603 quatuor

1961 5610 2130 5654 t'tt‘luﬂ
2183 5617 2246 5653 ιε.

1959 5610 2246 5655 virtutibus.

3564 4820 3575 4863 Ἃ

3572 4892 3581 4989 ἓ

3566 5002 3575 5031 ί

3564 5042 3569 5059 Ὺ

3566 5080 3573 5109 1

3570 5114 3575 5137 ι
