4044 6340
1096 432 1321 487 CAPUT
1349 414 1587 487 xxxn.’

1174 523 1253 577 De
1285 524 1489 578 acedia.

524 622 537 699 ς
615 634 816 689 Acedia
839 640 923 687 est
950 632 1136 702 pestis,
1163 647 1283 702 quae
1308 632 1419 689 Deo
1465 632 1853 687 famulantibus
1890 632 2115 688 multum

526 716 742 793 lnocere
768 722 1044 793 probatur,
1083 723 1209 777 dum
1231 724 1438 777 otiosus
1473 723 1633 777 homo
1667 723 1928 793 torpescit
1950 724 2005 776 in
2025 723 2117 777 de-

536 788 1106 883 isideriis—carnalibus,
1140 829 1242 868 nec
1276 814 1330 867 in
1363 828 1526 882 opere
1574 812 1769 883 gaudet
1827 806 2115 883 spirituali,

524 876 645 995 {inec
678 906 735 965 in
755 906 1021 961 desiderio
1044 903 1196 977 [Ms.,
1225 906 1279 960 in
1302 904 1497 978 salute]
1532 907 1724 962 animae
1750 922 1860 961 suae
1882 907 2115 971 laetatur,

518 994 645 1077 inec
691 994 749 1049 in
801 995 1068 1064 adjutorio
1127 994 1345 1050 fraterni
1387 995 1593 1049 laboris
1638 994 1916 1055 hilarescit
1952 996 1980 1047 ':
2023 994 2119 1049 sed

542 1093 753 1141 tantum
779 1084 1114 1154 concupiscit
1136 1093 1191 1138 et
1223 1084 1513 1147 desiderat,
1553 1093 1609 1138 et
1642 1086 1815 1140 otiosa
1842 1100 1999 1138 mens
2017 1101 2119 1157 per

542 1093 753 1141 tantum
779 1090 1114 1154 concupiscit
1136 1093 1191 1138 et
1223 1090 1513 1147 desiderat,
1553 1093 1609 1138 et
1642 1090 1815 1140 otiosa
1842 1100 1999 1138 mens
2017 1101 2115 1157 per

502 1090 525 1263 Ι
543 1175 725 1230 omnia
757 1176 1026 1231 discurrit.
1058 1174 1181 1230 Hrec
1207 1183 1429 1244 estquae
1451 1174 1682 1229 maxime
1695 1175 1988 1228 monachos
2019 1190 2115 1229 ex-

544 1266 683 1320 cutit
709 1264 774 1319 de
808 1263 943 1323 cella
974 1264 1028 1317 in
1054 1263 1328 1326 sarculum,
1367 1273 1422 1317 et
1455 1264 1521 1319 de
1548 1265 1781 1334 regulari
1824 1280 2118 1319 conversa-

496 1356 497 1359 “
544 1358 691 1411 tione
715 1355 859 1425 ejicit
880 1369 973 1409 eos
998 1355 1051 1408 in
1083 1355 1309 1423 abrupta
1330 1355 1607 1447 vitiorum;
1630 1354 1757 1421 Qua:
1785 1370 1909 1409 cum
1956 1354 2119 1409 mise-

544 1444 769 1499 rabilem
794 1444 1003 1499 obsidet
1032 1453 1285 1506 mentem,
1322 1444 1503 1499 multis
1530 1444 1648 1499 eam
1678 1444 2115 1507 inficitmiseriis,

504 1510 525 1529 ς
544 1524 663 1604 quae
690 1535 857 1590 multa
888 1536 1043 1591 docet
1069 1537 1231 1613 mala.
1261 1537 1336 1591 De
1361 1553 1465 1605 qua
1525 1537 1766 1592 nascitur
1813 1538 2117 1592 somnolen-

543 1626 640 1688 tia.
670 1626 885 1697 pigritia
918 1628 1101 1695 operis
1126 1628 1277 1692 boni,
1332 1628 1654 1682 instabilitas
1692 1628 1812 1692 loci,
1860 1644 2123 1699 pervaga-

546 1718 622 1773 tio
638 1718 704 1773 de
728 1717 844 1773 loco
866 1719 921 1772 in
935 1718 1133 1782 locum,
1165 1719 1416 1788 tepiditas
1439 1719 1734 1783 laborandi,
1756 1720 1971 1773 taedium
2002 1736 2120 1775 cor.

466 1834 467 1837 η
543 1811 645 1876 dis,
676 1811 1030 1866 murmuratio
1054 1820 1109 1866 et
1136 1812 1463 1883 inaniloquia
1512 1811 1647 1883 [A!.,
1705 1812 2111 1883 magniloquia].

498 1952 503 1969 η
542 1897 671 1964 Quae
704 1899 935 1954 vincitur
962 1916 1055 1970 per
1089 1901 1324 1955 studium
1358 1901 1627 1967 lectionis,
1678 1916 1775 1971 per
1824 1902 2114 1959 assiduita-

500 1996 507 2019 ί
540 1997 649 2044 tem
677 1991 857 2059 operis
884 1990 1031 2056 boni,
1057 2007 1152 2061 per
1178 1992 1503 2047 desiderium
1549 1992 1744 2046 futurae
1769 1993 2119 2073 praemiorum

537 2075 903 2143 beatitudinis,
935 2094 1032 2148 per
1052 2079 1444 2134 confessionem
1468 2082 1804 2145 tentationis,
1857 2096 2018 2149 quam
2061 2081 2114 2134 in

540 2175 719 2222 mente
742 2168 927 2233 habet,
964 2184 1059 2238 per
1086 2170 1433 2225 stabilitatem
1458 2170 1557 2225 loci
1588 2180 1642 2225 et
1693 2172 1955 2241 propositi
2008 2172 2112 2237 sui,

482 2250 487 2279 ⁸
540 2264 704 2326 atque
728 2259 1043 2313 exercitium
1068 2258 1359 2327 cujuslibet
1377 2262 1510 2316 artis
1534 2270 1591 2315 et
1634 2261 1858 2327 laboris,
1880 2261 1965 2317 vel
1991 2276 2114 2316 ora-

542 2346 750 2401 tionum
786 2355 840 2402 et
879 2349 1190 2419 vigiliarum
1214 2351 1548 2416 instantiam,
1591 2360 1651 2407 ut
1681 2368 1954 2422 nunquam
1980 2354 2117 2408 otio-

1353 319 1411 374 Β.
1450 319 1511 375 F.
1552 318 1777 374 ALBINI
1812 318 1942 376 SEU
1980 318 2256 376 ALCUINI
2292 320 2574 379 OPERUM
2611 321 2915 417 PARSc-IV.

3686 326 3793 385 630

2142 438 2195 496 Α
2221 436 2511 501 discordia,
2560 435 2737 490 inanis
2786 435 2970 506 gloria:
3013 437 3228 507 cupido,
3271 446 3325 494 et
3374 439 3702 509 hvpocrisis,
3739 443 3793 500 id

2184 510 2191 545 θ
2214 534 2315 587 est,
2350 526 2622 581 simulatio
2663 526 2790 581 boni
2834 528 3036 597 operis,
3083 543 3205 582 cum
3258 529 3409 585 dese
3463 532 3629 587 homo
3676 536 3796 591 vult

2176 616 2177 619 “
2215 615 2445 683 laudari,
2467 618 2610 689 quod
2635 632 2694 672 se
2722 632 2883 688 agere
2909 619 3099 674 nescit.
3122 620 3235 675 Imo
3257 636 3395 689 pene
3441 624 3622 678 omnia
3672 641 3795 695 qua:

2176 708 2179 721 ⁷
2213 703 2376 773 facit,
2402 722 2467 762 eo
2494 716 2680 764 tenore
2706 711 2833 779 agit,
2857 717 2919 763 ut
2955 706 3021 765 ab
3050 712 3357 767 hominibus
3388 713 3668 781 laudetur,
3726 719 3795 774 de

2214 797 2409 867 quibus
2460 798 2577 867 ipse
2607 798 2867 853 Dominus
2894 800 3009 856 ait:
3038 800 3203 855 Amen
3231 802 3347 856 dico
3380 803 3549 875 vobis,
3584 821 3796 875 recepe-

2214 896 2338 942 runt
2364 889 2650 944 mercedem
2677 908 2826 944 suam
2854 880 3067 964 (Matth.
3092 910 3169 957 vr,
3215 894 3294 964 ἓ).
3347 874 3535 977 Elsta
3599 874 3795 968 pestis,

2216 975 2270 1030 id
2292 985 2392 1041 est,
2421 994 2561 1032 vana
2584 980 2775 1049 gloria,
2800 981 3145 1036 multiformis
3172 984 3400 1039 avaritia
3414 975 3522 1050 est,
3553 996 3609 1042 et
3637 990 3799 1045 undi-

2218 1081 2322 1135 que
2343 1067 2592 1123 bellatori
2614 1077 2803 1124 contra
2842 1072 2975 1124 vitia
3003 1073 3287 1142 pugnanti,
3326 1084 3381 1129 et
3399 1090 3467 1130 ex
3490 1078 3639 1131 omni
3668 1092 3799 1146 par-

2218 1163 2273 1210 te
2309 1158 2504 1212 victori
2529 1158 2693 1212 etiam
2720 1160 2974 1227 vitiorum
3005 1164 3264 1217 occurrit.
3298 1163 3432 1219 Nam
3458 1166 3583 1220 etin
3605 1168 3803 1224 habitu

2217 1256 2274 1303 et
2296 1248 2350 1302 in
2408 1248 2581 1302 forma
2594 1249 2859 1319 corporis,
2891 1251 2944 1305 in
2968 1238 3204 1317 incessu,
3238 1254 3289 1307 in
3315 1270 3465 1321 voce,
3496 1263 3553 1311 et
3582 1258 3639 1312 in
3669 1271 3804 1329 Ope-

2218 1351 2300 1401 re,
2346 1337 2398 1390 in
2419 1326 2640 1408 vigiliis,
2667 1340 2719 1392 in
2737 1339 2982 1409 jejuniis,
3006 1343 3057 1395 in
3090 1344 3357 1408 oratione,
3384 1346 3435 1398 in
3469 1349 3813 1416 remotione,

2180 1480 2185 1485 ,
2217 1424 2271 1478 in
2307 1424 2559 1489 lectione,
2588 1428 2642 1480 in
2672 1429 2919 1493 scientia,
2945 1432 2998 1483 in
3037 1432 3430 1498 taciturnitate,
3462 1436 3517 1488 in
3548 1437 3807 1492 obedien-

2218 1515 2316 1578 tia,
2341 1514 2395 1567 in
2419 1515 2745 1581 humilitate,
2786 1518 2838 1571 in
2863 1520 3135 1587 patientia:
3151 1522 3559 1592 longanimitate
3571 1527 3805 1584 militem

2216 1601 2415 1661 Christi
2444 1604 2729 1661 vulnerare
2756 1615 3000 1672 conatur,
3041 1617 3098 1663 et
3126 1610 3270 1663 velut
3295 1614 3804 1681 perniciosissimus

2220 1694 2468 1762 scopulus
2498 1697 2829 1751 tumentibus
2853 1698 3009 1753 undis
3030 1700 3275 1756 obtectus
3327 1704 3681 1773 improvisum
3739 1722 3806 1763 ac

2222 1781 2527 1837 miserabile
2550 1783 2890 1855 naufragium
2920 1803 3175 1858 prospere
3209 1792 3609 1863 navigantibus,
3667 1797 3801 1852 dum

2218 1885 2327 1923 non
2363 1880 2603 1934 cavetur,
2629 1874 2902 1944 importat.
2932 1876 3062 1931 Nam
3088 1880 3175 1933 cui
3208 1886 3308 1936 sub
3343 1885 3525 1953 specie
3554 1886 3820 1955 pulchrae-

2216 1963 2382 2017 vestis
2408 1978 2471 2017 ac
2500 1964 2683 2019 nitidae
2711 1968 3065 2023 cenodoxiam
3130 1986 3236 2029 non
3287 1976 3461 2042 potuit
3513 1993 3807 2047 generare,
3858 2034 3861 2035 ν

2216 2068 2319 2123 pro
2337 2053 2580 2122 squalida
2617 2063 2672 2108 et
2725 2057 2925 2111 inculta
2952 2075 3015 2114 ac
3038 2059 3213 2115 viliori
3254 2073 3482 2119 conatur
3512 2067 3799 2133 inserere;

2217 2156 2377 2211 quem
2418 2159 2522 2197 non
2550 2146 2724 2214 potuit
2746 2162 2841 2215 per
2870 2149 3131 2208 honorem
3172 2153 3429 2222 dejicere,
3488 2157 3804 2216 humilitate

2217 2234 2557 2302 supplantat;
2586 2250 2747 2304 quem
2778 2238 3015 2294 scientice
3046 2249 3101 2294 et
3128 2241 3450 2300 elocutionis
3465 2257 3666 2302 ornatu
3696 2266 3799 2305 ne-

2217 2322 2393 2392 quivit
2436 2325 2714 2391 extollere,
2765 2330 3029 2397 gravitate
3081 2334 3468 2391 taciturnitatis
3524 2338 3693 2394 elidit.
3746 2340 3817 2402 Si.

541 2452 637 2493 sus
662 2415 967 2495 inveniatur
994 2457 1182 2497 servus
1206 2442 1324 2498 Dei.
1350 2415 1626 2499 Difficilius
1654 2415 1859 2499 invenit
1876 2444 2118 2499 diabolus
2212 2415 2423 2484 ieiunat
2456 2418 2650 2486 palan"
2706 2420 2878 2495 gloria
2934 2425 3193 2479 “nimus
3232 2428 3509 2496 misatur;
3572 2432 3619 2487 Si
3670 2433 3805 2489 illud

542 2529 787 2585 tentandi
810 2529 986 2584 locum
1009 2531 1063 2584 in
1089 2531 1305 2586 homine
1316 2547 1476 2601 quem
1496 2532 1550 2586 in
1566 2546 1726 2601 opere
1740 2532 2113 2599 iuvenitbono,

541 2634 707 2687 quam
727 2620 781 2675 in
808 2636 1059 2692 eo.quem
1090 2623 1323 2679 otiosum
1350 2624 1551 2694 reperit
1572 2632 1628 2679 et
1652 2624 1787 2678 nihil
1802 2625 1928 2679 boni
1953 2638 2118 2693 agen-

543 2716 670 2767 tem.
1080 2800 1314 2857 CAPUT
1341 2800 1576 2858 XXXIII.

1146 2916 1226 2970 De
1270 2918 1503 2971 tristitia.

534 3018 535 3025 “
608 3026 865 3082 Tristitim
890 3028 993 3083 duo
1029 3038 1153 3084 sunt
1179 3046 1414 3099 genera:
1446 3046 1610 3085 unum
1635 3031 1991 3098 salutiferum,
2034 3031 2112 3085 al-

539 3126 715 3171 terum
750 3118 1080 3186 pestiferum.
1118 3120 1357 3175 Tristitia
1382 3121 1632 3176 salutaris
1659 3134 1761 3186 est,
1808 3123 2022 3192 quando
2048 3123 2114 3176 de
2141 3107 2188 3168 (ἶ

537 3206 775 3275 peccatis
804 3207 913 3260 suis
946 3208 1155 3262 animus
1182 3208 1533 3262 contristatur
1574 3212 1893 3278 peccatoris,
1937 3218 1992 3265 et
2040 3211 2114 3264 ita

2217 2509 2621 2562 contemnenda:
2651 2509 2835 2579 gloriae
2865 2527 3029 2568 causa
3056 2519 3379 2585 contexerit,
3424 2521 3616 2577 eodem
3669 2526 3814 2581 vitio

2218 2595 2466 2651 elationis
2504 2598 2648 2653 intus
2686 2600 2739 2653 in
2769 2601 2946 2670 seipso
2973 2604 3135 2659 homo
3186 2608 3553 2665 sublunditur.
3593 2613 3673 2669 Ne
3704 2631 3805 2670 va-

2217 2701 2301 2743 nae
2321 2686 2503 2756 gloriae
2530 2691 2850 2760 contagione
2874 2694 3195 2762 maculetur,
3220 2700 3493 2755 orationes
3529 2704 3802 2770 prolixius

2219 2777 2319 2832 sub
2348 2776 2577 2832 fratrum
2606 2781 2739 2834 vitat
2765 2782 3040 2839 celebrare
3078 2799 3371 2857 conspectu
3432 2799 3486 2845 et
3512 2793 3657 2861 quod
3707 2810 3806 2851 eas

2218 2867 2448 2923 latenter
2467 2880 2737 2937 exerceat,
2762 2889 2869 2928 non
2891 2874 3075 2946 eﬂ‘ugit
3090 2879 3306 2935 aculeos
3322 2881 3601 2937 vanitatis.
3618 2884 3812 2941 Alium

2217 2960 2359 3028 quod
2385 2961 2812 3028 patientissimus
2850 2966 2921 3019 sit
2967 2982 3191 3037 operum
3221 2986 3287 3025 ac
3348 2971 3572 3037 laboris,
3634 2976 3804 3031 alium

2186 3050 2359 3125 fquod
2399 3051 2467 3104 ad
2518 3052 2875 3107 obedientium
2930 3060 3387 3127 promptissimus,
3440 3062 3611 3117 alium
3658 3065 3809 3135 quod

2219 3137 2523 3192 humilitate
2549 3149 2775 3195 caeteros
2804 3145 3081 3211 praecellit,
3110 3151 3633 3207 conaturextollere.
3650 3153 3801 3210 Alius

2216 3226 2474 3293 scientiae,
2496 3228 2633 3282 alius
2654 3228 2901 3285 lectionis
2926 3235 3123 3301 studio,
3157 3236 3295 3293 alius
3314 3239 3622 3311 vigiliarum
3674 3260 3801 3313 pro-

538 3294 912 3362 contristatur,
945 3305 1005 3352 ut
1032 3298 1428 3353 confessionem
1459 3308 1513 3354 et
1546 3302 1921 3369 paenitentiam
1956 3319 2115 3375 agere
2213 3316 2423 3373 ιῑιίιειιε
2452 3327 2709 3375 tentatur,
2749 3323 2869 3377 Non
2895 3325 3068 3381 solum
3099 3294 3226 3399 (ξι-ευ
3274 3294 3626 3389 mximam,
3672 3294 3803 3406 εἶρε-

539 3397 765 3457 qumrat,
791 3397 845 3444 et
874 3391 1114 3444 converti
1140 3406 1197 3445 se
1222 3391 1289 3444 ad
1327 3391 1495 3445 Deum
1529 3391 1816 3447 desideret.
1869 3394 1986 3448 Alia
2032 3404 2117 3450 est
2215 3408 2385 3473 ribus,
2416 3411 2510 3465 sed
2535 3412 2699 3466 etiam
2726 3414 2836 3471 suis
2856 3416 3146 3473 virtutibus
3161 3391 3462 3477 vhominem
3513 3425 3605 3481 hic
3660 3391 3801 3483 mIOr.

539 3477 760 3531 tristitia
787 3477 946 3545 hujus
972 3479 1171 3544 saeculi,
1200 3495 1318 3549 qure
1340 3489 1571 3535 mortem
1601 3490 1858 3551 operatur
1896 3484 2109 3550 animae,

538 3580 659 3635 qua:
685 3566 816 3620 nihil
843 3568 895 3620 in
921 3568 1060 3622 bono
1088 3584 1249 3638 opere
1262 3569 1524 3639 proficere
1542 3571 1704 3634 valet,
1724 3587 1842 3640 qua:
1871 3574 2112 3627 animum

535 3657 838 3724 perturbat,
862 3665 916 3711 et
941 3673 1082 3727 sa-pe
1111 3659 1163 3711 in
1185 3659 1615 3727 desperationem
1650 3662 1840 3726 mittit,
1880 3671 1940 3716 ut
1969 3662 2114 3717 Iutu-

538 3760 723 3799 rorum
749 3760 899 3814 spem
934 3746 1186 3801 abstollat
1214 3746 1365 3818 [Ms.,
1418 3748 1651 3821 auferat]
1703 3751 1991 3806 bonorum.
2030 3752 2112 3807 Ex

536 3834 651 3903 ipsa
690 3835 928 3889 nascitur
954 3836 1181 3901 malitia,
1217 3852 1429 3901 rancor,
1480 3840 1649 3892 animi
1680 3839 2109 3907 pusillanimitas,

536 3924 861 3987 amaritudo,
890 3925 1215 3994 desperatio.
1249 3926 1402 3997 Saepe
1423 3929 1586 3982 etiam
1612 3938 1667 3982 et
1686 3930 1969 3997 praesentis
1985 3931 2112 3986 vita:
2162 3924 2167 3965 τ

512 4012 685 4065 lela
708 4013 1013 4069 delectatio.
1051 4015 1181 4082 Qua:
1205 4017 1439 4070 vincitur
1463 4033 1560 4086 per
1584 4018 1826 4072 laetitiam
1855 4020 2113 4089 spiritua-

535 4101 740 4163 lem,'et
762 4120 910 4173 spem
935 4104 1259 4169 futurorum,
1307 4114 1361 4159 et
1402 4108 1826 4163 consolationem
1872 4109 2114 4179 Scriptu-

534 4209 737 4259 rarum,
763 4204 817 4250 et
844 4196 1143 4251 fraternum
1169 4197 1245 4267 [in
1273 4200 1535 4268 spirituali
1569 4199 2112 4269 jucunditatelcollo-

536 4298 741 4338 ouium.

1074 4377 1299 4435 CAPUT
1326 4378 1560 4435 XXXIV.

810 4464 888 4519 De
908 4468 1211 4532 cenodoxia,
1245 4470 1300 4522 id
1330 4479 1425 4535 est,
1456 4487 1593 4525 vana
1628 4472 1822 4542 gloria.

607 4571 757 4626 Vana
785 4573 954 4641 gloria
989 4582 1090 4640 est,
1115 4577 1239 4629 dum
1271 4578 1432 4632 homo
1477 4581 1679 4648 appetit
1707 4581 1757 4634 in
1790 4582 1946 4638 bonis
1990 4581 2107 4641 suis

534 4660 763 4725 laudari,
797 4671 852 4716 et
872 4678 976 4717 non
1002 4663 1091 4718 dat
1136 4664 1244 4720 Deo
1277 4668 1538 4722 honorem
1590 4668 1709 4739 [sed
1756 4672 1857 4726 sibi
1911 4689 1923 4724 :
1978 4671 2101 4745 nec]

533 4750 725 4817 divina:
746 4752 973 4822 imputat
992 4756 1176 4824 gratia:
1197 4756 1454 4827 quidquid
1478 4760 1605 4813 boni
1632 4759 1780 4826 facit,
1796 4762 2099 4837 sedfquasi]

531 4855 597 4895 ex
627 4856 684 4896 se
709 4842 902 4897 habeat
926 4844 1008 4898 vel
1061 4847 1334 4902 saecularis
1363 4849 1678 4920 dignitatem
1718 4853 1960 4917 honoris,
2015 4854 2101 4909 vel

2213 3499 2316 3554 bus
2340 3501 2531 3555 nititur
2561 3502 2851 3590 sauciare].
2878 3506 3047 3575 Cujus
3065 3509 3238 3565 morbi
3273 3512 3541 3569 medicina
3573 3524 3660 3570 est
3700 3533 3793 3572 re-

2213 3592 2456 3647 cordatio
2480 3594 2674 3649 divinaa
2695 3596 2977 3664 bonitatis,
2996 3614 3092 3669 per
3104 3617 3267 3671 quam
3279 3602 3460 3659 omnia
3481 3607 3627 3662 bona
3646 3609 3801 3664 nobis

2213 3682 2402 3736 collata
2432 3693 2575 3749 sunt,
2609 3701 2727 3754 qua:
2771 3687 2971 3743 habere
3000 3690 3279 3759 videmur;
3310 3695 3474 3749 etiam
3504 3705 3561 3750 et
3607 3714 3800 3768 perpe—

2213 3782 2303 3827 tua
2327 3774 2493 3842 ipsius
2519 3774 2615 3829 Dei
2645 3778 2906 3845 Charitas,
2943 3779 2994 3834 in
3036 3781 3189 3850 cujus
3225 3783 3381 3839 laude
3401 3787 3587 3841 omnia
3631 3805 3801 3859 agere

2211 3864 2489 3931 debemus,
2519 3865 2775 3935 quidquid
2804 3868 2930 3922 boni
2980 3870 3034 3923 in
3076 3871 3180 3927 hoc
3234 3873 3428 3929 saeculo
3470 3891 3803 3944 operemur,

2211 3964 2265 4009 et
2294 3956 2466 4024 magis
2494 3957 2802 4013 desiderare
2822 3975 2852 4013 a
2885 3959 2996 4014 Deo
3018 3961 3229 4017 laudari
3277 3964 3331 4017 in
3361 3965 3448 4019 die
3481 3967 3800 4021 retributio-

2210 4047 2294 4101 nis
2319 4056 2551 4111 :eternm,
2583 4063 2745 4117 quam
2772 4051 2841 4103 ab
2866 4050 3082 4106 homine
3110 4054 3349 4122 quolibet
3370 4057 3425 4109 in
3452 4055 3617 4125 hujus
3646 4068 3795 4113 tranc

2210 4136 2409 4191 sitoriae
2438 4136 2560 4191 vita:
2581 4140 3009 4195 conversatione.
3038 4131 3148 4285 ᾧ
3179 4144 3343 4199 etiam
3390 4146 3535 4202 hanc
3563 4148 3797 4203 bestiam

2210 4227 2504 4285 Doterimus
2532 4230 2779 4285 evadere.
2830 4238 2891 4284 ut
2940 4243 3240 4285 comantes
3279 4235 3431 4285 illum
3478 4237 3795 4285 David'mnm

2207 4227 2504 4296 poterimus
2532 4230 2779 4295 evadere,
2830 4238 2891 4284 ut
2940 4227 3240 4301 οοςῖῗὶἷῖιιεδ
3279 4235 3431 4290 illum
3478 4237 3796 4293 Davidicum

2208 4334 2424 4373 versum
2461 4338 2473 4373 :
2496 4319 2752 4375 Dominus
2776 4322 3054 4393 dissipabit
3080 4342 3197 4379 ossa
3221 4342 3419 4391 eorum,
3456 4329 3547 4399 qui
3566 4329 3799 4385 homini—

2128 4455 2183 4518 Β
2209 4408 2302 4463 bus
2327 4409 2530 4479 placent
2556 4408 2727 4482 (Psal.
2755 4413 2943 4483 Ln,6).
2964 4412 3219 4469 Primitus
3246 4417 3380 4470 nihil
3406 4418 3585 4474 inanis
3607 4419 3795 4491 gloris

2211 4502 2380 4573 gratia
2404 4499 2904 4568 faciamus,deinde
2948 4521 3070 4574 qum
3114 4506 3256 4561 bono
3283 4508 3438 4563 initio
3474 4508 3803 4577 fecerimus,

2209 4590 2585 4645 observatione
2615 4592 2778 4646 simili
2806 4596 3192 4651 custodiamus.
3232 4598 3309 4653 Ne
3334 4600 3512 4655 omnis
3540 4600 3794 4658 laborum

2210 4688 2519 4735 nostrorum
2574 4679 2785 4737 fructus
2808 4693 2933 4752 post
2965 4685 3210 4756 irrepens
3236 4704 3385 4744 vana:
3412 4689 3599 4760 gloriae
3641 4708 3796 4746 mor-

2206 4770 2309 4826 bus
2333 4778 2575 4825 evacuet.
2592 4770 2860 4843 Quidquid
2874 4776 3034 4829 etiam
3050 4777 3103 4830 in
3120 4781 3531 4835 conversatione
3550 4780 3793 4836 fratrum

2207 4861 2427 4916 minime
2454 4864 2757 4919 communis
2792 4882 2921 4920 usus
2977 4868 3189 4937 recipit,
3247 4885 3591 4927 exsecremus
3636 4874 3795 4928 omni

531 4932 823 5000 spirituatis
860 4934 1108 4989 decorem
1136 4938 1432 5006 sapientiae.
1456 4938 1586 4993 dum
1612 4941 1775 4996 homo
1805 4941 1939 4995 nihil
1984 4944 2104 4999 abs-
2201 4953 2398 5018 studio,
2420 4961 2475 5006 et
2501 4953 2663 5008 veluti
2679 4953 2958 5022 jactantiae
2984 4932 3221 5013 deditum
3253 4961 3601 5025 declinemus,
3642 4971 3698 5016 et
3725 4979 3793 5018 ea

474 5052 479 5093 ξ
531 5037 634 5091 que
655 5022 749 5077 Dei
774 5026 946 5094 gratia
976 5025 1060 5079 vel
1089 5026 1353 5093 adjutorio
1382 5028 1582 5083 habere
1608 5032 1778 5099 possit
1811 5032 1957 5099 boni,
1987 5034 2098 5091 sic—

532 5121 590 5165 ut
650 5112 762 5182 ipsa
806 5112 1021 5169 Veritas
1067 5118 1119 5169 in
1163 5117 1450 5188 Evangelia
1501 5121 1779 5191 discipulis
1829 5125 1940 5179 suis
1977 5125 2096 5181 ait:

482 5199 489 5251 Ξ
530 5199 660 5254 Sine
687 5219 766 5255 me
789 5203 921 5256 nihil
943 5207 1157 5274 potestis
1180 5206 1352 5274 facere
1379 5207 1561 5277 (Joan.
1591 5226 1680 5275 xv,
1712 5212 1789 5284 5).
1819 5214 2097 5285 Quaprop-

530 5296 613 5341 ter
652 5291 742 5357 qui
785 5291 1062 5361 gloriatur,
1097 5293 1152 5345 iu
1186 5294 1412 5349 Domino
1455 5298 1759 5367 glorietur:
1800 5302 1923 5370 quia
1960 5302 2094 5357 nihil

528 5376 646 5432 sine
667 5379 775 5433 Deo
811 5381 1043 5434 donante
1068 5381 1228 5453 144
1256 5384 1380 5437 boni
1409 5386 1606 5443 habere
1637 5391 1852 5458 poterit.
1878 5391 1957 5444 Ex
2001 5407 2097 5446 cu-

476 5458 477 5461 i
520 5467 611 5538 jus
636 5472 748 5525 vitii
788 5474 968 5527 radice
1018 5473 1170 5526 multi
1208 5476 1425 5531 malitiae
1480 5480 1788 5549 germinare
1844 5482 2097 5537 videntur

2201 5057 2321 5111 quae
2353 5055 2453 5095 nos
2497 5051 2721 5110 possunt
2755 5043 2896 5099 inter
2942 5055 3187 5103 ceteros.
3217 5050 3483 5105 noxabiles
3531 5052 3794 5117 reddere,

2199 5145 2263 5184 ac
2293 5129 2454 5183 veluti
2477 5131 2605 5185 solis
2631 5130 2952 5207 facientibus
2972 5134 3089 5191 laus
3109 5138 3249 5207 apud
3274 5139 3520 5195 homines
3544 5142 3619 5195 sit
3648 5158 3787 5196 con-

2196 5219 2476 5288 quirenda,
2501 5204 2789 5307 vitemusn

2266 5308 2330 5361 IIi
2353 5318 2476 5363 sunt
2504 5319 2626 5364 octo
2656 5312 2815 5366 totius
2838 5312 3128 5383 impietatis
3150 5316 3314 5373 duces
3344 5334 3465 5373 cum
3507 5321 3778 5375 exerciti—

2194 5396 2295 5451 bus
2316 5399 2446 5460 suis,
2473 5408 2527 5451 et
2548 5398 2825 5455 fortissimi
2857 5412 3046 5459 contra
3068 5406 3358 5462 humanum
3392 5424 3561 5479 genus
3590 5411 3791 5465 diabo-

2198 5488 2316 5543 licae
2345 5487 2549 5544 fraudis
2572 5490 2880 5547 bellatores.
2906 5482 3038 5577 [Qui
3086 5511 3215 5567 ergo
3260 5513 3425 5552 unum
3471 5500 3667 5553 vitium
3720 5501 3797 5555 de

528 5563 816 5616 ramusculi
849 5580 861 5615 :
899 5564 1021 5618 inde
1056 5563 1343 5631 jactantia,
1395 5571 1727 5639 arrogantia,
1777 5572 2107 5652 indignatio,
2200 5577 2318 5632 istis
2348 5578 2548 5633 habens
2576 5581 2692 5635 sine
2712 5563 3052 5641 confessione
3080 5594 3134 5640 et
3152 5563 3485 5657 poenitentia
3515 5592 3789 5656 moritur,

598 5686 622 5715 α
656 5678 781 5742 Qum
809 5677 1016 5733 uncinis
1046 5677 1252 5734 inclusa
1291 5688 1437 5747 sunt,
1462 5680 1515 5736 in
1546 5681 1659 5738 solo
1699 5684 1820 5738 cod.
1874 5699 1974 5739 ms.
2030 5684 2087 5742 S.
2124 5687 2307 5744 Jacobi
2336 5690 2622 5746 habentur.
3618 5686 3625 5691 ’
