4044 6340
288 292 393 349 657

1109 280 1432 337 MORALIA.
1471 310 1543 323 —-
1578 280 1778 336 LIBER
1818 280 1907 335 DE
1946 279 2361 340 VlRTUTlBUS
2396 284 2483 339 ET
2522 284 2744 341 VlTllS.

3433 282 3537 344 6'58

286 419 489 469 attenta
515 425 673 479 paena
704 409 1014 468 damnatur.
1048 410 1202 467 Unde
1244 411 1374 465 dicit
1398 409 1636 466 Joannes
1663 411 1715 464 in
1743 409 1869 479 Epi-

1977 390 2195 460 (Matth.
2221 409 2298 457 xi,
2326 394 2439 465 29).
2472 394 2660 450 Nonne
2685 394 2875 450 melius
2890 403 2972 450 est
3016 402 3071 451 et
3111 395 3320 451 beatius
3368 395 3536 452 Deum

287 503 425 558 stola
456 515 595 556 sua:
638 500 735 556 Est
773 512 1041 573 peccatum
1076 501 1145 554 ad
1181 511 1419 566 mortem,
1467 518 1570 555 non
1603 518 1696 571 pro
1750 499 1865 566 illo,

1971 481 2213 552 diligere,
2238 488 2327 552 qui
2358 495 2439 539 est
2460 496 2659 540 aeterna
2688 487 3050 556 pulchritudo,
3070 496 3272 543 atterna
3292 488 3539 559 fragran-

287 593 427 655 dico,
457 602 513 645 ut
542 591 657 661 quis
694 570 837 662 roget
870 592 1051 661 (Joan.
1075 607 1126 654 v,
1152 591 1259 662 15).
1290 592 1384 646 lsti
1408 606 1539 680 vero
1552 580 1875 667 bellatores]

1968 570 2063 636 tia,
2090 580 2292 627 acterna
2314 574 2642 644 jucunditas,
2672 586 2869 631 aeterna
2902 577 3147 642 dulcedo,
3175 586 3377 632 aeterna
3406 594 3534 633 sua,

285 682 400 737 Deo
447 682 748 739 auxiliante
793 683 1045 737 facillime
1098 684 1385 737 vincuntur
1436 699 1467 737 a
1517 682 1868 737 bellatoribus

286 774 491 829 Christi
530 789 630 843 per
653 777 879 830 virtutes
899 783 1131 829 sanctas.
1167 774 1345 828 Prima
1390 774 1640 843 superbia
1654 788 1750 843 per
1762 774 1866 827 hu-

284 865 599 931 militantem,
618 867 739 937 gula
765 881 863 935 per
876 864 1278 927 abstinentiam,
1298 862 1583 918 fornicatio
1598 879 1692 932 per
1711 863 1870 917 casti-

287 964 482 1023 tatem,
514 957 736 1011 avaritia
761 972 859 1026 per
896 954 1275 1008 abstinentiam
1310 952 1438 1023 [Με.
1481 950 1539 1007 S.
1570 950 1714 1016 Jac.,
1764 952 1866 1006 lar-

286 1048 514 1123 gitatem
542 1061 595 1105 et
614 1057 977 1118 contemptum
1009 1046 1239 1118 mundi],
1281 1048 1359 1100 ira
1387 1062 1484 1116 per
1528 1046 1863 1115 patientiam,

287 1144 475 1198 acedia
504 1155 600 1211 per
626 1140 937 1194 instantiam
965 1138 1090 1192 boni
1115 1138 1316 1207 operis,
1345 1137 1565 1191 tristitia
1596 1136 1735 1189 mala
1770 1151 1868 1205 per

287 1234 536 1288 laetitiam
560 1231 917 1301 spiritualem,
942 1246 1079 1284 vana
1108 1230 1275 1300 gloria
1298 1245 1395 1299 per
1428 1229 1749 1284 charitatem
1771 1228 1866 1283 Dei

290 1324 425 1397 [Αι.,
461 1339 560 1393 per
580 1322 922 1394 sapientiam]
953 1321 1253 1393 [vincitur].
1308 1322 1471 1391 Igitur
1502 1337 1569 1375 ex
1598 1320 1684 1376 his
1713 1320 1868 1375 Chriv

288 1418 480 1471 stianae
509 1418 781 1486 religionis
802 1416 1135 1480 ductoribus,
1163 1430 1299 1485 quos
1316 1415 1663 1483 opposuimus
1682 1412 1867 1468 diabo—

286 1508 406 1563 licae
438 1508 728 1577 impietatis
757 1508 1132 1571 bellatoribus,
1164 1514 1395 1574 quatuor
1443 1513 1681 1572 [im-sunt
1700 1504 1865 1559 duces

285 1599 689 1670 gloriosissimi,
721 1598 974 1670 [quorum
998 1599 1215 1652 nomina
1243 1597 1359 1651 haec
1385 1595 1530 1667 sunt]
1567 1614 1580 1649 :
1629 1597 1865 1667 pruden-

286 1690 382 1754 tia,
398 1688 632 1758 justitia,
674 1688 953 1751 fortitudo,
981 1688 1356 1756 temperantia.

841 1780 1067 1835 CAPUT
1095 1780 1309 1835 XXXV.

740 1872 814 1927 De
852 1872 1128 1925 virtutibus
1161 1882 1388 1944 quatuor

353 1960 540 2015 Primo
579 1961 859 2016 sciendum
899 1971 982 2016 est
1020 1962 1147 2030 quid
1173 1942 1265 2015 isit
1311 1962 1504 2015 virtus.
1552 1961 1736 2017 Virtus
1779 1968 1862 2014 est

242 2042 450 2106 ianimi
480 2053 720 2116 habitus,
748 2061 960 2107 naturae
1011 2053 1373 2117 decus,.vilae
1431 2053 1588 2116 ratio,
1647 2068 1860 2107 morum

248 2146 480 2212 .lpietas,
541 2144 1084 2211 cultusdivinitatis,
1134 2146 1308 2198 honor
1344 2144 1598 2205 hominis,
1643 2154 1860 2198 aeternae

254 2224 633 2289 {beatitudinis
658 2235 928 2309 meritum.
971 2232 1134 2303 Cujus
1154 2243 1337 2302 partes
1358 2243 1505 2297 sunt,
1528 2222 1589 2287 ut
1602 2233 1855 2297 diximus,

254 2324 515 2393 quatuor
539 2310 899 2393 principales:
932 2324 1239 2392 prudentia,
1290 2321 1525 2390 justitia,
1572 2322 1854 2386 fortitudo,

250 2396 257 2445 ί
280 2415 656 2485 temperantia.
681 2414 972 2469 Prudentia
1001 2423 1084 2469 est
1118 2430 1297 2468 rerum
1326 2415 1630 2469 divinarum
1668 2414 1857 2467 huma-

279 2520 605 2576 narumque,
655 2515 815 2575 prout
865 2505 1070 2560 homini
1124 2507 1307 2561 datum
1353 2514 1457 2572 est,
1494 2505 1748 2567 scientia;
1801 2504 1855 2557 in

279 2611 387 2665 qua
417 2595 821 2666 intelligendum
848 2604 949 2661 est,
983 2596 1111 2665 quid
1159 2595 1457 2650 cavendum
1508 2594 1581 2648 sit
1628 2593 1852 2655 homini,

276 2684 363 2739 vel
390 2684 520 2755 quid
546 2684 886 2740 faciendum:
919 2694 974 2740 et
1005 2686 1107 2741 hoc
1144 2694 1247 2748 cst,
1288 2686 1431 2755 quod
1471 2686 1525 2739 in
1548 2684 1760 2739 Psalmo
1781 2684 1856 2737 le-

274 2776 464 2847 gitur:
512 2773 667 2845 145
694 2775 899 2829 Diverte
929 2771 965 2828 ά
998 2775 1159 2840 malo,
1212 2785 1261 2829 et
1304 2775 1389 2844 [ac
1436 2775 1626 2828 bonum
1677 2771 1850 2845 (Psal.

274 2882 474 2931 xxxiii,
517 2866 625 2937 is).
663 2854 878 2921 Justitia
918 2875 1001 2921 est
1024 2868 1186 2920 animi
1234 2868 1507 2929 nobilitas,
1564 2866 1854 2934 unicuique

274 2955 356 3008 rei
380 2956 653 3026 propriam
676 2956 917 3012 tribuens
944 2957 1278 3025 dignitatem.
1313 2957 1368 3010 in
1408 2958 1510 3012 hac
1557 2956 1854 3011 divinitatis

275 3045 477 3111 cultus,
503 3055 558 3100 ct
590 3048 940 3102 humanitatis
968 3047 1579 3118 juva,etjustajudicia,
1612 3046 1853 3114 etaequi-

275 3148 365 3193 tas
413 3140 578 3194 totius
618 3141 741 3195 vita:
790 3151 1157 3196 conservatur.
1212 3139 1491 3195 Fortitudo
1529 3147 1613 3194 est
1658 3154 1851 3207 magna

273 3230 445 3283 animi
470 3230 733 3298 patientia
767 3239 821 3284 et
845 3230 1316 3299 longanimitas,et
1342 3230 1747 3301 perseverantia
1796 3229 1853 3282 in

273 3321 438 3376 bonis
458 3324 729 3391 operibus,
753 3330 809 3377 et
843 3323 1068 3378 victoria
1107 3332 1292 3378 contra
1314 3323 1552 3378 omnium
1569 3320 1720 3393 [Ms.,
1737 3337 1855 3376 om-

278 3409 394 3481 nia]
423 3411 677 3465 vitiorum
706 3427 925 3482 genera.
965 3412 1345 3482 Temperantia
1378 3422 1461 3467 est
1513 3413 1675 3467 totius
1730 3412 1854 3467 vitae

276 3501 494 3566 modus,
521 3518 589 3557 ne
633 3504 761 3573 quid
791 3504 951 3559 nimis
981 3505 1142 3558 homo
1166 3505 1249 3558 vel
1274 3513 1439 3570 amet,
1467 3505 1553 3559 vel
1586 3505 1711 3558 odfo
1758 3505 1855 3558 ha-

274 3591 437 3658 beat;
476 3595 570 3648 sed
601 3611 787 3650 omnes
808 3597 931 3664 vitae
962 3595 1120 3664 huius
1170 3598 1459 3651 varietates
1507 3598 1851 3652 considerata

276 3688 548 3751 temperet
572 3662 873 3763 diligentia}
896 3662 1193 3739 “accivero
1238 3685 1293 3739 in
1335 3685 1439 3740 fide
1484 3693 1541 3740 et
1587 3687 1854 3742 charitate

274 3776 691 3830 observantibus
718 3766 931 3831 aeternae
952 3777 1135 3847 gloriae
1171 3779 1239 3831 ab
1274 3778 1388 3847 ipsa
1430 3779 1671 3833 Veritate
1697 3777 1857 3833 Chri-

275 3874 368 3920 sto
387 3863 513 3920 Jesu
531 3868 753 3935 praemia
779 3868 1121 3936 pollicentur.
1148 3868 1302 3923 Nulla
1326 3870 1520 3925 melior
1540 3878 1624 3923 est
1639 3870 1855 3938 sapien-

276 3958 380 4022 tia,
408 3973 568 4027 qnam
592 3974 654 4011 ea
676 3975 780 4029 qua
804 3959 944 4015 Deus
973 3940 1267 4015 securimﬁrm
1302 3960 1576 4015 modulum
1604 3961 1855 4017 humanae

276 4050 480 4103 mentis
500 4050 812 4120 intelligitur
830 4060 885 4105 et
923 4052 1141 4106 timetur
1193 4052 1346 4124 [Ms.,
1398 4062 1452 4108 et
1497 4054 1753 4126 amatur],
1800 4064 1857 4111 et.

276 4141 523 4196 futurum
549 4143 665 4212 ejus
686 4144 1225 4214 crediturjudicium.
1279 4144 1414 4200 Nam
1443 4146 1575 4215 quid
1599 4156 1684 4202 est
1732 4145 1854 4214 jus-

1460 1856 1498 1892 .s

277 4232 394 4284 tius
419 4245 582 4298 quam
629 4230 798 4286 Deum
850 4232 1073 4303 diligere
1106 4232 1338 4303 ejusque
1380 4236 1635 4291 mandata
1676 4245 1858 4293 custo-

275 4320 423 4385 dire,
459 4336 556 4389 per
607 4337 789 4391 quem,
844 4322 971 4377 dum
1018 4340 1126 4379 non
1174 4323 1395 4390 fuimus,
1456 4328 1626 4382 creati
1670 4344 1856 4383 sumus

279 4410 434 4482 [dum
460 4411 656 4480 perditi
686 4411 905 4477 fuimus,
946 4416 1173 4469 recreati
1204 4416 1437 4488 sumus],
1462 4423 1518 4472 et
1544 4433 1575 4472 a
1620 4419 1853 4473 servitu-
1884 4447 1931 4506 ι)

274 4510 337 4554 te
364 4499 625 4555 diabolica
652 4502 884 4566 liberati,
914 4503 1003 4572 qui
1029 4505 1182 4559 nobis
1209 4508 1390 4560 omnia
1414 4506 1553 4561 bona
1574 4524 1694 4577 quae
1755 4510 1853 4564 ha-

272 4593 489 4657 bemus,
515 4594 863 4660 perdonavit?
887 4595 954 4648 Et
984 4596 1110 4665 quid
1142 4598 1245 4651 hac
1294 4597 1607 4654 fortitudine
1660 4601 1853 4657 melius

273 4690 368 4737 est
393 4698 554 4751 quam
600 4683 868 4739 diabolum
896 4685 1133 4751 vincere,
1157 4695 1213 4741 et
1247 4686 1363 4754 ejus
1386 4704 1573 4743 omnes
1597 4706 1854 4760 superare

272 4774 652 4843 suggestiones
703 4783 759 4829 et
801 4776 981 4849 omnia
1008 4778 1234 4831 adversa
1278 4778 1463 4832 mundi
1510 4794 1608 4847 pro
1639 4780 1732 4835 Dei
1760 4797 1857 4836 no—

272 4863 429 4918 mine
451 4862 661 4919 fortiter
685 4850 949 4941 tolerare?
968 4866 1170 4923 Nobilis
1191 4869 1364 4922 virtus
1377 4879 1461 4923 est
1480 4870 1633 4925 valde
1654 4880 1855 4942 tempe-

270 4954 478 5017 rantia,
504 4970 602 5024 per
624 4971 785 5024 quam
816 4944 989 5012 omnis
1011 4959 1181 5014 honor
1212 4960 1335 5015 vita:
1369 4959 1529 5028 hujus
1572 4962 1714 5017 inter
1757 4964 1855 5017 ho-

271 5045 456 5100 mines
475 5055 720 5113 constat;
747 5055 804 5101 ut
825 5050 1004 5103 omnia
1032 5051 1086 5104 in
1109 5067 1428 5121 quacunque
1480 5068 1645 5107 causa
1691 5056 1852 5109 homo

271 5143 647 5203 temperanter
672 5137 892 5205 cogitet,
925 5138 1195 5208 loquatur,
1222 5148 1274 5195 et
1304 5150 1429 5211 agat
1457 5158 1578 5196 cum
1623 5144 1849 5199 consilio

270 5224 474 5279 salutis
506 5241 634 5280 suae.
662 5227 787 5281 Haec
811 5228 956 5282 enim
987 5237 1112 5283 sunt
1162 5230 1296 5285 levia
1347 5240 1402 5287 et
1447 5234 1633 5288 suavia
1686 5234 1855 5289 Deum

271 5312 545 5381 diligenti,
577 5316 667 5383 qui
700 5315 814 5368 ait:
849 5316 1041 5370 Discite
1069 5334 1100 5370 a
1127 5334 1229 5382 me,
1261 5321 1385 5389 quia
1443 5322 1584 5374 mitis
1634 5340 1750 5376 sum
1808 5334 1855 5378 et

270 5402 495 5457 humilis
517 5404 671 5458 corde
695 5419 713 5457 .'
736 5414 785 5459 et
820 5407 1087 5461 invenietis
1105 5410 1329 5479 requiem
1346 5412 1621 5467 animabus
1647 5417 1849 5470 vestris.

270 5493 478 5562 Iugum
509 5497 644 5549 enim
676 5513 845 5550 meum
906 5515 1063 5553 suave
1098 5510 1196 5564 est,
1253 5510 1301 5555 et
1358 5518 1488 5555 onus
1530 5519 1702 5558 meum
1753 5505 1858 5560 leve

357 5642 380 5669 ι
420 5630 477 5684 ln
510 5645 612 5684 ms.
640 5629 695 5683 S.
743 5628 880 5683 Galli
929 5628 1156 5698 legitur:
1201 5629 1602 5703 Svperscriptio.
1643 5634 1699 5690 ln
1739 5635 1858 5691 aliis

271 5703 437 5759 deest
460 5717 473 5764 ;
500 5717 599 5754 nec
628 5709 787 5770 caput
814 5710 1144 5759 numeratur.

1965 660 2125 725 vitas,
2158 670 2447 731 perpetuus
2472 663 2663 729 honor,
2711 665 3025 721 indeficiens
3064 666 3325 732 felicitas;
3375 682 3539 737 quam

1967 751 2129 821 hujus
2154 754 2335 807 saeculi
2362 769 2543 807 amare
2567 756 2817 809 vanitates
2839 765 2885 808 et
2912 758 3148 811 insanias
3170 758 3335 828 falsas
3364 758 3538 830 (Psal.

1966 857 2153 906 xxxix,
2182 841 2259 913 5),
2291 843 2497 912 species
2520 845 2774 912 pulchras
2800 845 2932 917 [ΑΛ.
2959 847 3410 917 pulchritudinem
3449 865 3541 903 su-

1966 933 2333 1004 pervacuam],
2368 935 2551 989 dulces
2584 951 2826 1004 sapores,
2880 953 3042 993 sonos
3085 955 3299 1005 suaves,
3340 942 3540 996 odores

1967 1022 2288 1094 fragrantes,
2343 1034 2517 1079 tactus
2557 1027 2843 1096 jucundos,
2871 1029 3106 1083 honores
3154 1038 3210 1084 et
3251 1030 3542 1087 felicitates

1966 1116 2146 1170 saeculi
2178 1117 2541 1183 transitorias,
2565 1134 2683 1186 quae
2708 1119 2889 1172 omnia
2911 1118 3054 1173 velut
3094 1120 3328 1176 volatilis
3349 1122 3543 1176 umbra

1966 1206 2228 1262 recedunt
2247 1214 2301 1259 et
2327 1213 2631 1271 transeunt,
2659 1216 2712 1261 et
2742 1208 3015 1278 decipiunt
3052 1218 3321 1264 amantem
3356 1225 3434 1274 se,
3487 1219 3544 1264 et

1967 1298 2019 1352 in
2046 1307 2302 1353 aeternam
2324 1300 2544 1353 mittunt
2564 1315 2686 1353 eum
2714 1300 3022 1354 miseriam?
3052 1299 3155 1367 Qui
3194 1316 3325 1355 vero
3368 1302 3538 1355 Deum

1965 1395 2020 1440 et
2049 1386 2337 1442 Dominum
2374 1389 2603 1443 fideliter
2624 1399 2786 1453 amat,
2826 1399 2880 1445 et
2904 1390 3271 1446 indesinenter
3316 1390 3463 1455 colit,
3486 1399 3543 1445 et

1966 1476 2082 1544 ejus
2110 1479 2359 1533 mandata
2394 1488 2808 1548 perseveranter
2860 1482 3064 1551 implet,
3096 1474 3372 1536 aeternam
3417 1496 3543 1536 cum

1966 1567 2171 1635 angelis
2199 1569 2293 1623 Dei
2312 1571 2537 1641 gloriam
2592 1572 2980 1642 perpetualitcr
3016 1574 3298 1644 possidere
3348 1573 3542 1643 dignus

1929 1652 1938 1659 ’
1965 1655 2227 1711 ellicietur

1890 1765 1937 1824 Β

2509 1749 2735 1806 CAPUT
2774 1751 3011 1805 XXXVI.

2473 1852 2499 1881 ει
2532 1841 2801 1897 Peroratio
2840 1846 3027 1914 operis.

2032 1949 2155 2005 llaec
2200 1951 2318 2016 tibi,
2358 1952 2667 2009 dulcissime
2698 1930 2770 2009 [illi
2818 1955 3044 2030 [Wido],
3076 1959 3224 2014 brevi
3271 1975 3543 2028 sermone,

1960 2040 2101 2094 sicut
2146 2041 2348 2109 petisti,
2391 2042 2628 2110 dictavi;
2676 2052 2735 2098 ut
2782 2046 2983 2101 habeas
3013 2063 3075 2102 ea
3123 2050 3363 2118 quotidie
3390 2052 3547 2119 quasi

1959 2131 2264 2183 manualem
2287 2132 2340 2184 in
2367 2142 2663 2203 conspectu
2693 2143 2783 2190 tuo
2805 2137 3065 2205 libellum,
3091 2150 3145 2195 et
3164 2142 3219 2195 in
3242 2158 3348 2211 quo
3367 2144 3546 2212 possis

1962 2222 2188 2289 tcipsum
2214 2222 2584 2289 considerare,
2613 2227 2743 2295 quid
2770 2243 2984 2294 cavere,
3012 2232 3095 2286 vel
3118 2234 3245 2301 quid
3271 2250 3431 2305 agere
3460 2237 3548 2292 de-

1957 2312 2108 2375 beas,
2153 2321 2313 2382 atque
2362 2330 2461 2383 per
2498 2316 2736 2385 singulas
2783 2319 2905 2373 vitae
2945 2319 3106 2389 hujus
3156 2326 3546 2393 prosperitates

1956 2402 2040 2456 vel
2061 2403 2419 2477 adversitates
2446 2406 2743 2473 exhortari,
2770 2412 3039 2479 quomodo
3063 2414 3131 2467 ad
3170 2414 3383 2470 culmen
3422 2431 3548 2486 per-

1957 2494 2204 2550 fectionis
2228 2498 2520 2553 ascendere
2545 2499 2761 2555 debeas.
2802 2501 2914 2558 Nec
2961 2510 3014 2559 te
3054 2504 3177 2560 laici
3206 2506 3423 2562 habitus
3463 2510 3547 2565 vel

1956 2588 2386 2641 conversationis
2411 2588 2685 2645 saecuiaris
2713 2600 2913 2647 terreat
2934 2594 3187 2665 qualitas,
3215 2598 3369 2667 quasi
3400 2599 3453 2652 in
3482 2615 3548 2655 eo

1955 2674 2141 2729 habitu
2170 2676 2295 2731 vitae
2322 2678 2559 2733 caalestis
2596 2677 2792 2747 januas
2833 2683 3036 2738 intrare
3070 2701 3178 2739 non
3214 2687 3412 2741 valeas.
3446 2689 3546 2759 lgi-

1956 2772 2045 2818 tur
2073 2766 2212 2819 sicut
2238 2767 2486 2822 omnibus
2513 2769 2791 2838 aequaliter
2820 2774 2970 2843 regni
3012 2773 3108 2829 Dei
3147 2777 3434 2844 praedicata
3464 2787 3548 2834 est

1954 2856 2251 2938 beatitudo,
2282 2858 2358 2911 ita
2399 2859 2547 2913 omni
2585 2863 2758 2926 sexui,
2800 2864 2969 2929 aetati,
2999 2873 3053 2919 et
3088 2881 3334 2934 personae
3371 2883 3548 2937 aequa-

1955 2947 2080 3002 liter
2105 2950 2399 3003 secundum
2442 2951 2758 3005 meritorum
2788 2954 3106 3024 dignitatem
3136 2958 3287 3027 regni
3316 2956 3413 3012 Dei
3455 2973 3548 3027 pa-

1956 3045 2036 3093 tet
2068 3039 2339 3093 introitus.
2395 3039 2497 3095 Ubi
2540 3056 2648 3094 non
2693 3050 2777 3097 est
2804 3044 3098 3109 distinctio,
3146 3046 3266 3115 quis
3307 3056 3451 3101 esset
3489 3048 3545 3101 in

1956 3129 2152 3184 saeculo
2177 3129 2344 3184 laicus
2384 3131 2465 3184 vel
2505 3131 2755 3198 clericus,
2800 3134 2952 3189 dives
2992 3133 3076 3188 vel
3104 3150 3327 3209 pauper,
3362 3133 3547 3203 junior

1955 3220 2038 3273 vel
2070 3222 2271 3285 senior,
2303 3236 2492 3276 servus
2518 3219 2601 3277 vel
2628 3223 2876 3280 dominus
2901 3244 2913 3279 :
2943 3226 3036 3281 sed
3067 3227 3437 3296 unusquisque
3466 3242 3548 3282 se-

1955 3312 2191 3386 cundum
2230 3313 2484 3366 meritum
2525 3312 2653 3367 boni
2690 3316 2869 3384 operis
2908 3324 3167 3386 perpetua
3195 3317 3546 3373 coronabitur

1954 3384 2142 3471 gloria.
2174 3400 2367 3456 Arnen.

2027 3494 2055 3534 ι’
2087 3493 2343 3549 Salomon
2364 3495 2504 3549 dixit
2528 3514 2541 3551 :
2572 3515 2590 3545 ι
2629 3493 2863 3550 Verbum
2890 3494 3046 3551 dulce
3070 3497 3391 3567 multiplicat
3416 3498 3547 3553 ami-

1954 3602 2068 3650 cos,
2095 3594 2149 3640 et
2173 3587 2386 3656 mitigat
2419 3587 2664 3641 inimicos
2692 3607 2704 3641 :
2733 3596 2788 3641 et
2811 3588 2992 3659 lingua
3022 3590 3273 3643 eucharis
3302 3591 3356 3643 in
3398 3590 3541 3663 bono

1954 3677 2174 3733 homine
2204 3679 2518 3733 abundabit.
2562 3679 2709 3734 Multi
2751 3680 2961 3750 pacifici
2990 3682 3099 3735 sint
3137 3682 3253 3746 tibi,
3286 3689 3342 3736 et
3374 3681 3547 3736 consi-

1956 3771 2095 3824 liarii
2128 3772 2219 3824 tibi
2248 3771 2353 3825 sint
2380 3788 2521 3825 unus
2556 3772 2622 3825 de
2648 3772 2812 3826 mille.
2848 3771 2905 3826 Si
2929 3774 3172 3841 possides
3209 3773 3462 3835 amicum,
3489 3772 3545 3825 in

1958 3861 2256 3916 tentatione
2279 3862 2496 3930 posside
2521 3877 2664 3928 eum,
2696 3872 2752 3917 et
2780 3879 2888 3917 non
2921 3863 3075 3916 facile
3099 3864 3287 3917 credas
3313 3863 3404 3917 illi.
3450 3862 3547 3918 Est

1955 3956 2100 4007 enim
2121 3953 2328 4007 amicus
2353 3953 2649 4008 secundum
2680 3962 2888 4022 tempus
2914 3969 3090 4017 suum,
3115 3961 3171 4007 et
3196 3942 3300 4008 non
3329 3969 3543 4023 perina-

1954 4044 2107 4099 nebit
2134 4044 2186 4097 in
2218 4044 2304 4099 die
2344 4044 2726 4099 tribulationis.
2756 4046 2853 4098 Est
2879 4045 3106 4123 amicus,
3138 4046 3231 4114 qui
3273 4046 3545 4117 egreditur

1956 4136 2022 4189 ad
2046 4136 2337 4190 amicitiam
2368 4136 2573 4208 [Vulg.,
2600 4138 2692 4207 qui
2717 4139 3051 4193 convertitur
3078 4139 3144 4193 ad
3171 4139 3541 4212 imicitiam..].

1955 4222 2053 4277 Est
2081 4232 2263 4278 autem
2310 4226 2516 4279 amicus
2563 4226 2744 4280 socius
2787 4241 3012 4291 mensae,
3044 4236 3231 4289 etnon
3260 4238 3543 4298 permanet

1956 4316 2011 4369 in
2040 4316 2126 4369 die
2155 4317 2513 4372 necessitatis.
2543 4318 2763 4373 Amicus
2792 4319 2837 4372 si
2866 4321 3225 4387 permanserit
3253 4321 3410 4387 fixus,
3440 4323 3545 4377 erit
3574 4377 3606 4408 κ

1957 4408 2053 4461 tibi
2082 4408 2389 4476 comqualis,
2419 4416 2474 4461 et
2510 4409 2565 4462 in
2612 4409 2922 4464 domesticis
2951 4411 3057 4465 tuis
3084 4411 3303 4465 attende
3327 4411 3540 4483 [l’ulg.,

1957 4498 2278 4553 fijucialiter
2305 4498 2539 4571 aget...].
2570 4499 2791 4555 Amicus
2821 4498 3015 4564 fidelis,
3048 4503 3312 4570 protectio
3343 4502 3498 4559 fortis
3524 4522 3539 4558 ε

1955 4591 2047 4659 qui
2073 4599 2252 4645 autem
2279 4592 2485 4645 invenit
2511 4591 2680 4656 illum,
2727 4592 2936 4646 invenit
2976 4593 3308 4647 thesaurum.
3350 4593 3544 4651 Amico

1955 4668 2099 4737 fideli
2140 4683 2284 4747 nulla
2323 4691 2408 4737 est
2428 4684 2779 4760 comparatio,
2802 4692 2857 4737 et
2887 4700 2992 4738 non
3033 4694 3121 4740 est
3142 4686 3299 4756 digna
3338 4688 3541 4755 ponde-

1956 4774 2094 4827 ratio
2135 4773 2251 4826 auri
2282 4779 2336 4827 et
2381 4773 2589 4843 argenti
2630 4780 2820 4826 contra
2866 4773 3163 4849 bonitatem
3206 4774 3327 4829 fidei
3372 4775 3537 4829 illius.

1952 4861 2173 4918 Amicus
2216 4863 2390 4919 fidelis
2436 4853 2902 4917 medicamentum.
2933 4864 3059 4919 vitae
3081 4874 3136 4920 et
3164 4866 3543 4921 immortalita-

1956 4955 2060 5019 tis;
2101 4963 2153 5008 et
2184 4955 2277 5023 qui
2303 4961 2551 5008 metuunt
2579 4952 2886 5019 Dominum,
2926 4954 3208 5009 inveniunt
3234 4956 3400 5011 illum.
3437 4955 3540 5022 Qui

1957 5045 2109 5097 timet
2156 5042 2463 5107 Dominum,
2510 5057 2662 5111 aeque
2709 5042 2930 5098 habebit
2980 5045 3272 5099 amicitiam
3318 5045 3540 5108 bonam,

1956 5136 2211 5205 quoniam
2252 5135 2549 5189 secundum
2596 5135 2742 5190 illum
2774 5137 2877 5192 erit
2924 5139 3129 5193 amicus
3169 5140 3331 5194 illius.
3356 5138 3478 5201 Fili,
3506 5152 3538 5190 a

1950 5224 2231 5293 juventute
2265 5232 2357 5279 tua
2382 5226 2572 5296 excipe
2608 5227 2929 5295 doctrinam,
2974 5238 3028 5284 et
3068 5246 3238 5299 usque
3272 5230 3339 5283 ad
3372 5244 3542 5285 canos

1956 5317 2203 5372 invenies
2233 5317 2556 5387 sapientiam
2582 5338 2594 5372 :
2639 5328 2695 5373 et
2726 5321 2881 5388 quasi
2920 5322 2984 5385 is,
3012 5322 3101 5389 qui
3132 5329 3245 5375 arat
3280 5329 3333 5375 et
3373 5320 3540 5375 semi-

1958 5417 2071 5473 nat,
2100 5410 2297 5464 accede
2330 5409 2395 5464 ad
2435 5410 2598 5476 illam,
2630 5420 2684 5466 et
2713 5413 2921 5466 sustine
2942 5412 3111 5466 bonos
3135 5412 3337 5466 fructus
3360 5410 3536 5479 illius;

1958 5500 2012 5554 in
2044 5516 2206 5570 opere
2236 5502 2379 5556 enim
2410 5502 2577 5572 ipsius
2615 5502 2866 5574 exiguum
2896 5502 3182 5557 laborabis.
3216 5522 3235 5554 ι

2032 5637 2058 5675 δ
2087 5636 2208 5691 Haec
2243 5638 2435 5691 desunt
2466 5638 2517 5690 in
2553 5637 2706 5692 codd.
2752 5652 2884 5690 mss.
2914 5634 3105 5690 Addita
3136 5643 3260 5691 sunt
3293 5653 3321 5690 a
3360 5634 3536 5705 Quer-

1961 5715 2151 5764 cctano
2176 5725 2240 5763 ex
2274 5716 2401 5764 tom.
2436 5708 2499 5762 γι
2527 5708 2707 5777 Antiq.
2742 5707 2889 5763 Lcct.
2921 5706 3142 5761 Canisii.
