4044 6340
1362 291 1423 346 Β.
1464 289 1526 345 F.
1564 287 1792 346 ALBlNl
1831 287 1962 344 SEU
1999 286 2275 345 ALCUlNl
2312 286 2597 345 OPEBUM
2635 285 2815 342 PARS
2852 282 2940 340 ιν.

3653 280 3753 337 ϐω

514 423 3751 460 ~——————————————_-—~————————_———-—_'—‘

1368 564 1808 680 OPUSC
1825 566 2211 679 ULUM
2300 562 2910 695 SEXTUM.

671 807 865 934 aIlli
944 804 1292 932 ANIMZE
1359 801 1812 929 RATIONE
1892 797 2199 922 LIBER
2278 794 2411 921 All
2499 792 3011 922 EULALIAM
3073 795 3624 925 VIRGINEM.
3702 912 3703 915 γ

1892 1016 2404 1041 C-rI—m

585 1114 744 1186 146
764 1110 1105 1168 Charissimaa
1128 1108 1183 1162 in
1207 1103 1410 1161 Christi
1435 1103 1705 1158 charitate
1736 1098 1907 1154 sorori
1933 1099 1959 1137 ι)
1987 1096 2087 1159 Eu.
2113 1102 2161 1157 Α
2189 1095 2351 1149 malia
2385 1110 2725 1161 communes,
2762 1095 2814 1151 id
2850 1101 2951 1160 est,
2979 1096 3494 1167 concupiscentiam,
3524 1107 3579 1153 et
3607 1100 3761 1155 iram.

509 1209 648 1273 lalize
672 1204 870 1276 virgini
898 1202 1122 1257 Albinus
1149 1201 1204 1254 in
1231 1198 1459 1251 Domino
1494 1194 1739 1253 salutem.

580 1299 619 1352 ι.
656 1296 869 1351 Sanctae
909 1288 1257 1347 sollicitudini
1288 1294 1482 1341 vestrae
1513 1292 1566 1339 et
1594 1280 1846 1345 laudabili
1886 1280 1939 1334 in
1973 1280 2083 1333 Deo

509 1390 691 1446 studio
737 1386 935 1456 placuit
966 1381 1262 1453 deprecari,
1301 1378 1367 1435 de
1410 1377 1620 1432 ratione
1656 1376 1849 1429 animae
1887 1371 2085 1445 aliquid

508 1485 753 1532 nostram
778 1474 1015 1530 scribere
1055 1469 1421 1543 devotionem,
1464 1472 1685 1535 propter
1713 1462 1975 1532 quasdam
2005 1461 2086 1521 in;-

509 1565 851 1634 quisitiones,
892 1568 951 1615 ut
976 1560 1075 1624 ais,
1109 1572 1252 1612 anno
1297 1562 1573 1614 transacto
1604 1554 1753 1607 inter
1779 1566 1875 1605 vos
1911 1550 2085 1603 venti-

2182 1185 2351 1239 Homo
2372 1184 2519 1239 solus
2548 1186 2692 1240 inter
2712 1186 2970 1241 mortales
2996 1188 3206 1242 ratione
3232 1188 3395 1262 viget,
3419 1190 3648 1244 consilio
3678 1208 3769 1245 va-

2180 1272 2277 1337 let,
2313 1273 2664 1344 intelligentia
2694 1274 2984 1329 antecellit.
3033 1273 3139 1330 Sed
3182 1275 3268 1331 his
3311 1276 3542 1342 duobus,
3575 1279 3630 1333 id
3663 1288 3771 1345 est,

2183 1364 2630 1432 concupiscentia
2682 1372 2737 1419 et
2784 1365 2899 1429 irae,
2945 1366 3107 1431 ratio,
3149 1382 3269 1435 qua:
3303 1370 3503 1423 mentis
3549 1374 3771 1443 propria

2185 1462 2291 1519 est,
2327 1455 2590 1523 imperare
2626 1454 2803 1509 debet.
2851 1453 3013 1523 Cujus
3055 1457 3467 1513 excellentiores
3519 1461 3766 1527 virtutes,

2183 1556 2413 1614 quatuor
2448 1562 2567 1601 esse
2597 1546 2944 1613 manifestum
2978 1558 3079 1614 est,
3107 1550 3160 1603 id
3198 1558 3303 1616 est,
3334 1551 3643 1621 prudentia,
3666 1571 3769 1624 qua

510 1628 669 1711 latas.
718 1653 869 1721 Quod
894 1652 1123 1705 libenter
1155 1648 1431 1708 fecissem,
1472 1645 1519 1699 si
1559 1659 1645 1698 me
1686 1650 1836 1696 tanto
1872 1628 2146 1712 ﬂagrari-l
2186 1635 2316 1707 [Al.,
2353 1637 2494 1708 quae]
2546 1637 2750 1708 agenda
2804 1638 2889 1693 vel
2940 1656 3050 1694 non
3099 1643 3304 1713 agenda
3356 1644 3665 1709 discernit;
3717 1656 3773 1701 et

513 1746 647 1818 [Αι.,
681 1752 885 1799 tantum
907 1738 1156 1812 ﬂagrare]
1179 1739 1393 1808 ingenio
1413 1750 1651 1797 nossem,
1674 1740 1732 1786 ut
1760 1740 1869 1785 tam
1890 1732 2086 1785 arduas

511 1836 751 1890 rationes
787 1832 921 1905 [Al.,
954 1827 1265 1899 relationes]
1293 1828 1451 1897 digne
1478 1839 1747 1895 exponere
1776 1838 1934 1893 posse
1965 1837 2089 1877 con-

510 1926 755 1980 ﬁderem.
792 1923 900 1977 Sed
926 1937 992 1976 ex
1022 1928 1175 1989 parte
1199 1919 1476 1989 indignum
1511 1930 1635 1971 esse
1660 1914 1873 1968 videtur
1902 1913 2083 1967 dicere

508 2017 773 2084 meipsum
798 2029 883 2068 me
920 2012 1152 2067 nescire.
1187 2008 1326 2076 Quid
1362 2022 1481 2061 sum
1520 2021 1640 2085 ego,
1670 2006 1778 2059 nisi
1822 2004 2001 2058 anima
2034 2012 2091 2058 et

509 2104 682 2158 caro?
731 2102 870 2157 Caro
916 2101 1043 2170 quid
1091 2100 1179 2163 sit,
1226 2098 1475 2152 omnibus
1524 2104 1709 2149 notum
1753 2103 1858 2158 est,
1898 2094 1991 2163 qui
2029 2109 2090 2148 se

509 2194 690 2248 sciunt
712 2193 959 2248 homines
992 2206 1114 2246 esse
1139 2208 1152 2243 :
1186 2189 1379 2247 anim-.c
1401 2201 1529 2240 vero
1554 2186 1823 2238 rationem
1847 2185 1936 2237 vix
1963 2199 2091 2252 pau-

508 2298 697 2339 corum
731 2290 816 2337 est
839 2281 1071 2350 pleniter
1115 2291 1295 2335 nosse.
1330 2275 1438 2328 Nec
1482 2274 1684 2343 aliquid
1720 2273 1889 2344 magis
1924 2273 2093 2341 homi-

512 2373 571 2431 ni
594 2373 649 2426 in
672 2372 776 2426 hac
806 2369 1133 2425 mortalitate
1162 2366 1366 2429 viventi
1396 2364 1761 2419 necessarium
1793 2370 1876 2417 est
1905 2378 2087 2428 nosse,

2180 1727 2408 1796 justitia,
2438 1744 2541 1796 qua
2572 1728 2714 1783 Deus
2748 1729 2959 1794 colitur,
3009 1738 3064 1785 et
3092 1739 3321 1796 amatur,
3357 1743 3413 1788 et
3456 1744 3609 1790 recte
3634 1737 3771 1790 vivi«

2185 1826 2273 1872 tur
2306 1820 2447 1875 inter
2472 1820 2753 1875 consocias
2785 1822 3031 1886 animas;
3066 1825 3441 1893 temperantia,
3480 1842 3603 1895 qua:
3644 1843 3773 1882 con-

2187 1910 2577 1977 cupiscentiam
2621 1912 2705 1966 vel
2733 1913 2869 1967 iram
2906 1914 3191 1984 gubernat,
3228 1932 3297 1971 ne
3332 1917 3584 1973 definitos
3611 1918 3777 1975 hone-

2188 1997 2348 2051 statis
2376 1999 2634 2055 terminos
2664 2003 3169 2073 transgrediantur;
3222 2004 3507 2077 fortitudo,
3543 2024 3651 2078 qua
3690 2009 3777 2073 adq

2186 2106 2344 2145 versa
2374 2092 2532 2161 hujus
2572 2095 2696 2150 vitae
2738 2111 3081 2171 quaecunque
3115 2099 3449 2170 contingant,
3498 2102 3783 2165 constanti

2191 2182 2371 2247 animo
2394 2184 2607 2238 tolerat.

2260 2272 2345 2327 ιν.
2376 2274 2441 2328 Et
2468 2276 2582 2331 haec
2608 2286 2860 2346 quatuor,
2889 2279 2933 2333 si
2960 2279 3226 2335 charitate
3246 2280 3485 2351 perfecta
3521 2282 3572 2336 in
3598 2283 3785 2337 anima-

2192 2367 2345 2429 ﬁunt,
2372 2365 2607 2420 efliciunt
2630 2382 2747 2421 eam
2772 2368 2883 2423 Deo
2909 2368 3231 2437 proximam.
3260 2370 3394 2437 Quia
3424 2370 3559 2425 nihil
3584 2371 3789 2446 [aliud]

519 2477 685 2535 quam
738 2462 903 2517 Deum
940 2468 995 2515 et
1043 2459 1300 2514 animam.
1355 2456 1627 2522 Quantum
1677 2454 1822 2509 enim
1866 2454 2091 2522 quisque
2122 2440 2163 2498 Β
2192 2465 2276 2513 est
2306 2459 2569 2527 optimum
2618 2460 2872 2526 hominis,
2917 2462 3003 2516 cui
3032 2462 3239 2517 haerere
3280 2465 3654 2520 beatissimum
3685 2469 3775 2532 sit,

512 2552 681 2608 Deum
704 2551 966 2623 agnoscit,
989 2549 1045 2603 in
1064 2556 1269 2602 tantum
1293 2546 1482 2617 diligit,
1505 2544 1597 2613 qui
1624 2544 1801 2597 minus
1829 2544 2089 2613 agnoscit,
2135 2549 2299 2657 i’nisi
2329 2548 2471 2603 Deus
2496 2568 2509 2603 :
2532 2551 2618 2604 cui
2643 2552 2851 2608 haerere
2882 2562 3028 2609 certe
3054 2570 3161 2609 non
3200 2555 3460 2623 valemus,
3507 2558 3615 2613 nisi
3657 2559 3782 2615 dile-

511 2650 691 2704 minus
714 2647 921 2718 diligit:
955 2659 1083 2715 ergo
1106 2644 1351 2697 naturale
1373 2649 1457 2696 est
1499 2641 1643 2695 omni
1682 2638 1888 2693 homini
1923 2637 2093 2703 Deum
2144 2637 2157 2657 '
2192 2641 2391 2695 ctione.
2422 2640 2656 2697 Proinde
2699 2642 2785 2699 ha":
2814 2654 3048 2713 quatuor
3086 2647 3315 2702 virtutes
3360 2664 3467 2703 uno
3498 2648 3797 2707 charitatis‘

515 2752 718 2791 amare.
747 2735 803 2790 Si
833 2734 1076 2789 naturale
1097 2740 1182 2787 est
1220 2731 1367 2797 omni
1410 2729 1616 2785 homini
1654 2728 1854 2783 bonum
1887 2741 2089 2793 amare,

515 2827 761 2881 naturale
788 2835 872 2881 est
899 2825 1063 2880 etiam
1089 2822 1256 2877 Deum
1279 2836 1483 2884 amare,
1509 2819 1635 2889 quia
1662 2818 1804 2873 Deus
1826 2830 2093 2871 summum

510 2920 711 2974 bonum
736 2927 819 2973 est
843 2920 961 2972 sine
989 2931 1096 2985 quo
1127 2916 1290 2978 bono,
1328 2912 1402 2966 nil
1435 2910 1565 2992 [Al.,
1606 2907 1762 2979 nihil]
1793 2908 1920 2962 boni
1946 2907 2095 2976 quis-

509 3022 672 3076 quam
700 3008 904 3061 habere
936 3005 1150 3074 poterit.
1177 3003 1270 3057 llle
1294 3010 1379 3056 est
1404 2998 1720 3067 indeficiens
1743 2999 1962 3060 bonum,
1985 2995 2096 3065 ple-

509 3112 580 3150 na
621 3094 983 3164 pulchritudo,
1022 3094 1187 3147 totius
1229 3090 1504 3146 felicitatis
1544 3088 1891 3142 abundantia.
1928 3086 2094 3140 Amor

508 3199 641 3240 vero
664 3184 822 3253 hujus
854 3184 1001 3247 boni,
1041 3198 1151 3236 non
1185 3182 1290 3235 nisi
1325 3181 1380 3234 in
1415 3180 1593 3233 anima
1616 3195 1737 3233 esse
1760 3178 2001 3247 poterit;
2036 3185 2093 3232 et

510 3277 616 3331 hoc
642 3277 834 3329 animm
855 3273 1125 3329 excellens
1156 3274 1355 3327 bonum
1376 3280 1478 3336 est,
1505 3270 1637 3325 illud
1665 3285 1847 3323 amare
1869 3270 2091 3334 bonum,

512 3370 571 3424 in
606 3382 712 3437 quo
748 3366 882 3430 solo,
924 3372 978 3419 et
1019 3379 1049 3418 a
1080 3378 1205 3432 quo,
1243 3371 1299 3416 et
1326 3377 1422 3431 per
1453 3376 1633 3431 quem,
1680 3360 1941 3441 quidquid
1966 3360 2093 3423 boni

512 3462 601 3510 est
632 3456 687 3509 in
711 3454 817 3508 ulla
851 3459 1122 3522 creatura,
1154 3450 1353 3507 bonum
1379 3458 1482 3505 est.

582 3545 644 3599 Il.
679 3545 746 3598 Et
783 3545 900 3598 haze
925 3543 1037 3599 sola
1067 3543 1246 3596 anima
1282 3541 1480 3595 nobilis
1515 3548 1622 3605 est,
1647 3541 1692 3595 si
1717 3539 1865 3593 illum
1893 3546 2095 3601 amata

514 3651 621 3706 quo
652 3644 734 3690 est
758 3635 901 3703 quod
935 3642 1051 3698 est;
1094 3633 1185 3700 qui
1222 3631 1367 3684 illam
1408 3630 1573 3685 talem
1604 3630 1827 3693 creavit,
1859 3636 1916 3681 ut
1948 3629 2004 3682 in
2037 3644 2097 3684 se

514 3727 601 3781 sui
643 3725 812 3794 ipsius
857 3724 1145 3793 imaginem
1184 3730 1238 3776 et
1271 3718 1678 3775 similitudinem
1726 3719 1948 3775 haberet
1997 3718 2095 3771 ini-.-

2193 2728 2495 2785 diademate
2542 2742 2821 2788 ornantur.
2875 2734 3005 2801 Quae
3050 2744 3136 2791 est
3167 2752 3296 2792 vera
3346 2740 3639 2808 sapientia,
3678 2741 3781 2795 nisi

2193 2819 2362 2875 Deum
2389 2821 2689 2892 intelligere
2734 2824 3065 2879 amandum?
3114 2825 3244 2892 Quae
3280 2836 3364 2882 est
3386 2825 3625 2895 justitia,
3677 2831 3781 2884 nisi

2192 2925 2314 2965 eum
2343 2910 2541 2975 colere,
2573 2928 2603 2964 a
2644 2928 2749 2981 quo
2797 2922 2899 2979 est,
2929 2924 2983 2969 et
3024 2915 3281 2987 quidquid
3320 2916 3484 2971 habet
3533 2918 3685 2983 boni,
3717 2919 3783 2974 ab

2188 3016 2257 3057 eo
2285 3001 2447 3055 habet
2472 3001 2494 3054 ?
2539 3001 2681 3069 Quid
2710 3005 3085 3073 temperantia,
3128 3005 3231 3059 nisi
3268 3008 3539 3076 integrum
3565 3023 3627 3062 se
3651 3023 3786 3077 pra:-

2191 3093 2319 3147 beat
2346 3093 2399 3147 in
2430 3092 2761 3161 perfectione
2784 3095 2909 3149 vita:
2945 3096 3015 3159 ei,
3043 3112 3202 3165 quem
3230 3097 3420 3151 amat?
3459 3096 3600 3163 Quid
3633 3097 3782 3153 forti-

2193 3182 2340 3246 tudo,
2370 3182 2472 3236 nisi
2502 3198 2599 3251 pro
2629 3199 2813 3239 amore
2841 3184 2935 3239 Dei
2967 3184 3179 3240 fortiter
3224 3185 3378 3257 147
3429 3188 3615 3261 omnia
3646 3187 3781 3243 tole-

2194 3286 2317 3326 rare
2346 3272 2619 3326 adversa?
2654 3271 2711 3326 Si
2743 3274 2886 3327 enim
2922 3272 3065 3328 Deus
3100 3281 3186 3328 est
3234 3289 3503 3329 summum
3543 3274 3784 3329 hominis

2193 3363 2413 3428 bonum,
2467 3363 2606 3432 quod
2640 3364 2822 3434 negari
2854 3380 2962 3419 non
3001 3373 3200 3433 potest,
3250 3366 3495 3435 sequitur
3523 3366 3781 3435 quoniam

2194 3467 2463 3507 summum
2491 3454 2688 3507 bonum
2716 3462 2967 3523 appetere
2997 3464 3081 3510 est
3125 3456 3263 3510 bene
3303 3457 3508 3522 vivere,
3559 3466 3620 3510 ut
3649 3456 3787 3511 nihil

2195 3542 2267 3597 sit
2293 3543 2436 3597 aliud
2464 3544 2602 3598 bene
2625 3544 2828 3609 vivere,
2857 3560 3017 3613 quam
3063 3553 3176 3599 toto
3209 3545 3393 3610 corde,
3436 3554 3547 3600 tota
3575 3547 3785 3611 anima,

2198 3640 2307 3686 tota
2335 3642 2516 3687 mente
2540 3634 2761 3703 diligere
2782 3633 2972 3699 Deum,
3006 3651 3034 3687 a
3059 3650 3166 3704 quo
3202 3637 3405 3689 existit.
3439 3635 3518 3689 Ita
3562 3638 3784 3693 tandem

2197 3720 2445 3775 ordinate
2481 3721 2630 3785 vivit,
2677 3723 2767 3791 qui
2805 3724 3044 3793 seipsum
3091 3725 3413 3783 considerat.
3440 3725 3568 3794 quid
3610 3727 3702 3790 sit,
3731 3734 3788 3782 et

511 3832 780 3886 pressam,
817 3824 871 3870 et
903 3800 1059 3885 digna
1094 3814 1191 3869 Dei
1222 3820 1369 3867 esset
1396 3811 1750 3876 habitatione,
1797 3810 2093 3866 secundum
2122 3782 2168 3844 Ο
2197 3824 2305 3877 quo
2334 3806 2583 3863 festinet:
2624 3811 2668 3864 si
2703 3809 2927 3865 affectus
2958 3811 3147 3877 animi,
3194 3812 3276 3867 vel
3301 3814 3551 3868 carnales
3580 3822 3785 3880 motus,

513 3908 754 3973 modum,
798 3921 958 3976 quem
1008 3904 1140 3975 [Al.,
1178 3902 1307 3973 quo]
1359 3902 1609 3972 quaelibet
1652 3910 1899 3956 creatura
1943 3902 1998 3954 in
2035 3916 2095 3956 se

516 3996 830 4052 Creatorem
873 3996 1071 4050 habere
1114 3993 1287 4062 possit
1314 4008 1329 4058 ;
1372 3992 1452 4046 sic
1481 3993 1748 4057 ordinata,
1775 4000 1835 4045 ut
1869 3991 1925 4046 id
1953 3991 2096 4060 quod

515 4089 619 4145 sibi
659 4087 1011 4143 excellentius
1047 4093 1152 4151 est,
1188 4084 1239 4138 id
1265 4092 1349 4138 est
1375 4083 1517 4137 Deus
1562 4082 1695 4153 [Αι.,
1736 4082 1953 4153 Deum],
1984 4090 2095 4135 tota

516 4185 724 4232 amaret
757 4174 1095 4229 intentione:
1145 4180 1200 4227 et
1242 4170 1295 4225 id
1322 4171 1465 4240 quod
1500 4170 1600 4224 sibi
1640 4170 1868 4223 inferius
1906 4176 2012 4233 est,
2041 4166 2103 4222 id

514 4275 602 4320 est
628 4280 864 4330 carnem,
891 4272 1006 4318 toto
1035 4270 1245 4333 regeret
1280 4263 1477 4317 studio.
1505 4261 1740 4315 Proinde
1768 4261 1950 4330 igitur,
1968 4260 2097 4329 quia

517 4360 707 4414 melior
728 4376 851 4429 pars
873 4368 957 4414 est
990 4359 1221 4413 hominis
1258 4358 1456 4419 anima,
1494 4356 1650 4409 decet
1683 4369 1801 4409 cam
1825 4354 2096 4409 dominam

517 4465 661 4515 esse,
691 4459 747 4506 et
790 4450 943 4518 quasi
992 4450 1058 4502 de
1108 4447 1234 4501 sede
1280 4447 1473 4516 regalis
1526 4446 1773 4499 culminis
1808 4446 2095 4514 imperare,

515 4542 667 4611 quid,
714 4555 810 4609 per
852 4555 990 4608 quae,
1026 4538 1107 4591 vel
1150 4538 1388 4605 quando,
1431 4536 1515 4589 vcl
1551 4536 1662 4599 ubi,
1710 4536 1795 4589 vel
1829 4537 2098 4602 quomodo

516 4631 679 4696 faciat
704 4629 964 4691 membra,
994 4634 1047 4680 et
1090 4625 1433 4679 considerare
1478 4624 1777 4693 diligenter,
1827 4623 1956 4691 quid
1989 4624 2101 4677 cui-

514 4733 620 4787 que
642 4716 771 4789 [Al.,
801 4716 927 4785 quid
953 4715 1058 4787 cui]
1083 4715 1324 4769 membro
1351 4714 1578 4782 imperet
1603 4714 1945 4778 faciendum;
1970 4714 2099 4783 quid

513 4809 710 4876 cuique
738 4806 867 4878 [Al.,
890 4807 1019 4875 quid
1034 4805 1141 4877 cui]
1169 4806 1475 4861 consentiat
1497 4805 1548 4858 in
1574 4804 1843 4859 desiderio
1870 4819 1980 4859 sua:
2003 4821 2071 4860 na

515 4907 677 4963 tum;
702 4906 757 4951 et
783 4898 897 4952 hmo
917 4898 1098 4952 omnia
1120 4897 1423 4952 rationabili
1444 4897 1641 4951 mentis
1666 4897 1861 4950 intuitu
1888 4904 2099 4966 oportet

514 5003 634 5043 eam
667 4988 998 5055 discernere,
1031 5005 1098 5044 ne
1133 4989 1260 5059 quid
1287 4987 1544 5042 indecens
1564 4986 1663 5040 ﬁat
1691 4986 1745 5040 in
1772 4985 1946 5042 ofﬁcio
1989 5002 2099 5042 suae

511 5085 692 5140 carnis
726 5084 941 5139 alicubi.

2194 3902 2417 3971 provida
2443 3901 2709 3971 gubernat
2736 3903 2967 3958 ratione.
3001 3901 3057 3957 Si
3085 3904 3228 3958 enim
3258 3904 3345 3959 vel
3393 3904 3787 3973 concupiscen-

2194 3992 2289 4055 tia,
2332 3993 2416 4047 vel
2446 3995 2525 4047 ira
2562 3996 2823 4049 rationem
2862 3995 3052 4061 vincit,
3093 3995 3493 4053 etdominatur
3529 3996 3785 4066 quaelibet

2195 4083 2406 4138 illorum
2433 4084 2488 4138 in
2520 4085 2737 4150 anima;
2771 4086 2904 4140 ordo
2941 4101 3230 4155 perversus
3270 4088 3629 4156 przecipitabit
3658 4103 3787 4142 con-

2195 4174 2523 4228 sentientem
2550 4174 2604 4227 in
2632 4172 2784 4245 pejus
2814 4191 2829 4239 ;
2869 4182 2925 4229 et
2964 4176 3172 4230 tenebit
3215 4175 3345 4248 [Al.,
3381 4176 3550 4249 tenet]
3586 4177 3784 4231 solium

2194 4264 2421 4318 rationis
2448 4264 2548 4329 ira,
2582 4266 2629 4319 si
2658 4265 3012 4320 immoderata
3056 4267 3179 4331 erit,
3228 4266 3311 4321 vel
3340 4267 3785 4336 concupiscentia

2196 4355 2473 4411 effrenata.
2511 4356 2590 4410 Ex
2623 4358 2708 4411 his
2731 4358 2902 4411 tribus
2930 4359 3086 4427 quasi
3114 4357 3404 4424 radicibus,
3437 4359 3481 4413 si
3517 4368 3784 4427 corrupta:

2197 4453 2373 4507 erunt,
2403 4461 2592 4501 omnes
2622 4462 2760 4515 pene
2794 4447 3059 4516 pullulant
3100 4458 3303 4517 pestes.
3333 4447 3783 4518 Concupiscentia

2197 4536 2322 4591 data
2347 4544 2431 4591 est
2472 4535 2680 4592 bomi'ni
2728 4538 2795 4592 ad
2825 4541 3258 4609 concupiscenda
3292 4557 3409 4610 qua:
3439 4549 3567 4595 sunt
3603 4543 3780 4607 utilia,

2198 4633 2254 4680 et
2280 4642 2398 4694 qua:
2424 4628 2524 4681 sibi
2559 4629 2625 4682 ad
2671 4628 2898 4685 salutem
2946 4630 3228 4699 proﬁciant
3272 4634 3678 4701 sempiternam.
3722 4633 3783 4688 Si

2198 4735 2328 4773 vero
2355 4722 2738 4789 corrumpitur,
2785 4725 3028 4777 nascitur
3053 4740 3120 4778 ex
3149 4740 3208 4778 ea
3248 4726 3646 4796 gastrimargia,
3678 4724 3787 4780 for-

2201 4808 2421 4873 nicatio,
2455 4818 2509 4863 et
2535 4809 2859 4880 phylargiria
2892 4811 3018 4882 [Al.,
3051 4812 3415 4884 philargeria].
3439 4813 3521 4867 lra
3544 4814 3668 4868 data
3694 4823 3788 4871 est

2200 4899 2265 4952 ad
2286 4899 2416 4953 vitia
2437 4900 2756 4965 cohibenda,
2788 4917 2858 4957 ne
2882 4903 3083 4971 impiis,
3116 4903 3165 4956 id
3197 4910 3303 4965 est,
3328 4902 3588 4971 peccatis,
3619 4904 3786 4959 homo

2200 4988 2401 5043 serviat
2427 4988 2680 5054 dominis,
2706 4990 2831 5057 quia
2852 4990 3007 5059 juxta
3029 4990 3243 5044 Domini
3272 5008 3490 5046 vocem:
3525 4992 3629 5057 Qui
3651 4993 3787 5059 facit

2198 5088 2487 5147 peccatum,
2510 5095 2687 5132 servus
2710 5088 2782 5133 est
2812 5082 3008 5149 peccati
3056 5080 3233 5150 (Joan.
3269 5098 3389 5145 vm,
3422 5080 3512 5150 54)
3538 5099 3552 5147 ;
3581 5098 3649 5137 ex
3672 5099 3786 5151 qua

579 5175 665 5229 ΙΙΙ.
699 5174 914 5245 Triplex
942 5183 1026 5229 est
1053 5175 1198 5228 enim
1230 5175 1444 5237 animm,
1472 5180 1532 5227 ut
1556 5172 1858 5242 philosophi
1888 5171 2092 5237 volunt,
2125 5144 2177 5205 Β
2199 5144 2471 5238 corrupta,
2502 5171 2743 5240 procedit
2776 5144 3015 5235 tristitia,
3040 5144 3093 5226 et
3114 5173 3316 5226 acedia.
3349 5144 3510 5227 Ratio
3532 5144 3655 5227 data
3672 5144 3785 5237 est,

512 5272 707 5318 natura
737 5284 749 5319 :
780 5274 862 5320 est
886 5267 941 5319 in
963 5282 1026 5320 ea
1064 5266 1306 5335 quaedam
1343 5283 1467 5337 pars
1507 5265 1962 5335 concupiscibilis,
1993 5265 2095 5318 alia

514 5356 793 5409 rationalis
822 5356 953 5427 [AI.,
982 5357 1365 5427 rationabilis],
1398 5356 1559 5411 tertia
1598 5354 1903 5409 irascibilis.
1952 5354 2095 5407 Duas

458 5466 461 5469 ·
515 5451 660 5504 enim
689 5450 887 5505 habent
925 5451 1113 5505 harum
1148 5460 1332 5524 partes
1374 5450 1654 5504 nobiscum
1683 5448 1870 5503 bestiae
1898 5456 1952 5501 et
1980 5446 2093 5500 ani-

588 5594 612 5620 ι·
648 5582 777 5635 Vide
800 5581 859 5652 β.
889 5582 1026 5652 Aug.
1052 5582 1170 5636 Lib.
1204 5583 1267 5635 de
1300 5582 1503 5652 Spiritu
1535 5590 1588 5636 et
1609 5580 1823 5645 Anima,
1856 5596 1974 5649 cap.
2010 5579 2091 5643 l3,

520 5659 648 5707 tom.
682 5652 772 5706 XL
794 5651 1132 5722 PatrolOgiae,
1164 5653 1264 5707 col.
1298 5651 1419 5706 78L

2192 5268 2249 5313 ut
2281 5260 2535 5326 diximus,
2565 5276 2777 5315 omnem
2814 5261 3047 5315 hominis
3076 5262 3240 5315 vitam
3272 5277 3477 5332 regere,
3502 5273 3557 5317 et
3584 5262 3787 5333 guber-

2193 5367 2344 5416 nare,
2382 5367 2448 5405 ex
2472 5368 2574 5421 qua
2611 5354 2656 5407 si
2683 5354 3070 5421 corrumpitur,
3099 5354 3269 5407 oritur
3306 5356 3578 5423 superbia,
3612 5364 3668 5408 et
3690 5370 3789 5409 oe-

2196 5444 2446 5498 nozloxia.
2483 5445 2562 5498 Ex
2612 5443 2695 5498 his
2723 5444 2877 5513 quasi
2908 5444 3213 5509 arboribus,
3260 5445 3474 5514 plurimi
3525 5445 3791 5500 vitiorum

2270 5574 2297 5612 b
2326 5572 2552 5627 Eulalia:
2575 5589 2668 5627 seu
2691 5572 3013 5628 Cundradw.
3047 5572 3181 5628 Vide
3216 5573 3472 5629 Monitum
3517 5574 3793 5643 praevium

2197 5653 2251 5701 et
2276 5644 2539 5713 Epistolas
2569 5644 2638 5699 ibi
2666 5645 2873 5699 citatas.
