4044 6340
146 300 149 303 ι
246 275 344 331 ϐΗ

1163 269 1484 326 MOBALIA.
1528 299 1595 309 —
1633 267 1833 323 LIBER
1869 267 1956 321 DE
1989 265 2225 320 ΑΝΙΜᾸΞ
2264 266 2578 323 RATIONES.

3380 265 3486 322 642

247 387 537 445 ramusculi
569 386 622 440 in
665 384 957 455 pcrnicrent
987 383 1176 437 animae
1215 389 1577 443 succrescunt,
1619 381 1685 435 de
1709 380 1824 448 qui-
1851 383 1896 441 Α
1928 376 2056 430 mini
2089 393 2172 431 me
2208 370 2505 446 intelligere
2531 388 2585 434 et
2606 378 2740 433 velle
2773 385 2827 434 et
2868 372 3191 436 meminisse.
3232 380 3295 434 Et
3328 381 3405 436 sic
3431 382 3487 437 in

247 479 349 533 bus
372 477 427 529 in
447 472 606 542 hujus
633 473 872 542 cpistola:
900 472 1150 540 angustia
1177 470 1452 540 disputare
1480 470 1696 537 longum
1717 477 1822 534 est,

248 575 303 622 et
324 582 432 621 non
460 565 622 619 nimis
647 563 1031 618 necessarium.
1058 603 1063 609 .
1164 576 1167 577 ⁷

317 695 381 750 V.
424 696 520 750 Est
556 708 769 764 quoque
796 692 972 745 anima
1018 684 1252 760 imagine
1278 698 1332 743 et
1358 689 1713 745 similitudine
1742 688 1825 742 sui

250 787 558 843 Conditoris
588 786 641 838 in
672 782 950 853 principali
973 782 1057 836 sui
1084 791 1256 850 parte,
1281 796 1400 850 qua:
1428 796 1582 835 mens
1609 781 1825 844 dicitur,
1844 797 1876 842 ψ

250 876 581 931 excellenter
603 872 901 927 nobilitata.
935 870 1062 936 Qua:
1082 870 1257 938 imago
1280 870 1491 923 tandem
1516 869 1570 921 in
1596 883 1659 923 ea
1684 868 1829 921 clara

251 974 306 1019 et
334 965 554 1035 pulchra
583 971 686 1025 est,
715 962 761 1015 si
781 969 894 1014 toto
923 958 1031 1013 Deo
1058 957 1335 1013 Conditori
1360 958 1627 1011 desiderio
1649 958 1829 1011 vincta

250 1065 335 1110 est
365 1052 500 1125 [Al.,
525 1052 712 1121 juncta
740 1049 865 1121 est].
895 1049 1149 1116 Quamvis
1178 1064 1306 1102 vero
1329 1048 1448 1101 vilis
1489 1056 1544 1101 et
1576 1046 1829 1100 deformis

250 1160 280 1196 a
309 1144 423 1197 Deo
444 1142 703 1196 recedens
729 1138 1010 1200 efﬁciatur,
1040 1147 1219 1190 tamen
1249 1138 1294 1190 si
1325 1137 1533 1189 ratione
1560 1137 1722 1204 viget,
1747 1133 1831 1187 vel

252 1232 530 1288 intellectu
558 1230 743 1293 sentit,
772 1235 952 1281 manet
983 1228 1038 1280 in
1066 1242 1130 1281 ea
1159 1225 1400 1295 qutedarn
1428 1235 1635 1278 natura:
1664 1224 1833 1295 digni-

253 1333 338 1377 tas
362 1336 492 1376 suae.
522 1304 675 1376 Unde
698 1319 764 1374 de
800 1318 889 1371 tali
926 1318 1125 1380 anima,
1156 1332 1186 1371 a
1212 1317 1293 1370 sui
1339 1315 1647 1371 Conditoris
1688 1331 1833 1370 rece-

252 1413 422 1466 dente
457 1410 763 1473 dilectione,
800 1408 982 1462 divina
1009 1408 1137 1462 dicit
1173 1406 1450 1477 Scriptura
1480 1425 1491 1459 :
1521 1406 1831 1477 Quanquam

251 1504 309 1556 in
337 1503 567 1571 imagine
606 1500 704 1554 Dei
750 1499 972 1553 ambulet
1018 1500 1190 1562 homo,
1236 1508 1408 1552 tamen
1458 1516 1585 1552 eane
1625 1509 1834 1552 contur-

252 1593 444 1656 batur;
472 1591 807 1654 tltesaurizat,
822 1598 868 1641 et
894 1590 1116 1657 ignorat,
1135 1590 1218 1641 cui
1250 1597 1521 1657 congregat
1559 1606 1620 1642 ea
1660 1586 1828 1658 (Psal.

252 1695 488 1743 xxxviii,
520 1680 595 1749 7).
634 1678 745 1732 Nec
788 1678 927 1732 hanc
957 1678 1247 1732 vanitatem
1288 1678 1500 1733 auferre
1545 1693 1704 1747 posse
1746 1694 1828 1733 os-
1859 1714 1904 1772 Β

251 1773 428 1828 tendit
457 1774 525 1827 ab
554 1788 618 1827 ea
646 1773 929 1842 imaginem
971 1770 1066 1825 Dei
1093 1790 1106 1823 :
1151 1785 1457 1839 quanquam
1486 1769 1692 1823 scilicet
1717 1784 1828 1821 ma-

252 1858 355 1934 gna
381 1866 455 1933 sit
480 1872 671 1917 natura
699 1864 877 1916 anima
915 1863 1168 1925 humana,
1206 1868 1383 1914 tamen
1415 1860 1590 1913 vitiari
1626 1866 1824 1928 potest,

249 1957 377 2025 quia
421 1971 633 2010 summa
665 1972 771 2009 non
810 1962 932 2009 est:
977 1962 1155 2008 tamen
1197 1970 1321 2023 quna
1361 1968 1584 2007 summa:
1625 1961 1829 2006 natura:

250 2046 433 2117 imago
476 2053 582 2109 est,
621 2046 671 2099 id
697 2054 800 2110 est,
826 2046 1039 2110 divinze,
1070 2061 1261 2114 magna
1290 2054 1374 2100 est
1405 2054 1619 2108 natura,
1652 2053 1704 2099 et
1732 2060 1829 2098 no-

249 2138 397 2191 bilis.
439 2136 643 2191 Nobilis
672 2151 701 2188 a
730 2133 1017 2190 Conditore
1055 2144 1253 2199 creata,
1294 2136 1388 2189 sed
1426 2135 1671 2205 ignobilis
1700 2135 1830 2189 vitio

248 2228 474 2299 proprio
504 2226 662 2290 facta,
709 2226 761 2278 id
799 2232 909 2291 est,
944 2222 1069 2278 dum
1098 2240 1127 2278 a
1174 2224 1271 2280 Dei
1311 2225 1544 2279 declinat
1587 2224 1827 2288 servitio,

251 2333 353 2373 sua
382 2316 568 2370 volens
596 2315 669 2369 uti
718 2323 1003 2384 potestate,
1037 2316 1178 2385 quod
1227 2325 1312 2371 est
1352 2317 1586 2386 primum
1632 2316 1829 2370 malum

250 2409 403 2462 omni
434 2398 677 2461 rationali
724 2414 1001 2462 creatum.
1048 2405 1127 2461 Ita
1156 2408 1369 2462 tandem
1418 2407 1661 2462 ordinate
1698 2406 1833 2460 vivit

251 2498 458 2559 anima,
482 2496 527 2550 si
556 2512 678 2550 eum
703 2496 873 2566 diligit
900 2496 990 2565 qui
1019 2512 1177 2565 supra
1198 2512 1256 2551 se
1283 2504 1386 2559 est,
1416 2496 1469 2549 id
1495 2503 1599 2560 est,
1629 2496 1828 2559 Deum;

252 2596 309 2642 et
342 2586 631 2654 prudenter
660 2600 723 2639 ea
752 2594 901 2656 regat
923 2602 1040 2654 qua:
1067 2602 1255 2656 regere
1300 2583 1478 2650 debet,
1507 2586 1559 2639 id
1584 2594 1687 2648 est,
1718 2600 1835 2639 car-

254 2677 412 2732 nales
437 2691 647 2730 sensus.
677 2676 816 2746 Ergo
854 2686 1082 2745 quatuor
1108 2678 1322 2747 quidem
1346 2679 1537 2732 anima:
1565 2677 1832 2746 diligenda

251 2774 409 2828 sunt,
438 2766 489 2819 id
512 2773 613 2831 est,
642 2767 784 2835 quod
828 2782 986 2836 supra
1013 2782 1070 2821 se
1108 2776 1211 2832 est,
1237 2776 1291 2822 et
1317 2768 1370 2822 id
1410 2767 1555 2837 quod
1593 2766 1744 2835 juxta
1773 2783 1833 2822 se

253 2864 343 2909 est
369 2853 449 2925 [et
487 2855 540 2909 id
577 2854 718 2923 quod
760 2855 872 2924 ipsa
903 2865 1004 2921 est,
1051 2865 1105 2911 et
1128 2858 1181 2911 id
1210 2858 1350 2927 quod
1394 2858 1494 2912 sub
1520 2872 1578 2911 se
1602 2857 1725 2927 cst].
1760 2857 1834 2911 De

255 2946 467 2999 duabus
493 2945 701 3011 horum,
732 2954 1056 3015 prmceptum
1094 2947 1149 3001 in
1179 2948 1349 3002 sacris
1376 2948 1571 3017 legitur
1618 2948 1833 3011 litteris,

256 3035 315 3088 id
345 3042 450 3099 est,
480 3035 546 3089 de
575 3035 856 3090 dilectione
886 3036 979 3090 Dei
1011 3044 1064 3091 et
1089 3037 1320 3107 proximi
1347 3057 1360 3093 :
1393 3038 1458 3093 de
1488 3054 1583 3092 sua
1604 3054 1731 3092 vero
1760 3038 1835 3091 di-
1856 3045 1906 3109 ο

255 3123 509 3191 lectione,
542 3136 596 3182 et
621 3128 798 3183 carnis
836 3144 964 3191 sum,
1006 3145 1113 3183 non
1146 3137 1273 3184 sunt
1312 3137 1576 3198 prtecepta
1604 3137 1829 3194 statuta,

257 3217 386 3285 quia
419 3216 624 3271 duobus
652 3216 915 3286 prioribus
945 3217 1057 3271 haec
1082 3218 1186 3273 duo
1208 3218 1384 3273 inesse
1412 3218 1827 3289 dignoscantur:

255 3307 387 3376 quia
416 3306 506 3375 qui
556 3307 723 3360 Deum
760 3306 844 3361 vel
887 3307 1191 3376 proximum
1236 3308 1475 3377 perfecte
1529 3309 1723 3379 diligit,
1755 3323 1835 3363 se-

257 3398 439 3467 ipsum
468 3397 733 3468 negligere
777 3412 883 3451 non
931 3398 1161 3467 poterit;
1198 3399 1324 3469 quia
1365 3399 1478 3454 hzec
1513 3408 1599 3454 est
1640 3399 1845 3452 anima!

258 3502 472 3541 summa
510 3486 806 3551 beatitudo,
836 3502 956 3541 eum
996 3487 1214 3558 diligere
1241 3503 1271 3541 a
1309 3504 1415 3559 quo
1444 3497 1549 3552 est,
1581 3496 1630 3543 et
1659 3488 1833 3542 socias

260 3596 376 3636 suae
401 3579 745 3634 beatitudinis
784 3578 1007 3650 diligere
1049 3582 1281 3645 animas,
1324 3589 1378 3635 et
1415 3582 1520 3635 illis
1569 3581 1827 3650 prodesse

258 3671 346 3724 vel
376 3672 554 3726 carnis
579 3671 770 3735 ofﬁcio,
801 3671 883 3726 vel
930 3672 1124 3725 mentis
1168 3669 1447 3737 beneﬁcio,
1478 3680 1537 3725 ut
1564 3672 1702 3726 bona
1730 3670 1835 3725 illis

258 3770 435 3832 aptet,
463 3769 517 3816 et
551 3771 810 3831 quantum
839 3761 1037 3826 valeat,
1066 3760 1248 3815 faciat.

340 3894 425 3950 VI.
456 3894 627 3949 Habet
650 3895 813 3964 igitur
840 3895 1017 3949 anima
1041 3895 1095 3948 in
1125 3909 1222 3949 sua
1247 3903 1459 3958 natura,
1486 3903 1542 3948 ut
1580 3893 1835 3959 dixumus,

264 3984 557 4053 imaginem
572 3991 768 4038 sancta:
788 3983 1064 4037 Trinitatis
1090 3984 1143 4037 in
1163 3998 1229 4038 eo
1252 3984 1394 4051 quod
1411 3983 1833 4052 intelligentiam,

262 4075 619 4139 voluntatem,
650 4084 706 4130 et
728 4077 1041 4131 memoriam
1073 4077 1252 4130 habet.
1287 4076 1402 4131 Una
1428 4084 1513 4129 est
1536 4076 1679 4128 enim
1719 4074 1835 4127 ani-

265 4181 379 4229 ma,
410 4181 529 4234 quae
556 4181 707 4220 mens
735 4166 947 4230 dicitur,
982 4184 1084 4221 una
1127 4169 1259 4232 vita,
1288 4176 1342 4222 et
1375 4183 1479 4221 una
1513 4167 1834 4232 substantia,

265 4271 392 4326 quae
417 4256 531 4309 ba'c
560 4255 660 4309 tria
686 4256 846 4310 habet
871 4257 922 4309 in
944 4272 1029 4310 se:
1066 4258 1157 4311 sed
1182 4258 1295 4312 haec
1319 4258 1418 4311 tria
1448 4274 1552 4313 non
1579 4265 1702 4312 sunt
1728 4265 1838 4311 tres

264 4346 416 4405 ViL’B,
457 4346 551 4398 sed
580 4360 680 4397 una
704 4345 850 4409 vita;
875 4360 971 4400 nec
1000 4354 1110 4400 tres
1131 4355 1358 4411 mentes,
1388 4346 1481 4400 sed
1511 4362 1613 4401 una
1643 4361 1795 4401 meus
1822 4365 1833 4398 :
1866 4384 1915 4443 ο

263 4445 662 4505 consequenter
689 4438 893 4506 utique,
935 4453 1034 4493 nec
1067 4448 1177 4493 tres
1202 4438 1512 4493 substantiae
1561 4447 1701 4501 sunt,
1743 4437 1837 4492 sed

266 4545 383 4582 una
407 4529 726 4583 substantia.
758 4528 907 4595 Quod
934 4543 1061 4585 vero
1090 4531 1265 4583 anima
1290 4530 1372 4583 vel
1403 4542 1572 4593 mens,
1597 4530 1679 4583 vel
1704 4529 1835 4593 vita,

266 4618 363 4674 vel
390 4619 686 4673 substantia
705 4619 918 4683 dicitur,
947 4620 1015 4673 ad
1038 4620 1265 4687 seipsam
1290 4619 1487 4672 dicitur
1512 4636 1523 4671 :
1546 4619 1689 4687 quod
1709 4633 1838 4672 vero

267 4709 559 4772 memoria,
579 4709 662 4762 vel
682 4708 1051 4783 intelligentia,
1072 4708 1156 4763 vel
1176 4709 1423 4764 voluntas
1439 4709 1651 4773 dicitur,
1667 4708 1732 4761 ad
1749 4708 1843 4761 alid

269 4786 409 4869 quid
428 4798 648 4852 relative
677 4799 891 4853 dicitur.
915 4798 1144 4854 Proinde
1166 4800 1277 4853 haec
1302 4800 1401 4851 tria
1424 4812 1488 4852 eo
1511 4806 1633 4853 sunt
1653 4812 1838 4861 unum,

268 4903 388 4957 quo
412 4903 515 4941 una
546 4888 678 4952 vita,
711 4904 813 4943 uua
848 4904 998 4943 mens
1017 4905 1125 4943 una
1146 4897 1227 4944 est
1261 4889 1556 4944 substantia
1580 4906 1592 4941 :
1616 4896 1672 4942 et
1691 4888 1844 4957 quid-

268 4976 410 5047 quid
429 4977 569 5032 aliud
584 4978 651 5032 ad
670 4980 843 5047 seipsa
863 4979 1070 5049 singula
1086 4980 1353 5041 dicuntur,
1371 4981 1533 5033 etiam
1556 4978 1714 5034 simul
1737 4993 1843 5032 non

265 5066 577 5136 pluraliter,
616 5058 1085 5137 scd'singularitcr
1128 5070 1378 5122 dicuntur
1411 5086 1423 5121 :
1454 5083 1517 5123 co
1556 5083 1683 5123 vero
1717 5067 1841 5131 tria,

266 5166 391 5225 quo
419 5155 485 5209 ad
510 5172 568 5209 se
599 5156 831 5210 invicem
862 5156 1185 5211 referuntur.
1219 5156 1350 5210 Nam
1385 5158 1643 5211 memoria
1678 5156 1846 5210 alicu-

257 5244 366 5315 jus
392 5255 475 5300 est
500 5248 778 5312 memoria,
799 5256 854 5302 ct
892 5247 1239 5318 intelligentia
1286 5248 1507 5317 alicujus
1540 5257 1625 5302 est
1657 5248 1851 5301 intellin

265 5335 486 5406 gentia,
508 5343 565 5390 et
592 5336 834 5391 voluntas
861 5335 1082 5403 alicujus
1112 5344 1197 5390 est
1230 5335 1476 5390 voluntas
1505 5355 1516 5389 :
1543 5345 1598 5391 et
1634 5338 1747 5390 lucc
1785 5335 1851 5389 ad

266 5443 334 5481 se
362 5425 592 5481 invicem
622 5427 945 5481 referuntur.
983 5427 1089 5481 Sed
1120 5427 1172 5480 in
1197 5426 1282 5479 his
1312 5425 1484 5479 tribus
1508 5426 1686 5479 unitas
1707 5442 1853 5494 qua:-

266 5518 404 5571 darn
429 5525 542 5571 est:
566 5517 805 5587 Intelligo
826 5535 911 5573 mc
934 5517 1250 5586 intelligere,
1274 5517 1410 5569 velle
1430 5524 1485 5571 et
1507 5517 1846 5583 meminisse;

266 5617 331 5662 et
360 5607 482 5661 volo
504 5623 589 5663 mc
616 5610 906 5681 intelligere
942 5618 996 5663 ct
1031 5609 1338 5663 meminisse
1368 5616 1422 5660 ct
1449 5606 1585 5661 velle
1616 5625 1627 5661 :
1659 5615 1711 5659 et
1742 5623 1852 5661 mc-

1924 470 2149 539 singulls
2177 471 2384 539 singula
2413 473 2709 541 capiuntur.
2748 471 2853 526 Sed
2879 474 2942 526 de
2972 474 3054 527 bis
3078 474 3227 527 alias.

2002 560 2162 631 148
2190 559 2296 615 VII.
2321 562 2471 618 Nunc
2494 573 2674 618 autem
2700 565 3098 619 consideremus
3127 566 3317 619 miram
3343 566 3489 622 velo-

1925 650 2143 705 citatem
2174 651 2364 704 animae
2389 653 2440 704 in
2468 652 2759 708 formandis
2788 655 2967 718 rebus,
3007 671 3125 724 quae
3145 653 3373 725 perCi'pit
3392 670 3490 727 per

1927 741 2172 795 carnales
2195 752 2404 807 sensus,
2432 757 2461 794 a
2483 744 2676 810 quibus
2690 745 2841 813 quasi
2854 760 2949 813 per
2969 746 3226 815 quosdam
3248 747 3489 814 nuntios,

1926 833 2183 902 quidquid
2211 850 2391 888 rerum
2432 834 2761 889 sensibilium
2795 839 3127 907 cogniturum
3149 840 3233 893 vel
3256 832 3491 910 incogni-

1928 932 2101 977 tarum
2128 924 2373 1007 percipit,
2402 936 2520 979 mox
2551 926 2604 978 in
2632 928 2805 995 seipsa
2845 944 3029 982 earum
3069 930 3326 985 ineffabili
3350 932 3491 987 dele-

1927 1012 2084 1065 ritate
2115 1011 2303 1066 format
2328 1013 2546 1082 ﬁguras,
2582 1014 3000 1085 informatasque
3028 1019 3080 1072 in
3107 1036 3216 1075 sum
3241 1022 3493 1077 thesauro

1928 1101 2202 1155 memoria:
2248 1101 2506 1156 recondit.
2557 1102 2709 1157 Sicut
2750 1105 2894 1158 enim
2925 1107 3013 1174 qui
3065 1108 3289 1162 Romam
3336 1108 3490 1176 vidit,

1929 1189 2153 1245 Romam
2180 1194 2319 1245 enim
2350 1191 2554 1263 [Forte,
2587 1192 2771 1265 etiam]
2801 1193 2949 1263 ﬁngit
2981 1197 3032 1248 in
3058 1198 3234 1252 animo
3276 1215 3391 1264 suo,
3439 1209 3493 1254 et

1928 1280 2125 1336 format
2145 1282 2321 1350 qualis
2350 1283 2437 1339 sit.
2479 1283 2548 1337 Et
2578 1283 2703 1337 dum
2736 1299 2930 1337 nomen
2954 1286 3183 1340 audierit
3211 1288 3291 1343 vel
3321 1296 3495 1345 reme-

1929 1374 2106 1427 morat
2141 1371 2345 1437 Romm,
2392 1375 2574 1430 statim
2619 1376 2851 1429 recurrit
2876 1376 3083 1431 animus
3114 1378 3255 1432 illius
3285 1382 3351 1435 ad
3385 1392 3497 1437 me-

1930 1461 2177 1527 moriam,
2223 1463 2313 1529 ubi
2361 1463 2631 1519 conditam
2683 1463 2844 1518 habet
2881 1464 3111 1520 formam
3142 1467 3307 1533 illius,
3338 1479 3393 1523 et
3420 1470 3495 1525 ibi

1931 1553 2419 1624 recognoscit[eam
2442 1555 2507 1608 ad
2529 1555 2886 1626 memoriam],
2906 1558 2996 1611 ubi
3020 1557 3315 1613 recondidit
3331 1554 3493 1615 illam.

1932 1636 1999 1693 Et
2028 1642 2201 1697 adhuc
2228 1642 2524 1697 mirabilius
2548 1652 2651 1709 est,
2692 1646 2831 1713 quod
2855 1649 3247 1717 incognitarum
3289 1659 3494 1717 rerum,

1931 1730 1975 1782 si
2005 1729 2155 1786 lecta:
2193 1731 2279 1785 vel
2308 1732 2501 1786 auditm
2528 1743 2688 1787 erunt
2722 1736 2775 1788 in
2820 1736 3057 1798 auribus,
3100 1738 3276 1793 anima
3316 1742 3500 1796 statim

1928 1819 2126 1874 format
2172 1820 2395 1891 ﬁguram
2427 1824 2618 1893 ignota:
2661 1827 2758 1879 rei.
2817 1825 2969 1881 Sicut
3015 1820 3154 1883 forte
3202 1828 3502 1887 Jerusalem

1928 1909 2213 1982 quisquam
2244 1922 2489 1969 nostrum
2539 1915 2702 1971 habet
2735 1917 2789 1970 in
2833 1912 3010 1973 anima
3053 1936 3148 1974 sua
3196 1921 3501 1990 formatam,

1929 1994 2103 2071 qualis
2134 2002 2205 2056 sit
2240 2016 2250 2055 :
2281 2004 2524 2071 quamvis
2555 2004 2710 2075 longe
2735 2006 2889 2061 aliter
2916 2009 3005 2069 sit.
3030 2024 3187 2077 quam
3211 2010 3504 2070 sibianima

1929 2088 2102 2161 ﬁngit,
2132 2090 2259 2144 dum
2295 2093 2523 2147 videtur.
2554 2092 2812 2150 Similiter
2834 2098 2900 2151 de
2933 2098 3169 2165 homine,
3200 2101 3338 2155 sient
3367 2103 3508 2161 forte

1928 2180 1995 2235 de
2019 2181 2309 2246 Abraham,
2344 2182 2496 2253 ﬁngit
2524 2186 2666 2238 enim
2693 2184 2893 2255 [Forte,
2925 2189 3110 2260 etiam]
3133 2190 3294 2246 homo
3325 2201 3376 2246 in
3399 2195 3510 2250 ani-

1930 2282 2017 2321 ma
2056 2285 2170 2334 sua,
2203 2270 2377 2338 qualis
2404 2279 2548 2324 esset
2567 2272 2856 2325 Abraham.
2900 2274 2980 2329 Ex
3008 2292 3073 2330 eo
3098 2280 3240 2346 quod
3264 2280 3396 2335 alios
3417 2281 3511 2335 ho-

1930 2358 2105 2414 mines
2146 2359 2300 2423 vidit,
2332 2360 2411 2414 sic
2444 2360 2545 2414 sibi
2593 2360 2746 2431 ﬁngit
2770 2365 3005 2418 membra
3043 2369 3243 2433 omnia,
3277 2371 3417 2425 sient
3453 2374 3507 2428 in

1932 2451 2070 2515 aliis,
2104 2450 2187 2505 vel
2215 2451 2267 2503 in
2299 2452 2478 2520 seipse
2505 2456 2799 2523 cognoscit.
2827 2455 3006 2511 Muros
3035 2460 3091 2513 et
3114 2461 3301 2516 domos
3330 2471 3382 2517 et
3401 2464 3511 2533 pla-

1932 2550 2048 2597 teas
2078 2556 2185 2595 non
2216 2541 2367 2611 ﬁngit
2397 2543 2450 2596 iu
2478 2558 2562 2607 eo,
2591 2545 2731 2600 sicut
2759 2546 2812 2599 in
2857 2537 3154 2605 Jerusalem
3187 2553 3331 2619 facit,
3367 2555 3507 2628 [sed]

1932 2631 2190 2701 quidquid
2236 2632 2288 2684 in
2331 2632 2452 2687 aliis
2499 2634 2804 2689 civitatibus
2831 2632 2963 2692 vidit
2990 2630 3092 2694 sibi
3128 2646 3373 2713 cognitis,
3409 2644 3513 2704 hoc

1934 2720 2088 2790 ﬁngit
2123 2721 2177 2774 in
2217 2720 2514 2776 Jerusalem
2561 2739 2683 2780 esse
2720 2741 2917 2794 posse;
2960 2744 3026 2783 ex
3057 2734 3202 2787 notis
3226 2732 3367 2788 enim
3397 2751 3515 2806 spe-

1934 2814 2119 2867 ciebus
2150 2811 2300 2882 ﬁngit
2333 2814 2516 2883 ignota
2543 2834 2553 2868 :
2584 2832 2683 2871 nec
2712 2818 2855 2871 enim
2894 2820 2947 2872 in
2970 2821 3186 2877 civitate
3210 2824 3509 2882 Jerusalem

1936 2900 2088 2974 ﬁngit
2114 2902 2348 2958 hominis
2381 2906 2642 2971 membra,
2674 2907 2767 2961 sed
2798 2909 3023 2964 aediﬁcia
3053 2912 3361 2971 civitatibus
3388 2933 3514 2973 con-

1937 3000 2111 3047 sueta.
2152 2991 2241 3045 Sic
2269 2993 2334 3047 de
2366 2994 2511 3049 omni
2549 3010 2608 3050 re
2638 2994 2765 3050 facit
2801 2999 3012 3053 animus
3050 3000 3303 3071 hominis,
3335 3021 3401 3059 ex
3429 3022 3514 3062 co-

1936 3082 2100 3152 gnitis
2128 3081 2282 3152 ﬁngit
2312 3083 2603 3155 incognita,
2638 3085 2844 3141 habens
2871 3088 2969 3143 has
2992 3105 3180 3146 omnes
3220 3095 3425 3163 species
3456 3099 3513 3153 in

1934 3188 2014 3227 se.
2043 3173 2296 3240 Quamvis
2336 3188 2401 3229 eo
2430 3183 2627 3242 puncto
2648 3191 2753 3246 quo
2788 3180 2901 3232 vult
2929 3182 2995 3235 de
3030 3183 3267 3251 quolibet
3295 3204 3400 3241 una
3429 3204 3517 3243 co-

1934 3263 2125 3333 gitare,
2154 3264 2374 3333 cogitet,
2419 3279 2526 3317 non
2554 3267 2696 3334 quod
2741 3267 2918 3322 anima
2957 3280 3117 3325 exeat
3152 3273 3218 3326 de
3259 3276 3385 3330 sede
3413 3292 3513 3333 sua

1934 3355 2001 3409 ad
2029 3356 2456 3426 cognoscendum
2486 3355 2705 3426 aliquid,
2735 3360 2827 3413 sed
2854 3360 2908 3413 in
2940 3362 3113 3431 seipsa
3142 3376 3343 3433 manet,
3376 3372 3430 3423 et
3456 3370 3513 3426 in

1936 3442 2111 3511 seipsa
2142 3443 2289 3497 illam
2319 3443 2546 3497 formam
2568 3448 2922 3516 recognoscit,
2954 3465 3114 3519 quam
3141 3455 3347 3521 pridem
3376 3458 3514 3516 mira

1934 3531 2219 3586 velocitate
2242 3532 2511 3587 formavit.
2542 3532 2669 3588 Inde
2690 3543 2773 3588 est
2797 3538 2939 3605 quod
2962 3541 3158 3606 anima,
3183 3546 3226 3598 si
3256 3542 3518 3614 quidlibet

1934 3628 2156 3688 repente
2176 3620 2528 3683 obliviscitur,
2556 3629 2609 3675 et
2629 3623 2820 3678 iterum
2849 3640 3207 3697 rememorat;
3240 3648 3347 3687 non
3369 3636 3512 3691 enim

1935 3706 2064 3761 tunc
2112 3710 2368 3777 temporis
2407 3724 2514 3778 quo
2551 3708 2884 3768 obliviscitur
2920 3717 3139 3785 aliquid,
3179 3721 3416 3778 inveniet
3442 3725 3516 3779 los

1936 3799 2116 3852 culum
2148 3798 2280 3869 [Αι.,
2322 3799 2543 3871 locum],
2578 3802 2631 3854 in
2672 3817 2779 3871 quo
2805 3804 2857 3857 id
2885 3808 3026 3873 quod
3070 3812 3282 3877 qumrit,
3329 3828 3515 3869 recon-

1937 3888 2110 3942 ditum
2141 3888 2321 3955 habet,
2352 3891 2493 3958 quod
2524 3891 2718 3947 iterum
2745 3906 3086 3965 rememorat,
3116 3900 3230 3955 sive
3253 3905 3514 3973 curando,

1938 3977 2052 4031 sive
2076 3993 2181 4031 non
2209 3980 2468 4034 curando.

2010 4067 2138 4121 VIII.
2168 4067 2246 4121 Ex
2277 4083 2380 4137 qua
2405 4065 2689 4125 velocitate
2736 4074 2948 4140 animm,
3001 4090 3107 4146 quo
3132 4079 3182 4132 in
3212 4092 3269 4135 se
3296 4079 3373 4138 sic
3398 4098 3514 4141 om-

1938 4156 2027 4209 nia
2058 4157 2410 4227 ﬁngitaudita
2436 4159 2521 4213 vel
2566 4161 2700 4227 visa,
2754 4172 2847 4216 aut
2890 4172 3069 4231 sensa,
3117 4177 3210 4223 aut
3248 4172 3494 4239 odorata,

1938 4254 2029 4299 aut
2076 4255 2311 4316 gustata,
2365 4249 2671 4318 iterumque
2716 4253 2933 4308 inVenta
2979 4260 3333 4328 recognoscit,
3381 4264 3519 4320 mira

1939 4335 2031 4389 Dei
2061 4337 2297 4404 potentia
2326 4344 2379 4391 et
2411 4347 2617 4393 natura:
2646 4340 2880 4395 eﬁicacia
2909 4341 3042 4413 [Al.,
3071 4341 3400 4423 etiicicntia],
3432 4356 3518 4407 ut.

1940 4440 2043 4477 cun
2065 4440 2149 4492 lue
2186 4426 2432 4495 cognosci
2465 4428 2682 4495 poterit.
2721 4429 2852 4484 Dum
2900 4432 2964 4486 de
2994 4431 3287 4491 Jerusalem
3316 4442 3515 4509 cogito,

1938 4533 2044 4570 non
2074 4533 2138 4572 eo
2168 4528 2435 4574 momento
2458 4520 2522 4574 de
2552 4520 2719 4575 Roma
2734 4537 2951 4592 possum
2973 4527 3244 4597 cogitare;
3277 4531 3358 4586 vel
3386 4549 3508 4589 cum

1941 4610 2006 4662 de
2030 4609 2263 4678 qualibet
2288 4627 2391 4665 una
2410 4613 2667 4682 recogito,
2694 4630 2798 4668 non
2826 4630 3041 4683 possum
3069 4634 3133 4672 eo
3156 4632 3426 4678 momento
3447 4625 3516 4681 de

1902 4722 1905 4723 ν
1942 4699 2184 4768 pluribus
2206 4701 2465 4769 cogitare,
2490 4703 2584 4755 sed
2610 4704 2712 4759 hoc
2741 4719 2903 4756 unum
2927 4706 3055 4759 mihi
3100 4714 3226 4763 tunc
3276 4727 3516 4780 praesens

1944 4799 2025 4844 est
2060 4790 2113 4844 in
2142 4793 2333 4856 anima,
2367 4793 2507 4861 quod
2540 4801 2666 4849 tunc
2690 4795 2889 4863 cogito,
2915 4797 3085 4853 donec
3110 4800 3193 4854 vel
3220 4803 3399 4869 citius,
3429 4802 3516 4859 vel

1948 4882 2153 4936 tardius
2190 4883 2303 4937 haec
2344 4883 2598 4953 cogitatio
2635 4883 2871 4950 recedat,
2900 4894 2953 4939 et
2999 4888 3102 4941 alia
3154 4895 3517 4960 superveniat.

1947 4970 2079 5025 Nam
2110 4973 2200 5025 Dei
2225 4972 2605 5041 onmipotentis
2627 4980 2853 5038 naturae,
2872 4974 3195 5033 etineil‘abili
3221 4982 3518 5052 cognitioni

1946 5066 2124 5119 omnia
2160 5064 2317 5118 simul
2360 5070 2484 5118 sunt
2528 5065 2829 5133 prtesentia,
2868 5076 2922 5122 et
2969 5085 3182 5140 semper
3206 5074 3515 5143 prmsenlia,

1947 5164 2000 5208 et
2026 5171 2297 5223 nunquam
2320 5155 2641 5211 recedentia.
2674 5157 2739 5211 Et
2763 5158 2863 5213 hoc
2890 5168 2973 5216 est
2995 5165 3138 5232 quod
3158 5161 3353 5220 dicitur
3374 5166 3518 5235 quod

1954 5246 2095 5300 Deus
2125 5246 2319 5314 ubique
2350 5254 2493 5301 totus
2517 5254 2619 5311 est,
2646 5249 2766 5316 quia
2788 5252 2966 5305 omnia
2991 5270 3108 5322 quae
3133 5258 3275 5321 sunt,
3302 5252 3382 5309 vel
3403 5270 3520 5324 qua:

1952 5334 2185 5394 fuerunt.
2215 5336 2295 5390 vel
2324 5352 2442 5405 qua:
2470 5336 2648 5393 futura
2680 5347 2823 5404 sunt,
2867 5342 3025 5396 simul
3062 5345 3259 5409 omnia,
3310 5361 3412 5399 non
3442 5361 3511 5399 se.

1952 5427 2079 5491 mel,
2107 5428 2198 5480 sed
2222 5443 2432 5496 sz'mpcr
2459 5431 2743 5498 pncscntia
2782 5432 2961 5487 habet.
2993 5434 3100 5487 Nec
3128 5436 3286 5489 etiam
3328 5434 3523 5505 aliquis

1951 5525 2131 5586 potest
2161 5517 2295 5571 satis
2326 5519 2601 5584 admirari,
2632 5522 2772 5588 quod
2821 5536 3011 5576 sensus
3058 5522 3142 5577 ille
3169 5524 3319 5579 vivus
3358 5534 3522 5593 atque

1957 5609 2208 5677 caelestis,
2257 5612 2345 5681 qui
2391 5626 2541 5666 mcns
2591 5612 2672 5667 vel
2699 5613 2910 5669 animus
2958 5626 3315 5684 nuncupatur.
3364 5625 3523 5673 tanta:
