4044 6340
520 242 627 302 645

1371 244 1432 299 Β.
1474 244 1535 297 r.
1575 244 1798 298 ALBINI
1839 242 1970 298 seu
2007 240 2282 297 ALCUINI
2317 228 2593 296 OPEPUM
2628 224 2809 297 ms
2844 240 2930 298 Iv.

3667 244 3773 302 ΒΗ

518 358 833 417 mobilitatis
859 366 959 422 est,
1001 366 1061 411 ut
1090 371 1158 413 ne
1184 365 1293 411 tum
1317 357 1553 427 quidem,
1579 373 1699 411 cum
1743 357 1946 426 sopitus
1981 364 2083 419 est,
2115 361 2163 417 Α
2190 356 2326 409 ritus
2349 354 2740 420 intellectualis,
2778 354 3083 421 rationalis,
3110 370 3324 428 semper
3354 357 3410 413 in
3438 366 3613 424 motu,
3635 376 3776 417 sem.

521 448 869 518 conquiescat
894 466 908 500 :
943 456 1102 501 tantze
1132 447 1440 510 celeritatis,
1470 455 1530 499 ut
1551 462 1656 499 uno
1686 445 1939 514 temporis
1967 460 2096 513 pun-

520 550 610 597 cto
639 540 831 596 coelum
873 541 1167 603 collustret,
1203 538 1301 609 [et]
1353 540 1397 593 si
1427 538 1572 602 velit,
1621 537 1790 590 maria
1834 536 2093 605 pervolet,

526 641 701 686 terras
738 639 793 684 et
841 632 1004 684 urbes
1030 637 1318 698 peragret:
1364 629 1541 682 omnia
1591 628 1840 695 denique,
1870 641 1989 695 qua:
2032 626 2097 679 li-

522 722 723 785 buerit,
757 721 1001 789 quamvis
1033 720 1189 790 longe
1214 719 1426 787 lateque
1447 718 1690 772 submota
1724 718 1853 778 sint,
1878 716 1931 768 in
1970 732 2098 769 con—

523 817 711 879 spectu
740 808 840 862 sibi
868 809 980 876 ipse
1006 807 1294 876 cogitando
1319 806 1631 860 constituat.
1666 805 1732 858 Et
1754 805 1981 857 miratur
2008 803 2099 856 ali-

520 900 663 970 quis,
694 900 737 952 si
760 899 937 952 divina
964 912 1115 951 mens
1147 896 1262 959 Dei,
1292 896 1572 949 universas
1602 892 1783 946 mundi
1807 900 1985 961 partes
2026 891 2100 943 si-

519 976 654 1055 mul,
683 999 738 1045 et
772 1003 983 1057 semper
1012 996 1301 1055 praesentes
1328 986 1545 1047 habeat,
1582 998 1700 1051 quae
1735 982 1914 1036 omnia
1960 980 2099 1050 regit

517 1082 717 1152 ubique
761 1095 1018 1149 praesens,
1054 1079 1252 1145 ubique
1274 1084 1427 1140 tota;
1470 1090 1592 1129 cum
1620 1082 1769 1128 tanta
1816 1072 1887 1126 sit
1917 1070 1997 1125 vis
2034 1086 2108 1129 ac.

515 1179 758 1241 potestas
783 1170 977 1224 mentis
1002 1170 1250 1222 humana:
1275 1168 1413 1221 intra
1439 1165 1662 1220 mortale
1702 1180 1894 1233 corpus
1924 1163 2096 1217 inclu-

517 1281 612 1329 επ,
643 1272 701 1318 ut
740 1278 807 1317 ne
837 1261 1002 1330 septis
1041 1261 1255 1329 quidem
1296 1258 1476 1327 gravis
1500 1257 1660 1326 hujus
1698 1271 1760 1309 ac
1796 1254 1934 1325 pigri
1981 1268 2100 1307 cor-

516 1359 682 1428 poris,
717 1373 822 1425 quo
872 1357 1072 1427 illigata
1100 1361 1204 1419 est,
1254 1348 1491 1408 coerceri
1545 1352 1653 1406 ullo
1700 1351 1861 1405 modo
1905 1349 2095 1418 possit,

519 1448 807 1516 quominus
835 1447 1060 1502 liberam
1100 1445 1365 1515 cogitandi
1409 1441 1741 1507 facultatem,
1781 1440 1979 1509 quietis
2005 1439 2101 1493 im-

517 1540 730 1609 patiens
759 1537 977 1591 haheat.

587 1627 677 1682 1X.
727 1626 1012 1681 Sciendum
1057 1631 1139 1680 est
1183 1622 1507 1687 certissime,
1561 1622 1819 1685 animam,
1865 1615 1995 1674 siin
2034 1632 2099 1673 ea

516 1719 796 1774 nobilitate
827 1715 1211 1785 permansisset
1249 1730 1353 1783 qua
1396 1713 1608 1768 condita
1633 1719 1717 1767 est
1752 1727 1783 1765 a
1813 1710 2089 1773 Creatorc,

516 1808 841 1863 omnimodis
863 1804 1217 1860 immortalem
1230 1818 1370 1871 esse,
1399 1802 1537 1856 sicut
1564 1808 1874 1854 sanctorum
1896 1797 2089 1851 anlmae

516 1906 663 1962 sunt;
696 1896 787 1951 sed
817 1896 943 1950 dum
967 1894 1135 1949 libero
1164 1892 1412 1955 arbitrio,
1440 1888 1631 1960 spiritu
1662 1884 1951 1959 instigante
1979 1901 2091 1940 ma-

517 1985 681 2056 ligno,
714 1985 1003 2053 depravata
1033 1989 1134 2045 est,
1162 1981 1361 2051 partim
1408 1980 1652 2034 mortalis
1698 1993 1764 2032 ex
1794 1971 2111 2043 immortali,

508 2077 654 2131 facta
674 2084 777 2139 est,
806 2074 899 2129 sed
917 2089 1022 2128 non
1051 2082 1181 2128 tota.
1208 2070 1359 2127 Sicut
1386 2069 1632 2139 corporis
1651 2068 1760 2122 vita
1783 2062 1961 2145 anima
1984 2074 2090 2131 est,

515 2167 592 2221 ita
624 2167 816 2219 anima:
842 2164 951 2218 vita
981 2162 1122 2217 De'us
1148 2170 1249 2217 est.
1280 2161 1415 2213 Dum
1444 2160 1621 2214 anima
1652 2158 1851 2213 deserit
1872 2172 2089 2226 corpus,

516 2257 744 2311 moritur
773 2269 987 2323 corpus,
1022 2262 1075 2307 et
1102 2260 1371 2305 mortuum
1414 2258 1558 2303 recte
1599 2242 1814 2310 dicitur,
1846 2248 1971 2316 quia
2013 2248 2093 2301 ins

517 2345 771 2399 sensibile
797 2351 919 2397 est:
968 2350 1052 2398 est
1081 2349 1258 2395 tamen
1306 2354 1502 2408 corpus
1547 2339 1821 2406 corruptio
1850 2338 2094 2409 qumdam

514 2451 586 2492 ex
615 2436 793 2490 carnis
820 2444 1033 2497 natura,
1065 2433 1309 2502 quamvis
1337 2441 1443 2486 non
1470 2430 1774 2485 viviﬁcetur
1802 2432 1870 2485 ab
1891 2430 2090 2483 anima.

519 2524 727 2578 Animae
754 2538 880 2578 vero
908 2534 1053 2576 mors
1094 2528 1198 2586 est,
1245 2521 1368 2575 dum
1400 2534 1519 2573 eam
1560 2518 1702 2574 Deus
1730 2519 1929 2573 deserit
1954 2518 2093 2572 dono

522 2628 632 2668 sua:
657 2612 862 2683 gratiae,
885 2612 953 2665 ob
980 2608 1401 2680 magnitudinem
1424 2609 1709 2672 scelerum,
1735 2608 1965 2663 moritur
1991 2621 2097 2661 me-

517 2705 650 2759 liore
678 2704 759 2759 sui
786 2712 956 2772 parte.
992 2704 1205 2759 Duabus
1231 2717 1359 2756 vero
1405 2702 1753 2772 dignitatibus
1782 2717 1813 2754 a
1843 2700 2096 2755 Creature

2195 461 2292 514 per
2347 444 2553 509 vivens,
2600 446 2753 498 home
2803 445 3063 514 maheque
3088 446 3380 502 voluntatis
3426 464 3631 517 capax;
3686 466 3777 507 se-

2195 534 2426 586 cundum
2454 532 2843 601 benignitatem
2889 534 3163 589 Creatoris
3211 536 3379 591 libero
3419 538 3644 593 arbitrio
3676 556 3780 595 uo-

2194 622 2450 687 bilitatus,
2477 639 2573 677 sua
2590 624 2866 678 voluntate
2898 625 3139 680 vitiatus.
3167 626 3262 681 Dei
3301 630 3475 698 gratia
3512 631 3777 687 liberatus

2197 711 2274 784 [in
2300 714 2493 783 quibus
2545 715 2687 769 Deus
2726 716 2840 784 ipse
2872 716 3092 787 voluit];
3149 718 3217 771 ad
3262 722 3558 789 regendum
3590 726 3779 780 carnis

2195 811 2371 857 motus
2397 811 2636 867 creatus,
2695 805 2998 869 invisibilis,
3054 809 3426 877 incorporalis,
3466 811 3585 866 sine
3636 828 3778 882 pon-

2197 892 2343 956 dere,
2391 893 2508 947 sine
2536 893 2734 958 colore,
2784 895 3248 965 circumscriptus,
3302 898 3354 951 in
3393 900 3617 969 singulis
3661 918 3781 957 sua:

2196 982 2375 1037 carnis
2414 983 2671 1037 membris
2708 991 2882 1045 totus;
2917 984 2971 1037 in
3001 999 3107 1052 quo
3132 996 3217 1040 est
3253 987 3431 1058 imago
3458 989 3774 1047 Conditoris

2198 1074 2512 1143 Spiritaliter
2556 1075 2828 1143 primitiva
2852 1076 3127 1129 creatione
3172 1078 3457 1146 impressa,
3502 1081 3647 1135 sicut
3687 1080 3782 1136 su-

2196 1148 2380 1231 perius
2416 1161 2768 1216 ostendimus.
2806 1161 3063 1228 Quamvis
3097 1164 3166 1217 sit
3191 1165 3389 1219 misera
3428 1167 3605 1221 duma
3635 1168 3780 1224 Con-

2198 1256 2371 1310 ditore
2435 1257 2488 1310 in
2548 1256 2783 1325 seipsam
2837 1255 3132 1321 delabitur;
3179 1265 3363 1312 tamen
3412 1260 3779 1315 reternitatem

2198 1345 2593 1414 imaginemque
2642 1344 2917 1414 dignitatis
2966 1360 3076 1399 sua:
3103 1346 3329 1415 perdere
3380 1362 3488 1400 non
3533 1350 3777 1417 poterit:

2198 1450 2305 1489 non
2332 1432 2623 1489 habens‘in
2652 1448 2710 1488 se
2743 1440 3068 1503 potestatem
3112 1435 3343 1489 exeundi
3375 1436 3441 1490 de
3472 1444 3657 1502 carne,
3710 1446 3776 1492 et

2197 1525 2456 1580 redeundi
2499 1526 2692 1579 iterum
2718 1526 2771 1579 in
2810 1540 2949 1590 eam,
3000 1525 3095 1580 sed
3127 1524 3242 1594 ejus
3275 1528 3497 1584 arbitrio
3529 1531 3620 1599 qui
3646 1529 3784 1585 fecit

2198 1631 2319 1669 eam
2369 1616 2628 1685 carnique
2675 1615 2916 1669 immisit.
2971 1615 3129 1670 Exiet
3189 1618 3334 1671 enim
3379 1622 3629 1689 quamvis
3680 1637 3782 1677 no-

2126 1706 2167 1765 Β
2195 1705 2312 1762 lens
2350 1698 2773 1777 'przesentandus
2819 1706 3020 1775 judicio
3075 1707 3201 1771 Dei;
3252 1709 3468 1780 Deoque
3490 1712 3781 1781 judicante

2188 1797 2365 1852 locum
2417 1796 2643 1851 intrabit
2697 1796 2809 1850 suis
2859 1796 3067 1851 meritis
3122 1800 3471 1870 condignum,
3516 1812 3776 1872 spectare

2191 1885 2325 1958 [Αι.,
2376 1885 2711 1957 exspectare]
2744 1882 2916 1938 ultimi
2960 1885 3063 1940 diei
3089 1886 3370 1955 judicium,
3431 1900 3491 1946 ut
3538 1894 3779 1964 accipiat

2189 1990 2430 2042 carnem,
2475 1978 2531 2032 in
2579 1980 2769 2049 quain
2804 1979 2907 2035 hoc
2970 1979 3165 2035 saaculo
3206 1982 3439 2036 vivebat.
3492 1984 3594 2050 Qui
3620 1984 3784 2053 spiri-

2191 2076 2278 2123 tus
2312 2070 2472 2123 modo
2501 2071 2647 2125 curis
2699 2073 2935 2143 angitur,
2990 2073 3149 2127 modo
3184 2074 3426 2143 corporis
3483 2074 3775 2129 doloribus

2191 2157 2459 2224 condolct,
2512 2162 2672 2215 modo
2693 2162 2876 2219 laetitia
2900 2164 3197 2229 hilarescit,
3250 2165 3410 2218 modo
3445 2175 3663 2236 cognita
3693 2181 3782 2221 re-

2191 2250 2411 2319 cogitat,
2436 2251 2593 2304 modo
2619 2251 2891 2322 incognita
2924 2255 3063 2308 seire
3085 2254 3294 2322 quaerit.
3350 2254 3469 2307 Alia
3497 2254 3633 2320 vult,
3666 2254 3778 2309 alia

2192 2354 2302 2394 non
2334 2338 2464 2393 vult.
2521 2339 2581 2394 In
2615 2357 2721 2410 quo
2748 2351 2834 2397 est
2877 2359 3029 2398 amor
3075 2344 3412 2409 naturaliter,
3466 2345 3592 2412 quia
3619 2361 3783 2399 amor

2193 2429 2467 2484 intellectu
2501 2430 2891 2487 discernendus
2950 2437 3054 2498 est,
3108 2442 3163 2488 et
3192 2435 3399 2488 ratione
3444 2433 3513 2487 ab
3572 2434 3781 2489 illicitis

2194 2516 2637 2576 delectationibus
2666 2520 3064 2603 [cohibendus],
3096 2531 3157 2577 ut
3184 2538 3247 2578 ea
3274 2532 3419 2578 amet
3448 2538 3567 2592 qua:
3586 2537 3780 2577 aman-

2197 2610 2263 2663 da
2303 2618 2449 2663 sunt.

2269 2698 2360 2751 XI.
2394 2698 2568 2768 Atque
2630 2700 2922 2755 secundum
2968 2698 3200 2755 officium
3246 2702 3421 2770 operis
3458 2701 3541 2756 sui
3598 2702 3780 2757 variis

519 2795 699 2848 anima
729 2794 782 2847 in
809 2808 903 2847 sua
928 2802 1120 2847 natura
1147 2791 1441 2863 gloriﬁcata
1486 2799 1591 2855 est,
1638 2791 1691 2846 id
1735 2801 1838 2855 est,
1881 2791 2097 2845 aaternis
2118 2828 2167 2879 +
2195 2796 2536 2857 nuncupatur
2582 2791 2891 2844 nominibus
2924 2808 2936 2843 :
2968 2791 3146 2845 anima
3198 2799 3305 2855 est,
3342 2791 3468 2845 dum
3500 2791 3779 2855 viviticat;

517 2890 627 2937 tate
669 2891 723 2936 ει
771 2882 1122 2937 beatitudine.
1181 2881 1465 2935 Beatitudo
1520 2880 1727 2935 scilicet
1773 2880 1966 2934 anima:
2013 2887 2098 2933 est
2196 2879 2324 2932 dum
2354 2879 2770 2948 contemplatur,
2802 2881 3023 2949 spiritus
3058 2889 3172 2946 est;
3206 2882 3332 2935 dum
3363 2882 3549 2947 sentit,
3577 2898 3783 2937 sensus

515 2972 682 3027 Deum
712 2972 909 3026 habere
936 2972 989 3026 in
1013 2984 1089 3027 se.
1124 2972 1281 3044 149
1310 2971 1587 3039 Quomodo
1624 2971 1867 3027 habere?
1906 2971 1959 3025 id
1988 2979 2091 3035 est,

2196 2980 2311 3038 est;
2362 2972 2491 3025 dum
2533 2973 2693 3041 sapit,
2723 2974 2934 3027 animus
2984 2978 3097 3038 est;
3140 2973 3266 3027 dum
3291 2973 3558 3043 intelligit,
3617 2988 3783 3027 mens

512 3049 715 3132 justam
742 3077 882 3127 csse,
910 3063 1033 3132 quia
1060 3062 1199 3117 Deus
1225 3060 1403 3129 justus
1429 3072 1512 3118 est
1535 3080 1550 3128 ;
1600 3070 1653 3137 et
1685 3061 2088 3118 misericordem
2113 3040 2163 3105 ο
2191 3072 2304 3131 est;
2359 3064 2484 3120 dum
2510 3064 2786 3130 discernit,
2835 3066 2972 3118 ratio
2995 3074 3108 3129 est;
3164 3065 3288 3118 dum
3332 3064 3621 3128 consentit,
3671 3078 3779 3117 vo-

517 3165 657 3216 esse,
683 3152 805 3221 quia
839 3151 978 3206 Deus
1006 3152 1315 3213 misericors
1342 3162 1423 3208 est
1449 3170 1463 3217 ;
1491 3161 1545 3207 et
1568 3155 1766 3208 bonam
1804 3168 1942 3216 esse,
1966 3153 2091 3222 quia

518 3234 659 3296 Deus
684 3240 856 3296 bonus
879 3250 998 3307 est;
1026 3252 1080 3296 et
1106 3251 1343 3298 sanctam
1372 3257 1511 3307 esse,
1541 3244 1667 3312 quia
1697 3243 1838 3298 Deus
1875 3251 2094 3298 sanctus

518 3338 638 3398 est;
670 3341 727 3386 et
769 3333 1084 3387 charitatem
1130 3334 1351 3399 habere,
1398 3318 1533 3404 quia»
1566 3334 1707 3387 Deus
1751 3334 1980 3387 charitas
2018 3342 2093 3386 est

518 3418 699 3491 (Joan.
734 3436 808 3485 Iv,
839 3421 912 3493 8).
946 3421 1045 3489 Qui
1075 3423 1362 3495 plurimum
1392 3423 1507 3477 haec
1549 3422 1602 3476 in
1631 3437 1689 3477 se
1722 3422 1900 3484 habet,
1922 3422 2092 3492 majo-

518 3524 632 3581 rem
663 3510 716 3564 in
763 3526 820 3566 se
869 3512 1275 3566 similitudinem
1321 3513 1417 3570 Dei
1462 3513 1621 3566 habet
1655 3520 1709 3566 et
1756 3513 2089 3582 imaginem:

516 3597 820 3668 quicunque
848 3615 977 3666 vero
1004 3600 1116 3653 11100
1152 3600 1205 3653 iu
1233 3601 1409 3654 anima
1440 3616 1545 3655 non
1584 3602 1765 3667 habet,
1794 3608 1847 3656 et
1872 3601 1976 3654 alia
2006 3601 2093 3656 his

518 3688 733 3754 similia,
778 3706 896 3758 qua:
924 3692 1209 3761 Apostolus
1257 3692 1459 3747 fructus
1507 3694 1807 3748 nominavit
1852 3694 2092 3762 spiritus,

518 3777 612 3830 Dei
644 3777 973 3834 habitatione
999 3780 1247 3850 indignus
1271 3779 1546 3857 elllcietur,
1580 3790 1634 3835 et
1678 3783 1782 3837 erit
1806 3782 2096 3837 semivivus

519 3866 662 3939 (Gal.
697 3884 747 3935 v,
777 3869 866 3941 22)
897 3888 908 3923 :
947 3871 1084 3924 sicut
1112 3871 1350 3925 latrones
1379 3872 1649 3926 hominem
1680 3873 2094 3928 descendentem

519 3962 588 4016 ab
610 3955 905 4015 Jerusalem
933 3960 983 4014 in
1005 3959 1219 4015 Jericho
1248 3961 1629 4032 spoliaverunt,
1654 3961 2092 4028 vulneraverunt,

517 4060 572 4107 et
598 4051 912 4106 semivivum
945 4052 1275 4119 reliquerunt
1302 4050 1450 4123 (Luc.
1481 4069 1539 4116 ς,
1562 4052 1674 4124 50).
1702 4051 1970 4114 Semiviva
1992 4054 2095 4106 erit

517 4143 712 4205 anima,
746 4142 790 4195 si
819 4150 1039 4212 propter
1072 4142 1200 4195 vitia
1230 4151 1293 4195 et
1331 4142 1663 4211 iniquitates,
1706 4143 2093 4198 beatitudinem

518 4231 738 4284 visionis
765 4239 819 4283 et
847 4229 1195 4286 habitationis
1220 4231 1315 4284 Dei
1342 4216 1632 4300 perdiderit
1656 4248 1670 4298 ;
1712 4233 1778 4286 ad
1806 4248 1967 4302 quam
1998 4246 2094 4286 au-

519 4326 623 4371 tem
648 4316 799 4388 [Ms.,
831 4319 924 4372 sed
954 4328 1129 4374 tamen
1156 4321 1221 4374 ad
1247 4321 1430 4392 quam]
1457 4331 1637 4376 creata
1670 4330 1773 4395 est,
1820 4323 2092 4377 azternita-

2192 3156 2372 3211 luntas
2407 3163 2522 3221 est;
2575 3156 2701 3210 dum
2746 3156 3084 3220 recordatur,
3120 3154 3377 3209 memoria
3407 3163 3509 3208 est.
3549 3152 3666 3207 Non
3696 3161 3784 3206 ta-

2192 3260 2316 3302 men
2366 3247 2480 3301 hmc
2506 3248 2579 3300 ita
2623 3248 2933 3301 dividentur
2957 3247 3010 3300 in
3044 3246 3365 3311 substantia,
3425 3246 3564 3299 sicut
3590 3246 3647 3299 in
3678 3260 3781 3299 no-

2193 3338 2456 3402 minibus;
2513 3337 2639 3406 quia
2675 3337 2788 3391 hinc
2834 3338 3038 3402 omnia,
3096 3352 3202 3391 una
3231 3344 3317 3390 est
3352 3337 3546 3389 anima.
3611 3335 3773 3389 Inter

2195 3427 2441 3495 spiritum
2458 3434 2512 3479 et
2536 3427 2771 3480 animam
2794 3421 3059 3496 ejusmodi
3096 3433 3273 3497 potest
3299 3424 3596 3479 differentia
3614 3440 3771 3489 esse,

2194 3515 2336 3582 quod
2386 3519 2563 3568 omnis
2615 3515 2794 3568 anima
2831 3515 3053 3584 spiritus
3091 3522 3193 3577 est,
3241 3528 3347 3567 non
3383 3520 3559 3566 tamen
3587 3512 3780 3566 omnis

2194 3604 2415 3672 spiritus
2463 3603 2662 3657 anima.
2693 3602 2800 3658 Sed
2844 3612 2899 3657 et
2932 3604 3121 3658 beatus
3145 3601 3420 3673 apostolus
3448 3600 3644 3656 Paulus
3674 3602 3784 3656 mi-

2195 3695 2433 3749 rabiliter
2456 3695 2715 3749 discernit
2744 3697 2886 3750 inter
2921 3696 3165 3765 spiritum
3197 3704 3253 3749 et
3279 3704 3511 3749 mentem
3538 3695 3736 3749 dicens
3759 3711 3779 3748 :

2197 3785 2431 3840 Psallam
2476 3784 2685 3856 spiritu,
2734 3787 2955 3857 psallam
3004 3798 3051 3841 et
3098 3787 3343 3857 mentea
3371 3787 3629 3850 Cor-.mv,
3655 3786 3779 3855 15).

2196 3877 2397 3947 Spiritu
2421 3875 2625 3947 psallit,
2676 3878 2769 3948 qui
2794 3894 2974 3932 rerum
3013 3876 3316 3949 [obscuras]
3346 3876 3785 3947 signiﬁcationes

2194 3986 2301 4024 non
2325 3964 2649 4039 intelligens,
2704 3984 2797 4024 ore
2815 3970 3053 4039 profert;
3080 3970 3259 4039 psallit
3289 3978 3488 4031 mente,
3530 3955 3625 4036 qui
3653 3984 3785 4024 eas-

2193 4058 2315 4113 dem
2352 4058 2773 4129 signilieationes
2826 4059 3024 4113 mentis
3078 4057 3311 4113 etlieacia
3340 4054 3599 4127 intelligit.
3632 4056 3780 4111 Nam

2194 4149 2414 4218 spiritus
2458 4147 2952 4202 Nabuchodonosor
2999 4148 3141 4217 regis
3172 4147 3492 4201 informatus
3522 4154 3664 4210 erat,
3705 4153 3773 4199 ut

2193 4240 2399 4293 videret
2423 4237 2620 4303 futura,
2675 4239 2770 4292 sed
2797 4254 2906 4292 non
2964 4248 3083 4292 erat
3124 4252 3276 4291 mens
3332 4236 3655 4299 illuminata,
3714 4249 3780 4289 ut

2194 4328 2517 4399 intelligeret
2540 4343 2658 4396 qua:
2704 4328 2936 4382 videbat.
2989 4325 3532 4394 Accessitpropheta,
3575 4324 3780 4378 divino

519 4412 627 4458 tem
648 4406 869 4473 perdere
896 4423 1001 4459 non
1027 4416 1221 4476 potest.
1251 4409 1541 4464 Mutahitur
1560 4392 1705 4465 enim
1728 4421 1945 4481 propter
1972 4426 2095 4481 pec-
2122 4382 2168 4441 υ
2188 4382 2530 4471 νὶὶιιιωὲῗιιιιιιε
2557 4382 2772 4487 spiritu,
2824 4417 2915 4487 qui
2945 4426 3232 4484 utrumque
3254 4382 3316 4469 et
3338 4382 3596 4469 intellexit
3649 4415 3779 4482 quin

518 4496 639 4546 eata
665 4508 759 4545 sua
790 4493 1065 4548 beatitudo
1093 4496 1145 4548 in
1174 4497 1443 4550 miseriam
1472 4514 1486 4562 ;
1516 4506 1570 4550 et
1603 4498 1705 4553 hoc
1739 4502 1862 4563 erit,
1893 4501 1936 4553 si
1965 4515 2095 4554 con-

520 4583 851 4651 cupiscentia
877 4584 961 4637 vel
989 4585 1066 4639 ira
1089 4586 1209 4654 plus
1233 4586 1596 4642 dominabitur
1616 4590 1667 4643 in
1694 4591 1911 4645 homine
1931 4608 2091 4661 quam

519 4673 676 4753 ratio,
710 4673 763 4727 in
793 4690 898 4745 qua
926 4675 1040 4753 sola
1068 4676 1333 4746 praecellit
1358 4679 1739 4734 animantibus.
1768 4680 1889 4735 Ideo
1914 4683 1980 4736 de.
2003 4683 2095 4753 tali

519 4750 719 4817 dictum
744 4773 827 4819 est
856 4764 910 4819 in
939 4750 1154 4821 Psalmo
1178 4786 1188 4820 ε
1225 4766 1290 4821 Et
1316 4768 1467 4822 homo
1502 4783 1618 4822 cum
1640 4770 1693 4822 in
1728 4770 1921 4825 honore
1941 4750 2094 4834 esset,

521 4871 621 4909 non
652 4856 923 4923 intellexit,
960 4870 1287 4931 comparatus
1324 4870 1398 4913 est
1422 4855 1672 4929 jumenth
1712 4861 2093 4932 insipientibus,

517 4954 565 4997 et
602 4946 785 5000 similis
830 4949 1001 5019 factus
1043 4961 1117 5004 est
1171 4950 1274 5005 illis
1322 4949 1503 5021 (Psal.
1543 4968 1730 5017 XLVIII,
1776 4952 1897 5023 15).
1947 4952 2099 5007 Sicut

518 5035 663 5090 enim
692 5036 900 5107 loquela
924 5041 1177 5111 praecellit
1207 5042 1259 5096 in
1292 5058 1452 5097 carne
1478 5044 1688 5098 caeteris
1710 5043 2093 5108 animantibus,

520 5123 593 5177 ita
625 5132 677 5179 et
700 5126 876 5181 anima
907 5130 1115 5184 ratione
1136 5131 1246 5185 sola
1280 5133 1509 5207 nobilipr
1535 5142 1616 5187 est
1642 5133 1740 5197 eis,
1765 5146 1883 5200 qua:
1907 5148 2094 5187 omnes

519 5218 763 5274 carnales
789 5223 1249 5292 concupiscentias
1278 5235 1332 5279 et
1369 5226 1533 5279 animi
1583 5234 1761 5279 motus
1800 5226 1954 5294 quasi
1994 5226 2093 5279 do-

522 5303 664 5358 mina
699 5315 751 5361 ct
780 5312 963 5381 regina
993 5311 1056 5365 de
1097 5312 1308 5367 sublimi
1348 5313 1616 5381 aequitatis
1651 5313 1776 5367 ste
1824 5328 2010 5382 regere
2040 5322 2095 5368 et

523 5402 827 5465 temperare
859 5402 1037 5456 debet.

596 5507 662 5562 Χ.
720 5511 830 5567 [loc
876 5515 1033 5568 modo
1078 5517 1254 5570 anima
1309 5516 1521 5571 deliniri
1565 5526 1741 5585 potest
1788 5518 1936 5585 juxta
1981 5533 2092 5573 sua:

526 5601 905 5677 proprietatem
962 5612 1165 5659 natura:
1201 5624 1211 5659 :
1250 5606 1427 5660 anima
1461 5623 1554 5659 seu
1601 5608 1813 5661 animus
1858 5617 1942 5661 est
1989 5610 2096 5678 spi-

2194 4520 2292 4560 rcx
2310 4506 2543 4571 videbat,
2573 4513 2629 4559 et
2651 4506 2899 4576 exposuit
2925 4505 3051 4574 quid
3082 4503 3450 4574 signiﬁcarent
3481 4501 3647 4570 (Dan.
3683 4501 3774 4572 II).

2265 4617 2376 4671 Xll.
2418 4617 2530 4671 Hoc
2562 4618 2743 4686 itaque
2764 4606 2969 4686 absque
2987 4616 3319 4671 dubitatione
3344 4612 3625 4669 sciendum
3659 4621 3776 4679 est,

2198 4709 2340 4777 quod
2386 4709 2578 4762 anima:
2603 4708 2941 4777 pulchritudo
2990 4707 3158 4760 virtus
3204 4715 3308 4769 est,
3334 4712 3389 4759 et
3431 4704 3541 4773 ejus
3585 4702 3783 4758 defor—

2200 4796 2361 4849 mitas
2431 4797 2639 4849 vitium.
2704 4794 2758 4848 Si
2799 4795 2945 4848 enim
2995 4795 3081 4847 vel
3126 4794 3318 4857 Deum,
3370 4792 3453 4847 vel
3504 4791 3779 4860 seipsam,

2198 4886 2282 4939 vel
2309 4886 2551 4956 spiritale
2595 4886 2794 4955 aliquid
2846 4886 3190 4941 consilerare
3232 4886 3412 4955 gestit,
3472 4883 3673 4937 avertit
3714 4898 3784 4938 se

2195 4982 2225 5031 a
2260 4978 2508 5031 sensibus
2541 4977 2741 5040 carnis,
2796 4992 2866 5031 ne
2897 4976 3030 5030 liant
3057 4978 3107 5031 ei
3156 4976 3559 5044 impedimento,
3602 4976 3787 5043 spiri-

2192 5068 2317 5122 talia
2367 5067 2603 5121 rimanti.
2643 5066 2795 5135 Szepe
2821 5068 2984 5121 etiam
3028 5067 3082 5120 in
3136 5074 3345 5120 tantum
3395 5063 3649 5118 all'eetata
3669 5066 3788 5118 erit

2193 5158 2430 5225 qualibet
2484 5157 2831 5228 cogitatione.
2881 5166 2958 5219 ut,
3002 5158 3247 5226 quamvis
3291 5164 3505 5226 apertos
3564 5154 3787 5209 habeat

2195 5249 2401 5312 oculos,
2449 5264 2569 5319 qua:
2614 5257 2809 5317 pr:esto
2836 5256 2983 5313 sunt,
3029 5262 3137 5301 non
3188 5248 3392 5307 videat;
3431 5259 3534 5300 nec
3569 5259 3786 5300 sonan-

2193 5350 2304 5395 tem
2340 5354 2525 5393 vocem
2556 5338 2835 5408 intelligat,
2869 5354 2969 5392 nec
2998 5348 3314 5409 tangentem
3340 5352 3536 5406 corpus
3558 5338 3785 5391 sentiat

2195 5427 2330 5500 [Αι.,
2386 5444 2493 5481 non
2528 5426 2680 5490 vidit,
2738 5443 2848 5481 non
2876 5428 3149 5499 intelligit,
3202 5444 3309 5482 non
3350 5424 3558 5497 sentit].
3601 5424 3781 5495 Regit

2194 5520 2340 5573 enim
2386 5533 2581 5586 corpus
2610 5533 2708 5586 per
2741 5533 2977 5588 qumque
3000 5535 3212 5581 sensus,
3236 5534 3355 5591 qua:
3397 5519 3587 5571 horum
3635 5517 3785 5570 nihil

2164 5635 2177 5641 η
2197 5621 2299 5663 est.
2327 5609 2461 5662 Dum
2490 5609 2555 5663 de
2587 5624 2651 5662 ea
2676 5609 2994 5679 cogitamus,
3026 5610 3160 5663 nihil
3185 5594 3500 5679 corporeum
3522 5606 3787 5676 cogitare
