4044 6340
246 297 352 355 645

1126 280 1473 348 ΜΟΠΑῘΛᾹ.
1511 321 1580 330 —
1617 278 1819 345 LIBER
1858 243 2220 344 DE.ANI.'d}E
2261 288 2576 344 RATIONE.
2648 278 2651 281 λ

3382 289 3486 344 ῧίϐ

246 411 523 467 debemus.
585 407 737 461 Sicut
762 396 907 459 enim
940 404 1083 459 Deus
1109 416 1324 457 omnem
1351 401 1698 473 [creaturam,
1736 399 1814 454 sic
1847 402 1891 460 Α
1917 398 2062 453 ditia:
2107 409 2164 454 et
2206 400 2471 455 libertatis
2516 416 2545 453 a
2571 409 2810 470 peccato,
2842 408 2901 455 ut
2926 402 3165 456 omnium
3197 401 3250 457 in
3282 417 3340 457 se
3367 418 3495 459 con-

247 501 428 556 anima
459 498 616 568 150
645 494 884 565 omnem]
920 509 1233 563 corpoream
1278 500 1582 547 creaturam
1614 498 1821 544 naturze

248 590 509 662 dignitate
534 588 808 658 praecellit.
858 587 986 653 Quae
1016 588 1179 642 etiam
1210 601 1308 656 per
1328 584 1501 640 lucem
1534 593 1590 639 et
1616 596 1817 648 aerem,

248 696 369 750 quae
421 688 550 737 sunt
584 677 969 733 excellentiora
1015 677 1199 731 mundi
1228 691 1476 746 corpora,
1509 690 1705 745 corpus
1734 674 1824 728 ad:

247 770 525 826 ministrat
553 783 728 823 suum.
768 767 1020 823 Omnium
1054 782 1237 821 rerum
1272 768 1482 837 species
1506 767 1597 820 lux
1628 756 1827 819 animai

249 861 555 925 annuntiat,
609 874 745 928 quas
813 859 929 928 ipsa
984 858 1040 912 in
1093 872 1155 912 se
1220 866 1473 927 acceptas
1525 856 1821 927 specilicat,

248 949 695 1020 speciticatasque
751 948 1020 1015 recondit;
1054 956 1110 1003 et
1128 963 1253 1002 cum
1286 947 1603 1002 alllictiones
1630 944 1823 1011 aliqum

247 1040 461 1109 corpori
513 1040 787 1103 eveniunt,
841 1036 1131 1093 ollendltur
1166 1038 1368 1102 anima,
1408 1037 1534 1091 dum
1562 1043 1826 1103 tempera-

247 1139 491 1186 mentum
529 1129 779 1195 iaciendi,
814 1130 957 1200 quod
987 1122 1120 1194 vult,
1149 1130 1350 1194 deerit;
1381 1137 1436 1182 et
1459 1125 1572 1181 haec
1595 1125 1823 1181 oﬂ'ensio

246 1221 402 1276 dolor
423 1229 667 1276 vocatur.
703 1214 967 1274 Si'autem
999 1221 1052 1275 in
1090 1227 1298 1274 tantum
1330 1217 1613 1272 fraudator
1660 1231 1827 1270 meme

247 1310 471 1366 brorum
517 1310 936 1375 ministratione,
973 1319 1034 1364 ut
1068 1326 1176 1365 non
1202 1310 1419 1374 habeat,
1479 1308 1607 1378 quid
1640 1321 1828 1377 operes

250 1410 339 1456 tur
370 1402 424 1455 in
453 1401 552 1466 eis,
596 1399 819 1466 recedit,
853 1401 1006 1469 quasi
1032 1400 1310 1469 indignata
1340 1397 1662 1452 habitationi
1692 1403 1823 1451 sum.

247 1493 385 1560 Quid
433 1493 505 1547 sit
547 1492 746 1555 anima,
792 1490 868 1545 nil
910 1488 1106 1544 melius
1156 1490 1394 1543 occurrit
1431 1488 1612 1542 dicere
1662 1478 1826 1556 quam

248 1580 472 1652 spiritus
527 1581 680 1645 vitae;
717 1580 811 1634 sed
860 1596 969 1633 non
992 1580 1108 1648 ejus
1154 1580 1277 1633 vita:
1302 1593 1421 1647 qua:
1448 1578 1502 1631 in
1538 1577 1826 1647 pecoribus

245 1680 350 1736 est,
418 1672 536 1725 sine
592 1670 842 1724 rationali
898 1678 1119 1724 mente:
1149 1669 1243 1729 sed
1274 1670 1385 1722 vita
1438 1683 1580 1721 nunc
1627 1667 1824 1732 minor,

1921 488 2205 545 ﬁdentium
2255 503 2473 557 carnes,
2524 493 2700 546 divina
2760 495 2814 547 in
2873 508 2936 548 ea
2991 504 3247 563 operante
3295 497 3489 567 gratia,

1920 582 2136 651 purgari
2172 589 2228 635 et
2252 581 2469 637 liberari
2496 586 2708 651 possint
2732 583 2865 655 με,
2910 586 3177 658 possunt].
3204 587 3338 653 Quia
3367 603 3492 643 san-

1921 670 2040 739 guis
2088 670 2178 739 qui
2208 671 2274 724 de
2297 672 2484 726 eadem
2515 688 2702 738 carne,
2737 674 2923 728 lancea
2967 676 3153 729 militis
3188 677 3491 742 vulnerata,

1922 754 2170 822 ﬂuxerat,
2216 759 2449 826 pretium
2498 769 2583 815 est
2630 762 2819 816 salutis
2864 763 3130 829 humana},
3191 779 3288 833 per
3340 763 3495 836 cujus

1920 842 2235 903 effusionem
2260 850 2531 913 exstincta
2575 860 2660 905 est
2711 852 2956 909 ﬂammea
2996 850 3085 908 illa
3128 856 3361 924 paradisi
3396 873 3491 913 cu-

1924 939 2117 1004 stodia,
2174 948 2227 994 et
2254 940 2339 993 via
2372 939 2617 997 ﬁdelibus
2668 952 2853 1012 aperta
2885 953 2972 1000 est
3014 946 3079 1000 ad
3112 946 3312 1017 lignum
3347 948 3490 1013 vitae,

1925 1029 2066 1098 quod
2093 1029 2391 1099 plantatum
2443 1039 2528 1085 est
2551 1047 2708 1087 secus
2738 1032 2997 1088 decursus
3030 1050 3291 1105 aquarum
3314 1037 3499 1091 viven-

1927 1120 2063 1175 ium
2087 1120 2258 1192 (Ρεαι.
2305 1137 2343 1185 ι,
2369 1120 2445 1191 3).
2499 1120 2664 1192 Cujus
2703 1122 2831 1193 ligni
2881 1126 3314 1195 sapientissimus
3346 1128 3500 1182 Salo-

1925 1227 2073 1278 mon,
2123 1213 2248 1268 dum
2291 1213 2542 1281 dejlaude
2574 1215 2852 1283 sapientiae
2907 1217 3073 1271 multa
3126 1219 3373 1285 dixisset,
3412 1236 3501 1276 rc-

1924 1302 2184 1357 cordatus
2222 1310 2326 1369 est,
2376 1304 2449 1357 ita
2470 1304 2693 1374 dicens:
2719 1304 2913 1360 Beatus
2946 1307 3120 1374 homo,
3172 1312 3260 1379 qui
3307 1312 3500 1365 invenit

1925 1396 2261 1463 sapientiam,
2303 1404 2351 1450 et
2372 1398 2460 1467 qui
2486 1394 2645 1467 amuit
2674 1393 2971 1467 prudentia.
3022 1399 3090 1453 Et
3134 1400 3292 1470 paulo
3326 1411 3448 1469 post
3482 1419 3497 1455 :

1936 1487 2050 1542 Vite
2086 1489 2201 1557 ejus
2231 1489 2327 1542 vite
2359 1487 2613 1557 puleium,
2670 1497 2717 1541 et
2735 1506 2912 1544 omnes
2957 1491 3154 1543 semita:
3210 1491 3324 1559 ejus
3351 1493 3496 1560 paci-

1927 1578 2062 1646 [ὅσω.
2102 1577 2326 1648 Lignum
2360 1579 2479 1632 vita:
2512 1586 2588 1631 est
2638 1578 2720 1630 his
2768 1579 2856 1647 qui
2904 1574 3334 1646 apprehenderint
3363 1591 3500 1643 eam,

1929 1680 1976 1724 et
2002 1672 2092 1741 qui
2116 1672 2336 1724 tenuerit
2358 1682 2491 1735 eam,
2526 1670 2702 1724 beatus
2755 1666 2938 1741 (Prov.
2978 1685 3064 1732 ιιι,
3109 1669 3195 1733 15,
3239 1667 3350 1738 l7).

246 1775 413 1829 quam
448 1760 780 1830 angelorum,
808 1767 863 1813 et
888 1758 1064 1812 futura
1088 1758 1301 1827 quidem
1326 1756 1658 1828 angelorum,
1691 1756 1737 1810 si
1759 1770 1825 1810 ex
1857 1759 1903 1818 Β
2000 1757 2140 1815 XIV.
2202 1759 2460 1813 Humana:
2503 1775 2633 1814 vero
2680 1761 2873 1814 animae
2920 1759 3263 1827 pulchritudo
3317 1765 3402 1813 est
3450 1765 3508 1814 et

245 1856 519 1917 prmoepto
550 1849 635 1901 sui
670 1847 945 1901 Creatoris
980 1847 1069 1901 hic
1095 1840 1307 1900 vixerit.

314 1939 453 1993 XIII.
481 1939 642 2009 Origo
668 1954 799 1993 vero
841 1937 1144 1993 animarum
1194 1939 1336 1993 unde
1388 1938 1483 2004 sit,
1532 1934 1698 1992 solius
1728 1932 1825 1991 Dei

241 2030 539 2102 cognitioni
600 2030 1011 2100 relinquendum
1048 2036 1148 2085 est.
1204 2028 1377 2094 Quam
1411 2026 1578 2082 multa
1631 2026 1826 2081 exinde

241 2119 548 2190 philosophi
607 2134 747 2172 vana
785 2119 1077 2182 ﬁnxerunt,
1128 2126 1184 2171 et
1224 2118 1489 2197 plurimas
1534 2115 1827 2171 Christiani

244 2213 497 2268 doctores
542 2210 826 2281 opiniones
869 2196 993 2263 inde
1052 2217 1371 2280 posuerunt,
1438 2194 1494 2262 et
1527 2207 1660 2261 nihil
1691 2221 1827 2276 pene

238 2313 458 2360 eertum
486 2302 840 2370 reliquerunt.
874 2299 1015 2370 Ergo
1037 2307 1093 2353 et
1126 2299 1318 2353 beatus
1351 2297 1682 2369 Augustinus
1710 2308 1735 2336 ι
1762 2297 1827 2351 de

238 2393 456 2464 origine
490 2390 680 2444 anima:
730 2390 887 2444 beato
929 2389 1257 2460 Hieronymo
1306 2389 1521 2457 scripsit
1550 2396 1606 2443 et
1654 2388 1823 2453 misit,

244 2480 435 2535 Volens
456 2479 592 2533 scire
618 2478 746 2547 quid
782 2476 1072 2532 allirmaret
1098 2486 1280 2533 tantus
1312 2478 1501 2533 doctor
1527 2477 1593 2532 de
1620 2477 1829 2547 origine

247 2570 464 2624 animae.
505 2567 563 2622 Si
586 2567 672 2622 ille
724 2567 861 2622 liber
908 2568 1184 2622 vobiscum
1237 2568 1565 2632 inveniatur,
1619 2567 1735 2638 lege
1776 2575 1831 2621 et

216 2650 514 2728 ~intellige,
568 2657 694 2727 quid
733 2657 821 2711 ille
874 2658 1220 2713 acutissimus
1283 2673 1466 2714 rerum
1503 2658 1830 2712 naturalium

246 2749 542 2819 inquisitor
566 2749 631 2801 de
666 2742 873 2819 origine.
898 2748 1093 2803 dixerit
1114 2750 1326 2803 animae.
1378 2749 1620 2816 Quatuor
1664 2764 1831 2818 quas-

246 2842 375 2895 dam
410 2841 463 2895 in
494 2856 558 2894 ea
586 2840 952 2909 disputatione
996 2839 1177 2909 posuit
1229 2839 1535 2910 opiniones,
1578 2846 1641 2892 ut
1684 2839 1831 2893 arbi-

249 2942 387 2997 tror,
424 2932 509 2986 cui
555 2931 745 2985 beatus
781 2928 1139 3001 Hieronymus
1172 2946 1277 2984 una
1324 2930 1641 2985 brevissima
1694 2927 1829 3000 [Αι.,

237 3020 618 3093 parvissima],
677 3021 772 3075 sed
828 3021 1138 3075 acutissima
1192 3019 1471 3089 resp'ndit
1538 3018 1762 3088 epistola
1814 3037 1827 3070 :

1930 1848 2116 1913 decus,
2169 1848 2452 1916 sapientia:
2477 1848 2732 1914 studium,
2773 1865 2881 1903 non
2911 1848 3000 1902 illa
3041 1864 3160 1916 qua:
3192 1849 3248 1901 in
3273 1850 3506 1904 terrenis

1927 1940 2065 1994 solet
2110 1940 2365 2008 occupari
2412 1938 2673 2011 negotiis,
2719 1941 2814 1995 sed
2848 1939 2939 1994 illa
2997 1938 3167 2009 magis
3224 1951 3328 2007 qua
3366 1938 3509 1994 Deus

1926 2031 2121 2086 colitur
2167 2039 2222 2086 et
2268 2039 2500 2085 amatur.
2557 2030 2654 2086 Cui
2690 2032 2919 2102 teipsam
2948 2031 3185 2094 studeas,
3224 2030 3385 2102 Virgo
3410 2044 3510 2087 ιιοά

1926 2120 2209 2187 bilissima,
2238 2130 2350 2177 tota
2407 2125 2606 2179 mentis
2647 2124 2947 2178 intentione
3004 2124 3341 2193 mancipare;
3381 2122 3511 2192 quia

1926 2211 1983 2265 in
2026 2211 2128 2265 hac
2176 2221 2260 2265 est
2298 2213 2409 2265 vita
2464 2214 2608 2267 omni
2648 2214 3036 2283 tranquillitate
3072 2214 3408 2278 beatissima,
3450 2213 3507 2269 in

1927 2303 2031 2359 hac
2055 2312 2142 2359 est
2162 2304 2303 2359 illius
2337 2319 2561 2359 summa:
2609 2304 2888 2359 Trinitatis
2926 2304 3104 2374 imago
3132 2304 3359 2357 feliciter
3386 2317 3509 2373 per-

1928 2392 2088 2447 fecta.
2123 2392 2221 2447 Hic
2242 2400 2326 2447 est
2378 2393 2665 2447 thesaurus
2723 2390 3109 2458 desiderabilis,
3167 2394 3256 2462 qui
3303 2390 3512 2462 requiei

1928 2482 2033 2536 scit
2085 2481 2142 2536 in
2195 2497 2289 2537 ore
2354 2483 2655 2552 prudentis,
2706 2492 2760 2537 et
2810 2484 3047 2538 abundat
3098 2485 3152 2537 in
3208 2483 3372 2538 Corde
3413 2497 3506 2536 sa-

1927 2574 2146 2643 pientis.
2196 2573 2324 2628 Hmc
2359 2574 2415 2628 in
2480 2572 2779 2644 Virgiliacis
2836 2589 2944 2629 non
2995 2572 3301 2628 invenietur
3358 2576 3512 2627 mene

1930 2664 2119 2730 daciis,
2164 2665 2258 2719 sed
2293 2665 2348 2720 in
2394 2666 2703 2735 evangelica
2756 2665 3037 2721 allIuenter
3085 2666 3386 2734 reperietur
3418 2681 3509 2720 ve-

1930 2756 2110 2810 ritate.
2165 2755 2242 2810 De
2270 2771 2398 2810 vera
2455 2757 2659 2811 scilicet
2715 2758 2981 2826 sapientia
3033 2758 3233 2812 dicitur
3269 2775 3282 2809 :
3324 2757 3509 2812 Omnis

1931 2846 2189 2915 sapientia
2216 2862 2248 2897 α
2291 2836 2512 2899 Domino
2530 2846 2637 2899 Deo
2685 2854 2758 2899 est
2815 2846 3006 2917 (Eccli.
3045 2846 3184 2917 1,1).
3237 2846 3509 2916 Quidquid

1932 2938 2078 2990 enim
2113 2945 2259 2991 recte
2307 2952 2405 3005 per
2450 2938 2771 3005 sapientiam
2827 2938 3144 3007 intelligitur
3179 2943 3234 2991 et
3276 2947 3510 3002 amatur,

1934 3026 2031 3081 Dei
2096 3027 2293 3081 donum
2349 3037 2453 3082 est.
2521 3026 2754 3082 Proinde
2807 3028 3005 3091 omnis,
3063 3026 3153 3096 qui
3217 3027 3516 3082 secundum

247 3128 415 3182 quem
446 3112 680 3166 libellum
725 3112 778 3164 in
804 3111 987 3180 patria
1010 3110 1257 3180 legimus,
1294 3110 1392 3164 sed
1416 3110 1504 3163 hic
1542 3110 1826 3163 nobiscum
1860 3098 2106 3174 C‘Deum
2156 3120 2377 3189 sapiens
2399 3129 2508 3184 est,
2566 3121 2758 3174 beatus
2805 3128 2908 3174 esi,
2971 3118 3128 3174 Unde
3188 3118 3239 3173 in
3277 3118 3377 3174 ,ιοιι
3428 3120 3512 3174 ἀί..

250 3220 360 3259 non
384 3204 649 3273 repetitur
677 3219 691 3268 ;
751 3217 850 3256 nec
893 3202 1056 3255 etiam
1089 3200 1311 3269 cpistola
1370 3200 1739 3268 responsionis
1766 3198 1835 3251 ad

251 3312 396 3351 eum.
461 3296 612 3350 Fecit
655 3308 868 3365 quoque
911 3292 1052 3347 idem
1106 3293 1313 3357 doctor,
1347 3300 1409 3346 ut
1438 3293 1492 3346 in
1527 3291 1679 3345 libris
1734 3290 1837 3345 Re-

252 3390 639 3445 tractationum
692 3386 807 3455 ejus
842 3386 1055 3459 legitur,
1115 3384 1218 3439 alia
1262 3385 1328 3439 de
1374 3384 1585 3438 ratione
1641 3382 1836 3436 anima:

251 3479 532 3549 opuscula,
562 3478 615 3532 id
647 3485 753 3542 est,
779 3477 844 3530 de
876 3476 1178 3541 Quantitate
1202 3474 1606 3539 (mima-librum
1636 3489 1833 3538 unum;

253 3570 319 3624 de
358 3568 762 3622 [inmortalitate
791 3565 980 3619 anima:
1018 3565 1108 3619 lib.
1135 3581 1327 3628 unum;
1352 3564 1416 3617 de
1442 3563 1662 3616 Duabus
1700 3563 1833 3616 Ani-

253 3660 438 3713 mabus
486 3658 676 3712 librum
722 3673 915 3721 unum;
963 3656 1027 3709 de
1090 3654 1497 3708 Immortalitate
1530 3656 1742 3719 animce,
1787 3662 1835 3708 et

252 3749 370 3819 ejus
395 3748 597 3816 origine
616 3746 774 3799 libros
799 3755 1046 3815 quatuor,
1076 3744 1168 3814 qui
1214 3744 1446 3811 necdum
1480 3743 1685 3797 inventi
1711 3749 1838 3797 sunt

254 3855 285 3893 a
331 3839 507 3893 nobis.
559 3837 614 3891 Si
652 3837 789 3891 forte
805 3837 858 3889 in
895 3836 1131 3890 armario
1167 3836 1430 3904 imperiali
1468 3834 1834 3899 inveniantur,

256 3931 506 4000 quaerite,
554 3927 737 3997 legite,
795 3933 851 3980 et
906 3926 1283 3981 communione
1344 3925 1627 3979 charitatis
1681 3924 1838 3978 nobis

258 4022 477 4092 dirigite
531 4020 599 4074 ad
628 4019 903 4089 legendos.
958 4017 1018 4071 In
1063 4018 1172 4072 hoc
1199 4018 1341 4071 enim
1399 4032 1590 4071 omnes
1616 4031 1841 4070 consen-

260 4112 402 4166 tiunt
450 4108 700 4163 catholici
749 4108 1063 4175 scriptores,
1114 4108 1256 4176 quod
1302 4108 1480 4161 anima
1528 4122 1559 4159 a
1611 4106 1725 4160 Deo
1769 4106 1840 4159 sit

257 4200 508 4263 condita;
564 4213 664 4253 nec
696 4206 904 4267 partem
950 4212 1069 4251 eam
1136 4211 1256 4252 esse
1300 4196 1397 4251 Dei
1420 4205 1649 4261 naturze,
1713 4199 1840 4266 quia

257 4291 304 4345 si
336 4305 404 4344 ex
432 4288 527 4342 Dei
558 4297 704 4343 esset
734 4296 927 4341 natura
963 4296 1259 4356 assumpta,
1309 4302 1537 4357 peccare
1568 4303 1676 4341 non
1723 4303 1842 4358 pos-

257 4393 364 4436 set.
418 4380 530 4434 Nec
573 4395 693 4434 eam
744 4394 938 4448 corpus
972 4394 1093 4433 esse
1147 4376 1413 4449 palpabile
1461 4378 1544 4431 vel
1591 4378 1837 4433 visibile:

1937 3211 2078 3264 citur
2108 3228 2120 3263 :
2153 3207 2422 3280 Sapientia
2457 3209 2681 3264 hominis
2716 3219 2791 3263 est
2820 3210 3003 3279 pietas,
3064 3207 3298 3262 recedere
3341 3217 3517 3261 autem

1937 3317 1969 3351 a
1999 3299 2135 3353 malo
2162 3296 2376 3353 scientia
2414 3299 2556 3377 (Job.
2590 3313 2781 3363 xxvm,
2824 3300 2915 3370 28)
2944 3314 2958 3352 :
2991 3306 3101 3353 uno
3141 3310 3272 3352 vero
3297 3298 3517 3353 nomine

1935 3390 2170 3460 pietatis,
2219 3390 2423 3445 cultum
2461 3391 2625 3446 totius
2665 3390 2861 3444 divina:
2909 3382 3186 3459 religionis
3233 3388 3519 3458 designare

1935 3479 2142 3534 volens.
2196 3478 2333 3545 Quid
2391 3479 2601 3533 beatius
2651 3489 2735 3533 est
2765 3479 2978 3542 animae,
3028 3493 3188 3547 quam
3246 3491 3515 3530 summum

1942 3567 2094 3637 151
2128 3569 2350 3637 diligere
2402 3568 2622 3631 bonum,
2677 3569 2822 3635 quod
2846 3566 2989 3622 Deus
3021 3568 3146 3621 est?
3210 3566 3349 3632 Quid
3407 3566 3519 3620 felia

1936 3656 2075 3720 cius,
2124 3671 2287 3725 quam
2332 3670 2391 3709 se
2436 3655 2656 3725 dignum
2706 3654 2839 3726 [Αι.,
2890 3669 2950 3710 sc
3003 3653 3245 3725 dignam]
3309 3661 3514 3710 aeterna

1936 3760 2245 3815 praeparare
2305 3744 2657 3810 beatitudine,
2708 3746 2833 3801 dum
2884 3746 3243 3801 immortalem
3293 3761 3352 3800 se
3396 3762 3519 3802 esse

1937 3837 2220 3890 verissime
2249 3836 2439 3889 novit?
2481 3835 2589 3891 Nec
2613 3837 2849 3891 aestimes
2881 3838 2975 3901 tibi
3000 3845 3214 3891 tantum
3251 3837 3516 3903 sullicere,

1940 3941 2103 3981 nosse
2148 3922 2278 3995 quid
2349 3924 2531 3981 facere
2570 3928 2785 3991 debeas,
2825 3929 2927 3982 nisi
2982 3930 3145 3982 etiam
3208 3944 3372 3997 opere
3419 3930 3519 3983 ima

1938 4017 2101 4087 pleas‘
2133 4017 2458 4085 qum-nosti.
2498 4015 2669 4082 Quam
2709 4017 2927 4085 plurimi
2961 4034 3018 4072 se
3062 4018 3331 4087 sapientes
3372 4020 3514 4074 aesti-

1941 4114 2110 4169 mant,
2157 4111 2213 4159 et
2264 4105 2404 4159 viam
2446 4120 2504 4160 se
2546 4106 2793 4161 veritatis
2835 4121 2997 4161 nosse
3044 4106 3367 4173 gloriantur,
3424 4102 3520 4161 sed

1943 4211 2280 4265 nequaquam
2300 4210 2428 4250 vere
2450 4203 2575 4251 sunt
2599 4196 2893 4265 sapientes,
2918 4197 3009 4266 qui
3040 4213 3145 4251 non
3175 4196 3377 4251 habent
3409 4197 3521 4252 for-

1944 4287 2225 4341 titudinem
2252 4287 2416 4340 animi
2437 4287 2503 4340 ad
2527 4286 2915 4355 proficiendum
2942 4286 3069 4359 [Al.,
3106 4287 3517 4361 perﬁciendum]

1944 4390 2127 4444 opere.
2155 4374 2297 4444 quod
2325 4374 2560 4443 sapiunt.
2588 4374 2728 4443 Ergo
2757 4390 2884 4430 vera
2921 4385 3004 4431 est
3044 4377 3328 4445 sapientia,
3360 4392 3521 4431 nosse

258 4487 360 4526 nec
390 4472 525 4525 mori
548 4487 669 4525 eam
692 4486 871 4540 posse,
897 4470 971 4524 ita
1000 4479 1059 4523 ut
1087 4442 1193 4524 non
1234 4442 1338 4536 sit;
1374 4485 1477 4525 nec
1496 4485 1526 4523 a
1553 4478 1703 4524 reatu
1732 4471 1843 4540 pri-
1868 4442 1920 4503 D
1946 4442 2064 4533 quae
2076 4442 2293 4528 debeas,
2311 4471 2365 4517 et
2380 4442 2507 4529 nota
2521 4442 3051 4533 perlicere.Proindc
3074 4442 3272 4521 nullam
3290 4473 3522 4535 quatuor

259 4581 366 4620 mae
420 4564 883 4634 pmvaricationis
935 4562 1149 4617 liberari
1198 4577 1380 4632 posse,
1426 4562 1530 4617 nisi
1569 4576 1665 4631 per
1715 4577 1837 4632 gra-

263 4657 397 4709 tiam
446 4664 502 4709 et
552 4655 868 4725 mysterium
938 4653 1250 4707 mediatoris
1299 4652 1396 4707 Dei
1448 4660 1502 4706 et
1561 4652 1839 4706 hominum

260 4744 476 4801 Domini
508 4746 679 4800 nostri
725 4744 852 4798 Jcsu
889 4744 1113 4807 Christi,
1154 4744 1245 4812 qui
1290 4743 1509 4812 plenam
1540 4742 1842 4796 humanita-

259 4841 334 4895 tis
383 4850 582 4895 nostra:
614 4847 886 4901 naturam,
916 4832 1119 4906 absque
1155 4836 1300 4891 omni
1340 4843 1585 4906 peccato,
1636 4836 1690 4889 in
1728 4849 1840 4889 sua:

258 4929 564 4985 divinitatis
609 4928 904 4998 assumpsit
958 4942 1285 4996 personam:
1318 4927 1444 4995 quia
1495 4934 1641 4979 totus
1675 4925 1839 4979 homo

258 5019 535 5089 peccavit,
578 5026 632 5071 et
660 5026 800 5071 totus
825 5017 986 5071 homo
1027 5015 1336 5070 liberandus
1370 5023 1511 5080 erat,
1543 5015 1841 5069 secundum

259 5107 730 5177 dispensationem
776 5112 991 5160 aeterna:
1045 5106 1261 5176 pietatis
1291 5106 1344 5159 in
1381 5105 1511 5159 Deo.
1553 5104 1721 5160 Totus
1751 5107 1845 5160 ho.

258 5212 357 5251 mo
401 5197 758 5251 assumendus
793 5206 932 5260 erat,
969 5197 1146 5260 idest,
1198 5197 1375 5249 anima
1401 5204 1456 5251 et
1497 5211 1645 5262 caro,
1690 5193 1844 5265 cujus

258 5290 472 5353 anima,
510 5290 563 5343 id
605 5298 709 5354 est,
765 5286 1139 5359 Redemptoris
1170 5289 1363 5352 nostri,
1400 5296 1562 5342 tanta:
1587 5289 1846 5342 sanctita-

258 5384 335 5437 tis
381 5389 438 5436 et
465 5380 864 5451 justiﬁcationis
920 5390 1023 5445 est,
1080 5388 1139 5433 ut
1178 5396 1366 5435 omnes
1422 5381 1477 5433 in
1526 5395 1585 5433 se
1619 5380 1846 5435 creden-

262 5473 409 5529 tium
457 5473 649 5527 animre
689 5486 785 5543 per
807 5490 929 5527 eum
961 5468 1093 5545 [.ll.,
1128 5490 1224 5544 per
1271 5471 1414 5543 eam]
1441 5472 1769 5528 sanctiﬁcari
1793 5480 1849 5526 et

257 5563 550 5634 iustiﬁcari
574 5567 784 5634 possint
811 5566 941 5637 [Al.,
975 5562 1224 5636 queunt],
1262 5576 1318 5620 et
1341 5580 1469 5619 caro
1506 5571 1667 5617 tanta:
1694 5578 1849 5617 mun-

1946 4554 2140 4609 anima’:
2163 4554 2444 4620 virtutum,
2497 4555 2562 4608 de
2581 4553 2777 4624 quibus
2801 4570 2962 4625 supra
2995 4555 3251 4620 diximus,
3283 4556 3522 4627 perfecte

1946 4648 2107 4703 habet
2135 4649 2333 4714 anima,
2370 4649 2416 4703 si
2454 4658 2596 4705 totas
2651 4666 2759 4705 non
2806 4650 2990 4715 habet,
3022 4652 3146 4721 quia
3197 4652 3311 4708 haec
3338 4655 3518 4709 omnia

1946 4740 2012 4798 ad
2035 4760 2201 4798 unum
2227 4744 2511 4799 charitatis
2552 4745 2835 4799 intendunt
2870 4754 3220 4814 prmceptum,
3263 4762 3383 4817 qua:
3408 4747 3520 4802 sola

1948 4836 2001 4889 in
2050 4837 2328 4891 catholica:
2355 4832 2476 4891 ﬁdei
2531 4836 2780 4898 veritate,
2808 4836 3024 4904 dignam
3047 4836 3244 4891 etiiciet
3283 4839 3520 4892 animam

1943 4928 2278 4983 habitatione
2330 4935 2530 4982 sancta:
2598 4927 2900 4990 Trinitatis,
2947 4928 3015 4980 ad
3040 4924 3192 4994 cujus
3232 4928 3520 4998 imaginem

1945 5019 2218 5081 conditam
2243 5033 2364 5072 esse
2391 5016 2639 5087 superius
2668 5016 3026 5081 ostendimus,
3051 5018 3116 5071 de
3137 5016 3291 5088 cujus
3315 5019 3523 5072 ratione

1946 5114 1999 5161 et
2036 5118 2248 5169 natura,
2308 5105 2447 5159 sicut
2498 5103 2776 5173 ﬂagitasti,
2829 5106 2944 5162 haec
2989 5119 3157 5177 pauca
3194 5107 3519 5177 perstrinxis

1949 5214 2089 5261 mus,
2159 5206 2317 5265 prout
2338 5196 2640 5265 epistolaris
2686 5199 2932 5266 angustia
2977 5201 3265 5254 concessit.
3305 5198 3521 5252 Mirum-

1950 5303 2053 5358 que
2078 5287 2470 5356 quodammodo
2501 5302 2530 5340 a
2554 5286 2890 5343 scholasticis
2922 5289 3091 5342 videri
3122 5288 3336 5358 poterit,
3381 5302 3519 5356 quo-

1946 5379 2107 5435 modo
2136 5385 2186 5430 te
2234 5377 2354 5445 plus
2400 5375 2529 5431 mihi
2567 5377 2838 5448 cognitam
2872 5393 2992 5432 esse
3014 5385 3204 5446 putare
3237 5375 3519 5440 voluisses,

1948 5483 2107 5537 quam
2136 5465 2231 5519 tibi
2263 5465 2382 5534 ipsi.
2441 5465 2591 5520 Unde
2653 5467 2787 5521 vivis
2813 5465 2895 5521 vel
2939 5466 3145 5520 ratione
3188 5465 3357 5535 viges,
3415 5462 3520 5518 nisi

1948 5560 2004 5615 in
2060 5560 2252 5613 anima:
2303 5557 2636 5612 substantia?
2698 5558 2823 5612 dum
2857 5566 2909 5611 te
2947 5570 3169 5625 perraro
3207 5554 3377 5611 oculis
3412 5553 3523 5609 vidi

340 5681 367 5706 ⁸
432 5672 608 5727 Sancti
648 5674 925 5745 Augustini
949 5675 1267 5731 sententiam
1296 5673 1363 5729 de
1389 5673 1598 5743 origine
1647 5673 1840 5729 animae
1876 5671 2112 5743 reperies
2142 5671 2193 5725 in
2223 5670 2337 5741 ejus
2361 5669 2520 5739 epist.
2550 5666 2664 5723 166.

2034 5886 2087 5935 W—
