4044 6340
587 231 692 287 6U

1432 227 1492 283 B.
1534 226 1597 283 ε’.
1631 227 1855 283 ALBINI
1894 226 2025 283 seu
2062 200 2336 285 ALCUINI
2373 225 2659 285 omnem
2696 227 2875 285 rans
2912 228 3002 285 Ν.
3702 233 3776 291 ea

587 349 743 414 meis,
802 361 901 421 per
925 362 1060 416 quos
1087 346 1280 401 animae
1341 350 1590 399 naturam
1638 352 1741 399 tuae
1791 358 2014 399 cernere
2057 358 2164 399 non
2194 352 2245 408 Α
2270 342 2505 413 Spiritus
2538 354 2624 400 est
2652 346 2857 409 anima,
2886 346 2941 400 in
2968 344 3225 425 membris
3242 341 3351 413 jam
3378 352 3524 402 totus
3548 344 3715 405 ubioue

582 440 756 512 potui.
818 437 1076 505 Quamvis
1095 435 1250 504 juxta
1280 449 1565 490 commune
1589 442 1917 504 praeceptum
1952 434 2164 489 Domini

585 530 837 600 diligam;
891 542 991 581 nec
1026 543 1129 581 non
1161 541 1260 595 pro
1309 526 1510 595 optima
1540 533 1754 579 tuorum
1793 526 1935 579 fama
1962 527 2165 580 studio—

585 634 705 673 rum
729 631 848 687 quae
900 615 1021 669 aliis
1048 614 1394 668 narrantibus
1429 614 1496 668 de
1537 622 1592 667 te
1638 615 1833 683 saepius
1870 615 2070 681 audivi,
2109 615 2163 669 in

585 709 782 780 quibus
827 706 990 763 velim
1023 713 1077 761 te
1104 719 1317 774 semper
1344 704 1631 774 proﬁcere,
1666 714 1721 759 et
1764 706 1875 760 Deo
1922 706 2161 774 placere,

586 810 648 857 ut
697 800 857 872 digna
902 799 1153 854 elﬁciaris
1213 798 1407 852 animae
1482 798 1745 851 rationem
1804 804 1860 851 et
1909 803 2156 857 naturam

585 905 764 954 nosse,
816 889 1041 958 etquod
1079 903 1222 941 nunc
1252 886 1309 940 in
1363 886 1651 955 aenigmate
1698 886 1871 950 vides,
1922 886 2162 956 perfecta

584 981 810 1036 scientia
841 980 896 1034 in
934 978 1113 1034 futura
1159 978 1458 1048 perspicias
1522 976 1871 1032 beatitudine.
1932 978 2164 1034 Proinde

582 1081 711 1142 opto
738 1081 808 1138 te,
841 1072 951 1127 ﬁlia
974 1072 1312 1137 charissima,
1354 1080 1573 1126 :eternae
1606 1072 1797 1139 patriae
1822 1071 2161 1138 felicitatem,

583 1178 745 1232 quam
784 1171 931 1218 tuam
960 1162 1271 1218 desiderare
1304 1162 1506 1231 optime
1536 1162 1657 1217 novi
1700 1162 2041 1231 sapientiam,
2085 1163 2167 1216 in-

585 1261 735 1322 tegra
766 1254 1020 1324 presequi
1054 1253 1348 1308 voluntate.
1394 1252 1505 1306 Nec
1535 1260 1589 1305 te
1620 1251 1688 1305 ab
1721 1253 1838 1322 ejus
1894 1252 2163 1308 desiderio

584 1344 693 1399 ulla
747 1342 907 1411 hujus
933 1343 1114 1397 saaculi
1169 1350 1381 1397 avertat
1436 1341 1689 1408 ambitio;
1747 1358 1847 1397 nec
1880 1342 2165 1412 cujuslibet

584 1433 903 1504 temporalis
920 1433 997 1487 rei
1020 1433 1328 1488 delectatio.
1358 1431 1523 1487 Pauci
1550 1439 1675 1487 sunt
1693 1431 1852 1501 hujus
1874 1434 1999 1487 vitae
2023 1433 2162 1498 dies,

585 1531 643 1579 et
698 1524 1018 1579 meritorum
1083 1523 1368 1578 retributio
1442 1523 1589 1578 nullo
1660 1525 1983 1578 terminatur
2032 1525 2158 1580 ﬁne.

585 1614 729 1669 Vera
780 1621 866 1669 est
894 1613 1098 1668 scilicet
1159 1613 1443 1683 sapientia,
1486 1627 1670 1668 veram
1703 1621 1815 1668 toto
1849 1615 2008 1669 corde
2044 1614 2163 1669 dili-

2334 436 2542 506 Quippe
2574 437 2687 492 suis
2716 439 2898 503 vivax,
2931 436 3109 492 factus
3142 452 3323 491 amare
3347 436 3537 492 DeunL

2261 528 2439 596 Atque
2462 528 2776 585 Creatorem
2798 530 2981 585 laudet
3014 530 3132 584 sine
3157 529 3263 584 ﬁne
3289 530 3611 601 benignum,

2331 616 2432 682 Qui
2469 634 2531 673 se
2563 620 2836 674 concessit
2868 620 3009 674 scire
3038 628 3288 688 patenter
3308 635 3451 676 eum.

2261 703 2330 758 Et
2355 705 2501 760 cultu
2527 710 2767 775 prudens
2788 708 2941 762 illum
2961 710 3277 764 venerarier
3305 709 3472 776 almo,

2331 795 2430 850 Est
2450 797 2592 866 quod
2625 797 2739 852 sola
2767 798 2916 853 salus
2940 838 2956 862 ,
2988 798 3179 868 gloria,
3215 799 3349 865 vita,
3374 801 3569 857 animm
3592 817 3610 857 :

2263 883 2486 941 Scilicet
2512 889 2767 943 aethereis
2802 899 3133 960 quapropter
3161 906 3221 946 se
3249 893 3461 947 actibus
3485 902 3662 960 ornet,

2332 976 2474 1033 Ante
2496 977 2682 1032 oculos
2708 978 2941 1045 Domini,
2971 988 3129 1036 nocte
3158 981 3371 1051 dieque,
3398 984 3508 1049 s‘ui,

2262 1064 2454 1121 Omnia
2487 1067 2580 1135 qui
2609 1069 2786 1122 cernit
2810 1071 2990 1125 cordis
3025 1080 3235 1127 secreta
3278 1088 3514 1145 superno

2332 1155 2560 1211 Lumine
2580 1196 2595 1222 ,
2623 1173 2783 1226 quem
2820 1160 3024 1215 nullum
3055 1162 3191 1218 velle
3223 1164 3394 1220 latere
3419 1174 3619 1235 potest.

2264 1246 2531 1314 Quocirca
2559 1250 2803 1306 incubuit
2825 1252 2958 1324 [Al.,
2985 1255 3269 1330 incumbit]
3293 1268 3545 1330 magnum
3568 1278 3667 1320 nos
3691 1281 3794 1323 nam-

2664 1344 2667 1347 ’
3359 1348 3485 1421 [que
3511 1368 3737 1421 necesse,

2337 1427 2408 1483 Ut
2436 1430 2523 1499 pia
2554 1440 2851 1499 pertractet
2878 1450 3032 1490 mens
3060 1437 3198 1493 bene
3229 1440 3385 1510 digna
3409 1442 3519 1498 Deo
3552 1462 3565 1498 :

2264 1513 2539 1581 Quatenus
2565 1520 2817 1589 inspiciat
2853 1530 3063 1579 tantum
3089 1535 3324 1583 tractare
3355 1546 3587 1600 superna
3613 1574 3631 1599 ,

2333 1605 2452 1664 Iam
2477 1611 2693 1681 plenum
2719 1622 2909 1669 sancto
2930 1626 3118 1686 pectus
3148 1634 3333 1676 amore
3368 1623 3484 1679 Dei.

584 1720 710 1776 gere
749 1705 947 1769 vitam;
995 1712 1051 1759 et
1076 1705 1202 1759 totis
1246 1706 1450 1760 viribus
1478 1705 1775 1770 intendere,
1826 1714 1887 1758 ut
1934 1705 2000 1759 ad
2040 1720 2161 1759 eam
2193 1689 2240 1751 Β
2265 1695 2391 1752 Ηωο
2428 1714 2554 1754 Vera
2591 1709 2675 1754 εει
2708 1702 2903 1757 animm
2929 1720 3054 1759 Vere
3090 1722 3256 1778 super
3282 1715 3464 1768 omnia
3495 1725 3696 1775 ηοεῑτῖε

581 1798 863 1866 pervenire
888 1805 1159 1851 mereatur
1180 1796 1272 1866 qui
1295 1811 1414 1851 eam
1438 1796 1683 1866 diligere,
1708 1796 1889 1850 verbis
1918 1812 1977 1850 se
1995 1797 2163 1852 veris-

582 1887 717 1941 sime
740 1886 981 1956 proﬁteri
1022 1887 1269 1940 videatur
1304 1885 1437 1958 [Αι.,
1486 1885 1747 1957 videtur],
1779 1888 1905 1956 quia
1943 1902 2049 1941 non
2079 1894 2163 1942 est

581 1974 637 2028 in
682 1984 928 2029 sermone
986 1976 1358 2030 tantummodo
1380 1992 1605 2047 regnum
1657 1977 1774 2041 Dei,
1816 1978 1911 2032 sed
1942 1978 1996 2031 in
2048 1978 2159 2031 vir-

579 2072 695 2121 tute
724 2067 1144 2137 sanctiSpir'tus
1210 2076 1267 2122 et
1289 2078 1599 2124 sanctorum
1652 2070 1892 2140 perfecta
1948 2070 2163 2126 merito-

578 2168 702 2210 rum
732 2156 998 2211 claritate.

976 2361 1005 2387 ι
1035 2347 1429 2405 ELEGIACUM
1467 2350 1769 2407 CARMEN.

582 2525 682 2597 Qui
712 2541 880 2591 mare,
907 2528 996 2597 qui
1026 2536 1243 2595 terram,
1270 2531 1465 2585 caelum
1493 2532 1584 2601 qui
1608 2533 1849 2588 condidit
1880 2533 2049 2589 altum

653 2617 755 2683 Qui
791 2619 930 2689 regit
965 2621 1198 2689 imperio
1233 2603 1428 2677 cuncta
1455 2632 1637 2678 creata
1664 2640 1763 2679 suo
1791 2664 1805 2690 ,

577 2705 827 2765 Iusserat
854 2710 942 2763 hic
966 2711 1239 2766 hominem
1272 2714 1434 2767 rebus
1469 2714 1747 2769 deminare
1781 2718 1882 2771 sub
1918 2717 2121 2781 astris,

650 2799 754 2868 Qui
789 2815 953 2855 sensu
988 2803 1135 2858 solus
1170 2813 1225 2859 et
1263 2806 1475 2861 ratione
1505 2805 1651 2876 viget
1684 2824 1697 2861 ε

580 2888 684 2958 Qui
714 2890 859 2945 valet
884 2891 1023 2945 inter
1045 2895 1190 2947 enim
1213 2895 1473 2963 viventia,
1511 2912 1736 2952 noscere
1761 2898 1945 2954 mundi

652 2978 880 3048 Jamque
910 2980 1222 3037 Creatorem
1253 2985 1451 3039 mentis
1481 2986 1537 3039 in
1568 3001 1694 3040 arce
1723 3002 1901 3041 suum.

582 3067 782 3125 Factus
815 3072 886 3125 ab
920 3080 1122 3127 aeterno
1143 3113 1157 3136 ,
1189 3072 1424 3143 felixque
1461 3083 1696 3130 aeternus
1725 3085 1785 3130 ut
1810 3085 1951 3132 esset

655 3160 787 3216 Mira
818 3162 1036 3231 quidem
1070 3166 1249 3235 magni
1287 3167 1435 3221 solus
1462 3166 1642 3237 imago
1668 3168 1762 3222 Dei
1790 3185 1805 3232 ;

580 3247 785 3306 Nobilis
820 3250 1016 3306 exinde
1050 3261 1135 3307 est
1172 3254 1365 3307 animae
1400 3263 1593 3309 natura
1624 3257 1835 3326 sagacis
1859 3299 1874 3322 ,

651 3340 827 3410 Atque
857 3350 1049 3413 potens
1085 3360 1247 3399 sensu
1279 3362 1502 3403 cernere
1533 3359 1728 3405 cuncta
1762 3367 1860 3407 suo
1891 3369 1903 3405 :

580 3427 712 3498 Quae
747 3447 920 3499 mare,
948 3449 1068 3504 qua:
1105 3444 1304 3502 terras,
1338 3438 1535 3492 caelum
1562 3456 1680 3509 qua:
1702 3442 1944 3510 pervolat
1965 3443 2154 3510 altum,

650 3522 906 3589 Quamvis
947 3526 1018 3579 sit
1054 3528 1233 3584 carnis
1269 3544 1489 3585 carcere
1515 3532 1697 3587 clausa
1730 3550 1841 3588 sum
1870 3552 1882 3588 :

579 3611 834 3682 Corporis
864 3621 1031 3683 utque
1053 3616 1241 3672 Oculus
1266 3658 1280 3682 ,
1312 3620 1462 3674 Visus
1491 3622 1557 3675 ad
1594 3623 1773 3677 sidera
1804 3625 2011 3690 tendit,

651 3700 770 3755 Uno
794 3710 901 3756 stet
924 3706 1174 3771 quamvis
1202 3709 1383 3763 carnis
1416 3709 1469 3762 in
1498 3724 1623 3765 arce
1653 3712 1772 3767 loco
1801 3754 1815 3778 ,

577 3787 886 3847 Immortale
921 3794 1105 3859 decus,
1140 3794 1301 3864 hujus
1337 3798 1427 3851 lux
1464 3813 1631 3854 aurea
1664 3802 1789 3857 vita:
1817 3843 1833 3869 ,

647 3879 706 3933 In
732 3897 793 3937 se
825 3883 985 3953 digna
1013 3884 1182 3939 Deum
1215 3902 1431 3958 semper
1458 3891 1658 3945 habere
1693 3908 1871 3947 suum.

574 3966 634 4023 Si
665 3972 828 4037 bona,
858 3974 905 4027 si
933 3976 1173 4044 sapiens,
1202 3976 1403 4033 Christi
1442 3981 1487 4034 si
1516 3996 1574 4036 se
1598 3992 1759 4037 ornat
1783 3992 1967 4040 amore
1993 4016 2008 4049 ,

646 4061 713 4116 Ut
749 4061 877 4117 felix
909 4064 1085 4118 valeat
1114 4066 1296 4122 vivere
1328 4068 1380 4121 in
1420 4086 1546 4125 arce
1582 4072 1687 4139 poli
1714 4113 1729 4137 ,

575 4150 640 4204 Et
670 4160 793 4221 post
827 4154 985 4224 hujus
1015 4156 1159 4209 enim
1199 4157 1342 4221 vitre,
1381 4173 1477 4227 per
1512 4162 1696 4227 saecla,
1738 4154 1973 4228 labores,

640 4241 862 4300 Caelesti
895 4248 949 4301 in
981 4263 1149 4318 regno
1179 4264 1408 4307 cernere
1438 4269 1653 4323 semper
1686 4271 1830 4310 eum.

568 4330 682 4384 Lux
710 4341 910 4389 aeterna
940 4337 1115 4403 Deus,
1150 4340 1236 4393 cui
1269 4341 1387 4395 laus
1420 4352 1472 4397 et
1497 4344 1687 4413 gloria,
1717 4361 1927 4402 merces
1954 4387 1967 4412 ,

644 4420 702 4477 Si
736 4422 894 4489 bene,
923 4426 969 4479 si
998 4428 1156 4497 digne
1185 4432 1381 4485 vixerit
1408 4433 1521 4503 ipsa
1554 4435 1683 4490 Deo.

567 4510 651 4565 Sit
682 4514 841 4568 modo
876 4527 1084 4581 sancta,
1122 4520 1226 4588 piis
1261 4523 1575 4593 meritisqsit
1609 4536 1778 4591 casta,
1809 4531 2002 4597 pudica
2024 4570 2039 4596 ,

638 4602 859 4659 Floreat
884 4607 937 4660 in
970 4609 1165 4665 studiis
1195 4624 1410 4682 semper
1438 4616 1637 4685 ubique
1671 4622 1861 4677 sacris.

568 4690 640 4747 Se
668 4705 840 4764 regat,
869 4705 1031 4766 atque
1059 4715 1168 4754 sum
1193 4705 1375 4759 carnis
1399 4706 1658 4764 vivaciter
1689 4718 1843 4767 actus
1861 4751 1878 4779 ,

640 4782 711 4838 Ut
740 4785 925 4855 regina
952 4796 1166 4857 potens,
1195 4791 1405 4863 legibus
1428 4800 1698 4855 mthereis.

568 4873 726 4965 152
752 4876 809 4931 ln
842 4866 899 4932 Se
925 4879 1000 4933 nil
1023 4883 1202 4953 cupiat
1230 4890 1405 4956 pravi,
1435 4891 1510 4944 nil
1539 4902 1687 4961 optet
1710 4894 1882 4965 iniqui
1909 4936 1927 4963 ,

633 4964 720 5020 Nil
756 4969 1006 5038 cuiquam
1042 4984 1257 5043 noceat,
1283 4989 1452 5048 optet,
1481 4995 1622 5053 agat,
1654 4985 1736 5041 vel
1766 4996 1930 5044 amet.

561 5056 640 5112 Ne
663 5061 890 5117 maculis
915 5064 1132 5121 sibimet
1161 5068 1336 5126 fuscet
1360 5073 1483 5129 data
1510 5085 1747 5149 tempora
1772 5083 1918 5150 vitae,

633 5148 716 5202 Sit
744 5151 831 5219 pia
859 5156 1086 5221 servire,
1115 5170 1321 5227 sancta,
1359 5167 1564 5234 quieta,
1594 5171 1720 5227 Deo.

562 5236 802 5295 Moribus
830 5245 1059 5314 egregiis
1091 5248 1145 5301 in
1185 5266 1243 5304 se
1271 5250 1384 5319 jam
1418 5257 1563 5313 vivat
1589 5260 1833 5333 honeste,

634 5326 703 5384 Ut
727 5329 938 5399 placeat
982 5351 1179 5405 sponso
1210 5344 1291 5399 sic
1319 5346 1450 5418 [AI.,
1483 5354 1609 5409 add.
1639 5326 1830 5433 mens],
1864 5367 2139 5424 moderata

1866 5452 1993 5523 [pim

631 5585 655 5611 ι
688 5573 745 5628 In
794 5578 913 5632 cod.
956 5597 1054 5637 ms.
1118 5587 1507 5661 Tegernsccnsi
1561 5601 1787 5657 titulus:

2332 1785 2539 1851 Gloria,
2577 1790 2856 1856 nobilitas,
2887 1801 3049 1863 atque
3075 1796 3232 1852 beata
3259 1801 3435 1870 quies.

2263 1875 2320 1931 In
2348 1877 2451 1932 hoc
2475 1885 2528 1932 te
2560 1881 2741 1934 studio
2771 1897 2915 1938 nunc
2950 1900 3208 1944 exercere
3235 1902 3507 1949 memento

2334 1967 2578 2038 Femina,
2603 1972 2747 2041 quod
2770 1973 3005 2043 placeas,
3041 1978 3242 2050 inclyta
3266 1997 3481 2052 sponsa,
3513 1985 3641 2043 Deo.

2594 2128 2804 2187 ALIUD
2837 2131 3121 2190 CARMEN
3157 2126 3534 2197 ADONICUM.

2760 2265 2839 2323 Te
2869 2269 3030 2326 homo
3063 2270 3277 2339 laudet,

2692 2356 2847 2412 Alme
2869 2358 3115 2427 Creator,

2693 2445 2921 2503 Pectore
2945 2490 2961 2514 ,
2994 2461 3197 2521 mente,

2690 2535 2847 2593 Pacis
2875 2555 3059 2597 amore
3082 2546 3099 2596 ὲ

2682 2626 2801 2684 Non
2839 2632 2999 2687 modo
3028 2648 3195 2703 parva

2690 2719 2824 2776 Pars
2855 2724 2982 2793 quia
3013 2727 3198 2782 mundi
3232 2738 3339 2785 est.

2763 2811 2870 2869 Sed
2903 2816 2999 2871 tibi
3032 2829 3215 2877 sancte

2689 2900 2848 2960 Solus
2880 2906 3057 2978 imago

2693 2994 2884 3068 Magna
2912 2998 3139 3056 Creator

2687 3087 2880 3145 Mentis
2910 3092 2963 3146 in
2994 3108 3120 3149 arce

2690 3177 2920 3236 Pectore
2953 3199 3092 3254 puro

2684 3270 2822 3326 Dum
2847 3274 2934 3343 pie
2964 3276 3121 3331 vivit.

2758 3362 2803 3418 Ο
2837 3363 2979 3420 Deus
3010 3375 3065 3422 et
3091 3368 3201 3434 lux,

2687 3452 2832 3509 Laus
2862 3463 2952 3510 tua
2981 3473 3197 3530 semper

2682 3539 2913 3602 Pectora
2935 3557 2989 3603 et
3011 3565 3108 3605 ora

2682 3636 2988 3708 Compleat;
3017 3650 3077 3697 ut
3099 3651 3153 3700 te

2686 3728 2914 3801 Semper
2938 3750 3183 3793 amemus

2682 3821 2913 3881 Sanctus
2954 3828 3169 3899 ubique.

2753 3914 2877 3971 Haec
2913 3919 3001 3987 pia
3039 3922 3227 3989 verba,

2685 4001 2849 4075 Virgo
2886 4008 3081 4076 ﬁdelis,

2682 4093 2791 4149 Ore
2815 4107 3007 4153 caveto
3030 4142 3045 4166 ,

2692 4183 2763 4238 Ut
2792 4194 2885 4240 tua
2913 4190 3063 4246 mitis

2685 4274 2954 4347 Tempora
2980 4281 3232 4342 Christus

2683 4368 2813 4424 Tota
2844 4373 3125 4443 gubernet.

2751 4463 2826 4517 Te
2864 4467 2951 4521 cui
2989 4478 3197 4527 castum

2680 4550 2920 4623 Corpore
2935 4599 2955 4623 γ
2978 4565 3161 4619 mente
3184 4604 3202 4632 ,

2682 4641 2864 4716 Dirige
2896 4653 3153 4721 templum

2679 4734 2861 4795 Dulcis
2891 4745 3063 4801 amica
3087 4786 3103 4813 ,

2676 4824 2745 4880 Et
2770 4828 2887 4884 sine
2919 4846 3126 4906 semper

2676 4915 2809 4975 Fine
2841 4925 3037 4982 valeto.

2742 5011 2841 5079 Qui
2872 5016 2965 5071 tibi
3002 5018 3149 5078 solus

2675 5090 2757 5155 Sit
2792 5115 2922 5177 rogo
2952 5126 3165 5183 semper

2671 5189 2810 5260 Lux,
2847 5213 3018 5265 amor,
3060 5214 3221 5277 atque

2665 5283 2861 5343 Forma
2890 5293 3082 5351 salutis
3105 5337 3121 5363 ,

2669 5367 2790 5433 Vita
2816 5388 3071 5452 perennis
3100 5430 3115 5455 ,
3182 5398 3189 5401 ’

2663 5470 2847 5530 Gloria
2883 5493 3095 5550 perpes.

1824 5607 2041 5665 Carmen
2073 5613 2329 5693 de_nobili
2359 5632 2405 5675 et
2437 5627 2617 5693 sagaci
2654 5639 2843 5684 natura
2879 5633 3089 5689 animm.
