4044 6340
307 332 412 389 649

1119 335 1444 395 MORALIA.
1482 365 1556 380 —
1592 337 1682 397 DE
1725 338 2193 402 CONFESSIONE
2234 343 2717 407 PECCATORUM.

3463 356 3570 417 050

376 447 492 504 Hoc
521 460 742 506 carmen
780 447 879 506 tibi
926 448 1098 507 cecini
1143 454 1358 510 senario
1400 469 1628 510 numero
1664 454 1843 511 nobile
1868 495 1884 523 ,
1912 459 1969 520 Δ
2062 457 2143 511 Tu
2166 457 2538 519 misericordia
2566 475 2710 525 mea,
2736 456 2999 515 miserere
3028 457 3182 515 mihi.

305 540 398 609 qui
436 556 696 597 numerus
725 541 1155 612 perfectissimus
1186 543 1294 615 [AL
1320 584 1335 610 ,
1364 544 1660 618 perfectus]
1704 553 1788 601 est
1831 547 1889 601 in

305 630 419 686 suis
448 631 715 700 partibus,
748 640 798 687 te
825 640 1019 704 optans
1059 649 1180 691 esse
1211 633 1509 706 perfectam
1553 638 1608 692 in
1639 638 1889 693 sensibus

308 723 434 779 tuis.
468 723 634 793 Cujus
661 727 872 782 numeri
902 728 1201 797 rationem,
1234 729 1377 785 sicut
1407 741 1464 786 et
1497 731 1725 786 aliorum
1748 772 1763 797 ,
1798 745 1888 786 sa-

301 814 681 885 pientissimus
693 817 988 889 imperator
1002 820 1374 891 tuaeperl’acile
1398 823 1688 878 ostendere
1714 830 1893 893 potest

301 908 621 978 sagacitati;
656 908 812 979 cujus
836 914 1035 968 mentis
1062 913 1313 970 miranda
1340 923 1427 971 est
1456 916 1731 982 nobilitas,
1763 917 1890 971 dum

300 997 449 1054 inter
507 1008 687 1057 tantas
732 1002 918 1073 palatii
970 1020 1131 1061 curas
1185 1014 1241 1062 et
1299 1007 1453 1079 regni
1500 1008 1890 1079 occupationes

301 1092 748 1164 philosOphorum
783 1097 1013 1166 pleniter
1041 1114 1241 1156 arcana
1272 1102 1483 1157 curavit
1508 1103 1653 1158 scire
1683 1111 1889 1175 myste-

300 1184 408 1250 ria,
440 1188 583 1257 quod
611 1190 703 1244 vix
732 1190 844 1245 otio
874 1199 1095 1263 torpens
1143 1194 1279 1250 alius
1323 1196 1444 1266 quis
1493 1198 1654 1252 modo
1695 1211 1892 1269 cogno-

295 1289 458 1331 scere
505 1278 699 1333 studet.
739 1278 849 1335 Nec
899 1282 995 1336 tibi
1032 1299 1063 1336 a
1101 1284 1258 1339 nobis
1297 1300 1521 1341 necesse
1570 1294 1654 1342 est
1694 1302 1889 1343 causas

293 1382 545 1438 quaerere
576 1387 776 1439 rerum,
801 1373 886 1427 vel
906 1376 1147 1431 rationes
1173 1377 1413 1448 physicae
1439 1380 1683 1435 occultas
1710 1381 1890 1436 scien-

292 1460 391 1515 tiae
418 1502 433 1525 ,
464 1462 591 1517 dum
620 1463 764 1519 illius
792 1464 1096 1521 clarissima
1131 1470 1371 1538 quotidie
1399 1472 1570 1526 uteris
1600 1473 1886 1541 sapientia,

290 1568 360 1610 ac
394 1560 760 1615 venerandam
788 1563 1022 1618 intueris
1051 1564 1262 1620 faciem.
1296 1564 1407 1620 Nec
1428 1567 1525 1621 tibi
1552 1567 1713 1638 longo
1737 1567 1888 1622 labo-

288 1645 554 1717 riosoque
581 1651 773 1707 itinere
801 1654 868 1708 de
894 1653 1171 1724 Ethiopia
1203 1656 1572 1728 Hierosolyma
1618 1659 1890 1713 visitanda

285 1746 403 1804 est,
446 1749 507 1794 ut
545 1743 731 1799 videas
784 1743 1127 1802 Salomonem
1174 1749 1241 1803 de
1295 1764 1477 1804 rerum
1522 1752 1890 1821 disputantem

2060 547 2333 616 Miserere,
2367 549 2614 617 Domine,
2642 550 2923 619 miserere,
2955 550 3171 609 Christe
3196 592 3211 619 ,
3250 561 3310 611 ut
3353 560 3577 621 credam

1990 638 2047 695 in
2081 649 2153 696 te.

2062 729 2341 801 Miserere,
2383 731 2610 789 Domine
2632 773 2649 801 ,
2685 733 2967 806 miserere,
2996 734 3212 799 Christe
3238 784 3253 811 ,
3291 752 3353 801 ut
3373 759 3573 820 cogno-

1990 836 2141 879 scam
2173 831 2245 879 te.

2062 915 2340 982 Miserere,
2355 915 2600 983 Domine,
2629 917 2908 987 miserere,
2925 919 3160 991 Christe,
3187 924 3476 1001 utdiligam
3499 936 3571 988 te.

2064 1003 2340 1071 Miserere,
2372 1005 2598 1062 Domine
2624 1049 2638 1074 ,
2671 1010 3195 1089 miserere,.Christe
3218 1058 3231 1083 ,
3256 1029 3316 1074 ut
3360 1037 3576 1093 sperem

1992 1095 2048 1152 in
2075 1104 2146 1151 te.
2704 1176 2708 1181 ι
3632 1190 3633 1193 η

2064 1189 2338 1257 Miserere,
2354 1190 2599 1259 Domine,
2616 1192 2893 1262 miserere,
2907 1196 3139 1266 Christe,
3166 1209 3225 1256 ut
3248 1202 3429 1260 anima
3455 1222 3577 1262 mea

1990 1279 2137 1334 vivat
2167 1281 2221 1335 in
2252 1290 2323 1336 te.

2062 1372 2342 1440 Miserere,
2373 1373 2619 1445 Domine,
2651 1378 2930 1447 miserere,
2956 1381 3189 1450 Christe,
3214 1392 3273 1440 ut.
3298 1402 3427 1443 caro
3453 1404 3576 1445 mea

1991 1464 2226 1519 exsultet
2247 1465 2300 1519 in
2326 1474 2395 1521 te.

2061 1556 2342 1624 Miserere,
2368 1559 2615 1631 Domine,
2647 1564 2930 1634 miserere,
2956 1567 3191 1638 Christe,
3227 1581 3285 1628 ut
3321 1574 3432 1629 vita
3456 1592 3578 1633 mea

1990 1648 2245 1719 proﬁciat
2274 1652 2328 1705 in
2358 1659 2429 1707 te.

2065 1743 2341 1811 Miserere,
2379 1748 2626 1816 Domine,
2656 1751 2798 1806 Deus
2849 1752 3030 1821 Pater,
3062 1754 3231 1828 gloria
3261 1776 3382 1817 mea
3407 1804 3421 1829 ,
3468 1761 3580 1819 vita

284 1832 533 1888 naturis.
563 1834 704 1890 Ecce
724 1835 880 1906 juxta
915 1848 965 1894 te
990 1848 1091 1905 est,
1113 1855 1273 1910 quem
1298 1857 1397 1911 per
1418 1852 1600 1899 tantas
1622 1852 1892 1900 terrarum
1920 1824 1968 1889 Β
1994 1847 2135 1889 mea-

283 1919 652 1981 difﬁcultates
675 1929 861 1999 regina
889 1931 1139 2001 quaesivit
1166 1931 1369 1986 Austri.
1404 1932 1511 1989 Sed
1539 1951 1663 1991 cum
1702 1936 1892 1992 eadem

282 2010 501 2067 celebri
551 2014 710 2071 laude
737 2018 833 2072 tibi
865 2019 1153 2075 dicendum
1177 2031 1300 2078 est:
1330 2023 1482 2079 Beati
1527 2028 1629 2081 viri
1679 2031 1792 2096 tui,
1844 2039 1893 2085 et

282 2100 438 2156 beati
462 2107 601 2185 servi
630 2109 730 2173 tui,
757 2111 846 2180 qui
878 2121 1018 2165 stant
1048 2130 1226 2168 coram
1269 2125 1319 2170 te
1346 2135 1569 2189 semper,
1594 2131 1642 2175 et
1668 2124 1895 2179 audiunt

277 2181 611 2265 sapientiam
632 2208 799 2254 tuam.
826 2200 911 2256 Sit
941 2202 1198 2259 Dominus
1234 2206 1377 2263 Deus
1413 2181 1532 2264 tuus
1569 2211 1889 2282 benedictus,

280 2285 376 2340 cui
420 2288 805 2359 complacuisli,
839 2302 888 2347 et
918 2296 1093 2364 posuit
1143 2306 1191 2351 te
1230 2315 1386 2369 super
1422 2302 1666 2357 thronum
1710 2305 1890 2373 populi

280 2380 365 2433 tui
402 2419 424 2443 ,
461 2397 523 2436 eo
549 2382 689 2453 quod
721 2383 968 2441 dilexerit
1013 2387 1266 2444 Dominus
1319 2391 1571 2463 populum
1622 2410 1776 2450 suum
1833 2397 1890 2453 in

280 2474 676 2544 sempiternum
712 2474 834 2546 (ΙΙΙ
868 2476 997 2551 Reg.
1039 2496 1095 2546 x,
1127 2482 1152 2534 1
1190 2491 1237 2536 et
1266 2483 1452 2555 seqq.).

354 2588 411 2643 Ο
443 2587 565 2644 ﬁlia:
595 2588 891 2648 Jerusalem
919 2634 933 2660 ,
959 2597 1167 2653 cernite
1189 2598 1533 2658 Salomonem
1556 2611 1804 2661 nostrum
1832 2607 1887 2663 in

280 2682 604 2739 diademate
650 2680 945 2757 fulgentem
1003 2691 1319 2759 sapientize;
1366 2694 1656 2751 imitamini
1709 2714 1889 2757 mores

279 2771 440 2829 illius
466 2774 867 2843 nobilissimos;
902 2783 1233 2838 aversamini
1268 2784 1417 2851 vitia,
1448 2788 1609 2843 colite
1638 2790 1885 2847 virtutes.

278 2865 491 2939 Magna
521 2868 672 2924 vobis
700 2870 981 2939 incumbit,
1033 2874 1079 2928 si
1132 2874 1476 2935 dissimulare
1527 2896 1636 2937 non
1683 2883 1884 2952 vultis,

276 2957 500 3029 optime
550 2958 767 3015 vivendi
828 2964 1169 3031 necessitas,
1210 2965 1364 3038 153
1395 2969 1521 3024 dum
1574 2973 1714 3042 apud
1763 2989 1887 3029 eum

277 3049 539 3120 quotidie
586 3054 879 3108 versamini
912 3053 1018 3127 [AL
1047 3098 1061 3122 ,
1095 3062 1518 3135 eonversamini]
1538 3105 1551 3128 ,
1583 3064 1637 3118 in
1669 3081 1777 3136 quo
1808 3075 1889 3122 to—

194 3140 205 3153 '
277 3140 397 3196 tius
431 3140 740 3200 honestatis
775 3144 985 3201 habetis
1014 3149 1311 3221 exemplar,
1333 3162 1599 3223 quatenus
1626 3172 1725 3228 per
1750 3173 1887 3229 pra-

276 3244 478 3290 sentes
502 3234 638 3312 [Al.,
664 3254 764 3309 per
781 3243 1084 3316 prmsentis]
1108 3244 1251 3302 illius
1276 3250 1677 3307 saeratissimos
1709 3269 1887 3311 mores

274 3326 347 3382 ad
368 3325 499 3396 ejus
524 3344 647 3384 cum
669 3332 857 3387 eodem
876 3337 1160 3404 pervenire
1181 3342 1498 3397 mereamini
1516 3346 1884 3413 praesentiam,

274 3611 593 3669 argenteas,
608 3605 999 3664 reclinatorium
1022 3631 1262 3681 aureum,
1279 3634 1553 3673 ascensum
1565 3637 1886 3691 purpureum

269 3689 467 3744 media
518 3692 775 3750 charitate
817 3703 1099 3756 constravit
1144 3714 1355 3775 propter
1405 3689 1885 3776 ﬁliasilerusalem

272 3779 475 3853 (Cant.
510 3800 598 3853 ιιι,
634 3786 687 3855 9,
732 3788 843 3862 10).

950 3908 1230 3968 LITANIA

728 4015 825 4056 SEU
863 4019 1126 4063 PRECATIO
1165 4025 1233 4063 AD
1272 4022 1561 4068 CHRISTUM.

344 4101 644 4179 Miserere,
684 4112 929 4181 Domine,
959 4118 1242 4205 miserere,
1277 4121 1515 4181 Christe.

342 4210 376 4278 fl
410 4198 503 4278 εει
523 4203 652 4278 θοᾷ..
674 4220 773 4260 ms.
809 4206 1220 4278 Tegernseensi.

342 4268 373 4306 ι)
410 4268 482 4324 In
508 4275 720 4356 Icadiee
764 4268 915 4356 _r_ns.v
945 4277 1419 4356 Sanet-Callensi,
1480 4301 1587 4356 quo
1634 4287 1885 4345 Canisius

266 4338 477 4433 (Tom:
574 4344 734 4433 Thes.
761 4347 1267 4433 Monument.__Edit_.
1300 4338 1580 4433 Dasnagii,
1610 4338 1883 4433 pagi-Eii;

263 4426 415 4467 usus
449 4422 557 4479 est,
586 4426 708 4498 post
731 4423 1042 4500 praecedens
1084 4424 1355 4500 distichon
1395 4422 1886 4500 alii'sequebantur

260 4497 504 4569 versus,
531 4488 622 4569 qui
650 4504 717 4543 an
750 4490 817 4569 ad
841 4491 1109 4569 Eulaliam
1129 4497 1212 4551 vel
1235 4501 1302 4552 ad
1333 4488 1617 4569 epistolam
1646 4502 1722 4555 illi
1752 4504 1887 4558 scri-

260 4561 435 4634 ptam
469 4559 814 4634 pertineant,
847 4577 971 4617 cum
1001 4566 1181 4634 potius
1231 4559 1502 4625 variorum
1531 4572 1773 4628 locorum
1804 4575 1886 4628 in-

256 4627 620 4697 scriptiones
654 4631 783 4698 sint,
808 4627 1323 4694 merito'duhitatur.
1368 4640 1447 4695 lta
1480 4659 1607 4709 vero
1632 4627 1836 4701 sonant
1866 4665 1879 4703 :

331 4740 855 4825 Dtt't‘n‘s‘edeaslaetus
874 4749 1072 4825 pulchra
1099 4765 1349 4814 pussessm
1373 4756 1559 4825 insula
1579 4798 1597 4825 ,

406 4803 774 4871 Tummiseros
793 4803 980 4862 stantes
1006 4803 1120 4866 esse
1144 4803 1566 4871 inuenientoﬁlor-as‘.

334 4864 485 4938 Ut:..
513 4869 597 4916 tibi
628 4883 916 4938 perpetuam
935 4878 1017 4938 qui
1047 4864 1251 4928 tradidit
1267 4864 1408 4931 aia}:

402 4928 637 4993 Jamque
648 4928 846 4985 domum
868 4928 1089 4989 clemens
1105 4928 1325 4992 Christus
1340 4928 1407 4993 in
1421 4956 1538 4995 arce
1560 4944 1677 5010 poli.

2073 1926 2352 2000 Miserere,
2381 1930 2597 1990 Christe
2641 1935 2911 2007 Salvator,
2953 1941 3101 1999 salus
3141 1960 3293 2013 mea,
3323 1946 3583 2006 fortitudo

1996 2037 2137 2078 mea.

2068 2113 2345 2183 Miserere,
2372 2117 2609 2191 Spiritus
2622 2121 2956 2195 Paraeletus,
2981 2130 3284 2187 consolatio
3307 2148 3450 2201 mea,
3465 2134 3585 2190 illu-

1995 2207 2223 2264 minatio
2251 2226 2391 2266 mea.

2067 2295 2343 2367 Miserere,
2387 2300 2635 2371 Domine,
2668 2305 2812 2363 Deus
2840 2307 3084 2367 Trinitas
3110 2321 3166 2367 et
3200 2311 3411 2373 Unitas.

2067 2384 2143 2445 Te
2171 2389 2354 2459 laudo,
2387 2403 2440 2450 te
2470 2397 2657 2464 adoro,
2691 2408 2745 2455 te
2774 2402 3057 2460 conﬁteor.

2065 2479 2178 2538 Pax
2210 2501 2352 2554 mea,
2393 2504 2519 2559 spes
2554 2506 2695 2559 mea,
2728 2492 2847 2551 laus
2874 2513 3017 2565 mea,
3048 2500 3140 2555 lux
3168 2518 3307 2559 mea.

2062 2571 2413 2633 Pulchritudo
2442 2595 2583 2646 mea,
2619 2583 2898 2641 beatitudo
2926 2605 3067 2644 mea.

2066 2662 2186 2719 Tibi
2208 2666 2345 2734 laus,
2376 2669 2473 2724 tibi
2504 2671 2692 2742 gloria,
2742 2677 2839 2731 tibi
2877 2681 3176 2749 gratiarum
3201 2684 3345 2740 actio
3372 2701 3589 2759 semper

1992 2752 2192 2825 ubique
2217 2757 2273 2811 in
2300 2761 2494 2815 saecula
2526 2768 2875 2835 sempiterna.

2603 2868 2627 2895 α
2669 2856 2973 2914 CARMEN.

1994 2937 2136 3005 Quid
2166 2942 2379 3012 mystice
2430 2944 2960 3071 signiﬁcentlpalma:
3013 2952 3069 3007 in
3116 2956 3357 3013 manibus
3389 2960 3584 3029 gestari

2680 3036 2868 3071 8010!.

2680 3031 2868 3075 solum.

1992 3100 2234 3161 Candida
2257 3105 2521 3180 ﬁorigeris
2549 3108 2730 3167 lucent
2755 3129 2852 3169 ceu
2877 3114 2987 3171 lilia
3018 3123 3225 3191 campis

1914 3226 1963 3291 ο
1989 3193 2218 3268 Fulgeat
2244 3199 2298 3253 in
2330 3201 2539 3256 meritis
2564 3203 2643 3258 sic
2669 3204 2758 3275 pia
2794 3207 2945 3279 virgo
2976 3212 3148 3266 sacris
3177 3212 3225 3265 ι).

1992 3285 2253 3345 Versibus
2273 3307 2542 3363 exponam
2574 3295 2829 3365 breviter,
2857 3301 2984 3370 quid
3009 3303 3187 3371 palma
3212 3304 3387 3379 amice
3413 3318 3433 3346 ο

1992 3376 2292 3450 Signiﬁcet,
2324 3384 2572 3439 manibus
2595 3402 2731 3456 quas
2761 3406 2860 3445 nos
2890 3395 3228 3461 portabimus
3251 3412 3460 3453 omnes.

1989 3750 2115 3807 Haec
2139 3752 2318 3822 palma
2345 3755 2597 3809 hortatur
2625 3758 2791 3813 vitam
2818 3777 3038 3831 sperare
3070 3764 3326 3821 futuram.

1986 3845 2048 3901 In
2071 3860 2233 3901 cruce
2262 3847 2549 3915 pendentis
2580 3847 2783 3906 Christi
2812 3863 2897 3908 est
2926 3856 3152 3911 victoria
3182 3860 3377 3927 prima.

1990 3932 2224 3993 Vincere
2246 3953 2347 3994 nos
2377 3938 2524 4010 ipsos
2559 3957 2667 3996 non
2697 3951 2783 3999 est
2807 3947 3035 4001 victoria
3066 3965 3253 4020 parva.

1990 4025 2071 4083 Tu
2102 4037 2155 4083 te
2181 4030 2359 4098 vince,
2390 4047 2606 4103 precor,
2638 4052 2854 4108 semper
2878 4048 2928 4095 te
2956 4041 3133 4108 vince,
3166 4048 3343 4102 amica

1988 4117 2180 4189 Sitque
2208 4120 2283 4175 tui
2313 4121 2562 4180 Christus
2592 4141 2804 4183 merces
2827 4128 3060 4202 ﬁnisque
3086 4133 3307 4191 laboris.

2052 4253 2256 4334 Frigpra
2275 4261 2362 4319 qui
2382 4258 2558 4334 fugiat,
2586 4264 2753 4313 veniat
2776 4268 3109 4334 sua_membra
3134 4269 3325 4334 fovere,

2122 4298 2256 4318 Ὃν.-
2277 4298 2362 4319 ην.
2384 4298 2533 4321 ...ν-ι
2592 4298 2753 4313 ..ι-η..
2776 4298 2862 4315 ο...
2891 4298 3109 4317 ...σι-..ηε-
3135 4298 3179 4319 ιυ

2113 4319 2185 4367 Ad
2210 4333 2289 4368 me
2315 4298 2611 4385 praegelidus
2630 4338 2809 4385 nempe
2838 4330 2993 4378 viator
3016 4345 3179 4380 ovans.

2051 4380 2178 4452 Crux
2205 4391 2389 4431 sacrata
2418 4380 2509 4433 Dei
2537 4380 2766 4452 tulge~cit
2789 4393 3028 4449 sanguine
3048 4395 3221 4441 summi
3246 4428 3262 4452 ,

2113 4442 2211 4491 Nos
2240 4452 2550 4505 nostramque
2569 4442 2717 4512 simil
2745 4442 2971 4512 protegat
2995 4454 3116 4502 alma
3144 4442 3359 4508 domum.

2053 4503 2173 4582 Haec
2194 4515 2361 4582 pateat
2388 4503 2546 4559 charis
2560 4511 2655 4572 jam
2674 4503 2817 4571 jaiiua
2844 4503 3044 4577 semper
3061 4518 3225 4565 amicis

2114 4569 2206 4625 Qui
2233 4569 2344 4617 ltelo
2369 4569 2591 4627 uitiarant
2618 4600 2627 4630 ρ
2650 4569 2818 4623 ἐξίοι-Θ
2846 4569 3057 4638 namque
3082 4569 3295 4639 patrem.

1911 4600 1966 4664 Β
2055 4630 2147 4677 Hic
2171 4632 2443 4677 reuniescit
2467 4646 2617 4677 ovans
2640 4637 2804 4677 abluisti
2834 4649 2935 4677 san.
2958 4650 3083 4677 Smm
3112 4654 3295 4677 rpgnrm

2101 4633 2152 4703 te
2171 4632 2443 4691 requiescit
2467 4646 2617 4682 ovans
2640 4637 2807 4703 abbas,
2834 4649 2935 4684 san.
2958 4632 3093 4703 sque'
3112 4646 3338 4703 resurgat

2115 4692 2378 4761 Queruntur:
2402 4708 2657 4744 conservet
2688 4692 2917 4753 dextera.
2945 4692 3133 4749 Christ»
3165 4692 3355 4761 potens.

2051 4754 2133 4829 Sit
2150 4756 2230 4803 tibi
2258 4753 2480 4829 Christus
2499 4770 2651 4829 amor,
2677 4766 2835 4829 potus,
2860 4762 3020 4817 cibus,
3048 4753 3217 4829 omnia
3231 4766 3468 4829 Christus,

2114 4816 2242 4875 Lux,
2270 4818 2367 4877 vis,
2395 4820 2517 4881 vita,
2538 4816 2691 4881 salus,
2712 4816 2851 4882 laus,
2879 4816 3162 4875 venerande
3190 4828 3354 4877 Pater.

2060 4929 2084 4959 ο
2117 4917 2278 4975 Forte
2305 4917 2436 4989 leg.,
2461 4921 2665 4987 amicw,
2699 4921 2911 4978 scilicet
2936 4939 3195 4997 exponam
3223 4928 3429 4983 amicae.

271 5071 3579 5116 .—_——_.____________._______________________

954 5203 1117 5280 15"
1197 5222 1642 5339 OPUSC
1660 5224 2051 5344 ULUM
2152 5223 2930 5348 SEPTIMUM.

666 5415 775 5481 DE
815 5398 1357 5486 CONFESSIONE
1407 5425 1951 5492 PECCATORUM
1995 5430 2106 5492 AD
2152 5432 2459 5496 PUEROS
2511 5434 2798 5500 SANCTI
2847 5440 3217 5505 MARTINI.

893 5612 1229 5673 EPISTULA
1252 5629 1300 5673 α.
1342 5582 1371 5603 ’

329 5698 748 5760 Dilectissimis
776 5702 830 5760 in
862 5705 1080 5765 Christo
1129 5710 1253 5769 ﬁliis
1277 5753 1292 5780 ,
1324 5710 1591 5785 boumque
1616 5717 1731 5788 spei
1759 5719 1888 5775 ado-

1996 5625 2331 5695 lescentulis,
2363 5629 2455 5700 qui
2498 5630 2552 5686 in
2581 5631 2811 5688 ecclesia
2861 5632 3057 5688 summi
3104 5631 3377 5704 pontiﬁcis
3405 5650 3588 5710 prote-

1994 5723 2271 5795 ctorisque
2298 5725 2481 5796 magni
2508 5725 2653 5782 beati
2685 5725 2901 5781 Martini
2924 5724 3154 5780 Domino
3177 5725 3304 5784 Jesu
3324 5728 3456 5802 [Al.,
3474 5734 3588 5793 Deo

334 5856 371 5885 ι
402 5840 483 5897 In
508 5840 626 5897 cod.
661 5857 764 5899 ms.
809 5841 865 5899 S.
899 5844 1230 5905 Emmerami
1278 5850 1467 5911 titulus
1493 5860 1580 5911 est
1608 5871 1623 5912 :
1651 5853 1893 5929 Epistola
1917 5868 1966 5919 et
2006 5861 2296 5920 admonitio
2333 5862 2509 5921 Albini
2539 5864 2609 5921 ad
2630 5879 2819 5937 pueros
2844 5875 2892 5925 et
2934 5867 3375 5939 adolescentulos,
3409 5873 3464 5929 id
3488 5883 3591 5948 est,

707 5936 986 6007 Psrnos.
1036 5942 1137 6006 Cl.

3090 5965 3163 6026 21
