4044 6340
358 443 376 566 ἒ

429 358 527 428 est
1253 366 1313 425 Β.
1354 370 1416 425 r.
1457 360 1684 425 ALBlNl
1723 350 1853 423 seu
1893 352 2171 421 ALCUlNi
2208 350 2495 418 ornatui
2532 356 2715 419 rans
2749 352 2839 417 tv.
3602 363 3711 421 es:
3736 372 3791 440 ἡ

425 484 580 559 Jesu]
628 484 903 540 deservire
948 482 1199 539 videntur
1226 525 1240 548 ,
1289 490 1451 553 atque
1507 482 1575 537 ab
1628 476 2015 535 ecclesiasticis
2043 476 2092 534 Α
2119 488 2184 528 eo
2228 475 2440 530 dicente
2466 481 2522 529 ει
2548 475 2601 529 ἰιι
2628 474 2735 529 alio
2761 471 3057 545 Scriptura!
3083 472 3204 530 luo
3243 478 3259 527 ἐ
3300 473 3371 529 In
3394 491 3710 547 quacunque

427 576 749 634 erudiuntur
794 577 1068 649 magistris
1113 576 1167 630 in
1198 575 1427 631 Domino
1461 577 1571 630 Deo
1602 570 1755 646 [Ms.,
1780 573 1832 625 in
1858 571 2018 625 domo
2118 568 2203 621 die
2234 576 2475 637 peccator
2505 576 2781 622 conversus
2814 566 2990 636 fuerit,
3032 567 3136 620 ﬁta
3170 567 3303 621 sitiet
3331 602 3347 632 ς
3375 575 3423 621 et
3458 584 3563 621 non
3595 584 3709 623 mo-

2116 662 2284 714 rietur
2318 659 2535 732 (Eseclt.
2574 666 2769 725 smn,
2805 659 2890 724 l2,
2936 658 3044 731 lli).
3077 658 3124 715 0
3152 658 3427 729 singulare
3453 659 3701 715 elemen-

350 674 357 681 ’
428 668 550 744 Dei]
599 684 702 743 ego
748 667 975 751 Albinus
1011 665 1165 740 [Cod.
1207 665 1267 722 S.
1304 661 1832 735 Em.,Alchuuinus]
1877 662 2017 715 bene

428 765 658 835 cupiens
708 760 899 820 salutis
928 769 1123 817 vestrae
1144 803 1158 827 ,
1190 770 1407 816 aeternae
1452 758 1832 831 prosperitatis
1860 753 1967 827 [AL
1998 794 2013 819 ,

430 860 622 915 salutis
648 866 840 915 vestrae
866 853 1306 927 prosperitatem]
1330 855 1384 908 in
1420 852 1638 908 Christo
1670 852 1900 908 Domino
1928 866 2017 908 sa-

428 952 616 1009 lutem.

497 1045 537 1101 i.
570 1045 898 1102 Desiderans
925 1061 1042 1109 vos,
1078 1043 1171 1098 ﬁlii
1199 1042 1527 1106 charissimi,
1560 1041 1615 1096 in
1646 1041 1875 1095 salutem
1898 1041 2015 1095 ani-

426 1154 640 1195 marum
669 1138 934 1209 proﬁcere
960 1145 1264 1191 vestrarum
1290 1176 1305 1201 ,
1355 1135 1476 1188 ideo
1525 1134 1733 1204 aliquas
1784 1140 2014 1203 paterno

426 1229 623 1286 affectu
658 1230 811 1285 vobis
839 1227 1237 1283 admonitiones
1290 1225 1433 1281 dulci
1478 1241 1730 1280 sermone
1780 1224 2013 1294 dirigere

426 1323 608 1379 studui
633 1363 648 1387 ,
699 1329 760 1375 ut
787 1335 885 1390 per
913 1335 1007 1373 eas
1030 1318 1315 1389 prmseutis
1345 1318 1465 1372 vita:
1494 1316 1913 1386 prosperitatem
1960 1322 2015 1367 et

425 1412 621 1468 futurae
640 1455 654 1477 ,
685 1410 797 1466 Deo
819 1410 1132 1474 miserante,
1163 1408 1550 1463 beatitudinem
1582 1405 1783 1461 habere
1806 1421 2013 1460 merea-

424 1503 580 1567 mini,
615 1510 669 1557 et
703 1501 923 1573 fragiles
952 1509 1149 1556 vestrae
1178 1502 1354 1554 mtatis
1382 1515 1557 1555 annos
1587 1499 1641 1553 in
1674 1499 1770 1553 Dei
1794 1497 2013 1553 servitio

425 1595 604 1652 edocti
637 1593 703 1649 ad
731 1594 1029 1665 perfectum
1063 1593 1360 1648 senectutis
1408 1594 1550 1647 diem
1583 1593 1870 1647 adducere.
1905 1590 2012 1645 Vos

424 1700 661 1756 quoque,
690 1686 863 1740 sancti
893 1685 1103 1749 Patres,
1134 1684 1338 1737 lumina
1380 1682 1538 1751 hujus
1584 1684 1837 1737 fraternae
1886 1697 2013 1735 con-

424 1777 756 1848 gregatiouis
781 1817 795 1841 ,
842 1775 1093 1830 doctores
1122 1781 1178 1829 et
1205 1775 1459 1829 ductores
1501 1774 1553 1826 in
1595 1773 1740 1827 omni
1770 1770 2013 1825 bonitate

2116 752 2315 808 tissimi
2356 752 2559 821 judiels
2604 751 2964 806 beneﬁcium!
3015 750 3063 807 0
3106 750 3453 822 magniﬁcum
3510 752 3709 807 divina

2113 846 2335 916 pietatis
2361 845 2680 899 thesaurum
2705 845 2719 897 !
2752 838 2981 912 Propter
3021 844 3127 897 hoc
3155 854 3185 896 a
3213 842 3571 913 peccantibus
3592 842 3711 897 vult

2115 937 2475 992 confessionis
2512 946 2710 990 munus
2747 936 3015 1005 accipere,
3038 936 3099 987 ut
3127 950 3237 988 non
3267 933 3529 997 inveniat,
3562 934 3709 1002 quod

2115 1030 2299 1085 ulcisci
2330 1028 2539 1086 debeat.
2564 1029 2679 1084 Non
2710 1030 2880 1083 simus
2906 1027 3102 1098 ingrati
3129 1032 3291 1081 tanta:
3317 1025 3709 1082 benevolentia:

2116 1121 2495 1190 Redemptoris
2524 1122 2696 1175 nostri
2727 1139 2739 1174 :
2766 1121 2858 1190 qui
2885 1120 3056 1189 magis
3084 1119 3197 1173 vult
3224 1118 3377 1191 [(3οώ
3414 1115 3557 1181 Vota;
3593 1130 3708 1172 ma-

2114 1212 2249 1284 vult]
2282 1214 2559 1284 ignoscere
2587 1228 2748 1283 quam
2800 1212 3028 1282 punire;
3070 1212 3241 1283 magis
3276 1210 3491 1266 salvare
3540 1226 3708 1281 quam

2113 1305 2359 1375 perdere.
2391 1304 2706 1373 Acquiritur
2732 1303 2963 1358 Domino
2986 1344 3000 1370 ,
3055 1304 3200 1373 quod
3243 1314 3352 1357 non
3397 1304 3625 1373 punitur
3652 1304 3706 1358 in

2115 1408 2274 1449 servo
2306 1413 2319 1448 :
2352 1403 2408 1448 et
2436 1395 2665 1449 multum
2712 1395 2994 1451 confertur
3039 1396 3245 1449 auctdri
3276 1436 3291 1459 ,
3324 1395 3370 1449 si
3418 1396 3709 1463 deputatus

2113 1500 2290 1556 pusum
2317 1488 2489 1541 venite
2509 1488 2866 1544 condonetur.
2892 1487 3003 1543 Nec
3021 1496 3173 1559 optat
3196 1487 3402 1549 ulcisci,
3429 1488 3521 1557 qui
3551 1486 3708 1558 155

2113 1586 2336 1647 paratus
2362 1587 2448 1633 est
2491 1580 2735 1634 misereri
2764 1600 2776 1635 :
2810 1582 2926 1651 ipso
2952 1581 3018 1635 de
3045 1595 3104 1635 se
3145 1596 3241 1651 per
3269 1579 3599 1649 Prophetam
3630 1581 3713 1635 ui-

2115 1678 2272 1725 cente
2305 1689 2317 1724 :
2355 1669 2496 1724 Nolo
2532 1678 2752 1725 mortem
2796 1674 3107 1742 peccatoris,
3139 1672 3230 1727 scd
3274 1682 3331 1725 ut
3374 1681 3711 1727 convertatur

2115 1770 2161 1814 et
2191 1764 2325 1816 vivat
2359 1762 2551 1834 [lbid.,
2581 1763 2692 1834 ll].
2719 1763 2858 1817 Ecce
2882 1779 3043 1818 verus
3072 1766 3197 1819 vitae
3221 1772 3441 1827 auctor,
3482 1764 3575 1832 qui
3602 1777 3709 1818 non

417 1842 744 1937 iuventutis,
770 1868 1047 1937 deprecor,
1078 1874 1140 1920 ut
1166 1865 1505 1920 admoneatis
1534 1879 1628 1918 eos
1652 1905 1666 1929 ,
1711 1864 1761 1916 id
1792 1871 1905 1927 est,
1932 1862 2006 1915 di-

2117 1855 2228 1908 ruit
2253 1856 2531 1923 peccantis
2558 1865 2785 1910 mortem
2812 1896 2827 1921 ,
2871 1857 2965 1910 sed
3003 1857 3373 1912 convertentis
3396 1855 3505 1927 [ΑΙ.
3534 1898 3548 1920 ,
3579 1866 3713 1911 eon-

424 1960 659 2033 scipulos
705 1968 915 2016 vestros
940 2002 954 2025 ,
987 1964 1046 2015 ut
1076 1959 1317 2015 studiose
1349 1958 1567 2012 discant
1610 1970 1728 2026 quae
1759 1956 1869 2009 Deo
1898 1953 2013 2025 pla—

423 2061 551 2107 cent
576 2050 711 2125 [Al.,
740 2051 1037 2124 placeant],
1061 2060 1117 2106 et
1145 2052 1213 2107 ad
1250 2051 1479 2105 salutem
1508 2049 1814 2103 animarum
1847 2048 2013 2117 perti-

422 2152 557 2200 nent
582 2160 802 2200 suarum
832 2163 843 2198 :
871 2152 1141 2215 quatenus
1171 2144 1236 2197 ex
1268 2142 1480 2197 illorum
1520 2140 1764 2211 profectu
1808 2146 1862 2193 et
1887 2153 2012 2208 pro-

420 2235 686 2305 speritate
713 2250 810 2290 vos
840 2243 1156 2305 perpetuam
1184 2234 1325 2302 apud
1368 2233 1656 2287 Dominum
1705 2229 1839 2303 [AI.,
1870 2228 2012 2300 apud

422 2324 615 2399 Deum]
648 2326 895 2381 habeatis
941 2325 1265 2379 mercedem.
1318 2322 1693 2379 Exhortamini
1736 2320 1877 2387 illos,
1918 2336 2008 2375 so-

420 2419 539 2478 brie
569 2460 583 2483 ,
622 2427 771 2473 caste
797 2459 811 2484 ,
842 2419 1036 2489 pudice
1068 2458 1082 2482 ,
1122 2426 1246 2472 cum
1284 2417 1431 2471 omni
1460 2416 1765 2470 humilitate
1802 2422 1858 2469 et
1881 2414 2010 2467 obe-

422 2511 626 2567 dientia
667 2511 775 2566 Deo
799 2510 1003 2565 servire
1026 2510 1078 2563 iu
1101 2508 1257 2564 bonis
1284 2508 1544 2574 moribus,
1572 2516 1627 2563 et
1657 2515 1846 2564 sancta
1880 2520 2010 2559 con-

419 2606 759 2672 versatione,
798 2612 855 2660 et
905 2604 1158 2675 religiosa
1204 2605 1457 2658 castitate
1491 2646 1505 2669 ,
1564 2611 1621 2658 et
1673 2601 1909 2656 maxime
1943 2599 2008 2654 de

420 2695 760 2751 confessione
804 2702 1146 2767 peccatorum
1195 2710 1415 2749 suorum
1450 2715 1462 2748 :
1495 2694 1618 2763 quia
1652 2693 1832 2747 multa:
1880 2697 2010 2745 sunt

417 2798 609 2845 contra
665 2788 1095 2845 adolescentulos
1127 2787 1408 2843 diabolicae
1437 2788 1642 2841 fraudis
1692 2787 1901 2841 iusidize
1950 2787 2006 2840 in

417 2882 688 2939 desiderio
717 2880 921 2936 carnali
949 2889 1005 2934 et
1029 2880 1241 2936 caeteris
1270 2865 1646 2934 adolescentia:
1673 2878 1836 2932 vitiis.

486 2973 549 3029 ll.
581 2971 688 3029 Sed
716 2971 872 3035 nihil,
897 2970 1008 3025 Deo
1032 2972 1289 3036 donante,
1315 2970 1531 3043 proiicit
1559 2970 1611 3023 in
1640 2984 1735 3024 sua
1760 2964 2007 3022 diabolus

416 3064 643 3128 malitia,
681 3063 726 3118 si
758 3077 946 3133 puram
981 3062 1168 3116 volunt
1200 3060 1431 3131 juvenes
1479 3060 1660 3115 facere
1708 3058 2006 3115 confessio-

416 3171 565 3219 nem,
594 3161 649 3209 et
676 3153 883 3208 fructus
921 3153 1112 3226 dignos
1159 3154 1494 3225 pteniteutize
1528 3169 1709 3226 agere,
1737 3153 1786 3207 i:i
1819 3159 1922 3217 est,
1948 3159 2007 3205 ut

415 3245 729 3301 vulneribus
753 3243 975 3300 vulnera
1006 3261 1114 3300 non
1142 3245 1577 3316 Superadjiciant,
1607 3253 1662 3302 et
1688 3254 1876 3300 sanata
1899 3261 2007 3298 non

415 3338 745 3395 resaucient.
780 3335 1075 3411 [Salutare]
1123 3338 1388 3410 siquidem
1436 3341 1771 3411 poenitentiae
1810 3347 1894 3394 est
1922 3356 2007 3394 re-

415 3429 654 3485 medium
686 3428 997 3501 pteniteuda
1052 3430 1248 3485 iterum
1277 3448 1382 3485 non
1413 3432 1694 3502 perﬁcere.
1730 3431 2006 3502 Scriptum

416 3530 504 3578 est.
530 3522 674 3577 enim
705 3541 717 3575 :
754 3516 1131 3576 Paenitentibus
1166 3521 1306 3576 Deus
1342 3523 1482 3576 dedit
1530 3533 1731 3592 partem
1779 3521 2005 3592 justitite

419 3611 628 3687 [Vulg.,
665 3614 802 3667 viam
826 3611 1075 3684 justitite]
1115 3611 1305 3686 (Eccii.
1340 3631 1474 3678 xm,
1517 3614 1629 3685 20).
1671 3614 1783 3684 Age
1844 3614 2006 3684 igitur

414 3705 709 3775 paenitens,
736 3706 954 3775 prepria
982 3705 1186 3760 scelera
1215 3704 1475 3759 conﬁtere
1506 3703 1661 3776 [ϐοά.
1700 3703 1846 3769 Vat.,
1879 3721 2006 3760 con-

415 3793 602 3868 ﬁteri],
632 3794 809 3866 pande
837 3811 934 3866 per
958 3795 1358 3851 confessionem
1410 3803 1514 3848 ture
1563 3794 1864 3865 iniquitatis
1914 3811 2003 3850 se-

415 3894 640 3941 cretum.
673 3884 808 3941 Nota
838 3895 967 3942 sunt
992 3886 1103 3941 Deo
1144 3903 1263 3957 quae
1290 3887 1342 3940 in
1372 3884 1583 3941 occulto
1626 3885 1832 3953 fecisti;
1884 3890 2005 3957 quae

414 3976 462 4032 si
492 3991 599 4031 non
623 3977 821 4032 dixerit
850 3977 1050 4049 lingua,
1082 3993 1187 4032 non
1220 3978 1417 4047 poterit
1446 3977 1622 4032 celare
1645 3979 1999 4034 conscientia.

413 4065 641 4122 Frustra
688 4069 828 4122 intra
858 4068 1095 4139 parietes
1126 4072 1216 4122 tua
1247 4070 1483 4124 :estimes
1507 4069 1688 4142 [Μςεη
1738 4070 2000 4144 aestimas]

413 4160 643 4216 crimina
670 4160 945 4216 abscondi.
977 4150 1133 4216 Patet
1162 4154 1317 4232 [ϐοά.
1353 4148 1497 4224 ναι,
1524 4150 1678 4233 i’ate]
1708 4161 1819 4215 Deo
1840 4166 2002 4217 omne

414 4252 559 4322 quod
598 4252 972 4306 absconditum
1006 4261 1206 4322 putas:
1239 4260 1295 4307 et
1342 4254 1387 4307 si
1432 4253 1667 4308 hominis
1711 4253 1896 4308 oculos
1945 4254 1999 4308 in

414 4342 657 4413 peccatis
681 4341 915 4413 effugere
946 4343 1147 4408 valeas,
1182 4343 1490 4400 nullatenus
1520 4353 1698 4400 tamen
1721 4345 1815 4401 Dei
1845 4334 2017 4415 aspe-I

416 4442 568 4489 ctum
605 4433 771 4487 latere
809 4437 1040 4504 poterit,
1068 4437 1328 4506 quittquid
1377 4437 1431 4491 in
1475 4439 1689 4493 occulto
1739 4440 1995 4509 gesseris.

2115 1947 2279 2019 versi]
2311 1950 2501 2003 vitam.
2535 1949 2689 2005 Unde
2709 1960 2765 2004 et
2800 1951 2852 2005 io
2886 1951 3178 2021 Evangeiio
3201 1952 3318 2020 ipsa
3346 1951 3424 2005 ait
3452 1949 3665 2005 Veritas
3691 1968 3706 2005 ε

2115 2039 2202 2094 Sic
2222 2042 2320 2093 erit
2346 2041 2599 2111 gaudium
2626 2043 2681 2095 in
2704 2044 2830 2096 cwlo
2856 2058 3033 2097 corum
3057 2042 3216 2097 Patre
3243 2046 3410 2098 vestro
3434 2053 3481 2096 et
3507 2042 3710 2113 angelis

2112 2138 2228 2208 ejus
2260 2154 2417 2208 super
2451 2154 2559 2193 uno
2601 2150 2870 2210 peccatore
2910 2140 3090 2211 [Mss.,
3124 2154 3283 2212 super
3306 2142 3468 2195 unum
3523 2157 3708 2209 peccas

2112 2226 2298 2298 torem]
2329 2230 2684 2298 paenitentiam
2738 2234 2920 2300 agente
2969 2229 3121 2301 (Luc.
3153 2234 3244 2296 xv,
3277 2232 3330 2303 7)
3362 2240 3454 2285 :et
3488 2232 3543 2285 in
3580 2233 3713 2287 Pro-

2110 2321 2312 2391 pheta:
2341 2322 2440 2376 Dic
2484 2333 2539 2375 tu
2586 2322 2879 2391 injustitias
2922 2333 3040 2377 tuas
3089 2325 3238 2394 prior
3267 2364 3281 2387 ,
3317 2335 3373 2377 ut
3391 2324 3708 2394 justiﬁeeris

2113 2412 2268 2484 (Issi.
2302 2420 2454 2477 xuii,
2483 2414 2594 2483 26).
2632 2414 2772 2469 Ecce
2802 2416 3067 2487 benignus
3103 2424 3190 2471 est
3234 2416 3455 2487 largitur
3492 2419 3666 2471 venite
3688 2458 3705 2484 ,

2110 2505 2202 2573 qui
2233 2506 2435 2575 prtebet
2460 2521 2556 2575 pro
2582 2505 2907 2578 lucro[Ms.,
2952 2507 3119 2577 luctu]
3162 2504 3445 2577 temporali
3490 2510 3710 2563 teternia

2112 2598 2240 2651 tatis
2287 2598 2562 2668 gaudium,
2616 2599 2733 2668 ipso
2762 2599 2976 2654 dicente
3007 2614 3021 2653 :
3054 2599 3203 2652 Beati
3231 2601 3319 2669 qui
3342 2598 3517 2670 lugent
3543 2617 3706 2671 nuqe,

2108 2692 2355 2762 quoniam
2372 2693 2470 2762 ipsi
2485 2692 2895 2747 consolabuntur
2916 2693 3131 2764 (Matth.
3149 2709 3201 2759 v,
3225 2693 3279 2761 5)
3307 2712 3318 2747 2
3344 2702 3397 2747 et
3425 2693 3531 2748 alio
3554 2693 3671 2751 loco
3689 2713 3706 2748 :

2118 2781 2301 2838 Venite
2331 2789 2401 2838 ad
2454 2801 2555 2850 me,
2590 2801 2769 2839 onmes
2799 2786 2889 2856 qui
2941 2785 3193 2839 laboratis
3227 2797 3273 2839 et
3307 2788 3513 2841 onerati
3560 2790 3705 2855 estis,

2108 2883 2157 2929 et
2195 2891 2288 2943 ego
2328 2875 2559 2943 reﬁciant
2598 2892 2686 2929 vos
2738 2874 2955 2946 (Matth.
3016 2893 3104 2941 x1,
3163 2877 3276 2947 28).
3331 2877 3420 2932 Ait
3448 2880 3619 2944 enim,
3649 2888 3710 2934 ut

2109 2965 2346 3022 diximus
2376 2983 2389 3018 :
2422 2965 2517 3019 Dic
2552 2975 2606 3019 tu
2650 2968 2797 3035 prior
2818 2966 3108 3035 injustitias
3136 2978 3277 3029 tuas,
3306 2977 3360 3020 ut
3390 2969 3709 3038 justiﬁceris

2111 3058 2315 3131 [Vulg.,
2368 3060 2551 3114 Narra
2576 3062 2625 3115 si
2650 3061 2777 3130 quid
2810 3061 2967 3115 habes
2986 3104 2999 3123 ,
3031 3072 3086 3115 nt
3110 3061 3444 3133 justiﬁceris]
3472 3103 3487 3123 ,
3514 3072 3569 3117 et
3599 3080 3708 3119 non

2040 3200 2079 3223 η
2110 3152 2492 3206 εοιιλῖειηιιθιιίε
2518 3170 2530 3204 :
2561 3160 2620 3207 ut
2646 3159 2866 3207 maneat
2891 3152 2944 3207 in
2970 3159 3022 3207 te
3042 3154 3323 3222 praemium
3342 3153 3708 3223 pmniteutite,

2033 3200 2082 3263 C

2110 3259 2220 3297 non
2251 3243 2488 3297 vindicta
2517 3250 2881 3313 peccatorum.

2179 3333 2260 3388 ill.
2312 3333 2563 3404 Nunquid
2588 3335 2743 3405 quasi
2772 3334 2987 3389 nescius
3014 3334 3157 3391 Deus
3186 3351 3286 3391 nos
3309 3334 3561 3391 confiteri
3584 3336 3710 3391 hor5

2109 3434 2257 3481 tatur
2283 3434 2529 3495 peccata,
2562 3426 2652 3496 qui
2683 3426 3001 3496 priusquam
3020 3437 3178 3497 gesta
3209 3435 3412 3491 essent,
3446 3428 3706 3497 praescie-

2106 3516 2421 3585 batzcujus
2473 3517 2825 3588 protidentize
2871 3516 3052 3571 omnia
3099 3526 3387 3588 patescunt
3436 3517 3651 3573 occulta
3684 3517 3711 3572 ἲ

2108 3610 2260 3665 Tunc
2305 3610 2451 3664 enim
2496 3610 2698 3680 poteris
2746 3608 3043 3679 perfectum
3079 3611 3335 3680 consequi
3379 3610 3711 3665 beneﬁcium

2106 3704 2405 3767 medicinae,
2432 3703 2475 3757 si
2507 3719 2615 3758 non
2642 3703 2785 3758 celes
2808 3719 2891 3758 mc
2916 3704 3017 3758 ilco
3046 3712 3147 3758 tum
3170 3704 3395 3759 vulnera
3424 3706 3710 3759 conscien-

2107 3796 2211 3851 tiae.
2267 3795 2471 3865 Opinor
2512 3796 2677 3859 enim,
2732 3795 2835 3849 nisi
2878 3795 3248 3865 iuterpelletur
3282 3797 3550 3861 medicus,
3595 3812 3708 3854 non

2106 3898 2329 3945 curatur
2354 3898 2607 3960 aegrotus.
2659 3887 2943 3943 Confessio
2981 3897 3069 3942 tua
3098 3905 3185 3943 me
3208 3890 3365 3943 ficiua
3398 3899 3483 3945 est
3524 3890 3708 3944 vulne-

2105 3996 2225 4036 rum
2254 3989 2487 4043 tuorum,
2518 3988 2571 4034 et
2608 3980 2796 4033 salutis
2838 3986 2939 4033 tum
2978 3980 3341 4034 certissimum
3375 3980 3526 4035 subsi
3552 3982 3701 4035 tium.

2104 4073 2278 4128 Homo
2298 4080 2528 4143 mgrotus
2559 4087 2588 4124 a
2616 4070 2824 4124 inedico
2850 4069 3043 4138 qmerit
3070 4069 3414 4131 me-liciuam,
3442 4074 3535 4139 qui
3560 4084 3703 4141 sazpe

2104 4167 2315 4221 incerto
2347 4160 2571 4235 [labore]
2604 4163 2831 4216 desudat
2868 4168 2920 4215 ut
2960 4168 3177 4231 tegroto.
3230 4159 3373 4213 Deus
3413 4164 3545 4214 Vero
3584 4161 3703 4215 sine

2102 4260 2287 4314 labore
2317 4265 2493 4321 sanat,
2525 4257 2641 4310 sine
2668 4254 2920 4309 tarditate
2952 4260 3034 4307 me
3058 4254 3344 4307 Eicamenta
3371 4254 3544 4308 veniae
3572 4270 3705 4325 prae-

2103 4361 2232 4416 stat,
2270 4352 2316 4406 si
2353 4351 2543 4405 devota
2586 4349 2839 4421 lacrymis
2876 4349 3081 4418 scripta
3126 4348 3177 4400 in
3216 4347 3439 4403 auribus
3478 4348 3700 4418 pictatis

2103 4460 2214 4500 suae
2237 4444 2445 4514 legatur
2472 4441 2801 4511 poenitentia:
2831 4438 2981 4511 [Λίδη
3014 4438 3374 4509 pmnitentia].
3424 4439 3599 4494 Nemo
3626 4448 3695 4503 te,

416 4520 517 4578 Dic
562 4538 660 4592 per
695 4523 1095 4582 confessionem
1139 4536 1357 4598 peccata
1390 4570 1405 4594 ,
1459 4536 1750 4601 antequam
1798 4528 1998 4598 iudicis
2028 4554 2080 4615 ι)
2104 4538 2285 4599 homo,
2316 4532 2506 4588 melius
2537 4533 2709 4587 reﬁcit
2734 4536 2893 4604 quam
2918 4532 3007 4602 qui
3039 4532 3191 4595 fecit;
3225 4546 3323 4585 nec
3354 4532 3491 4587 alius
3510 4518 3692 4595 sanat,

416 4613 753 4670 iracundiam
783 4618 1005 4672 sentias.
1035 4619 1207 4675 Crede
1247 4621 1377 4676 mihi
1404 4662 1419 4687 ,
1452 4629 1623 4677 totum
1661 4622 1871 4677 veniale
1897 4624 2002 4677 erit

417 4710 562 4781 quod
590 4711 828 4780 peccasti
856 4752 871 4773 ,
924 4712 968 4766 si
1015 4713 1263 4770 conﬁteri
1309 4731 1416 4770 non
1450 4716 1738 4771 erubesces
1768 4734 1780 4768 :
1816 4724 1870 4769 et
1905 4731 2003 4786 per

415 4805 793 4875 ptBnitentiam
821 4821 1050 4878 purgare
1070 4810 1349 4865 curaberis
1378 4808 1533 4881 [ϐοά.
1563 4808 1619 4862 S.
1658 4806 1777 4861 Em.
1796 4850 1810 4873 ,
1844 4825 2001 4863 cura-

414 4896 561 4953 veris
584 4938 599 4961 ,
627 4895 723 4961 aL,
750 4913 846 4967 per
870 4899 1245 4967 paenitentiam
1272 4914 1464 4953 curare
1494 4916 1599 4954 non
1632 4900 1955 4971 cessaveris]
1982 4942 1996 4966 ,

417 4989 631 5046 dicente
661 4989 1079 5062 Psalmographo
1110 5011 1122 5045 :
1157 4992 1285 5045 Dixi
1306 4990 1482 5063 [Vulg
1515 4993 1661 5057 add,
1694 4991 1996 5064 conﬁtebor]

417 5078 689 5136 adversum
721 5084 801 5135 ine
842 5084 1128 5153 injust'itias
1184 5086 1328 5136 meas
1380 5083 1609 5138 Domino
1632 5127 1645 5149 ,
1680 5092 1727 5139 et
1760 5092 1815 5138 tu
1851 5087 2003 5139 remi-

415 5173 531 5225 sisti
566 5172 880 5243 impietatem
929 5173 1128 5241 peccati
1182 5173 1284 5227 mei
1327 5171 1499 5245 (Psal.
1541 5192 1670 5229 xxxx
1699 5217 1712 5240 ,
1763 5176 1838 5245 5).
1893 5177 2001 5231 Ex-

416 5272 625 5334 spectat
652 5264 909 5317 Dominus
934 5278 964 5316 a
986 5264 1143 5319 nobis
1169 5262 1529 5320 confessionis
1560 5267 1908 5331 sacriﬁcium,
1940 5268 2001 5322 ut

414 5362 636 5422 praestet
680 5354 837 5408 nobis
874 5353 1192 5410 delectabile
1238 5356 1581 5427 indulgentia:
1626 5374 1822 5413 munus
1851 5400 1865 5423 ,
1908 5361 1999 5430 qui

415 5444 524 5501 vult
555 5464 733 5503 omnes
764 5447 998 5502 homines
1040 5446 1210 5503 salvos
1250 5438 1368 5519 ﬁeri
1393 5457 1449 5503 et
1478 5450 1750 5503 nefninetn
1777 5452 1956 5519 perire
1981 5469 1995 5505 ι

415 5603 480 5675 de
499 5602 839 5674 confessione.
863 5602 1094 5675 Conjicit
1111 5604 1362 5675 Canisius
1382 5603 1664 5673 epistolam
1688 5605 1830 5660 hanc
1851 5621 1998 5661 eam-

417 5672 538 5748 dem
576 5672 700 5748 esse
730 5691 794 5731 ac
815 5672 1009 5748 librum
1039 5674 1117 5731 De
1152 5672 1444 5748 auriculari
1469 5676 1810 5748 confessione,
1838 5694 1995 5748 quem

418 5743 559 5815 inter
586 5744 761 5815 Opera
786 5747 996 5802 Alcuini
1028 5755 1279 5802 recenset
1305 5745 1512 5801 Balteus
1536 5763 1548 5810 ;
1569 5742 1641 5800 et
1671 5742 1997 5803 forsau'mes

421 5814 541 5867 rite.
584 5814 909 5871 Censtanter
936 5826 1117 5872 tamen
1148 5819 1358 5873 titulum
1388 5817 1478 5873 hic
1500 5818 1781 5888 praeﬁxum
1809 5820 1996 5889 praefe-

2104 4627 2207 4682 nisi
2233 4626 2322 4696 qui
2364 4624 2593 4696 ﬂagellat
2633 4630 2683 4677 et
2719 4632 2903 4687 curat;
2948 4622 3091 4677 solus
3132 4623 3275 4676 enim
3325 4623 3475 4677 novit
3517 4623 3697 4692 operis

2103 4720 2185 4775 sui
2213 4717 2576 4788 fragilitatem,
2606 4715 2696 4786 qui
2732 4717 2831 4769 hoc
2862 4723 3067 4768 tantum
3102 4722 3401 4784 exspectat,
3431 4722 3490 4766 ut
3529 4713 3700 4767 fatea-

2104 4812 2218 4876 ris;
2273 4825 2421 4863 mora
2480 4825 2586 4865 non
2638 4811 2779 4873 erit,
2838 4806 2898 4862 ut
2954 4807 3165 4862 saneris
3208 4827 3219 4861 :
3261 4807 3353 4877 qui
3411 4812 3513 4877 per
3566 4822 3699 4878 pro-

2101 4903 2318 4974 phetam
2351 4901 2689 4955 Ezechieiem
2713 4901 2790 4953 ait
2814 4919 2825 4953 :
2853 4899 2986 4953 Cum
3009 4915 3304 4955 conversus
3331 4898 3500 4954 fueris
3532 4909 3586 4954 et
3615 4899 3707 4953 in-

2102 4992 2391 5063 gemueris,
2423 4992 2550 5045 tunc
2588 4990 2882 5045 salvaberis
2923 4978 3137 5061 (Ezecﬁ.
3187 4990 3401 5059 xxxiii).

2171 5083 2258 5136 IV.
2309 5083 2479 5137 Datur
2517 5082 2670 5136 nobis
2704 5098 2734 5135 a
2768 5082 3158 5153 benignissimo
3190 5082 3373 5151 judice
3413 5083 3564 5139 locus
3598 5098 3709 5139 ac-

2103 5174 2323 5228 cusandi
2372 5174 2733 5244 nosmetipsos
2767 5173 2819 5226 in
2858 5175 3093 5244 peccatis
3134 5176 3334 5229 nostris
3375 5192 3560 5231 coram
3593 5192 3709 5231 sa—

2102 5250 2319 5319 cerdote
2362 5264 2489 5328 Dei,
2528 5280 2594 5320 ne
2635 5266 2829 5319 iterum
2867 5274 3089 5320 accuset
3120 5282 3217 5322 nos
3270 5270 3324 5321 in
3385 5270 3466 5323 eis
3503 5267 3715 5324 diabo-

2102 5356 2184 5411 lus
2232 5372 2413 5412 coram
2446 5355 2625 5426 judice
2661 5356 2894 5412 Christo.
2947 5356 3073 5411 Vult
3124 5369 3184 5413 ut
3224 5361 3572 5430 ignoscantur
3606 5358 3715 5431 [in

2099 5451 2206 5505 hoc
2226 5448 2471 5522 saeculo],
2502 5462 2571 5505 ne
2592 5451 2888 5521 puniantur
2922 5450 2975 5505 in
2998 5449 3197 5506 futuro.
3230 5448 3398 5523 Igitur
3430 5454 3548 5523 pius
3578 5450 3719 5509 Pa-

2099 5615 2225 5661 runt
2246 5607 2367 5662 cod.
2400 5621 2533 5661 mss.
2565 5606 2827 5661 Bassam-1.
2848 5636 2928 5678 -Δ
2944 5606 3018 5669 De
3052 5608 3232 5678 pueris
3256 5648 3269 5669 ,
3318 5622 3506 5662 eorum
3532 5605 3724 5663 obla-

2100 5678 2243 5747 tione
2292 5678 2344 5731 in
2401 5678 2741 5747 monasteriis
2766 5718 2779 5741 ,
2813 5674 3003 5732 stuiiis
3034 5674 3097 5733 ac
3130 5678 3433 5747 disciplina,
3462 5679 3721 5738 consule

2095 5747 2169 5874 ll;
2192 5746 2459 5802 Etimbndi
2492 5746 2734 5802 Martiano
2761 5748 3066 5803 COmment.
3100 5749 3155 5803 in
3197 5746 3317 5817 cap.
3364 5747 3434 5803 59
3638 5749 3715 5808 S.

2174 5834 2228 5871 ιι.
