  <div class='ocr_page' id='page_1' title='image "/cluster/home/n/w/nwhite01/storage/ocr_20150623/101/hvd.32044004824769/333.png"; bbox 0 0 4044 6340; ppageno 0'>
   <div class='ocr_carea' id='block_1_1' title="bbox 1295 426 2843 489">
    <p class='ocr_par' dir='ltr' id='par_1_1' title="bbox 1295 426 2843 489">
     <span class='ocr_line' id='line_1_1' title="bbox 1295 426 2843 489; baseline -0.005 -1"><span class='ocrx_word' id='word_1_1' title='bbox 1295 434 1354 488; x_wconf 90' lang='grc' dir='ltr'><strong>Β.</strong></span> <span class='ocrx_word' id='word_1_2' title='bbox 1393 432 1456 489; x_wconf 82' lang='lat' dir='ltr'><strong>F.</strong></span> <span class='ocrx_word' id='word_1_3' title='bbox 1496 429 1723 489; x_wconf 75' lang='grc' dir='ltr'><strong>ΑιΒῑΝι</strong></span> <span class='ocrx_word' id='word_1_4' title='bbox 1760 430 1891 489; x_wconf 84' lang='lat' dir='ltr'><strong>SEU</strong></span> <span class='ocrx_word' id='word_1_5' title='bbox 1930 428 2205 488; x_wconf 84' lang='lat' dir='ltr'><strong>ALCUINI</strong></span> <span class='ocrx_word' id='word_1_6' title='bbox 2242 427 2526 487; x_wconf 81' lang='lat' dir='ltr'><strong>OPERUM</strong></span> <span class='ocrx_word' id='word_1_7' title='bbox 2563 426 2741 485; x_wconf 79' lang='lat' dir='ltr'><strong>PARS</strong></span> <span class='ocrx_word' id='word_1_8' title='bbox 2778 426 2843 482; x_wconf 68' lang='grc' dir='ltr'><strong>Υ.</strong></span> 
     </span>
    </p>
   </div>
   <div class='ocr_carea' id='block_1_2' title="bbox 3625 421 3728 477">
    <p class='ocr_par' dir='ltr' id='par_1_2' title="bbox 3625 421 3728 477">
     <span class='ocr_line' id='line_1_2' title="bbox 3625 421 3728 477; baseline 0 0"><span class='ocrx_word' id='word_1_9' title='bbox 3625 421 3728 477; x_wconf 79' lang='lat'><strong>656</strong></span> 
     </span>
    </p>
   </div>
   <div class='ocr_carea' id='block_1_3' title="bbox 458 538 3730 625">
    <p class='ocr_par' dir='ltr' id='par_1_3' title="bbox 458 538 3730 625">
     <span class='ocr_line' id='line_1_3' title="bbox 458 538 3730 625; baseline -0.006 -11"><span class='ocrx_word' id='word_1_10' title='bbox 458 558 773 618; x_wconf 72' lang='lat' dir='ltr'><strong>alterutrum</strong></span> <span class='ocrx_word' id='word_1_11' title='bbox 806 561 1019 625; x_wconf 77' lang='lat' dir='ltr'><strong>peccata</strong></span> <span class='ocrx_word' id='word_1_12' title='bbox 1058 561 1227 608; x_wconf 75' lang='lat' dir='ltr'><strong>vestra</strong></span> <span class='ocrx_word' id='word_1_13' title='bbox 1262 551 1404 623; x_wconf 78' lang='lat' dir='ltr'><strong>(Jac.</strong></span> <span class='ocrx_word' id='word_1_14' title='bbox 1437 568 1492 618; x_wconf 91' lang='lat' dir='ltr'><strong>v,</strong></span> <span class='ocrx_word' id='word_1_15' title='bbox 1524 552 1632 624; x_wconf 78' lang='grc'><strong>16).</strong></span> <span class='ocrx_word' id='word_1_16' title='bbox 1674 551 2041 609; x_wconf 80' lang='lat' dir='ltr'><strong>Recordemur</strong></span> <span class='ocrx_word' id='word_1_17' title='bbox 2067 545 2116 616; x_wconf 75' lang='grc' dir='ltr'><strong>Α</strong></span> <span class='ocrx_word' id='word_1_18' title='bbox 2142 550 2307 606; x_wconf 80' lang='lat' dir='ltr'><strong>habet</strong></span> <span class='ocrx_word' id='word_1_19' title='bbox 2330 557 2653 621; x_wconf 86' lang='lat' dir='ltr'><strong>potestatem</strong></span> <span class='ocrx_word' id='word_1_20' title='bbox 2681 546 2836 602; x_wconf 89' lang='lat' dir='ltr'><strong>nobis</strong></span> <span class='ocrx_word' id='word_1_21' title='bbox 2864 542 3097 613; x_wconf 86' lang='lat' dir='ltr'><strong>objicere</strong></span> <span class='ocrx_word' id='word_1_22' title='bbox 3122 542 3177 598; x_wconf 88' lang='lat' dir='ltr'><strong>in</strong></span> <span class='ocrx_word' id='word_1_23' title='bbox 3213 538 3304 597; x_wconf 91' lang='lat' dir='ltr'><strong>illo</strong></span> <span class='ocrx_word' id='word_1_24' title='bbox 3333 538 3618 597; x_wconf 90' lang='lat' dir='ltr'><strong>tremendo</strong></span> <span class='ocrx_word' id='word_1_25' title='bbox 3640 540 3730 612; x_wconf 84' lang='lat' dir='ltr'><strong>ju-</strong></span> 
     </span>
    </p>
   </div>
   <div class='ocr_carea' id='block_1_4' title="bbox 456 649 2040 727">
    <p class='ocr_par' dir='ltr' id='par_1_4' title="bbox 456 649 2040 727">
     <span class='ocr_line' id='line_1_4' title="bbox 456 649 2040 727; baseline -0.004 -19"><span class='ocrx_word' id='word_1_26' title='bbox 456 652 604 727; x_wconf 90' lang='lat' dir='ltr'><strong>quod</strong></span> <span class='ocrx_word' id='word_1_27' title='bbox 637 650 965 722; x_wconf 70' lang='lat' dir='ltr'><strong>Redemptor</strong></span> <span class='ocrx_word' id='word_1_28' title='bbox 1009 657 1194 705; x_wconf 89' lang='lat' dir='ltr'><strong>noster</strong></span> <span class='ocrx_word' id='word_1_29' title='bbox 1233 649 1575 719; x_wconf 86' lang='lat' dir='ltr'><strong>publicanum</strong></span> <span class='ocrx_word' id='word_1_30' title='bbox 1608 657 1948 720; x_wconf 87' lang='lat' dir='ltr'><strong>peecatorem</strong></span> <span class='ocrx_word' id='word_1_31' title='bbox 1980 663 2040 703; x_wconf 89' lang='lat' dir='ltr'><strong>se</strong></span> 
     </span>
    </p>
   </div>
   <div class='ocr_carea' id='block_1_5' title="bbox 458 740 2043 811">
    <p class='ocr_par' dir='ltr' id='par_1_5' title="bbox 458 740 2043 811">
     <span class='ocr_line' id='line_1_5' title="bbox 458 740 2043 811; baseline -0.005 -9"><span class='ocrx_word' id='word_1_32' title='bbox 458 742 830 808; x_wconf 78' lang='lat' dir='ltr'><strong>conﬁtentem,</strong></span> <span class='ocrx_word' id='word_1_33' title='bbox 844 740 1120 798; x_wconf 64' lang='lat' dir='ltr'><strong>Pharisaeo</strong></span> <span class='ocrx_word' id='word_1_34' title='bbox 1142 757 1202 797; x_wconf 93' lang='lat' dir='ltr'><strong>se</strong></span> <span class='ocrx_word' id='word_1_35' title='bbox 1222 742 1275 796; x_wconf 93' lang='lat' dir='ltr'><strong>in</strong></span> <span class='ocrx_word' id='word_1_36' title='bbox 1301 757 1398 797; x_wconf 91' lang='lat' dir='ltr'><strong>sua</strong></span> <span class='ocrx_word' id='word_1_37' title='bbox 1420 741 1656 797; x_wconf 78' lang='lat' dir='ltr'><strong>laudanti</strong></span> <span class='ocrx_word' id='word_1_38' title='bbox 1673 741 1884 811; x_wconf 88' lang='lat' dir='ltr'><strong>jnstitia</strong></span> <span class='ocrx_word' id='word_1_39' title='bbox 1906 755 2043 811; x_wconf 65' lang='lat' dir='ltr'><strong>pra:-</strong></span> 
     </span>
    </p>
   </div>
   <div class='ocr_carea' id='block_1_6' title="bbox 458 832 2039 905">
    <p class='ocr_par' dir='ltr' id='par_1_6' title="bbox 458 832 2039 905">
     <span class='ocr_line' id='line_1_6' title="bbox 458 832 2039 905; baseline -0.004 -15"><span class='ocrx_word' id='word_1_40' title='bbox 458 833 662 890; x_wconf 88' lang='lat' dir='ltr'><strong>tulerit.</strong></span> <span class='ocrx_word' id='word_1_41' title='bbox 710 833 826 890; x_wconf 90' lang='lat' dir='ltr'><strong>Scit</strong></span> <span class='ocrx_word' id='word_1_42' title='bbox 862 834 1007 889; x_wconf 89' lang='lat' dir='ltr'><strong>enim</strong></span> <span class='ocrx_word' id='word_1_43' title='bbox 1041 832 1300 889; x_wconf 75' lang='lat' dir='ltr'><strong>Conditor</strong></span> <span class='ocrx_word' id='word_1_44' title='bbox 1338 842 1522 889; x_wconf 78' lang='lat' dir='ltr'><strong>noster</strong></span> <span class='ocrx_word' id='word_1_45' title='bbox 1556 833 1899 905; x_wconf 72' lang='lat' dir='ltr'><strong>fragilitatem</strong></span> <span class='ocrx_word' id='word_1_46' title='bbox 1938 846 2039 885; x_wconf 85' lang='lat' dir='ltr'><strong>na-</strong></span> 
     </span>
    </p>
   </div>
   <div class='ocr_carea' id='block_1_7' title="bbox 457 921 2041 993">
    <p class='ocr_par' dir='ltr' id='par_1_7' title="bbox 457 921 2041 993">
     <span class='ocr_line' id='line_1_7' title="bbox 457 921 2041 993; baseline -0.002 -15"><span class='ocrx_word' id='word_1_47' title='bbox 457 930 595 978; x_wconf 83' lang='lat' dir='ltr'><strong>turae</strong></span> <span class='ocrx_word' id='word_1_48' title='bbox 632 930 861 988; x_wconf 65' lang='lat' dir='ltr'><strong>nostrae;</strong></span> <span class='ocrx_word' id='word_1_49' title='bbox 904 923 1024 978; x_wconf 92' lang='lat' dir='ltr'><strong>ideo</strong></span> <span class='ocrx_word' id='word_1_50' title='bbox 1058 924 1450 978; x_wconf 86' lang='lat' dir='ltr'><strong>medicamenta</strong></span> <span class='ocrx_word' id='word_1_51' title='bbox 1486 923 1819 993; x_wconf 85' lang='lat' dir='ltr'><strong>poenitentiae</strong></span> <span class='ocrx_word' id='word_1_52' title='bbox 1854 921 2041 975; x_wconf 85' lang='lat' dir='ltr'><strong>vulne-</strong></span> 
     </span>
    </p>
   </div>
   <div class='ocr_carea' id='block_1_8' title="bbox 456 1004 2036 1085">
    <p class='ocr_par' dir='ltr' id='par_1_8' title="bbox 456 1004 2036 1085">
     <span class='ocr_line' id='line_1_8' title="bbox 456 1004 2036 1085; baseline -0.003 -15"><span class='ocrx_word' id='word_1_53' title='bbox 456 1014 608 1070; x_wconf 83' lang='lat' dir='ltr'><strong>ribus</strong></span> <span class='ocrx_word' id='word_1_54' title='bbox 640 1015 841 1070; x_wconf 84' lang='lat' dir='ltr'><strong>nostris</strong></span> <span class='ocrx_word' id='word_1_55' title='bbox 876 1015 1215 1085; x_wconf 89' lang='lat' dir='ltr'><strong>perdonavit.</strong></span> <span class='ocrx_word' id='word_1_56' title='bbox 1267 1016 1519 1069; x_wconf 83' lang='lat' dir='ltr'><strong>Dicamus</strong></span> <span class='ocrx_word' id='word_1_57' title='bbox 1559 1031 1681 1068; x_wconf 91' lang='lat' dir='ltr'><strong>cum</strong></span> <span class='ocrx_word' id='word_1_58' title='bbox 1726 1004 1994 1083; x_wconf 80' lang='lat' dir='ltr'><strong>PrOphcta</strong></span> <span class='ocrx_word' id='word_1_59' title='bbox 2024 1031 2036 1065; x_wconf 87' lang='lat'><strong>:</strong></span> 
     </span>
    </p>
   </div>
   <div class='ocr_carea' id='block_1_9' title="bbox 457 1105 2043 1172">
    <p class='ocr_par' dir='ltr' id='par_1_9' title="bbox 457 1105 2043 1172">
     <span class='ocr_line' id='line_1_9' title="bbox 457 1105 2043 1172; baseline -0.003 -11"><span class='ocrx_word' id='word_1_60' title='bbox 457 1105 605 1161; x_wconf 83' lang='lat' dir='ltr'><strong>Sana</strong></span> <span class='ocrx_word' id='word_1_61' title='bbox 628 1123 726 1171; x_wconf 80' lang='lat' dir='ltr'><strong>me,</strong></span> <span class='ocrx_word' id='word_1_62' title='bbox 756 1106 999 1172; x_wconf 83' lang='lat' dir='ltr'><strong>Domine,</strong></span> <span class='ocrx_word' id='word_1_63' title='bbox 1014 1117 1061 1161; x_wconf 87' lang='lat' dir='ltr'><strong>et</strong></span> <span class='ocrx_word' id='word_1_64' title='bbox 1081 1107 1326 1161; x_wconf 74' lang='lat' dir='ltr'><strong>sanabor.</strong></span> <span class='ocrx_word' id='word_1_65' title='bbox 1357 1105 2043 1172; x_wconf 69' lang='lat' dir='ltr'><strong>Itemz‘Domine,sanaani-</strong></span> 
     </span>
    </p>
   </div>
   <div class='ocr_carea' id='block_1_10' title="bbox 455 1196 1683 1269">
    <p class='ocr_par' dir='ltr' id='par_1_10' title="bbox 455 1196 1683 1269">
     <span class='ocr_line' id='line_1_10' title="bbox 455 1196 1683 1269; baseline -0.002 -17"><span class='ocrx_word' id='word_1_66' title='bbox 455 1213 595 1252; x_wconf 86' lang='lat' dir='ltr'><strong>mam</strong></span> <span class='ocrx_word' id='word_1_67' title='bbox 624 1214 814 1263; x_wconf 84' lang='lat' dir='ltr'><strong>meam,</strong></span> <span class='ocrx_word' id='word_1_68' title='bbox 848 1198 969 1269; x_wconf 82' lang='lat' dir='ltr'><strong>quia</strong></span> <span class='ocrx_word' id='word_1_69' title='bbox 998 1198 1203 1267; x_wconf 77' lang='lat' dir='ltr'><strong>peccari</strong></span> <span class='ocrx_word' id='word_1_70' title='bbox 1233 1198 1326 1251; x_wconf 81' lang='lat' dir='ltr'><strong>tibi</strong></span> <span class='ocrx_word' id='word_1_71' title='bbox 1351 1197 1487 1268; x_wconf 81' lang='lat' dir='ltr'><strong>(Jer.</strong></span> <span class='ocrx_word' id='word_1_72' title='bbox 1528 1196 1683 1268; x_wconf 81' lang='lat' dir='ltr'><strong>xvtt).</strong></span> 
     </span>
    </p>
   </div>
   <div class='ocr_carea' id='block_1_11' title="bbox 524 1287 2040 1354">
    <p class='ocr_par' dir='ltr' id='par_1_11' title="bbox 524 1287 2040 1354">
     <span class='ocr_line' id='line_1_11' title="bbox 524 1287 2040 1354; baseline -0.001 -11"><span class='ocrx_word' id='word_1_73' title='bbox 524 1288 633 1344; x_wconf 78' lang='lat' dir='ltr'><strong>Vll.</strong></span> <span class='ocrx_word' id='word_1_74' title='bbox 684 1288 913 1354; x_wconf 88' lang='lat' dir='ltr'><strong>Idcirco,</strong></span> <span class='ocrx_word' id='word_1_75' title='bbox 948 1290 1256 1345; x_wconf 90' lang='lat' dir='ltr'><strong>charissimi</strong></span> <span class='ocrx_word' id='word_1_76' title='bbox 1290 1289 1403 1353; x_wconf 91' lang='lat' dir='ltr'><strong>ﬁlii,</strong></span> <span class='ocrx_word' id='word_1_77' title='bbox 1439 1289 1695 1344; x_wconf 82' lang='lat' dir='ltr'><strong>festinate</strong></span> <span class='ocrx_word' id='word_1_78' title='bbox 1730 1288 1797 1342; x_wconf 90' lang='lat' dir='ltr'><strong>ad</strong></span> <span class='ocrx_word' id='word_1_79' title='bbox 1829 1287 2040 1342; x_wconf 91' lang='lat' dir='ltr'><strong>confes-</strong></span> 
     </span>
    </p>
   </div>
   <div class='ocr_carea' id='block_1_12' title="bbox 454 1378 2044 1450">
    <p class='ocr_par' dir='ltr' id='par_1_12' title="bbox 454 1378 2044 1450">
     <span class='ocr_line' id='line_1_12' title="bbox 454 1378 2044 1450; baseline -0.003 -13"><span class='ocrx_word' id='word_1_80' title='bbox 454 1380 624 1437; x_wconf 89' lang='lat' dir='ltr'><strong>sionis</strong></span> <span class='ocrx_word' id='word_1_81' title='bbox 654 1381 1127 1435; x_wconf 87' lang='lat' dir='ltr'><strong>medicamentum.</strong></span> <span class='ocrx_word' id='word_1_82' title='bbox 1160 1382 1378 1450; x_wconf 92' lang='lat' dir='ltr'><strong>Aperite</strong></span> <span class='ocrx_word' id='word_1_83' title='bbox 1412 1380 1633 1435; x_wconf 82' lang='lat' dir='ltr'><strong>vulnera</strong></span> <span class='ocrx_word' id='word_1_84' title='bbox 1669 1381 1722 1433; x_wconf 91' lang='lat' dir='ltr'><strong>in</strong></span> <span class='ocrx_word' id='word_1_85' title='bbox 1754 1378 2044 1434; x_wconf 88' lang='lat' dir='ltr'><strong>confessio-</strong></span> 
     </span>
    </p>
   </div>
   <div class='ocr_carea' id='block_1_13' title="bbox 454 1470 2042 1542">
    <p class='ocr_par' dir='ltr' id='par_1_13' title="bbox 454 1470 2042 1542">
     <span class='ocr_line' id='line_1_13' title="bbox 454 1470 2042 1542; baseline -0.003 -15"><span class='ocrx_word' id='word_1_86' title='bbox 454 1487 544 1537; x_wconf 88' lang='lat' dir='ltr'><strong>ne,</strong></span> <span class='ocrx_word' id='word_1_87' title='bbox 579 1480 640 1526; x_wconf 91' lang='lat' dir='ltr'><strong>ut</strong></span> <span class='ocrx_word' id='word_1_88' title='bbox 666 1472 1057 1527; x_wconf 87' lang='lat' dir='ltr'><strong>medicamenta</strong></span> <span class='ocrx_word' id='word_1_89' title='bbox 1094 1471 1285 1528; x_wconf 89' lang='lat' dir='ltr'><strong>salutis</strong></span> <span class='ocrx_word' id='word_1_90' title='bbox 1317 1472 1580 1542; x_wconf 90' lang='lat' dir='ltr'><strong>proﬁcere</strong></span> <span class='ocrx_word' id='word_1_91' title='bbox 1609 1471 1825 1525; x_wconf 79' lang='lat' dir='ltr'><strong>valeant</strong></span> <span class='ocrx_word' id='word_1_92' title='bbox 1862 1470 1915 1523; x_wconf 84' lang='lat' dir='ltr'><strong>in</strong></span> <span class='ocrx_word' id='word_1_93' title='bbox 1950 1486 2042 1524; x_wconf 88' lang='lat' dir='ltr'><strong>vo-</strong></span> 
     </span>
    </p>
   </div>
   <div class='ocr_carea' id='block_1_14' title="bbox 452 1564 2040 1635">
    <p class='ocr_par' dir='ltr' id='par_1_14' title="bbox 452 1564 2040 1635">
     <span class='ocr_line' id='line_1_14' title="bbox 452 1564 2040 1635; baseline -0.004 -11"><span class='ocrx_word' id='word_1_94' title='bbox 452 1567 557 1624; x_wconf 89' lang='lat' dir='ltr'><strong>bis.</strong></span> <span class='ocrx_word' id='word_1_95' title='bbox 592 1567 901 1623; x_wconf 84' lang='lat' dir='ltr'><strong>Transeunt</strong></span> <span class='ocrx_word' id='word_1_96' title='bbox 938 1566 1097 1635; x_wconf 87' lang='lat' dir='ltr'><strong>hujus</strong></span> <span class='ocrx_word' id='word_1_97' title='bbox 1130 1567 1253 1621; x_wconf 61' lang='lat' dir='ltr'><strong>vitm</strong></span> <span class='ocrx_word' id='word_1_98' title='bbox 1285 1568 1419 1631; x_wconf 90' lang='lat' dir='ltr'><strong>dies,</strong></span> <span class='ocrx_word' id='word_1_99' title='bbox 1456 1576 1510 1620; x_wconf 90' lang='lat' dir='ltr'><strong>et</strong></span> <span class='ocrx_word' id='word_1_100' title='bbox 1545 1566 1753 1621; x_wconf 88' lang='lat' dir='ltr'><strong>incerta</strong></span> <span class='ocrx_word' id='word_1_101' title='bbox 1789 1571 1874 1618; x_wconf 85' lang='lat' dir='ltr'><strong>est</strong></span> <span class='ocrx_word' id='word_1_102' title='bbox 1905 1564 2040 1618; x_wconf 88' lang='lat' dir='ltr'><strong>hora</strong></span> 
     </span>
    </p>
   </div>
   <div class='ocr_carea' id='block_1_15' title="bbox 451 1657 2041 1733">
    <p class='ocr_par' dir='ltr' id='par_1_15' title="bbox 451 1657 2041 1733">
     <span class='ocr_line' id='line_1_15' title="bbox 451 1657 2041 1733; baseline -0.004 -18"><span class='ocrx_word' id='word_1_103' title='bbox 451 1659 744 1730; x_wconf 87' lang='lat' dir='ltr'><strong>unicuique</strong></span> <span class='ocrx_word' id='word_1_104' title='bbox 773 1670 1035 1725; x_wconf 91' lang='lat' dir='ltr'><strong>nostrum,</strong></span> <span class='ocrx_word' id='word_1_105' title='bbox 1059 1676 1164 1731; x_wconf 89' lang='lat' dir='ltr'><strong>qua</strong></span> <span class='ocrx_word' id='word_1_106' title='bbox 1191 1659 1344 1733; x_wconf 73' lang='grc' dir='ltr'><strong>[ϐοά.</strong></span> <span class='ocrx_word' id='word_1_107' title='bbox 1386 1658 1529 1725; x_wconf 86' lang='lat' dir='ltr'><strong>Vat.,</strong></span> <span class='ocrx_word' id='word_1_108' title='bbox 1560 1657 1708 1730; x_wconf 82' lang='lat' dir='ltr'><strong>quia]</strong></span> <span class='ocrx_word' id='word_1_109' title='bbox 1736 1663 2041 1711; x_wconf 86' lang='lat' dir='ltr'><strong>revertatur</strong></span> 
     </span>
    </p>
   </div>
   <div class='ocr_carea' id='block_1_16' title="bbox 451 1747 2036 1821">
    <p class='ocr_par' dir='ltr' id='par_1_16' title="bbox 451 1747 2036 1821">
     <span class='ocr_line' id='line_1_16' title="bbox 451 1747 2036 1821; baseline -0.004 -17"><span class='ocrx_word' id='word_1_110' title='bbox 451 1748 627 1820; x_wconf 84' lang='lat' dir='ltr'><strong>pulvis</strong></span> <span class='ocrx_word' id='word_1_111' title='bbox 655 1750 709 1804; x_wconf 93' lang='lat' dir='ltr'><strong>in</strong></span> <span class='ocrx_word' id='word_1_112' title='bbox 736 1750 1029 1820; x_wconf 86' lang='lat' dir='ltr'><strong>pulverem,</strong></span> <span class='ocrx_word' id='word_1_113' title='bbox 1062 1758 1117 1805; x_wconf 91' lang='lat' dir='ltr'><strong>et</strong></span> <span class='ocrx_word' id='word_1_114' title='bbox 1156 1752 1377 1821; x_wconf 88' lang='lat' dir='ltr'><strong>spiritus</strong></span> <span class='ocrx_word' id='word_1_115' title='bbox 1410 1750 1598 1805; x_wconf 89' lang='lat' dir='ltr'><strong>redeat</strong></span> <span class='ocrx_word' id='word_1_116' title='bbox 1634 1749 1700 1803; x_wconf 88' lang='lat' dir='ltr'><strong>ad</strong></span> <span class='ocrx_word' id='word_1_117' title='bbox 1729 1747 2036 1811; x_wconf 90' lang='lat' dir='ltr'><strong>Dominum,</strong></span> 
     </span>
    </p>
   </div>
   <div class='ocr_carea' id='block_1_17' title="bbox 451 1840 2034 1912">
    <p class='ocr_par' dir='ltr' id='par_1_17' title="bbox 451 1840 2034 1912">
     <span class='ocr_line' id='line_1_17' title="bbox 451 1840 2034 1912; baseline -0.002 -17"><span class='ocrx_word' id='word_1_118' title='bbox 451 1842 543 1912; x_wconf 91' lang='lat' dir='ltr'><strong>qui</strong></span> <span class='ocrx_word' id='word_1_119' title='bbox 574 1842 720 1896; x_wconf 88' lang='lat' dir='ltr'><strong>dedit</strong></span> <span class='ocrx_word' id='word_1_120' title='bbox 750 1842 916 1906; x_wconf 92' lang='lat' dir='ltr'><strong>illum,</strong></span> <span class='ocrx_word' id='word_1_121' title='bbox 962 1849 1023 1896; x_wconf 92' lang='lat' dir='ltr'><strong>ut</strong></span> <span class='ocrx_word' id='word_1_122' title='bbox 1054 1840 1327 1911; x_wconf 89' lang='lat' dir='ltr'><strong>judicetur</strong></span> <span class='ocrx_word' id='word_1_123' title='bbox 1366 1842 1662 1898; x_wconf 90' lang='lat' dir='ltr'><strong>secundum</strong></span> <span class='ocrx_word' id='word_1_124' title='bbox 1706 1855 1870 1910; x_wconf 84' lang='lat' dir='ltr'><strong>Opera</strong></span> <span class='ocrx_word' id='word_1_125' title='bbox 1917 1856 2034 1894; x_wconf 89' lang='lat' dir='ltr'><strong>sua.</strong></span> 
     </span>
    </p>
   </div>
   <div class='ocr_carea' id='block_1_18' title="bbox 2140 633 3734 710">
    <p class='ocr_par' dir='ltr' id='par_1_18' title="bbox 2140 633 3734 710">
     <span class='ocr_line' id='line_1_18' title="bbox 2140 633 3734 710; baseline -0.005 -13"><span class='ocrx_word' id='word_1_126' title='bbox 2140 642 2280 697; x_wconf 87' lang='lat' dir='ltr'><strong>dicio</strong></span> <span class='ocrx_word' id='word_1_127' title='bbox 2305 650 2502 697; x_wconf 83' lang='lat' dir='ltr'><strong>nostrae</strong></span> <span class='ocrx_word' id='word_1_128' title='bbox 2523 642 2665 695; x_wconf 67' lang='lat' dir='ltr'><strong>vitae.</strong></span> <span class='ocrx_word' id='word_1_129' title='bbox 2708 638 2865 710; x_wconf 91' lang='lat' dir='ltr'><strong>Agite</strong></span> <span class='ocrx_word' id='word_1_130' title='bbox 2892 652 3055 701; x_wconf 89' lang='lat' dir='ltr'><strong>nunc,</strong></span> <span class='ocrx_word' id='word_1_131' title='bbox 3075 636 3324 706; x_wconf 88' lang='lat' dir='ltr'><strong>juvenes,</strong></span> <span class='ocrx_word' id='word_1_132' title='bbox 3353 633 3734 690; x_wconf 61' lang='lat' dir='ltr'><strong>adolescentes</strong></span> 
     </span>
    </p>
   </div>
   <div class='ocr_carea' id='block_1_19' title="bbox 2140 725 3727 802">
    <p class='ocr_par' dir='ltr' id='par_1_19' title="bbox 2140 725 3727 802">
     <span class='ocr_line' id='line_1_19' title="bbox 2140 725 3727 802; baseline -0.006 -15"><span class='ocrx_word' id='word_1_133' title='bbox 2140 739 2195 787; x_wconf 91' lang='lat' dir='ltr'><strong>et</strong></span> <span class='ocrx_word' id='word_1_134' title='bbox 2215 732 2387 802; x_wconf 87' lang='lat' dir='ltr'><strong>pueri,</strong></span> <span class='ocrx_word' id='word_1_135' title='bbox 2413 731 2639 785; x_wconf 88' lang='lat' dir='ltr'><strong>liberate</strong></span> <span class='ocrx_word' id='word_1_136' title='bbox 2668 728 3024 798; x_wconf 88' lang='lat' dir='ltr'><strong>vosmetipsos</strong></span> <span class='ocrx_word' id='word_1_137' title='bbox 3054 726 3121 783; x_wconf 91' lang='lat' dir='ltr'><strong>de</strong></span> <span class='ocrx_word' id='word_1_138' title='bbox 3149 727 3251 781; x_wconf 76' lang='lat' dir='ltr'><strong>dia!</strong></span> <span class='ocrx_word' id='word_1_139' title='bbox 3276 726 3411 781; x_wconf 89' lang='lat' dir='ltr'><strong>olica</strong></span> <span class='ocrx_word' id='word_1_140' title='bbox 3445 725 3727 780; x_wconf 85' lang='lat' dir='ltr'><strong>servitute.</strong></span> 
     </span>
    </p>
   </div>
   <div class='ocr_carea' id='block_1_20' title="bbox 2141 818 3737 893">
    <p class='ocr_par' dir='ltr' id='par_1_20' title="bbox 2141 818 3737 893">
     <span class='ocr_line' id='line_1_20' title="bbox 2141 818 3737 893; baseline -0.005 -14"><span class='ocrx_word' id='word_1_141' title='bbox 2141 823 2459 880; x_wconf 89' lang='lat' dir='ltr'><strong>Concurrite</strong></span> <span class='ocrx_word' id='word_1_142' title='bbox 2490 838 2586 893; x_wconf 83' lang='lat' dir='ltr'><strong>per</strong></span> <span class='ocrx_word' id='word_1_143' title='bbox 2615 820 2987 893; x_wconf 80' lang='lat' dir='ltr'><strong>paenitentiam</strong></span> <span class='ocrx_word' id='word_1_144' title='bbox 3017 818 3084 874; x_wconf 90' lang='lat' dir='ltr'><strong>ad</strong></span> <span class='ocrx_word' id='word_1_145' title='bbox 3108 818 3589 874; x_wconf 84' lang='lat' dir='ltr'><strong>clementissimam</strong></span> <span class='ocrx_word' id='word_1_146' title='bbox 3620 832 3737 871; x_wconf 84' lang='lat' dir='ltr'><strong>om-</strong></span> 
     </span>
    </p>
   </div>
   <div class='ocr_carea' id='block_1_21' title="bbox 2141 906 3731 984">
    <p class='ocr_par' dir='ltr' id='par_1_21' title="bbox 2141 906 3731 984">
     <span class='ocr_line' id='line_1_21' title="bbox 2141 906 3731 984; baseline -0.004 -16"><span class='ocrx_word' id='word_1_147' title='bbox 2141 914 2432 984; x_wconf 90' lang='lat' dir='ltr'><strong>nipotentis</strong></span> <span class='ocrx_word' id='word_1_148' title='bbox 2454 914 2550 967; x_wconf 88' lang='lat' dir='ltr'><strong>Dei</strong></span> <span class='ocrx_word' id='word_1_149' title='bbox 2585 913 2861 982; x_wconf 88' lang='lat' dir='ltr'><strong>pietatem.</strong></span> <span class='ocrx_word' id='word_1_150' title='bbox 2902 909 3078 965; x_wconf 87' lang='lat' dir='ltr'><strong>Nolite</strong></span> <span class='ocrx_word' id='word_1_151' title='bbox 3110 926 3207 980; x_wconf 87' lang='lat' dir='ltr'><strong>per</strong></span> <span class='ocrx_word' id='word_1_152' title='bbox 3242 909 3507 964; x_wconf 89' lang='lat' dir='ltr'><strong>desideria</strong></span> <span class='ocrx_word' id='word_1_153' title='bbox 3548 906 3731 963; x_wconf 88' lang='lat' dir='ltr'><strong>carnis</strong></span> 
     </span>
    </p>
   </div>
   <div class='ocr_carea' id='block_1_22' title="bbox 2140 999 3733 1074">
    <p class='ocr_par' dir='ltr' id='par_1_22' title="bbox 2140 999 3733 1074">
     <span class='ocr_line' id='line_1_22' title="bbox 2140 999 3733 1074; baseline -0.005 -16"><span class='ocrx_word' id='word_1_154' title='bbox 2140 1013 2334 1059; x_wconf 83' lang='lat' dir='ltr'><strong>vestrae</strong></span> <span class='ocrx_word' id='word_1_155' title='bbox 2358 1004 2583 1074; x_wconf 86' lang='lat' dir='ltr'><strong>perdere</strong></span> <span class='ocrx_word' id='word_1_156' title='bbox 2608 1002 2801 1074; x_wconf 88' lang='lat' dir='ltr'><strong>gaudia</strong></span> <span class='ocrx_word' id='word_1_157' title='bbox 2824 1001 3086 1064; x_wconf 70' lang='lat' dir='ltr'><strong>cmlestia,</strong></span> <span class='ocrx_word' id='word_1_158' title='bbox 3110 1008 3167 1055; x_wconf 93' lang='lat' dir='ltr'><strong>et</strong></span> <span class='ocrx_word' id='word_1_159' title='bbox 3190 1000 3376 1055; x_wconf 66' lang='lat' dir='ltr'><strong>aeterni</strong></span> <span class='ocrx_word' id='word_1_160' title='bbox 3406 999 3559 1069; x_wconf 85' lang='lat' dir='ltr'><strong>regni</strong></span> <span class='ocrx_word' id='word_1_161' title='bbox 3586 999 3733 1051; x_wconf 91' lang='lat' dir='ltr'><strong>inter</strong></span> 
     </span>
    </p>
   </div>
   <div class='ocr_carea' id='block_1_23' title="bbox 2142 1092 3735 1170">
    <p class='ocr_par' dir='ltr' id='par_1_23' title="bbox 2142 1092 3735 1170">
     <span class='ocr_line' id='line_1_23' title="bbox 2142 1092 3735 1170; baseline -0.005 -17"><span class='ocrx_word' id='word_1_162' title='bbox 2142 1100 2412 1170; x_wconf 88' lang='lat' dir='ltr'><strong>angelicos</strong></span> <span class='ocrx_word' id='word_1_163' title='bbox 2459 1105 2634 1152; x_wconf 60' lang='lat' dir='ltr'><strong>cattus</strong></span> <span class='ocrx_word' id='word_1_164' title='bbox 2676 1095 3099 1158; x_wconf 88' lang='lat' dir='ltr'><strong>beatitudinem;</strong></span> <span class='ocrx_word' id='word_1_165' title='bbox 3130 1093 3226 1148; x_wconf 82' lang='lat' dir='ltr'><strong>sed</strong></span> <span class='ocrx_word' id='word_1_166' title='bbox 3267 1092 3569 1147; x_wconf 88' lang='lat' dir='ltr'><strong>confortate</strong></span> <span class='ocrx_word' id='word_1_167' title='bbox 3615 1106 3735 1145; x_wconf 83' lang='lat' dir='ltr'><strong>vos-</strong></span> 
     </span>
    </p>
   </div>
   <div class='ocr_carea' id='block_1_24' title="bbox 2140 1180 3734 1257">
    <p class='ocr_par' dir='ltr' id='par_1_24' title="bbox 2140 1180 3734 1257">
     <span class='ocr_line' id='line_1_24' title="bbox 2140 1180 3734 1257; baseline -0.006 -15"><span class='ocrx_word' id='word_1_168' title='bbox 2140 1189 2421 1257; x_wconf 89' lang='lat' dir='ltr'><strong>metipsos,</strong></span> <span class='ocrx_word' id='word_1_169' title='bbox 2446 1193 2501 1240; x_wconf 92' lang='lat' dir='ltr'><strong>et</strong></span> <span class='ocrx_word' id='word_1_170' title='bbox 2524 1184 2749 1240; x_wconf 88' lang='lat' dir='ltr'><strong>viriliter</strong></span> <span class='ocrx_word' id='word_1_171' title='bbox 2777 1182 2943 1254; x_wconf 85' lang='lat' dir='ltr'><strong>[agite</strong></span> <span class='ocrx_word' id='word_1_172' title='bbox 2967 1180 3044 1253; x_wconf 81' lang='lat' dir='ltr'><strong>et]</strong></span> <span class='ocrx_word' id='word_1_173' title='bbox 3074 1190 3306 1253; x_wconf 86' lang='lat' dir='ltr'><strong>pugnate</strong></span> <span class='ocrx_word' id='word_1_174' title='bbox 3331 1196 3456 1235; x_wconf 91' lang='lat' dir='ltr'><strong>cum</strong></span> <span class='ocrx_word' id='word_1_175' title='bbox 3477 1196 3509 1232; x_wconf 88' lang='lat' dir='ltr'><strong>a</strong></span> <span class='ocrx_word' id='word_1_176' title='bbox 3548 1195 3734 1233; x_wconf 85' lang='lat' dir='ltr'><strong>versa-</strong></span> 
     </span>
    </p>
   </div>
   <div class='ocr_carea' id='block_1_25' title="bbox 2140 1272 3730 1346">
    <p class='ocr_par' dir='ltr' id='par_1_25' title="bbox 2140 1272 3730 1346">
     <span class='ocr_line' id='line_1_25' title="bbox 2140 1272 3730 1346; baseline -0.004 -13"><span class='ocrx_word' id='word_1_177' title='bbox 2140 1280 2223 1333; x_wconf 92' lang='lat' dir='ltr'><strong>rio</strong></span> <span class='ocrx_word' id='word_1_178' title='bbox 2244 1286 2445 1343; x_wconf 88' lang='lat' dir='ltr'><strong>vestro,</strong></span> <span class='ocrx_word' id='word_1_179' title='bbox 2477 1286 2537 1332; x_wconf 91' lang='lat' dir='ltr'><strong>ut</strong></span> <span class='ocrx_word' id='word_1_180' title='bbox 2566 1277 2795 1331; x_wconf 81' lang='lat' dir='ltr'><strong>ﬁdeliter</strong></span> <span class='ocrx_word' id='word_1_181' title='bbox 2821 1274 2971 1346; x_wconf 84' lang='lat' dir='ltr'><strong>[Ms.,</strong></span> <span class='ocrx_word' id='word_1_182' title='bbox 3011 1272 3258 1345; x_wconf 82' lang='lat' dir='ltr'><strong>feliciter]</strong></span> <span class='ocrx_word' id='word_1_183' title='bbox 3290 1272 3607 1327; x_wconf 89' lang='lat' dir='ltr'><strong>mereamini</strong></span> <span class='ocrx_word' id='word_1_184' title='bbox 3635 1286 3730 1326; x_wconf 89' lang='lat' dir='ltr'><strong>co-</strong></span> 
     </span>
    </p>
   </div>
   <div class='ocr_carea' id='block_1_26' title="bbox 2141 1363 3729 1436">
    <p class='ocr_par' dir='ltr' id='par_1_26' title="bbox 2141 1363 3729 1436">
     <span class='ocr_line' id='line_1_26' title="bbox 2141 1363 3729 1436; baseline -0.006 -9"><span class='ocrx_word' id='word_1_185' title='bbox 2141 1372 2323 1427; x_wconf 87' lang='lat' dir='ltr'><strong>ronari</strong></span> <span class='ocrx_word' id='word_1_186' title='bbox 2349 1386 2470 1426; x_wconf 91' lang='lat' dir='ltr'><strong>cum</strong></span> <span class='ocrx_word' id='word_1_187' title='bbox 2507 1370 2707 1425; x_wconf 90' lang='lat' dir='ltr'><strong>sanctis</strong></span> <span class='ocrx_word' id='word_1_188' title='bbox 2740 1368 2854 1431; x_wconf 88' lang='lat' dir='ltr'><strong>Dei,</strong></span> <span class='ocrx_word' id='word_1_189' title='bbox 2884 1376 2938 1421; x_wconf 93' lang='lat' dir='ltr'><strong>et</strong></span> <span class='ocrx_word' id='word_1_190' title='bbox 2963 1376 3279 1436; x_wconf 86' lang='lat' dir='ltr'><strong>perpetuam</strong></span> <span class='ocrx_word' id='word_1_191' title='bbox 3307 1380 3430 1420; x_wconf 90' lang='lat' dir='ltr'><strong>cum</strong></span> <span class='ocrx_word' id='word_1_192' title='bbox 3463 1363 3568 1418; x_wconf 89' lang='lat' dir='ltr'><strong>illis</strong></span> <span class='ocrx_word' id='word_1_193' title='bbox 3599 1379 3729 1433; x_wconf 80' lang='lat' dir='ltr'><strong>pos-</strong></span> 
     </span>
    </p>
   </div>
   <div class='ocr_carea' id='block_1_27' title="bbox 2140 1455 3733 1533">
    <p class='ocr_par' dir='ltr' id='par_1_27' title="bbox 2140 1455 3733 1533">
     <span class='ocr_line' id='line_1_27' title="bbox 2140 1455 3733 1533; baseline -0.005 -16"><span class='ocrx_word' id='word_1_194' title='bbox 2140 1463 2319 1517; x_wconf 90' lang='lat' dir='ltr'><strong>sidere</strong></span> <span class='ocrx_word' id='word_1_195' title='bbox 2372 1461 2615 1533; x_wconf 86' lang='lat' dir='ltr'><strong>gloriam.</strong></span> <span class='ocrx_word' id='word_1_196' title='bbox 2647 1461 2715 1514; x_wconf 90' lang='lat' dir='ltr'><strong>Et</strong></span> <span class='ocrx_word' id='word_1_197' title='bbox 2760 1475 2876 1523; x_wconf 90' lang='lat' dir='ltr'><strong>vos,</strong></span> <span class='ocrx_word' id='word_1_198' title='bbox 2928 1458 3259 1514; x_wconf 88' lang='lat' dir='ltr'><strong>sanctissimi</strong></span> <span class='ocrx_word' id='word_1_199' title='bbox 3308 1456 3466 1525; x_wconf 88' lang='lat' dir='ltr'><strong>hujus</strong></span> <span class='ocrx_word' id='word_1_200' title='bbox 3514 1455 3733 1509; x_wconf 69' lang='lat' dir='ltr'><strong>familiae</strong></span> 
     </span>
    </p>
   </div>
   <div class='ocr_carea' id='block_1_28' title="bbox 2140 1548 3728 1625">
    <p class='ocr_par' dir='ltr' id='par_1_28' title="bbox 2140 1548 3728 1625">
     <span class='ocr_line' id='line_1_28' title="bbox 2140 1548 3728 1625; baseline -0.003 -17"><span class='ocrx_word' id='word_1_201' title='bbox 2140 1554 2385 1625; x_wconf 84' lang='lat' dir='ltr'><strong>magistri</strong></span> <span class='ocrx_word' id='word_1_202' title='bbox 2412 1563 2467 1607; x_wconf 92' lang='lat' dir='ltr'><strong>et</strong></span> <span class='ocrx_word' id='word_1_203' title='bbox 2493 1561 2694 1624; x_wconf 90' lang='lat' dir='ltr'><strong>patres,</strong></span> <span class='ocrx_word' id='word_1_204' title='bbox 2733 1552 2922 1607; x_wconf 87' lang='lat' dir='ltr'><strong>docete</strong></span> <span class='ocrx_word' id='word_1_205' title='bbox 2956 1550 3095 1606; x_wconf 78' lang='lat' dir='ltr'><strong>ﬁlios</strong></span> <span class='ocrx_word' id='word_1_206' title='bbox 3138 1558 3346 1605; x_wconf 89' lang='lat' dir='ltr'><strong>vestros</strong></span> <span class='ocrx_word' id='word_1_207' title='bbox 3382 1550 3488 1618; x_wconf 90' lang='lat' dir='ltr'><strong>pie,</strong></span> <span class='ocrx_word' id='word_1_208' title='bbox 3526 1548 3728 1611; x_wconf 81' lang='lat' dir='ltr'><strong>sobrie,</strong></span> 
     </span>
    </p>
   </div>
   <div class='ocr_carea' id='block_1_29' title="bbox 2142 1640 3733 1705">
    <p class='ocr_par' dir='ltr' id='par_1_29' title="bbox 2142 1640 3733 1705">
     <span class='ocr_line' id='line_1_29' title="bbox 2142 1640 3733 1705; baseline -0.004 -4"><span class='ocrx_word' id='word_1_209' title='bbox 2142 1655 2196 1702; x_wconf 89' lang='lat' dir='ltr'><strong>et</strong></span> <span class='ocrx_word' id='word_1_210' title='bbox 2222 1655 2372 1701; x_wconf 90' lang='lat' dir='ltr'><strong>caste</strong></span> <span class='ocrx_word' id='word_1_211' title='bbox 2399 1647 2580 1700; x_wconf 81' lang='lat' dir='ltr'><strong>vivere</strong></span> <span class='ocrx_word' id='word_1_212' title='bbox 2623 1660 2808 1700; x_wconf 89' lang='lat' dir='ltr'><strong>coram</strong></span> <span class='ocrx_word' id='word_1_213' title='bbox 2837 1644 2945 1698; x_wconf 91' lang='lat' dir='ltr'><strong>Deo</strong></span> <span class='ocrx_word' id='word_1_214' title='bbox 2976 1644 3027 1697; x_wconf 90' lang='lat' dir='ltr'><strong>in</strong></span> <span class='ocrx_word' id='word_1_215' title='bbox 3059 1643 3205 1697; x_wconf 89' lang='lat' dir='ltr'><strong>omni</strong></span> <span class='ocrx_word' id='word_1_216' title='bbox 3245 1642 3568 1705; x_wconf 88' lang='lat' dir='ltr'><strong>humilitate,</strong></span> <span class='ocrx_word' id='word_1_217' title='bbox 3607 1640 3733 1695; x_wconf 87' lang='lat' dir='ltr'><strong>obe—</strong></span> 
     </span>
    </p>
   </div>
   <div class='ocr_carea' id='block_1_30' title="bbox 2142 1732 3732 1804">
    <p class='ocr_par' dir='ltr' id='par_1_30' title="bbox 2142 1732 3732 1804">
     <span class='ocr_line' id='line_1_30' title="bbox 2142 1732 3732 1804; baseline -0.003 -14"><span class='ocrx_word' id='word_1_218' title='bbox 2142 1736 2343 1790; x_wconf 90' lang='lat' dir='ltr'><strong>dientia</strong></span> <span class='ocrx_word' id='word_1_219' title='bbox 2371 1745 2426 1790; x_wconf 91' lang='lat' dir='ltr'><strong>et</strong></span> <span class='ocrx_word' id='word_1_220' title='bbox 2464 1736 2770 1799; x_wconf 87' lang='lat' dir='ltr'><strong>sanctitate,</strong></span> <span class='ocrx_word' id='word_1_221' title='bbox 2812 1743 2867 1788; x_wconf 91' lang='lat' dir='ltr'><strong>et</strong></span> <span class='ocrx_word' id='word_1_222' title='bbox 2902 1750 3091 1804; x_wconf 91' lang='lat' dir='ltr'><strong>puram</strong></span> <span class='ocrx_word' id='word_1_223' title='bbox 3133 1733 3312 1788; x_wconf 86' lang='lat' dir='ltr'><strong>facere</strong></span> <span class='ocrx_word' id='word_1_224' title='bbox 3355 1732 3732 1787; x_wconf 88' lang='lat' dir='ltr'><strong>sacerdotibus</strong></span> 
     </span>
    </p>
   </div>
   <div class='ocr_carea' id='block_1_31' title="bbox 2142 1825 3733 1897">
    <p class='ocr_par' dir='ltr' id='par_1_31' title="bbox 2142 1825 3733 1897">
     <span class='ocr_line' id='line_1_31' title="bbox 2142 1825 3733 1897; baseline -0.003 -15"><span class='ocrx_word' id='word_1_225' title='bbox 2142 1827 2341 1883; x_wconf 89' lang='lat' dir='ltr'><strong>Christi</strong></span> <span class='ocrx_word' id='word_1_226' title='bbox 2376 1827 2773 1883; x_wconf 85' lang='lat' dir='ltr'><strong>confessionem</strong></span> <span class='ocrx_word' id='word_1_227' title='bbox 2806 1836 3147 1897; x_wconf 85' lang='lat' dir='ltr'><strong>peccatorum</strong></span> <span class='ocrx_word' id='word_1_228' title='bbox 3180 1841 3422 1888; x_wconf 89' lang='lat' dir='ltr'><strong>suorum,</strong></span> <span class='ocrx_word' id='word_1_229' title='bbox 3469 1833 3525 1879; x_wconf 90' lang='lat' dir='ltr'><strong>et</strong></span> <span class='ocrx_word' id='word_1_230' title='bbox 3556 1825 3733 1895; x_wconf 73' lang='lat' dir='ltr'><strong>pumi-</strong></span> 
     </span>
    </p>
   </div>
   <div class='ocr_carea' id='block_1_32' title="bbox 450 1916 3732 2003">
    <p class='ocr_par' dir='ltr' id='par_1_32' title="bbox 450 1916 3732 2003">
     <span class='ocr_line' id='line_1_32' title="bbox 450 1916 3732 2003; baseline -0.003 -21"><span class='ocrx_word' id='word_1_231' title='bbox 450 1931 711 1986; x_wconf 82' lang='lat' dir='ltr'><strong>Auditura</strong></span> <span class='ocrx_word' id='word_1_232' title='bbox 740 1932 844 1988; x_wconf 74' lang='lat' dir='ltr'><strong>erit</strong></span> <span class='ocrx_word' id='word_1_233' title='bbox 870 1940 999 1987; x_wconf 72' lang='lat' dir='ltr'><strong>tunc</strong></span> <span class='ocrx_word' id='word_1_234' title='bbox 1020 1933 1221 1998; x_wconf 73' lang='lat' dir='ltr'><strong>anima,</strong></span> <span class='ocrx_word' id='word_1_235' title='bbox 1250 1933 1507 2003; x_wconf 76' lang='lat' dir='ltr'><strong>quidquid</strong></span> <span class='ocrx_word' id='word_1_236' title='bbox 1531 1932 1619 1987; x_wconf 80' lang='lat' dir='ltr'><strong>hic</strong></span> <span class='ocrx_word' id='word_1_237' title='bbox 1648 1932 1896 2002; x_wconf 73' lang='lat' dir='ltr'><strong>copulata</strong></span> <span class='ocrx_word' id='word_1_238' title='bbox 1927 1946 2043 1983; x_wconf 72' lang='lat' dir='ltr'><strong>car.</strong></span> <span class='ocrx_word' id='word_1_239' title='bbox 2073 1916 2115 1975; x_wconf 77' lang='grc' dir='ltr'><strong>Β</strong></span> <span class='ocrx_word' id='word_1_240' title='bbox 2144 1923 2327 1979; x_wconf 76' lang='lat' dir='ltr'><strong>tentize</strong></span> <span class='ocrx_word' id='word_1_241' title='bbox 2354 1923 2609 1993; x_wconf 86' lang='lat' dir='ltr'><strong>laerymis</strong></span> <span class='ocrx_word' id='word_1_242' title='bbox 2645 1922 2862 1977; x_wconf 89' lang='lat' dir='ltr'><strong>abluere</strong></span> <span class='ocrx_word' id='word_1_243' title='bbox 2897 1921 3085 1977; x_wconf 90' lang='lat' dir='ltr'><strong>sordes</strong></span> <span class='ocrx_word' id='word_1_244' title='bbox 3124 1921 3349 1976; x_wconf 68' lang='lat' dir='ltr'><strong>luxuriae</strong></span> <span class='ocrx_word' id='word_1_245' title='bbox 3384 1921 3591 1985; x_wconf 89' lang='lat' dir='ltr'><strong>carnis,</strong></span> <span class='ocrx_word' id='word_1_246' title='bbox 3630 1934 3732 1973; x_wconf 86' lang='lat' dir='ltr'><strong>nec</strong></span> 
     </span>
    </p>
   </div>
   <div class='ocr_carea' id='block_1_33' title="bbox 449 2019 2039 2093">
    <p class='ocr_par' dir='ltr' id='par_1_33' title="bbox 449 2019 2039 2093">
     <span class='ocr_line' id='line_1_33' title="bbox 449 2019 2039 2093; baseline -0.001 -18"><span class='ocrx_word' id='word_1_247' title='bbox 449 2037 519 2077; x_wconf 89' lang='lat' dir='ltr'><strong>ne</strong></span> <span class='ocrx_word' id='word_1_248' title='bbox 568 2023 736 2093; x_wconf 82' lang='lat' dir='ltr'><strong>gessit</strong></span> <span class='ocrx_word' id='word_1_249' title='bbox 781 2023 836 2077; x_wconf 94' lang='lat' dir='ltr'><strong>in</strong></span> <span class='ocrx_word' id='word_1_250' title='bbox 884 2022 1115 2078; x_wconf 90' lang='lat' dir='ltr'><strong>occulto.</strong></span> <span class='ocrx_word' id='word_1_251' title='bbox 1175 2022 1232 2078; x_wconf 90' lang='lat' dir='ltr'><strong>Si</strong></span> <span class='ocrx_word' id='word_1_252' title='bbox 1276 2040 1421 2078; x_wconf 93' lang='lat' dir='ltr'><strong>nunc</strong></span> <span class='ocrx_word' id='word_1_253' title='bbox 1470 2022 1742 2078; x_wconf 84' lang='lat' dir='ltr'><strong>erubescit</strong></span> <span class='ocrx_word' id='word_1_254' title='bbox 1791 2019 2039 2076; x_wconf 86' lang='lat' dir='ltr'><strong>conﬁteri</strong></span> 
     </span>
    </p>
   </div>
   <div class='ocr_carea' id='block_1_34' title="bbox 446 2110 2035 2185">
    <p class='ocr_par' dir='ltr' id='par_1_34' title="bbox 446 2110 2035 2185">
     <span class='ocr_line' id='line_1_34' title="bbox 446 2110 2035 2185; baseline -0.003 -18"><span class='ocrx_word' id='word_1_255' title='bbox 446 2122 670 2183; x_wconf 88' lang='lat' dir='ltr'><strong>peccata</strong></span> <span class='ocrx_word' id='word_1_256' title='bbox 711 2130 827 2179; x_wconf 90' lang='lat' dir='ltr'><strong>sua,</strong></span> <span class='ocrx_word' id='word_1_257' title='bbox 870 2122 925 2169; x_wconf 91' lang='lat' dir='ltr'><strong>et</strong></span> <span class='ocrx_word' id='word_1_258' title='bbox 966 2129 1064 2185; x_wconf 92' lang='lat' dir='ltr'><strong>per</strong></span> <span class='ocrx_word' id='word_1_259' title='bbox 1100 2115 1477 2185; x_wconf 82' lang='lat' dir='ltr'><strong>paenitentiam</strong></span> <span class='ocrx_word' id='word_1_260' title='bbox 1526 2112 1807 2169; x_wconf 89' lang='lat' dir='ltr'><strong>emundari</strong></span> <span class='ocrx_word' id='word_1_261' title='bbox 1856 2110 2035 2183; x_wconf 79' lang='lat' dir='ltr'><strong>[Mss.,</strong></span> 
     </span>
    </p>
   </div>
   <div class='ocr_carea' id='block_1_35' title="bbox 448 2204 2057 2277">
    <p class='ocr_par' dir='ltr' id='par_1_35' title="bbox 448 2204 2057 2277">
     <span class='ocr_line' id='line_1_35' title="bbox 448 2204 2057 2277; baseline -0.001 -18"><span class='ocrx_word' id='word_1_262' title='bbox 448 2204 771 2277; x_wconf 90' lang='lat' dir='ltr'><strong>emendari],</strong></span> <span class='ocrx_word' id='word_1_263' title='bbox 822 2205 986 2259; x_wconf 89' lang='lat' dir='ltr'><strong>stabit</strong></span> <span class='ocrx_word' id='word_1_264' title='bbox 1028 2214 1315 2261; x_wconf 85' lang='lat' dir='ltr'><strong>accusator</strong></span> <span class='ocrx_word' id='word_1_265' title='bbox 1354 2205 1624 2275; x_wconf 88' lang='lat' dir='ltr'><strong>malignus</strong></span> <span class='ocrx_word' id='word_1_266' title='bbox 1662 2214 1851 2259; x_wconf 86' lang='lat' dir='ltr'><strong>contra</strong></span> <span class='ocrx_word' id='word_1_267' title='bbox 1892 2219 2057 2277; x_wconf 82' lang='lat' dir='ltr'><strong>eam,</strong></span> 
     </span>
    </p>
   </div>
   <div class='ocr_carea' id='block_1_36' title="bbox 447 2295 2040 2368">
    <p class='ocr_par' dir='ltr' id='par_1_36' title="bbox 447 2295 2040 2368">
     <span class='ocr_line' id='line_1_36' title="bbox 447 2295 2040 2368; baseline 0.002 -21"><span class='ocrx_word' id='word_1_268' title='bbox 447 2295 541 2364; x_wconf 90' lang='lat' dir='ltr'><strong>qui</strong></span> <span class='ocrx_word' id='word_1_269' title='bbox 561 2295 832 2364; x_wconf 90' lang='lat' dir='ltr'><strong>quondam</strong></span> <span class='ocrx_word' id='word_1_270' title='bbox 855 2297 1121 2368; x_wconf 84' lang='lat' dir='ltr'><strong>suggessit</strong></span> <span class='ocrx_word' id='word_1_271' title='bbox 1148 2297 1241 2364; x_wconf 89' lang='lat' dir='ltr'><strong>illi,</strong></span> <span class='ocrx_word' id='word_1_272' title='bbox 1268 2305 1328 2351; x_wconf 90' lang='lat' dir='ltr'><strong>ut</strong></span> <span class='ocrx_word' id='word_1_273' title='bbox 1353 2305 1626 2368; x_wconf 89' lang='lat' dir='ltr'><strong>peccaret,</strong></span> <span class='ocrx_word' id='word_1_274' title='bbox 1654 2297 1712 2351; x_wconf 65' lang='lat' dir='ltr'><strong>si</strong></span> <span class='ocrx_word' id='word_1_275' title='bbox 1733 2312 1833 2352; x_wconf 92' lang='lat' dir='ltr'><strong>nos</strong></span> <span class='ocrx_word' id='word_1_276' title='bbox 1864 2296 2040 2367; x_wconf 89' lang='lat' dir='ltr'><strong>negle-</strong></span> 
     </span>
    </p>
   </div>
   <div class='ocr_carea' id='block_1_37' title="bbox 447 2382 2039 2456">
    <p class='ocr_par' dir='ltr' id='par_1_37' title="bbox 447 2382 2039 2456">
     <span class='ocr_line' id='line_1_37' title="bbox 447 2382 2039 2456; baseline 0.004 -21"><span class='ocrx_word' id='word_1_277' title='bbox 447 2382 689 2439; x_wconf 79' lang='lat' dir='ltr'><strong>xerimus</strong></span> <span class='ocrx_word' id='word_1_278' title='bbox 725 2386 1021 2455; x_wconf 78' lang='lat' dir='ltr'><strong>praevenire</strong></span> <span class='ocrx_word' id='word_1_279' title='bbox 1060 2385 1250 2441; x_wconf 80' lang='lat' dir='ltr'><strong>faciem</strong></span> <span class='ocrx_word' id='word_1_280' title='bbox 1282 2387 1480 2456; x_wconf 88' lang='lat' dir='ltr'><strong>judicis</strong></span> <span class='ocrx_word' id='word_1_281' title='bbox 1514 2387 1569 2440; x_wconf 92' lang='lat' dir='ltr'><strong>in</strong></span> <span class='ocrx_word' id='word_1_282' title='bbox 1607 2385 2039 2441; x_wconf 83' lang='lat' dir='ltr'><strong>confessionibus</strong></span> 
     </span>
    </p>
   </div>
   <div class='ocr_carea' id='block_1_38' title="bbox 449 2470 2042 2550">
    <p class='ocr_par' dir='ltr' id='par_1_38' title="bbox 449 2470 2042 2550">
     <span class='ocr_line' id='line_1_38' title="bbox 449 2470 2042 2550; baseline 0.002 -23"><span class='ocrx_word' id='word_1_283' title='bbox 449 2470 629 2545; x_wconf 73' lang='lat' dir='ltr'><strong>[Mss.,</strong></span> <span class='ocrx_word' id='word_1_284' title='bbox 684 2475 738 2530; x_wconf 92' lang='lat' dir='ltr'><strong>in</strong></span> <span class='ocrx_word' id='word_1_285' title='bbox 774 2476 1159 2550; x_wconf 84' lang='lat' dir='ltr'><strong>confessione].</strong></span> <span class='ocrx_word' id='word_1_286' title='bbox 1208 2476 1553 2547; x_wconf 64' lang='lat' dir='ltr'><strong>Quaecunque</strong></span> <span class='ocrx_word' id='word_1_287' title='bbox 1586 2477 1733 2533; x_wconf 91' lang='lat' dir='ltr'><strong>enim</strong></span> <span class='ocrx_word' id='word_1_288' title='bbox 1766 2476 2042 2532; x_wconf 90' lang='lat' dir='ltr'><strong>humiliter</strong></span> 
     </span>
    </p>
   </div>
   <div class='ocr_carea' id='block_1_39' title="bbox 446 2564 2039 2640">
    <p class='ocr_par' dir='ltr' id='par_1_39' title="bbox 446 2564 2039 2640">
     <span class='ocr_line' id='line_1_39' title="bbox 446 2564 2039 2640; baseline -0.001 -18"><span class='ocrx_word' id='word_1_289' title='bbox 446 2564 772 2623; x_wconf 87' lang='lat' dir='ltr'><strong>conﬁtemur</strong></span> <span class='ocrx_word' id='word_1_290' title='bbox 794 2569 852 2623; x_wconf 87' lang='lat' dir='ltr'><strong>in</strong></span> <span class='ocrx_word' id='word_1_291' title='bbox 878 2568 1079 2624; x_wconf 88' lang='lat' dir='ltr'><strong>nostris</strong></span> <span class='ocrx_word' id='word_1_292' title='bbox 1104 2568 1377 2640; x_wconf 74' lang='lat' dir='ltr'><strong>peccatis,.</strong></span> <span class='ocrx_word' id='word_1_293' title='bbox 1399 2568 1535 2623; x_wconf 87' lang='lat' dir='ltr'><strong>nihil</strong></span> <span class='ocrx_word' id='word_1_294' title='bbox 1567 2569 1761 2624; x_wconf 90' lang='lat' dir='ltr'><strong>horum</strong></span> <span class='ocrx_word' id='word_1_295' title='bbox 1796 2566 2039 2622; x_wconf 87' lang='lat' dir='ltr'><strong>diabolus</strong></span> 
     </span>
    </p>
   </div>
   <div class='ocr_carea' id='block_1_40' title="bbox 2146 2011 3735 2086">
    <p class='ocr_par' dir='ltr' id='par_1_40' title="bbox 2146 2011 3735 2086">
     <span class='ocr_line' id='line_1_40' title="bbox 2146 2011 3735 2086; baseline -0.002 -16"><span class='ocrx_word' id='word_1_296' title='bbox 2146 2030 2239 2070; x_wconf 90' lang='lat' dir='ltr'><strong>eas</strong></span> <span class='ocrx_word' id='word_1_297' title='bbox 2273 2015 2465 2070; x_wconf 92' lang='lat' dir='ltr'><strong>iterum</strong></span> <span class='ocrx_word' id='word_1_298' title='bbox 2496 2023 2758 2086; x_wconf 87' lang='lat' dir='ltr'><strong>repetere,</strong></span> <span class='ocrx_word' id='word_1_299' title='bbox 2794 2015 2919 2083; x_wconf 91' lang='lat' dir='ltr'><strong>quia</strong></span> <span class='ocrx_word' id='word_1_300' title='bbox 2954 2014 3255 2083; x_wconf 84' lang='lat' dir='ltr'><strong>posteriora</strong></span> <span class='ocrx_word' id='word_1_301' title='bbox 3287 2013 3510 2067; x_wconf 84' lang='lat' dir='ltr'><strong>vulnera</strong></span> <span class='ocrx_word' id='word_1_302' title='bbox 3545 2011 3735 2082; x_wconf 84' lang='lat' dir='ltr'><strong>pejora</strong></span> 
     </span>
    </p>
   </div>
   <div class='ocr_carea' id='block_1_41' title="bbox 2146 2102 3733 2176">
    <p class='ocr_par' dir='ltr' id='par_1_41' title="bbox 2146 2102 3733 2176">
     <span class='ocr_line' id='line_1_41' title="bbox 2146 2102 3733 2176; baseline -0.004 -13"><span class='ocrx_word' id='word_1_303' title='bbox 2146 2114 2273 2163; x_wconf 91' lang='lat' dir='ltr'><strong>sunt</strong></span> <span class='ocrx_word' id='word_1_304' title='bbox 2295 2106 2563 2176; x_wconf 91' lang='lat' dir='ltr'><strong>prioribus</strong></span> <span class='ocrx_word' id='word_1_305' title='bbox 2590 2124 2603 2159; x_wconf 91' lang='lat'>:</span> <span class='ocrx_word' id='word_1_306' title='bbox 2628 2106 2861 2161; x_wconf 90' lang='lat' dir='ltr'><strong>scientes</strong></span> <span class='ocrx_word' id='word_1_307' title='bbox 2892 2106 3248 2175; x_wconf 88' lang='lat' dir='ltr'><strong>vosmetipsos</strong></span> <span class='ocrx_word' id='word_1_308' title='bbox 3275 2104 3465 2158; x_wconf 78' lang='lat' dir='ltr'><strong>salutis</strong></span> <span class='ocrx_word' id='word_1_309' title='bbox 3496 2102 3733 2157; x_wconf 88' lang='lat' dir='ltr'><strong>ﬁliorum</strong></span> 
     </span>
    </p>
   </div>
   <div class='ocr_carea' id='block_1_42' title="bbox 2130 2197 3735 2268">
    <p class='ocr_par' dir='ltr' id='par_1_42' title="bbox 2130 2197 3735 2268">
     <span class='ocr_line' id='line_1_42' title="bbox 2130 2197 3735 2268; baseline -0.002 -14"><span class='ocrx_word' id='word_1_310' title='bbox 2130 2207 2451 2255; x_wconf 80' lang='lat' dir='ltr'><strong>vestrorum</strong></span> <span class='ocrx_word' id='word_1_311' title='bbox 2475 2206 2730 2253; x_wconf 84' lang='lat' dir='ltr'><strong>aeternam</strong></span> <span class='ocrx_word' id='word_1_312' title='bbox 2757 2197 2955 2253; x_wconf 86' lang='lat' dir='ltr'><strong>habere</strong></span> <span class='ocrx_word' id='word_1_313' title='bbox 2985 2197 3125 2268; x_wconf 87' lang='lat' dir='ltr'><strong>apud</strong></span> <span class='ocrx_word' id='word_1_314' title='bbox 3160 2197 3447 2251; x_wconf 88' lang='lat' dir='ltr'><strong>Dominum</strong></span> <span class='ocrx_word' id='word_1_315' title='bbox 3482 2208 3735 2250; x_wconf 83' lang='lat' dir='ltr'><strong>remune-</strong></span> 
     </span>
    </p>
   </div>
   <div class='ocr_carea' id='block_1_43' title="bbox 2145 2285 3729 2361">
    <p class='ocr_par' dir='ltr' id='par_1_43' title="bbox 2145 2285 3729 2361">
     <span class='ocr_line' id='line_1_43' title="bbox 2145 2285 3729 2361; baseline -0.004 -14"><span class='ocrx_word' id='word_1_316' title='bbox 2145 2292 2431 2357; x_wconf 86' lang='lat' dir='ltr'><strong>rationem,</strong></span> <span class='ocrx_word' id='word_1_317' title='bbox 2475 2299 2741 2361; x_wconf 86' lang='lat' dir='ltr'><strong>quatenus</strong></span> <span class='ocrx_word' id='word_1_318' title='bbox 2782 2305 3010 2361; x_wconf 91' lang='lat' dir='ltr'><strong>quorum</strong></span> <span class='ocrx_word' id='word_1_319' title='bbox 3054 2290 3368 2345; x_wconf 88' lang='lat' dir='ltr'><strong>ministeriis</strong></span> <span class='ocrx_word' id='word_1_320' title='bbox 3416 2287 3632 2342; x_wconf 87' lang='lat' dir='ltr'><strong>utimini</strong></span> <span class='ocrx_word' id='word_1_321' title='bbox 3669 2285 3729 2341; x_wconf 88' lang='lat' dir='ltr'><strong>in</strong></span> 
     </span>
    </p>
   </div>
   <div class='ocr_carea' id='block_1_44' title="bbox 2143 2383 3734 2456">
    <p class='ocr_par' dir='ltr' id='par_1_44' title="bbox 2143 2383 3734 2456">
     <span class='ocr_line' id='line_1_44' title="bbox 2143 2383 3734 2456; baseline -0.003 -15"><span class='ocrx_word' id='word_1_322' title='bbox 2143 2386 2323 2451; x_wconf 90' lang='lat' dir='ltr'><strong>terris,</strong></span> <span class='ocrx_word' id='word_1_323' title='bbox 2348 2398 2534 2439; x_wconf 89' lang='lat' dir='ltr'><strong>eorum</strong></span> <span class='ocrx_word' id='word_1_324' title='bbox 2555 2384 2930 2456; x_wconf 85' lang='lat' dir='ltr'><strong>prosperitatis</strong></span> <span class='ocrx_word' id='word_1_325' title='bbox 2952 2384 3257 2440; x_wconf 88' lang='lat' dir='ltr'><strong>mercedem</strong></span> <span class='ocrx_word' id='word_1_326' title='bbox 3276 2383 3525 2439; x_wconf 88' lang='lat' dir='ltr'><strong>habeatis</strong></span> <span class='ocrx_word' id='word_1_327' title='bbox 3544 2394 3734 2453; x_wconf 82' lang='lat' dir='ltr'><strong>perpe-</strong></span> 
     </span>
    </p>
   </div>
   <div class='ocr_carea' id='block_1_45' title="bbox 2147 2470 2874 2532">
    <p class='ocr_par' dir='ltr' id='par_1_45' title="bbox 2147 2470 2874 2532">
     <span class='ocr_line' id='line_1_45' title="bbox 2147 2470 2874 2532; baseline 0.001 -1"><span class='ocrx_word' id='word_1_328' title='bbox 2147 2486 2296 2532; x_wconf 87' lang='lat' dir='ltr'><strong>tuam</strong></span> <span class='ocrx_word' id='word_1_329' title='bbox 2322 2477 2379 2532; x_wconf 91' lang='lat' dir='ltr'><strong>in</strong></span> <span class='ocrx_word' id='word_1_330' title='bbox 2407 2475 2580 2532; x_wconf 60' lang='lat' dir='ltr'><strong>caelis.</strong></span> <span class='ocrx_word' id='word_1_331' title='bbox 2866 2470 2874 2481; x_wconf 90' lang='grc'><strong>’</strong></span> 
     </span>
    </p>
   </div>
   <div class='ocr_carea' id='block_1_46' title="bbox 447 2690 3724 2746">
    <p class='ocr_par' dir='ltr' id='par_1_46' title="bbox 447 2690 3724 2746">
     <span class='ocr_line' id='line_1_46' title="bbox 447 2690 3724 2746; baseline -0.002 -4"><span class='ocrx_word' id='word_1_332' title='bbox 447 2690 3724 2746; x_wconf 64' lang='lat' dir='ltr'>M</span> 
     </span>
    </p>
   </div>
   <div class='ocr_carea' id='block_1_47' title="bbox 1088 2816 3110 2942">
    <p class='ocr_par' dir='ltr' id='par_1_47' title="bbox 1088 2816 3110 2942">
     <span class='ocr_line' id='line_1_47' title="bbox 1088 2816 3110 2942; baseline -0.005 1"><span class='ocrx_word' id='word_1_333' title='bbox 1088 2825 1691 2942; x_wconf 72' lang='lat' dir='ltr'><strong>BEATI&#39;</strong></span> <span class='ocrx_word' id='word_1_334' title='bbox 1740 2817 2394 2935; x_wconf 72' lang='lat' dir='ltr'><strong>PLACCI</strong></span> <span class='ocrx_word' id='word_1_335' title='bbox 2466 2816 3110 2933; x_wconf 73' lang='lat' dir='ltr'><strong>ALBINI</strong></span> 
     </span>
    </p>
   </div>
   <div class='ocr_carea' id='block_1_48' title="bbox 1630 3015 2555 3333">
    <p class='ocr_par' dir='ltr' id='par_1_48' title="bbox 1630 3015 2555 3333">
     <span class='ocr_line' id='line_1_48' title="bbox 1630 3015 2555 3333; baseline -0.004 0"><span class='ocrx_word' id='word_1_336' title='bbox 1630 3015 2555 3333; x_wconf 61' lang='lat' dir='ltr'><strong>ALCSEIUIINI</strong></span> 
     </span>
    </p>
   </div>
   <div class='ocr_carea' id='block_1_49' title="bbox 484 3532 1519 3776">
    <p class='ocr_par' dir='ltr' id='par_1_49' title="bbox 484 3532 1519 3776">
     <span class='ocr_line' id='line_1_49' title="bbox 484 3532 1519 3776; baseline 0.006 -6"><span class='ocrx_word' id='word_1_337' title='bbox 484 3532 943 3771; x_wconf 77' lang='lat' dir='ltr'><strong>tll’llltllll</strong></span> <span class='ocrx_word' id='word_1_338' title='bbox 1040 3574 1347 3762; x_wconf 66' lang='lat' dir='ltr'><strong>ens</strong></span> <span class='ocrx_word' id='word_1_339' title='bbox 1451 3596 1519 3776; x_wconf 77' lang='grc' dir='ltr'><strong>ο</strong></span> 
     </span>
    </p>
   </div>
   <div class='ocr_carea' id='block_1_50' title="bbox 1550 3442 2613 3511">
    <p class='ocr_par' dir='ltr' id='par_1_50' title="bbox 1550 3442 2613 3511">
     <span class='ocr_line' id='line_1_50' title="bbox 1550 3442 2613 3511; baseline -0.006 -1"><span class='ocrx_word' id='word_1_340' title='bbox 1550 3444 1850 3511; x_wconf 82' lang='lat' dir='ltr'><strong>CAROLI</strong></span> <span class='ocrx_word' id='word_1_341' title='bbox 1908 3444 2024 3506; x_wconf 89' lang='lat' dir='ltr'><strong>MA</strong></span> <span class='ocrx_word' id='word_1_342' title='bbox 2034 3442 2171 3506; x_wconf 88' lang='lat' dir='ltr'><strong>GNI</strong></span> <span class='ocrx_word' id='word_1_343' title='bbox 2224 3443 2613 3505; x_wconf 81' lang='lat' dir='ltr'><strong>MAGISTRI</strong></span> 
     </span>
    </p>
   </div>
   <div class='ocr_carea' id='block_1_51' title="bbox 1524 3587 2058 3845">
    <p class='ocr_par' dir='ltr' id='par_1_51' title="bbox 1524 3595 2058 3845">
     <span class='ocr_line' id='line_1_51' title="bbox 1524 3595 2058 3845; baseline -0.011 -91"><span class='ocrx_word' id='word_1_344' title='bbox 1524 3595 1922 3754; x_wconf 75' lang='grc' dir='ltr'><strong>ΙΙΙΝἸἏ.</strong></span> 
     </span>
    </p>
   </div>
   <div class='ocr_carea' id='block_1_52' title="bbox 2140 3587 3694 3845">
    <p class='ocr_par' dir='ltr' id='par_1_52' title="bbox 2140 3587 3694 3845">
     <span class='ocr_line' id='line_1_52' title="bbox 2140 3587 3694 3845; baseline 0.001 -96"><span class='ocrx_word' id='word_1_345' title='bbox 2140 3657 2220 3845; x_wconf 79' lang='lat'>_-</span> <span class='ocrx_word' id='word_1_346' title='bbox 2326 3587 2579 3749; x_wconf 86' lang='lat' dir='ltr'><strong>0PP.</strong></span> <span class='ocrx_word' id='word_1_347' title='bbox 2664 3588 3694 3779; x_wconf 14' lang='lat' dir='ltr'><strong>iHAGIOGRllPHICA.</strong></span> 
     </span>
    </p>
   </div>
   <div class='ocr_carea' id='block_1_53' title="bbox 1454 3893 2749 3990">
    <p class='ocr_par' dir='ltr' id='par_1_53' title="bbox 1454 3893 2749 3990">
     <span class='ocr_line' id='line_1_53' title="bbox 1454 3893 2749 3990; baseline -0.002 -5"><span class='ocrx_word' id='word_1_348' title='bbox 1454 3893 1626 3977; x_wconf 75' lang='lat'><strong>157.</strong></span> <span class='ocrx_word' id='word_1_349' title='bbox 1670 3908 2169 3990; x_wconf 87' lang='lat' dir='ltr'><strong>MONITUM</strong></span> <span class='ocrx_word' id='word_1_350' title='bbox 2232 3904 2749 3987; x_wconf 59' lang='lat' dir='ltr'><strong>PBfEVIUM.</strong></span> 
     </span>
    </p>
   </div>
   <div class='ocr_carea' id='block_1_54' title="bbox 1981 4053 2219 4069">
    <p class='ocr_par' dir='ltr' id='par_1_54' title="bbox 1981 4053 2219 4069">
     <span class='ocr_line' id='line_1_54' title="bbox 1981 4053 2219 4069; baseline -0.017 0"><span class='ocrx_word' id='word_1_351' title='bbox 1981 4053 2219 4069; x_wconf 40' lang='grc' dir='ltr'><strong><em>ψ</em></strong></span> 
     </span>
    </p>
   </div>
   <div class='ocr_carea' id='block_1_55' title="bbox 522 4090 3733 4185">
    <p class='ocr_par' dir='ltr' id='par_1_55' title="bbox 522 4090 3733 4185">
     <span class='ocr_line' id='line_1_55' title="bbox 522 4090 3733 4185; baseline -0.001 -14"><span class='ocrx_word' id='word_1_352' title='bbox 522 4090 715 4172; x_wconf 67' lang='lat' dir='ltr'><strong>Sicut.</strong></span> <span class='ocrx_word' id='word_1_353' title='bbox 722 4113 915 4169; x_wconf 87' lang='lat' dir='ltr'><strong>beatus</strong></span> <span class='ocrx_word' id='word_1_354' title='bbox 964 4110 1225 4167; x_wconf 89' lang='lat' dir='ltr'><strong>Alcuinus</strong></span> <span class='ocrx_word' id='word_1_355' title='bbox 1272 4125 1333 4185; x_wconf 79' lang='lat' dir='ltr'><strong>se</strong></span> <span class='ocrx_word' id='word_1_356' title='bbox 1364 4107 1537 4185; x_wconf 81' lang='lat' dir='ltr'><strong>cultui</strong></span> <span class='ocrx_word' id='word_1_357' title='bbox 1584 4119 1925 4179; x_wconf 85' lang='lat' dir='ltr'><strong>sanctorum,</strong></span> <span class='ocrx_word' id='word_1_358' title='bbox 1972 4115 2026 4169; x_wconf 91' lang='lat' dir='ltr'><strong>in</strong></span> <span class='ocrx_word' id='word_1_359' title='bbox 2058 4118 2105 4181; x_wconf 74' lang='grc' dir='ltr'>ο</span> <span class='ocrx_word' id='word_1_360' title='bbox 2136 4110 2474 4185; x_wconf 83' lang='lat' dir='ltr'><strong>opusculum,</strong></span> <span class='ocrx_word' id='word_1_361' title='bbox 2514 4114 2639 4185; x_wconf 82' lang='lat' dir='ltr'><strong>post</strong></span> <span class='ocrx_word' id='word_1_362' title='bbox 2672 4107 2789 4160; x_wconf 84' lang='lat' dir='ltr'><strong>haec</strong></span> <span class='ocrx_word' id='word_1_363' title='bbox 2822 4121 2952 4185; x_wconf 82' lang='lat' dir='ltr'><strong>vero</strong></span> <span class='ocrx_word' id='word_1_364' title='bbox 2992 4107 3046 4161; x_wconf 94' lang='lat' dir='ltr'><strong>in</strong></span> <span class='ocrx_word' id='word_1_365' title='bbox 3087 4106 3546 4185; x_wconf 43' lang='lat' dir='ltr'><strong>duos-sermones</strong></span> <span class='ocrx_word' id='word_1_366' title='bbox 3589 4110 3733 4185; x_wconf 83' lang='lat' dir='ltr'><strong>divi-</strong></span> 
     </span>
    </p>
   </div>
   <div class='ocr_carea' id='block_1_56' title="bbox 449 4181 2030 4254">
    <p class='ocr_par' dir='ltr' id='par_1_56' title="bbox 449 4181 2030 4254">
     <span class='ocr_line' id='line_1_56' title="bbox 449 4181 2030 4254; baseline -0.002 -11"><span class='ocrx_word' id='word_1_367' title='bbox 449 4188 602 4243; x_wconf 68' lang='lat' dir='ltr'><strong>caalis</strong></span> <span class='ocrx_word' id='word_1_368' title='bbox 639 4187 951 4241; x_wconf 88' lang='lat' dir='ltr'><strong>meritorum</strong></span> <span class='ocrx_word' id='word_1_369' title='bbox 991 4198 1211 4240; x_wconf 88' lang='lat' dir='ltr'><strong>suorum</strong></span> <span class='ocrx_word' id='word_1_370' title='bbox 1245 4181 1832 4254; x_wconf 86' lang='lat' dir='ltr'><strong>gloria_coronatorum</strong></span> <span class='ocrx_word' id='word_1_371' title='bbox 1866 4193 2030 4254; x_wconf 84' lang='lat' dir='ltr'><strong>atque</strong></span> 
     </span>
    </p>
   </div>
   <div class='ocr_carea' id='block_1_57' title="bbox 447 4252 2031 4323">
    <p class='ocr_par' dir='ltr' id='par_1_57' title="bbox 447 4252 2031 4323">
     <span class='ocr_line' id='line_1_57' title="bbox 447 4252 2031 4323; baseline -0.001 -11"><span class='ocrx_word' id='word_1_372' title='bbox 447 4257 700 4312; x_wconf 87' lang='lat' dir='ltr'><strong>intuitiva</strong></span> <span class='ocrx_word' id='word_1_373' title='bbox 741 4256 835 4310; x_wconf 89' lang='lat' dir='ltr'><strong>Dei</strong></span> <span class='ocrx_word' id='word_1_374' title='bbox 876 4256 1084 4310; x_wconf 91' lang='lat' dir='ltr'><strong>visione</strong></span> <span class='ocrx_word' id='word_1_375' title='bbox 1119 4252 1385 4323; x_wconf 70' lang='lat' dir='ltr'><strong>mternum</strong></span> <span class='ocrx_word' id='word_1_376' title='bbox 1425 4252 1741 4323; x_wconf 77' lang='lat' dir='ltr'><strong>laetantium,</strong></span> <span class='ocrx_word' id='word_1_377' title='bbox 1786 4252 2031 4323; x_wconf 78' lang='lat' dir='ltr'><strong>apprime</strong></span> 
     </span>
    </p>
   </div>
   <div class='ocr_carea' id='block_1_58' title="bbox 447 4322 2027 4395">
    <p class='ocr_par' dir='ltr' id='par_1_58' title="bbox 447 4322 2027 4395">
     <span class='ocr_line' id='line_1_58' title="bbox 447 4322 2027 4395; baseline -0.002 -14"><span class='ocrx_word' id='word_1_378' title='bbox 447 4341 661 4395; x_wconf 89' lang='lat' dir='ltr'><strong>semper</strong></span> <span class='ocrx_word' id='word_1_379' title='bbox 702 4326 971 4379; x_wconf 86' lang='lat' dir='ltr'><strong>addictum</strong></span> <span class='ocrx_word' id='word_1_380' title='bbox 1010 4324 1182 4395; x_wconf 72' lang='lat' dir='ltr'><strong>fuisse</strong></span> <span class='ocrx_word' id='word_1_381' title='bbox 1227 4322 1409 4377; x_wconf 92' lang='lat' dir='ltr'><strong>multis</strong></span> <span class='ocrx_word' id='word_1_382' title='bbox 1453 4323 1504 4375; x_wconf 93' lang='lat' dir='ltr'><strong>in</strong></span> <span class='ocrx_word' id='word_1_383' title='bbox 1554 4322 1686 4375; x_wconf 91' lang='lat' dir='ltr'><strong>locis</strong></span> <span class='ocrx_word' id='word_1_384' title='bbox 1734 4322 2027 4393; x_wconf 82' lang='lat' dir='ltr'><strong>variisque,</strong></span> 
     </span>
    </p>
   </div>
   <div class='ocr_carea' id='block_1_59' title="bbox 444 4394 2033 4467">
    <p class='ocr_par' dir='ltr' id='par_1_59' title="bbox 444 4394 2033 4467">
     <span class='ocr_line' id='line_1_59' title="bbox 444 4394 2033 4467; baseline 0.001 -20"><span class='ocrx_word' id='word_1_385' title='bbox 444 4394 577 4467; x_wconf 65' lang='lat' dir='ltr'><strong>qnze</strong></span> <span class='ocrx_word' id='word_1_386' title='bbox 597 4395 650 4448; x_wconf 91' lang='lat' dir='ltr'><strong>in</strong></span> <span class='ocrx_word' id='word_1_387' title='bbox 693 4395 841 4467; x_wconf 79' lang='lat' dir='ltr'><strong>hisce</strong></span> <span class='ocrx_word' id='word_1_388' title='bbox 879 4395 1130 4467; x_wconf 79' lang='lat' dir='ltr'><strong>operibus</strong></span> <span class='ocrx_word' id='word_1_389' title='bbox 1169 4394 1347 4467; x_wconf 73' lang='lat' dir='ltr'><strong>legere</strong></span> <span class='ocrx_word' id='word_1_390' title='bbox 1395 4401 1495 4454; x_wconf 88' lang='lat' dir='ltr'><strong>est,</strong></span> <span class='ocrx_word' id='word_1_391' title='bbox 1525 4395 1907 4467; x_wconf 63' lang='lat' dir='ltr'><strong>monumentis</strong></span> <span class='ocrx_word' id='word_1_392' title='bbox 1953 4404 2033 4467; x_wconf 83' lang='lat' dir='ltr'><strong>te-</strong></span> 
     </span>
    </p>
   </div>
   <div class='ocr_carea' id='block_1_60' title="bbox 448 4462 2027 4529">
    <p class='ocr_par' dir='ltr' id='par_1_60' title="bbox 448 4462 2027 4529">
     <span class='ocr_line' id='line_1_60' title="bbox 448 4462 2027 4529; baseline -0.003 -8"><span class='ocrx_word' id='word_1_393' title='bbox 448 4462 650 4522; x_wconf 74' lang='lat' dir='ltr'><strong>statum</strong></span> <span class='ocrx_word' id='word_1_394' title='bbox 689 4464 845 4528; x_wconf 85' lang='lat' dir='ltr'><strong>facit;</strong></span> <span class='ocrx_word' id='word_1_395' title='bbox 884 4462 957 4517; x_wconf 78' lang='lat' dir='ltr'><strong>ita</strong></span> <span class='ocrx_word' id='word_1_396' title='bbox 988 4464 1151 4518; x_wconf 88' lang='lat' dir='ltr'><strong>etiam</strong></span> <span class='ocrx_word' id='word_1_397' title='bbox 1182 4462 1386 4515; x_wconf 89' lang='lat' dir='ltr'><strong>nullum</strong></span> <span class='ocrx_word' id='word_1_398' title='bbox 1417 4462 1652 4516; x_wconf 87' lang='lat' dir='ltr'><strong>studium</strong></span> <span class='ocrx_word' id='word_1_399' title='bbox 1686 4464 2027 4529; x_wconf 81' lang='lat' dir='ltr'><strong>detrectavit,</strong></span> 
     </span>
    </p>
   </div>
   <div class='ocr_carea' id='block_1_61' title="bbox 443 4532 2031 4605">
    <p class='ocr_par' dir='ltr' id='par_1_61' title="bbox 443 4532 2031 4605">
     <span class='ocr_line' id='line_1_61' title="bbox 443 4532 2031 4605; baseline 0 -17"><span class='ocrx_word' id='word_1_400' title='bbox 443 4536 587 4605; x_wconf 93' lang='lat' dir='ltr'><strong>quol</strong></span> <span class='ocrx_word' id='word_1_401' title='bbox 631 4549 727 4605; x_wconf 89' lang='lat' dir='ltr'><strong>per</strong></span> <span class='ocrx_word' id='word_1_402' title='bbox 777 4534 982 4587; x_wconf 90' lang='lat' dir='ltr'><strong>amicos</strong></span> <span class='ocrx_word' id='word_1_403' title='bbox 1033 4535 1101 4586; x_wconf 90' lang='lat' dir='ltr'><strong>ab</strong></span> <span class='ocrx_word' id='word_1_404' title='bbox 1148 4533 1264 4605; x_wconf 90' lang='lat' dir='ltr'><strong>ipso</strong></span> <span class='ocrx_word' id='word_1_405' title='bbox 1312 4540 1570 4605; x_wconf 24' lang='lat' dir='ltr'><strong>exactum.</strong></span> <span class='ocrx_word' id='word_1_406' title='bbox 1613 4532 1731 4605; x_wconf 75' lang='lat' dir='ltr'><strong>fuit,</strong></span> <span class='ocrx_word' id='word_1_407' title='bbox 1780 4544 1839 4587; x_wconf 91' lang='lat' dir='ltr'><strong>ut</strong></span> <span class='ocrx_word' id='word_1_408' title='bbox 1882 4534 2031 4589; x_wconf 79' lang='lat' dir='ltr'><strong>Vitas</strong></span> 
     </span>
    </p>
   </div>
   <div class='ocr_carea' id='block_1_62' title="bbox 446 4601 2032 4676">
    <p class='ocr_par' dir='ltr' id='par_1_62' title="bbox 446 4601 2032 4676">
     <span class='ocr_line' id='line_1_62' title="bbox 446 4601 2032 4676; baseline 0.001 -17"><span class='ocrx_word' id='word_1_409' title='bbox 446 4601 1165 4676; x_wconf 76' lang='lat' dir='ltr'><strong>quorumdamsanctorum</strong></span> <span class='ocrx_word' id='word_1_410' title='bbox 1213 4604 1446 4676; x_wconf 85' lang='lat' dir='ltr'><strong>virorum</strong></span> <span class='ocrx_word' id='word_1_411' title='bbox 1493 4601 1574 4676; x_wconf 82' lang='lat' dir='ltr'><strong>vel</strong></span> <span class='ocrx_word' id='word_1_412' title='bbox 1614 4601 1848 4676; x_wconf 72' lang='lat' dir='ltr'><strong>denovo</strong></span> <span class='ocrx_word' id='word_1_413' title='bbox 1890 4620 2032 4659; x_wconf 88' lang='lat' dir='ltr'><strong>eom-</strong></span> 
     </span>
    </p>
   </div>
   <div class='ocr_carea' id='block_1_63' title="bbox 487 4671 2033 4742">
    <p class='ocr_par' dir='ltr' id='par_1_63' title="bbox 487 4671 2033 4742">
     <span class='ocr_line' id='line_1_63' title="bbox 487 4671 2033 4742; baseline 0.001 -14"><span class='ocrx_word' id='word_1_414' title='bbox 487 4675 664 4737; x_wconf 91' lang='lat' dir='ltr'><strong>ilaret,</strong></span> <span class='ocrx_word' id='word_1_415' title='bbox 697 4673 777 4729; x_wconf 91' lang='lat' dir='ltr'><strong>vel</strong></span> <span class='ocrx_word' id='word_1_416' title='bbox 821 4673 1049 4728; x_wconf 88' lang='lat' dir='ltr'><strong>incultas</strong></span> <span class='ocrx_word' id='word_1_417' title='bbox 1092 4674 1428 4737; x_wconf 80' lang='lat' dir='ltr'><strong>emendaret,</strong></span> <span class='ocrx_word' id='word_1_418' title='bbox 1467 4671 1548 4726; x_wconf 91' lang='lat' dir='ltr'><strong>vel</strong></span> <span class='ocrx_word' id='word_1_419' title='bbox 1590 4671 1930 4742; x_wconf 77' lang='lat' dir='ltr'><strong>prolixiores,</strong></span> <span class='ocrx_word' id='word_1_420' title='bbox 1963 4677 2033 4731; x_wconf 89' lang='lat' dir='ltr'><strong>ob</strong></span> 
     </span>
    </p>
   </div>
   <div class='ocr_carea' id='block_1_64' title="bbox 384 4694 2033 4814">
    <p class='ocr_par' dir='ltr' id='par_1_64' title="bbox 384 4694 2033 4814">
     <span class='ocr_line' id='line_1_64' title="bbox 487 4694 2033 4742; baseline 0.001 -14"><span class='ocrx_word' id='word_1_421' title='bbox 487 4694 664 4737; x_wconf 61' lang='grc' dir='ltr'><strong>ηδε-ει,</strong></span> <span class='ocrx_word' id='word_1_422' title='bbox 697 4694 777 4729; x_wconf 72' lang='grc' dir='ltr'><strong>γει</strong></span> <span class='ocrx_word' id='word_1_423' title='bbox 821 4694 1049 4728; x_wconf 66' lang='grc' dir='ltr'><strong>ιηρυιιειδ</strong></span> <span class='ocrx_word' id='word_1_424' title='bbox 1092 4694 1428 4737; x_wconf 81' lang='lat' dir='ltr'><strong>emennaret,</strong></span> <span class='ocrx_word' id='word_1_425' title='bbox 1468 4694 1548 4726; x_wconf 70' lang='grc' dir='ltr'><strong>νει</strong></span> <span class='ocrx_word' id='word_1_426' title='bbox 1591 4694 1930 4742; x_wconf 79' lang='lat' dir='ltr'><strong>prunxwres,</strong></span> <span class='ocrx_word' id='word_1_427' title='bbox 1963 4694 2033 4731; x_wconf 85' lang='lat' dir='ltr'><strong>OD</strong></span> 
     </span>
     <span class='ocr_line' id='line_1_65' title="bbox 384 4694 2033 4814; baseline 0 -14"><span class='ocrx_word' id='word_1_428' title='bbox 384 4694 607 4800; x_wconf 33' lang='grc' dir='ltr'><strong>ἐμω]</strong></span> <span class='ocrx_word' id='word_1_429' title='bbox 644 4744 941 4798; x_wconf 85' lang='lat' dir='ltr'><strong>faciliorem</strong></span> <span class='ocrx_word' id='word_1_430' title='bbox 992 4744 1046 4797; x_wconf 92' lang='lat' dir='ltr'><strong>in</strong></span> <span class='ocrx_word' id='word_1_431' title='bbox 1090 4744 1490 4814; x_wconf 82' lang='lat' dir='ltr'><strong>compendium</strong></span> <span class='ocrx_word' id='word_1_432' title='bbox 1514 4744 1860 4814; x_wconf 86' lang='lat' dir='ltr'><strong>contraheret</strong></span> <span class='ocrx_word' id='word_1_433' title='bbox 1892 4766 1903 4797; x_wconf 89' lang='lat'><strong>:</strong></span> <span class='ocrx_word' id='word_1_434' title='bbox 1938 4755 2033 4801; x_wconf 91' lang='lat' dir='ltr'><strong>aut</strong></span> 
     </span>
    </p>
   </div>
   <div class='ocr_carea' id='block_1_65' title="bbox 448 4812 2036 4882">
    <p class='ocr_par' dir='ltr' id='par_1_65' title="bbox 448 4812 2036 4882">
     <span class='ocr_line' id='line_1_66' title="bbox 448 4812 2036 4882; baseline 0 -12"><span class='ocrx_word' id='word_1_435' title='bbox 448 4815 667 4871; x_wconf 89' lang='lat' dir='ltr'><strong>demum</strong></span> <span class='ocrx_word' id='word_1_436' title='bbox 716 4816 771 4868; x_wconf 91' lang='lat' dir='ltr'><strong>in</strong></span> <span class='ocrx_word' id='word_1_437' title='bbox 814 4813 1040 4868; x_wconf 90' lang='lat' dir='ltr'><strong>formam</strong></span> <span class='ocrx_word' id='word_1_438' title='bbox 1090 4812 1356 4869; x_wconf 83' lang='lat' dir='ltr'><strong>sermonis</strong></span> <span class='ocrx_word' id='word_1_439' title='bbox 1403 4812 1493 4882; x_wconf 88' lang='lat' dir='ltr'><strong>qui</strong></span> <span class='ocrx_word' id='word_1_440' title='bbox 1534 4813 1730 4881; x_wconf 92' lang='lat' dir='ltr'><strong>populo</strong></span> <span class='ocrx_word' id='word_1_441' title='bbox 1777 4816 1841 4867; x_wconf 82' lang='lat' dir='ltr'><strong>ad</strong></span> <span class='ocrx_word' id='word_1_442' title='bbox 1869 4817 2036 4870; x_wconf 62' lang='lat' dir='ltr'><strong>aediﬁ-</strong></span> 
     </span>
    </p>
   </div>
   <div class='ocr_carea' id='block_1_66' title="bbox 447 4881 2033 4955">
    <p class='ocr_par' dir='ltr' id='par_1_66' title="bbox 447 4881 2033 4955">
     <span class='ocr_line' id='line_1_67' title="bbox 447 4881 2033 4955; baseline 0 -13"><span class='ocrx_word' id='word_1_443' title='bbox 447 4886 720 4942; x_wconf 90' lang='lat' dir='ltr'><strong>cationem</strong></span> <span class='ocrx_word' id='word_1_444' title='bbox 761 4887 985 4955; x_wconf 88' lang='lat' dir='ltr'><strong>proponi</strong></span> <span class='ocrx_word' id='word_1_445' title='bbox 1014 4894 1212 4955; x_wconf 88' lang='lat' dir='ltr'><strong>posset,</strong></span> <span class='ocrx_word' id='word_1_446' title='bbox 1238 4881 1539 4955; x_wconf 69' lang='lat' dir='ltr'><strong>redigei~et_._</strong></span> <span class='ocrx_word' id='word_1_447' title='bbox 1574 4881 1640 4935; x_wconf 88' lang='lat' dir='ltr'><strong>Et</strong></span> <span class='ocrx_word' id='word_1_448' title='bbox 1665 4885 1881 4955; x_wconf 69' lang='lat' dir='ltr'><strong>quidem</strong></span> <span class='ocrx_word' id='word_1_449' title='bbox 1913 4902 2033 4954; x_wconf 68' lang='lat' dir='ltr'><strong>qua:</strong></span> 
     </span>
    </p>
   </div>
   <div class='ocr_carea' id='block_1_67' title="bbox 448 4950 2029 5023">
    <p class='ocr_par' dir='ltr' id='par_1_67' title="bbox 448 4950 2029 5023">
     <span class='ocr_line' id='line_1_68' title="bbox 448 4950 2029 5023; baseline -0.001 -12"><span class='ocrx_word' id='word_1_450' title='bbox 448 4956 522 5011; x_wconf 92' lang='lat' dir='ltr'><strong>illi</strong></span> <span class='ocrx_word' id='word_1_451' title='bbox 554 4950 778 5010; x_wconf 75' lang='lat' dir='ltr'><strong>occasio</strong></span> <span class='ocrx_word' id='word_1_452' title='bbox 800 4950 960 5010; x_wconf 78' lang='lat' dir='ltr'><strong>fuerit</strong></span> <span class='ocrx_word' id='word_1_453' title='bbox 982 4950 1132 5010; x_wconf 85' lang='lat' dir='ltr'><strong>Vitas</strong></span> <span class='ocrx_word' id='word_1_454' title='bbox 1156 4950 1465 5010; x_wconf 71' lang='lat' dir='ltr'><strong>sanctorum</strong></span> <span class='ocrx_word' id='word_1_455' title='bbox 1500 4950 1737 5017; x_wconf 79' lang='lat' dir='ltr'><strong>Vedasti,</strong></span> <span class='ocrx_word' id='word_1_456' title='bbox 1771 4950 2029 5023; x_wconf 52' lang='lat' dir='ltr'><strong>Richa&#39;rii,</strong></span> 
     </span>
    </p>
   </div>
   <div class='ocr_carea' id='block_1_68' title="bbox 448 5023 2029 5094">
    <p class='ocr_par' dir='ltr' id='par_1_68' title="bbox 448 5023 2029 5094">
     <span class='ocr_line' id='line_1_69' title="bbox 448 5023 2029 5094; baseline -0.002 -11"><span class='ocrx_word' id='word_1_457' title='bbox 448 5037 504 5083; x_wconf 90' lang='lat' dir='ltr'><strong>et</strong></span> <span class='ocrx_word' id='word_1_458' title='bbox 524 5025 854 5081; x_wconf 86' lang='lat' dir='ltr'><strong>Willibrordi</strong></span> <span class='ocrx_word' id='word_1_459' title='bbox 898 5026 1171 5080; x_wconf 85' lang='lat' dir='ltr'><strong>scribendi</strong></span> <span class='ocrx_word' id='word_1_460' title='bbox 1216 5024 1300 5078; x_wconf 90' lang='lat' dir='ltr'><strong>vel</strong></span> <span class='ocrx_word' id='word_1_461' title='bbox 1346 5023 1669 5088; x_wconf 84' lang='lat' dir='ltr'><strong>cxornandi,</strong></span> <span class='ocrx_word' id='word_1_462' title='bbox 1704 5026 1932 5094; x_wconf 88' lang='lat' dir='ltr'><strong>ipsemet</strong></span> <span class='ocrx_word' id='word_1_463' title='bbox 1974 5027 2029 5081; x_wconf 92' lang='lat' dir='ltr'><strong>in</strong></span> 
     </span>
    </p>
   </div>
   <div class='ocr_carea' id='block_1_69' title="bbox 446 5094 2033 5168">
    <p class='ocr_par' dir='ltr' id='par_1_69' title="bbox 446 5094 2033 5168">
     <span class='ocr_line' id='line_1_70' title="bbox 446 5094 2033 5168; baseline -0.002 -15"><span class='ocrx_word' id='word_1_464' title='bbox 446 5098 691 5168; x_wconf 87' lang='lat' dir='ltr'><strong>epistolis</strong></span> <span class='ocrx_word' id='word_1_465' title='bbox 721 5112 814 5152; x_wconf 84' lang='lat' dir='ltr'><strong>seu</strong></span> <span class='ocrx_word' id='word_1_466' title='bbox 828 5096 1245 5168; x_wconf 65' lang='lat' dir='ltr'><strong>praefationibus</strong></span> <span class='ocrx_word' id='word_1_467' title='bbox 1291 5095 1424 5168; x_wconf 78' lang='lat' dir='ltr'><strong>satis</strong></span> <span class='ocrx_word' id='word_1_468' title='bbox 1455 5096 1646 5168; x_wconf 84' lang='lat' dir='ltr'><strong>edocet</strong></span> <span class='ocrx_word' id='word_1_469' title='bbox 1669 5113 1681 5147; x_wconf 91' lang='lat'>:</span> <span class='ocrx_word' id='word_1_470' title='bbox 1704 5094 1871 5168; x_wconf 84' lang='lat' dir='ltr'><strong>breve</strong></span> <span class='ocrx_word' id='word_1_471' title='bbox 1902 5112 2033 5151; x_wconf 88' lang='lat' dir='ltr'><strong>vero</strong></span> 
     </span>
    </p>
   </div>
   <div class='ocr_carea' id='block_1_70' title="bbox 444 5164 2031 5236">
    <p class='ocr_par' dir='ltr' id='par_1_70' title="bbox 444 5164 2031 5236">
     <span class='ocr_line' id='line_1_71' title="bbox 444 5164 2031 5236; baseline -0.001 -13"><span class='ocrx_word' id='word_1_472' title='bbox 444 5164 708 5236; x_wconf 77' lang='lat' dir='ltr'><strong>scriptum</strong></span> <span class='ocrx_word' id='word_1_473' title='bbox 732 5168 798 5222; x_wconf 83' lang='lat' dir='ltr'><strong>de</strong></span> <span class='ocrx_word' id='word_1_474' title='bbox 828 5164 944 5221; x_wconf 79' lang='lat' dir='ltr'><strong>Vita</strong></span> <span class='ocrx_word' id='word_1_475' title='bbox 974 5167 1145 5221; x_wconf 89' lang='lat' dir='ltr'><strong>sancti</strong></span> <span class='ocrx_word' id='word_1_476' title='bbox 1170 5164 1404 5230; x_wconf 87' lang='lat' dir='ltr'><strong>Martini,</strong></span> <span class='ocrx_word' id='word_1_477' title='bbox 1434 5165 1574 5235; x_wconf 79' lang='lat' dir='ltr'><strong>quod</strong></span> <span class='ocrx_word' id='word_1_478' title='bbox 1604 5165 1656 5236; x_wconf 85' lang='lat' dir='ltr'><strong>in</strong></span> <span class='ocrx_word' id='word_1_479' title='bbox 1683 5166 1817 5222; x_wconf 92' lang='lat' dir='ltr'><strong>duas</strong></span> <span class='ocrx_word' id='word_1_480' title='bbox 1846 5176 2031 5236; x_wconf 80' lang='lat' dir='ltr'><strong>partes</strong></span> 
     </span>
    </p>
   </div>
   <div class='ocr_carea' id='block_1_71' title="bbox 444 5233 2031 5305">
    <p class='ocr_par' dir='ltr' id='par_1_71' title="bbox 444 5233 2031 5305">
     <span class='ocr_line' id='line_1_72' title="bbox 444 5233 2031 5305; baseline -0.001 -13"><span class='ocrx_word' id='word_1_481' title='bbox 444 5233 609 5292; x_wconf 72' lang='lat' dir='ltr'><strong>veluti</strong></span> <span class='ocrx_word' id='word_1_482' title='bbox 645 5237 780 5291; x_wconf 85' lang='lat' dir='ltr'><strong>duos</strong></span> <span class='ocrx_word' id='word_1_483' title='bbox 818 5251 1098 5291; x_wconf 89' lang='lat' dir='ltr'><strong>sermones</strong></span> <span class='ocrx_word' id='word_1_484' title='bbox 1125 5236 1352 5289; x_wconf 82' lang='lat' dir='ltr'><strong>divisum</strong></span> <span class='ocrx_word' id='word_1_485' title='bbox 1386 5233 1488 5298; x_wconf 78' lang='lat' dir='ltr'><strong>est,</strong></span> <span class='ocrx_word' id='word_1_486' title='bbox 1520 5233 2031 5305; x_wconf 55' lang='lat' dir='ltr'><strong>przefatione&#39;desti-</strong></span> 
     </span>
    </p>
   </div>
   <div class='ocr_carea' id='block_1_72' title="bbox 2135 4178 3732 4249">
    <p class='ocr_par' dir='ltr' id='par_1_72' title="bbox 2135 4178 3732 4249">
     <span class='ocr_line' id='line_1_73' title="bbox 2135 4178 3732 4249; baseline -0.002 -9"><span class='ocrx_word' id='word_1_487' title='bbox 2135 4178 2285 4248; x_wconf 78' lang='lat' dir='ltr'><strong>sum,</strong></span> <span class='ocrx_word' id='word_1_488' title='bbox 2357 4189 2411 4236; x_wconf 89' lang='lat' dir='ltr'><strong>et</strong></span> <span class='ocrx_word' id='word_1_489' title='bbox 2459 4178 2726 4249; x_wconf 84' lang='lat' dir='ltr'><strong>epilogum</strong></span> <span class='ocrx_word' id='word_1_490' title='bbox 2792 4180 2956 4233; x_wconf 89' lang='lat' dir='ltr'><strong>totius</strong></span> <span class='ocrx_word' id='word_1_491' title='bbox 3027 4178 3267 4248; x_wconf 86' lang='lat' dir='ltr'><strong>opusculi</strong></span> <span class='ocrx_word' id='word_1_492' title='bbox 3321 4180 3489 4248; x_wconf 89' lang='lat' dir='ltr'><strong>priori</strong></span> <span class='ocrx_word' id='word_1_493' title='bbox 3560 4184 3732 4238; x_wconf 85' lang='lat' dir='ltr'><strong>etiam</strong></span> 
     </span>
    </p>
   </div>
   <div class='ocr_carea' id='block_1_73' title="bbox 2134 4249 3730 4329">
    <p class='ocr_par' dir='ltr' id='par_1_73' title="bbox 2134 4249 3730 4329">
     <span class='ocr_line' id='line_1_74' title="bbox 2134 4249 3730 4329; baseline -0.002 -20"><span class='ocrx_word' id='word_1_494' title='bbox 2134 4249 3060 4329; x_wconf 41' lang='lat' dir='ltr'><strong>partiadjectnmLASanctus_Odilo</strong></span> <span class='ocrx_word' id='word_1_495' title='bbox 3087 4249 3257 4329; x_wconf 64' lang='lat' dir='ltr'><strong>abbas</strong></span> <span class='ocrx_word' id='word_1_496' title='bbox 3293 4252 3730 4329; x_wconf 39' lang='lat' dir='ltr'><strong>testatur-1mm,</strong></span> 
     </span>
    </p>
   </div>
   <div class='ocr_carea' id='block_1_74' title="bbox 2136 4320 3733 4391">
    <p class='ocr_par' dir='ltr' id='par_1_74' title="bbox 2136 4320 3733 4391">
     <span class='ocr_line' id='line_1_75' title="bbox 2136 4320 3733 4391; baseline -0.001 -9"><span class='ocrx_word' id='word_1_497' title='bbox 2136 4320 2400 4387; x_wconf 60' lang='lat' dir='ltr'><strong>Cluniacf,</strong></span> <span class='ocrx_word' id='word_1_498' title='bbox 2435 4338 2556 4391; x_wconf 88' lang='lat' dir='ltr'><strong>pag.</strong></span> <span class='ocrx_word' id='word_1_499' title='bbox 2586 4320 2713 4390; x_wconf 69' lang='lat'><strong>204)</strong></span> <span class='ocrx_word' id='word_1_500' title='bbox 2754 4320 3038 4374; x_wconf 90' lang='lat' dir='ltr'><strong>Alcninnm</strong></span> <span class='ocrx_word' id='word_1_501' title='bbox 3087 4320 3262 4375; x_wconf 80' lang='lat' dir='ltr'><strong>Vitam</strong></span> <span class='ocrx_word' id='word_1_502' title='bbox 3296 4323 3469 4375; x_wconf 87' lang='lat' dir='ltr'><strong>sancti</strong></span> <span class='ocrx_word' id='word_1_503' title='bbox 3508 4320 3733 4380; x_wconf 71' lang='lat' dir='ltr'><strong>Martini</strong></span> 
     </span>
    </p>
   </div>
   <div class='ocr_carea' id='block_1_75' title="bbox 2136 4338 3740 4462">
    <p class='ocr_par' dir='ltr' id='par_1_75' title="bbox 2136 4338 3740 4462">
     <span class='ocr_line' id='line_1_76' title="bbox 2136 4338 3733 4391; baseline -0.001 -9"><span class='ocrx_word' id='word_1_504' title='bbox 2136 4338 2400 4387; x_wconf 56' lang='lat' dir='ltr'><strong>(numam,</strong></span> <span class='ocrx_word' id='word_1_505' title='bbox 2473 4338 2556 4391; x_wconf 89' lang='lat' dir='ltr'><strong>ag.</strong></span> <span class='ocrx_word' id='word_1_506' title='bbox 2586 4338 2713 4390; x_wconf 72' lang='lat'><strong>204)</strong></span> <span class='ocrx_word' id='word_1_507' title='bbox 2754 4338 3038 4374; x_wconf 78' lang='lat' dir='ltr'><strong>mcmnnm</strong></span> <span class='ocrx_word' id='word_1_508' title='bbox 3095 4338 3262 4375; x_wconf 69' lang='lat' dir='ltr'><strong>vitam</strong></span> <span class='ocrx_word' id='word_1_509' title='bbox 3296 4338 3469 4375; x_wconf 87' lang='lat' dir='ltr'><strong>sancu</strong></span> <span class='ocrx_word' id='word_1_510' title='bbox 3508 4338 3733 4380; x_wconf 68' lang='lat' dir='ltr'><strong>marum</strong></span> 
     </span>
     <span class='ocr_line' id='line_1_77' title="bbox 2136 4338 3740 4462; baseline -0.002 -11"><span class='ocrx_word' id='word_1_511' title='bbox 2136 4415 2165 4451; x_wconf 89' lang='lat' dir='ltr'><strong>a</strong></span> <span class='ocrx_word' id='word_1_512' title='bbox 2194 4396 2399 4450; x_wconf 85' lang='lat' dir='ltr'><strong>Severo</strong></span> <span class='ocrx_word' id='word_1_513' title='bbox 2427 4338 2659 4461; x_wconf 54' lang='lat' dir='ltr'><strong>gulpitio</strong></span> <span class='ocrx_word' id='word_1_514' title='bbox 2705 4392 2964 4462; x_wconf 68' lang='lat' dir='ltr'><strong>scriptam</strong></span> <span class='ocrx_word' id='word_1_515' title='bbox 3008 4393 3161 4445; x_wconf 76' lang='lat' dir='ltr'><strong>dictis</strong></span> <span class='ocrx_word' id='word_1_516' title='bbox 3201 4391 3524 4462; x_wconf 72' lang='lat' dir='ltr'><strong>plenioribus</strong></span> <span class='ocrx_word' id='word_1_517' title='bbox 3567 4393 3740 4448; x_wconf 82' lang='lat' dir='ltr'><strong>eluci-</strong></span> 
     </span>
    </p>
   </div>
   <div class='ocr_carea' id='block_1_76' title="bbox 2134 4461 3735 4531">
    <p class='ocr_par' dir='ltr' id='par_1_76' title="bbox 2134 4461 3735 4531">
     <span class='ocr_line' id='line_1_78' title="bbox 2134 4461 3735 4531; baseline 0.001 -10"><span class='ocrx_word' id='word_1_518' title='bbox 2134 4468 2305 4521; x_wconf 79' lang='lat' dir='ltr'><strong>dasse.</strong></span> <span class='ocrx_word' id='word_1_519' title='bbox 2367 4462 2563 4516; x_wconf 78' lang='lat' dir='ltr'><strong>Verum</strong></span> <span class='ocrx_word' id='word_1_520' title='bbox 2602 4477 2723 4515; x_wconf 91' lang='lat' dir='ltr'><strong>cum</strong></span> <span class='ocrx_word' id='word_1_521' title='bbox 2775 4461 2893 4514; x_wconf 85' lang='lat' dir='ltr'><strong>Vita</strong></span> <span class='ocrx_word' id='word_1_522' title='bbox 2940 4461 3243 4530; x_wconf 55' lang='lat' dir='ltr'><strong>hujusmmii</strong></span> <span class='ocrx_word' id='word_1_523' title='bbox 3281 4461 3486 4531; x_wconf 82' lang='lat' dir='ltr'><strong>plenior</strong></span> <span class='ocrx_word' id='word_1_524' title='bbox 3537 4465 3735 4522; x_wconf 86' lang='lat' dir='ltr'><strong>nullibi</strong></span> 
     </span>
    </p>
   </div>
   <div class='ocr_carea' id='block_1_77' title="bbox 2135 4532 3742 4607">
    <p class='ocr_par' dir='ltr' id='par_1_77' title="bbox 2135 4532 3742 4607">
     <span class='ocr_line' id='line_1_79' title="bbox 2135 4532 3742 4607; baseline -0.001 -14"><span class='ocrx_word' id='word_1_525' title='bbox 2135 4542 2475 4607; x_wconf 63' lang='lat' dir='ltr'><strong>compareat,</strong></span> <span class='ocrx_word' id='word_1_526' title='bbox 2499 4548 2675 4601; x_wconf 91' lang='lat' dir='ltr'><strong>neque</strong></span> <span class='ocrx_word' id='word_1_527' title='bbox 2708 4532 2843 4607; x_wconf 62' lang='lat' dir='ltr'><strong>Vna:</strong></span> <span class='ocrx_word' id='word_1_528' title='bbox 2878 4533 3088 4607; x_wconf 83' lang='lat' dir='ltr'><strong>Alcuini</strong></span> <span class='ocrx_word' id='word_1_529' title='bbox 3126 4533 3538 4607; x_wconf 39' lang='lat' dir='ltr'><strong>scripto‘rillins</strong></span> <span class='ocrx_word' id='word_1_530' title='bbox 3583 4551 3742 4591; x_wconf 81' lang='lat' dir='ltr'><strong>men-</strong></span> 
     </span>
    </p>
   </div>
   <div class='ocr_carea' id='block_1_78' title="bbox 2135 4600 3743 4676">
    <p class='ocr_par' dir='ltr' id='par_1_78' title="bbox 2135 4600 3743 4676">
     <span class='ocr_line' id='line_1_80' title="bbox 2135 4600 3743 4676; baseline -0.001 -13"><span class='ocrx_word' id='word_1_531' title='bbox 2135 4600 2337 4663; x_wconf 80' lang='lat' dir='ltr'><strong>tionem</strong></span> <span class='ocrx_word' id='word_1_532' title='bbox 2378 4603 2558 4676; x_wconf 81' lang='lat' dir='ltr'><strong>faciat,</strong></span> <span class='ocrx_word' id='word_1_533' title='bbox 2589 4600 2816 4658; x_wconf 71' lang='lat' dir='ltr'><strong>credam</strong></span> <span class='ocrx_word' id='word_1_534' title='bbox 2854 4604 2991 4673; x_wconf 87' lang='lat' dir='ltr'><strong>apud</strong></span> <span class='ocrx_word' id='word_1_535' title='bbox 3026 4600 3278 4676; x_wconf 80' lang='lat' dir='ltr'><strong>sanctum</strong></span> <span class='ocrx_word' id='word_1_536' title='bbox 3309 4600 3597 4676; x_wconf 80' lang='lat' dir='ltr'><strong>Odilonem</strong></span> <span class='ocrx_word' id='word_1_537' title='bbox 3632 4623 3743 4676; x_wconf 79' lang='lat' dir='ltr'><strong>pm</strong></span> 
     </span>
    </p>
   </div>
   <div class='ocr_carea' id='block_1_79' title="bbox 2133 4674 3743 4750">
    <p class='ocr_par' dir='ltr' id='par_1_79' title="bbox 2133 4674 3743 4750">
     <span class='ocr_line' id='line_1_81' title="bbox 2133 4674 3743 4750; baseline -0.002 -20"><span class='ocrx_word' id='word_1_538' title='bbox 2133 4677 2450 4750; x_wconf 78' lang='lat' dir='ltr'><strong>plenioribus</strong></span> <span class='ocrx_word' id='word_1_539' title='bbox 2488 4674 2776 4750; x_wconf 78' lang='lat' dir='ltr'><strong>legendum</strong></span> <span class='ocrx_word' id='word_1_540' title='bbox 2824 4690 2945 4750; x_wconf 71' lang='lat' dir='ltr'><strong>esse</strong></span> <span class='ocrx_word' id='word_1_541' title='bbox 2981 4674 3319 4750; x_wconf 32' lang='lat' dir='ltr'><strong>planioribus.</strong></span> <span class='ocrx_word' id='word_1_542' title='bbox 3346 4674 3542 4750; x_wconf 62' lang='lat' dir='ltr'><strong>dictis;</strong></span> <span class='ocrx_word' id='word_1_543' title='bbox 3584 4674 3743 4747; x_wconf 78' lang='lat' dir='ltr'><strong>quod</strong></span> 
     </span>
    </p>
   </div>
   <div class='ocr_carea' id='block_1_80' title="bbox 2135 4744 3745 4818">
    <p class='ocr_par' dir='ltr' id='par_1_80' title="bbox 2135 4744 3745 4818">
     <span class='ocr_line' id='line_1_82' title="bbox 2135 4744 3745 4818; baseline -0.001 -15"><span class='ocrx_word' id='word_1_544' title='bbox 2135 4744 2201 4804; x_wconf 77' lang='lat' dir='ltr'><strong>de</strong></span> <span class='ocrx_word' id='word_1_545' title='bbox 2237 4749 2387 4803; x_wconf 75' lang='lat' dir='ltr'><strong>hisce</strong></span> <span class='ocrx_word' id='word_1_546' title='bbox 2419 4748 2627 4818; x_wconf 63' lang='lat' dir='ltr'><strong>duobus</strong></span> <span class='ocrx_word' id='word_1_547' title='bbox 2659 4746 2893 4818; x_wconf 85' lang='lat' dir='ltr'><strong>scriptis,</strong></span> <span class='ocrx_word' id='word_1_548' title='bbox 2921 4745 3154 4818; x_wconf 83' lang='lat' dir='ltr'><strong>breviori</strong></span> <span class='ocrx_word' id='word_1_549' title='bbox 3184 4761 3247 4799; x_wconf 92' lang='lat' dir='ltr'><strong>ac</strong></span> <span class='ocrx_word' id='word_1_550' title='bbox 3272 4744 3529 4818; x_wconf 84' lang='lat' dir='ltr'><strong>planiori,</strong></span> <span class='ocrx_word' id='word_1_551' title='bbox 3563 4744 3745 4818; x_wconf 80' lang='lat' dir='ltr'><strong>quam</strong></span> 
     </span>
    </p>
   </div>
   <div class='ocr_carea' id='block_1_81' title="bbox 2135 4814 3747 4891">
    <p class='ocr_par' dir='ltr' id='par_1_81' title="bbox 2135 4814 3747 4891">
     <span class='ocr_line' id='line_1_83' title="bbox 2135 4814 3747 4891; baseline 0.001 -17"><span class='ocrx_word' id='word_1_552' title='bbox 2135 4821 2272 4891; x_wconf 78' lang='lat' dir='ltr'><strong>apud</strong></span> <span class='ocrx_word' id='word_1_553' title='bbox 2302 4818 2409 4891; x_wconf 78' lang='lat' dir='ltr'><strong>sev</strong></span> <span class='ocrx_word' id='word_1_554' title='bbox 2455 4814 2978 4891; x_wconf 31' lang='lat' dir='ltr'><strong>Sulpitinmnlegitur,</strong></span> <span class='ocrx_word' id='word_1_555' title='bbox 3007 4816 3144 4887; x_wconf 77' lang='lat' dir='ltr'><strong>stylo</strong></span> <span class='ocrx_word' id='word_1_556' title='bbox 3170 4816 3430 4881; x_wconf 78' lang='lat' dir='ltr'><strong>exaratis,</strong></span> <span class='ocrx_word' id='word_1_557' title='bbox 3461 4826 3519 4873; x_wconf 82' lang='lat' dir='ltr'><strong>et</strong></span> <span class='ocrx_word' id='word_1_558' title='bbox 3543 4814 3611 4874; x_wconf 67' lang='lat' dir='ltr'><strong>ei</strong></span> <span class='ocrx_word' id='word_1_559' title='bbox 3636 4819 3747 4875; x_wconf 88' lang='lat' dir='ltr'><strong>illo</strong></span> 
     </span>
    </p>
   </div>
   <div class='ocr_carea' id='block_1_82' title="bbox 2135 4887 2937 4968">
    <p class='ocr_par' dir='ltr' id='par_1_82' title="bbox 2135 4887 2937 4968">
     <span class='ocr_line' id='line_1_84' title="bbox 2135 4887 2937 4968; baseline -0.007 -22"><span class='ocrx_word' id='word_1_560' title='bbox 2135 4887 2414 4968; x_wconf 63' lang='lat' dir='ltr'><strong>mutilatis,</strong></span> <span class='ocrx_word' id='word_1_561' title='bbox 2452 4887 2937 4968; x_wconf 53' lang='lat' dir='ltr'><strong>apte‘intclligitttr.</strong></span> 
     </span>
    </p>
   </div>
   <div class='ocr_carea' id='block_1_83' title="bbox 2208 4957 3747 5029">
    <p class='ocr_par' dir='ltr' id='par_1_83' title="bbox 2208 4957 3747 5029">
     <span class='ocr_line' id='line_1_85' title="bbox 2208 4957 3747 5029; baseline 0.004 -17"><span class='ocrx_word' id='word_1_562' title='bbox 2208 4961 2340 5015; x_wconf 70' lang='lat' dir='ltr'><strong>Vitae</strong></span> <span class='ocrx_word' id='word_1_563' title='bbox 2371 4960 2543 5014; x_wconf 87' lang='lat' dir='ltr'><strong>sancti</strong></span> <span class='ocrx_word' id='word_1_564' title='bbox 2581 4957 2801 5029; x_wconf 75' lang='lat' dir='ltr'><strong>vedasti</strong></span> <span class='ocrx_word' id='word_1_565' title='bbox 2827 4957 3087 5012; x_wconf 89' lang='lat' dir='ltr'><strong>Alcuinns</strong></span> <span class='ocrx_word' id='word_1_566' title='bbox 3119 4976 3227 5015; x_wconf 91' lang='lat' dir='ltr'><strong>non</strong></span> <span class='ocrx_word' id='word_1_567' title='bbox 3262 4961 3475 5029; x_wconf 88' lang='lat' dir='ltr'><strong>primus</strong></span> <span class='ocrx_word' id='word_1_568' title='bbox 3510 4970 3747 5029; x_wconf 86' lang='lat' dir='ltr'><strong>auctor,</strong></span> 
     </span>
    </p>
   </div>
   <div class='ocr_carea' id='block_1_84' title="bbox 2136 5027 3753 5103">
    <p class='ocr_par' dir='ltr' id='par_1_84' title="bbox 2136 5027 3753 5103">
     <span class='ocr_line' id='line_1_86' title="bbox 2136 5027 3753 5103; baseline 0.001 -16"><span class='ocrx_word' id='word_1_569' title='bbox 2136 5032 2233 5103; x_wconf 76' lang='lat' dir='ltr'><strong>sed</strong></span> <span class='ocrx_word' id='word_1_570' title='bbox 2266 5029 2602 5103; x_wconf 66' lang='lat' dir='ltr'><strong>emendator</strong></span> <span class='ocrx_word' id='word_1_571' title='bbox 2626 5027 2743 5103; x_wconf 84' lang='lat' dir='ltr'><strong>fuit,</strong></span> <span class='ocrx_word' id='word_1_572' title='bbox 2774 5036 2938 5103; x_wconf 83' lang='lat' dir='ltr'><strong>prout</strong></span> <span class='ocrx_word' id='word_1_573' title='bbox 2980 5027 3403 5103; x_wconf 12' lang='lat' dir='ltr'><strong>ipseiprtefaturi</strong></span> <span class='ocrx_word' id='word_1_574' title='bbox 3426 5033 3586 5088; x_wconf 89' lang='lat' dir='ltr'><strong>initio</strong></span> <span class='ocrx_word' id='word_1_575' title='bbox 3612 5027 3753 5103; x_wconf 48' lang='lat' dir='ltr'><strong>epil-</strong></span> 
     </span>
    </p>
   </div>
   <div class='ocr_carea' id='block_1_85' title="bbox 2136 5044 3751 5170">
    <p class='ocr_par' dir='ltr' id='par_1_85' title="bbox 2136 5044 3751 5170">
     <span class='ocr_line' id='line_1_87' title="bbox 2136 5044 3751 5151; baseline 0.001 -64"><span class='ocrx_word' id='word_1_576' title='bbox 2136 5044 2229 5087; x_wconf 70' lang='grc' dir='ltr'><strong>εοη</strong></span> <span class='ocrx_word' id='word_1_577' title='bbox 2266 5044 2581 5086; x_wconf 65' lang='lat' dir='ltr'><strong>emendator</strong></span> <span class='ocrx_word' id='word_1_578' title='bbox 2626 5044 2741 5091; x_wconf 83' lang='lat' dir='ltr'><strong>Illll,</strong></span> <span class='ocrx_word' id='word_1_579' title='bbox 2771 5044 2938 5151; x_wconf 52' lang='lat' dir='ltr'><strong>gront</strong></span> <span class='ocrx_word' id='word_1_580' title='bbox 2980 5045 3093 5098; x_wconf 77' lang='lat' dir='ltr'><strong>ipse</strong></span> <span class='ocrx_word' id='word_1_581' title='bbox 3136 5044 3395 5100; x_wconf 72' lang='lat' dir='ltr'><strong>pmtatur</strong></span> <span class='ocrx_word' id='word_1_582' title='bbox 3426 5044 3586 5088; x_wconf 83' lang='lat' dir='ltr'><strong>mitto</strong></span> <span class='ocrx_word' id='word_1_583' title='bbox 3612 5044 3751 5103; x_wconf 83' lang='lat' dir='ltr'><strong>epi-</strong></span> 
     </span>
     <span class='ocr_line' id='line_1_88' title="bbox 2136 5099 3751 5170; baseline 0.001 -13"><span class='ocrx_word' id='word_1_584' title='bbox 2136 5101 2286 5157; x_wconf 69' lang='lat' dir='ltr'><strong>stola:</strong></span> <span class='ocrx_word' id='word_1_585' title='bbox 2316 5099 2655 5155; x_wconf 54' lang='lat' dir='ltr'><strong>de*&#39;icatori:c</strong></span> <span class='ocrx_word' id='word_1_586' title='bbox 2681 5101 2746 5153; x_wconf 88' lang='lat' dir='ltr'><strong>ad</strong></span> <span class='ocrx_word' id='word_1_587' title='bbox 2819 5100 3047 5154; x_wconf 86' lang='lat' dir='ltr'><strong>adonem</strong></span> <span class='ocrx_word' id='word_1_588' title='bbox 3075 5102 3344 5157; x_wconf 90' lang='lat' dir='ltr'><strong>abbatem.</strong></span> <span class='ocrx_word' id='word_1_589' title='bbox 3375 5102 3511 5170; x_wconf 64' lang='lat' dir='ltr'><strong>Quae</strong></span> <span class='ocrx_word' id='word_1_590' title='bbox 3543 5111 3751 5159; x_wconf 83' lang='lat' dir='ltr'><strong>autem</strong></span> 
     </span>
    </p>
   </div>
   <div class='ocr_carea' id='block_1_86' title="bbox 2135 5170 3749 5239">
    <p class='ocr_par' dir='ltr' id='par_1_86' title="bbox 2135 5170 3749 5239">
     <span class='ocr_line' id='line_1_89' title="bbox 2135 5170 3749 5239; baseline 0.002 -14"><span class='ocrx_word' id='word_1_591' title='bbox 2135 5172 2297 5227; x_wconf 87' lang='lat' dir='ltr'><strong>fuerit</strong></span> <span class='ocrx_word' id='word_1_592' title='bbox 2340 5170 2459 5223; x_wconf 88' lang='lat' dir='ltr'><strong>Vita</strong></span> <span class='ocrx_word' id='word_1_593' title='bbox 2498 5170 2584 5222; x_wconf 86' lang='lat' dir='ltr'><strong>illa</strong></span> <span class='ocrx_word' id='word_1_594' title='bbox 2632 5178 2758 5225; x_wconf 87' lang='lat' dir='ltr'><strong>ante</strong></span> <span class='ocrx_word' id='word_1_595' title='bbox 2801 5171 3127 5239; x_wconf 89' lang='lat' dir='ltr'><strong>conscripta,</strong></span> <span class='ocrx_word' id='word_1_596' title='bbox 3162 5187 3268 5227; x_wconf 90' lang='lat' dir='ltr'><strong>non</strong></span> <span class='ocrx_word' id='word_1_597' title='bbox 3309 5175 3449 5227; x_wconf 85' lang='lat' dir='ltr'><strong>satis</strong></span> <span class='ocrx_word' id='word_1_598' title='bbox 3485 5184 3749 5229; x_wconf 77' lang='lat' dir='ltr'><strong>constat.</strong></span> 
     </span>
    </p>
   </div>
   <div class='ocr_carea' id='block_1_87' title="bbox 2135 5240 3757 5312">
    <p class='ocr_par' dir='ltr' id='par_1_87' title="bbox 2135 5240 3757 5312">
     <span class='ocr_line' id='line_1_90' title="bbox 2135 5240 3757 5312; baseline 0.002 -17"><span class='ocrx_word' id='word_1_599' title='bbox 2135 5242 2377 5297; x_wconf 81' lang='lat' dir='ltr'><strong>Andreas</strong></span> <span class='ocrx_word' id='word_1_600' title='bbox 2401 5242 2469 5295; x_wconf 87' lang='lat' dir='ltr'><strong>du</strong></span> <span class='ocrx_word' id='word_1_601' title='bbox 2493 5240 2725 5305; x_wconf 87' lang='lat' dir='ltr'><strong>Chesne,</strong></span> <span class='ocrx_word' id='word_1_602' title='bbox 2754 5250 2883 5295; x_wconf 91' lang='lat' dir='ltr'><strong>tom.</strong></span> <span class='ocrx_word' id='word_1_603' title='bbox 2920 5240 2948 5312; x_wconf 81' lang='lat' dir='ltr'><strong>l_</strong></span> <span class='ocrx_word' id='word_1_604' title='bbox 2970 5240 3168 5312; x_wconf 87' lang='lat' dir='ltr'><strong>Script.</strong></span> <span class='ocrx_word' id='word_1_605' title='bbox 3217 5243 3344 5296; x_wconf 88' lang='lat' dir='ltr'><strong>hist.</strong></span> <span class='ocrx_word' id='word_1_606' title='bbox 3383 5242 3757 5299; x_wconf 82' lang='lat' dir='ltr'><strong>Franconun</strong></span> 
     </span>
    </p>
   </div>
   <div class='ocr_carea' id='block_1_88' title="bbox 445 5305 2058 5389">
    <p class='ocr_par' dir='ltr' id='par_1_88' title="bbox 445 5305 2032 5389">
     <span class='ocr_line' id='line_1_91' title="bbox 445 5305 2032 5389; baseline 0 -28"><span class='ocrx_word' id='word_1_607' title='bbox 445 5307 649 5389; x_wconf 51' lang='lat' dir='ltr'><strong>tuitur,</strong></span> <span class='ocrx_word' id='word_1_608' title='bbox 679 5316 736 5389; x_wconf 78' lang='lat' dir='ltr'><strong>et</strong></span> <span class='ocrx_word' id='word_1_609' title='bbox 777 5306 937 5388; x_wconf 65' lang='lat'><strong>158</strong></span> <span class='ocrx_word' id='word_1_610' title='bbox 984 5305 1434 5389; x_wconf 40' lang='lat' dir='ltr'><strong>prima‘qnidem.</strong></span> <span class='ocrx_word' id='word_1_611' title='bbox 1465 5323 1610 5389; x_wconf 42' lang='lat' dir='ltr'><strong>pars‘</strong></span> <span class='ocrx_word' id='word_1_612' title='bbox 1630 5307 2032 5389; x_wconf 42' lang='lat' dir='ltr'><strong>a.Q.nerc.etano</strong></span> 
     </span>
    </p>
   </div>
   <div class='ocr_carea' id='block_1_89' title="bbox 2140 5305 3761 5389">
    <p class='ocr_par' dir='ltr' id='par_1_89' title="bbox 2140 5305 3761 5389">
     <span class='ocr_line' id='line_1_92' title="bbox 2140 5305 3761 5389; baseline 0.004 -24"><span class='ocrx_word' id='word_1_613' title='bbox 2140 5312 2281 5389; x_wconf 80' lang='lat' dir='ltr'><strong>illam</strong></span> <span class='ocrx_word' id='word_1_614' title='bbox 2318 5321 2755 5389; x_wconf 72' lang='lat' dir='ltr'><strong>esse_censet_e_x</strong></span> <span class='ocrx_word' id='word_1_615' title='bbox 2789 5328 2894 5389; x_wconf 80' lang='lat' dir='ltr'><strong>qua</strong></span> <span class='ocrx_word' id='word_1_616' title='bbox 2937 5310 2983 5366; x_wconf 90' lang='lat' dir='ltr'><strong>is</strong></span> <span class='ocrx_word' id='word_1_617' title='bbox 3034 5305 3289 5389; x_wconf 76' lang='lat' dir='ltr'><strong>nonnulla</strong></span> <span class='ocrx_word' id='word_1_618' title='bbox 3319 5329 3421 5383; x_wconf 88' lang='lat' dir='ltr'><strong>pro</strong></span> <span class='ocrx_word' id='word_1_619' title='bbox 3453 5328 3761 5389; x_wconf 74' lang='lat' dir='ltr'><strong>exornan-</strong></span> 
     </span>
    </p>
   </div>
   <div class='ocr_carea' id='block_1_90' title="bbox 444 5377 3761 5455">
    <p class='ocr_par' dir='ltr' id='par_1_90' title="bbox 444 5377 3761 5455">
     <span class='ocr_line' id='line_1_93' title="bbox 444 5377 3761 5455; baseline -0 -25"><span class='ocrx_word' id='word_1_620' title='bbox 444 5377 592 5455; x_wconf 65' lang='lat' dir='ltr'><strong>edita</strong></span> <span class='ocrx_word' id='word_1_621' title='bbox 617 5377 727 5455; x_wconf 70' lang='lat' dir='ltr'><strong>fuit</strong></span> <span class='ocrx_word' id='word_1_622' title='bbox 750 5392 818 5455; x_wconf 55' lang='lat' dir='ltr'><strong>es</strong></span> <span class='ocrx_word' id='word_1_623' title='bbox 852 5377 1014 5455; x_wconf 74' lang='lat' dir='ltr'><strong>priori</strong></span> <span class='ocrx_word' id='word_1_624' title='bbox 1046 5377 1278 5455; x_wconf 74' lang='lat' dir='ltr'><strong>quadam</strong></span> <span class='ocrx_word' id='word_1_625' title='bbox 1309 5378 1545 5455; x_wconf 74' lang='lat' dir='ltr'><strong>editione</strong></span> <span class='ocrx_word' id='word_1_626' title='bbox 1574 5377 1866 5432; x_wconf 88' lang='lat' dir='ltr'><strong>Parisiensi</strong></span> <span class='ocrx_word' id='word_1_627' title='bbox 1901 5378 2028 5455; x_wconf 81' lang='lat' dir='ltr'><strong>anni</strong></span> <span class='ocrx_word' id='word_1_628' title='bbox 2136 5384 2218 5438; x_wconf 86' lang='lat' dir='ltr'><strong>dis</strong></span> <span class='ocrx_word' id='word_1_629' title='bbox 2244 5384 2408 5455; x_wconf 85' lang='lat' dir='ltr'><strong>gestis</strong></span> <span class='ocrx_word' id='word_1_630' title='bbox 2432 5381 2680 5455; x_wconf 64' lang='lat' dir='ltr'><strong>Clodovei</strong></span> <span class='ocrx_word' id='word_1_631' title='bbox 2709 5383 2753 5455; x_wconf 49' lang='lat' dir='ltr'><strong>I&quot;</strong></span> <span class='ocrx_word' id='word_1_632' title='bbox 2778 5377 2919 5455; x_wconf 75' lang='lat' dir='ltr'><strong>regis</strong></span> <span class='ocrx_word' id='word_1_633' title='bbox 2949 5384 3245 5455; x_wconf 77' lang='lat' dir='ltr'><strong>excerpsit;</strong></span> <span class='ocrx_word' id='word_1_634' title='bbox 3290 5377 3344 5438; x_wconf 74' lang='lat' dir='ltr'><strong>et</strong></span> <span class='ocrx_word' id='word_1_635' title='bbox 3372 5400 3539 5454; x_wconf 81' lang='lat' dir='ltr'><strong>quam</strong></span> <span class='ocrx_word' id='word_1_636' title='bbox 3569 5384 3761 5441; x_wconf 73' lang='lat' dir='ltr'><strong>dein.</strong></span> 
     </span>
    </p>
   </div>
   <div class='ocr_carea' id='block_1_91' title="bbox 445 5445 3760 5524">
    <p class='ocr_par' dir='ltr' id='par_1_91' title="bbox 445 5445 3760 5524">
     <span class='ocr_line' id='line_1_94' title="bbox 445 5445 3760 5524; baseline 0.002 -24"><span class='ocrx_word' id='word_1_637' title='bbox 445 5445 588 5524; x_wconf 59' lang='lat'><strong>1610</strong></span> <span class='ocrx_word' id='word_1_638' title='bbox 609 5445 686 5519; x_wconf 86' lang='lat' dir='ltr'><strong>(a)</strong></span> <span class='ocrx_word' id='word_1_639' title='bbox 707 5455 764 5502; x_wconf 90' lang='lat' dir='ltr'><strong>et</strong></span> <span class='ocrx_word' id='word_1_640' title='bbox 783 5445 990 5524; x_wconf 68' lang='lat' dir='ltr'><strong>duobus</strong></span> <span class='ocrx_word' id='word_1_641' title='bbox 1017 5445 1172 5524; x_wconf 54' lang='lat' dir='ltr'><strong>eam}:</strong></span> <span class='ocrx_word' id='word_1_642' title='bbox 1197 5446 1529 5524; x_wconf 69' lang='lat' dir='ltr'><strong>mss.Altet_-a</strong></span> <span class='ocrx_word' id='word_1_643' title='bbox 1549 5463 1758 5524; x_wconf 78' lang='lat' dir='ltr'><strong>veroex</strong></span> <span class='ocrx_word' id='word_1_644' title='bbox 1773 5462 1873 5502; x_wconf 81' lang='lat' dir='ltr'><strong>IIIS.</strong></span> <span class='ocrx_word' id='word_1_645' title='bbox 1905 5447 2026 5524; x_wconf 75' lang='lat' dir='ltr'><strong>cod.</strong></span> <span class='ocrx_word' id='word_1_646' title='bbox 2056 5489 2107 5524; x_wconf 69' lang='grc' dir='ltr'>η</span> <span class='ocrx_word' id='word_1_647' title='bbox 2136 5445 2272 5524; x_wconf 70' lang='grc' dir='ltr'><strong>σερξ</strong></span> <span class='ocrx_word' id='word_1_648' title='bbox 2286 5454 2366 5509; x_wconf 87' lang='lat' dir='ltr'><strong>Go</strong></span> <span class='ocrx_word' id='word_1_649' title='bbox 2387 5455 2504 5510; x_wconf 91' lang='lat' dir='ltr'><strong>lefr.</strong></span> <span class='ocrx_word' id='word_1_650' title='bbox 2541 5445 2923 5524; x_wconf 68' lang='lat' dir='ltr'><strong>Henschenins</strong></span> <span class='ocrx_word' id='word_1_651' title='bbox 2943 5462 3071 5508; x_wconf 90' lang='lat' dir='ltr'><strong>tom.</strong></span> <span class='ocrx_word' id='word_1_652' title='bbox 3102 5445 3326 5516; x_wconf 69' lang='lat' dir='ltr'><strong>l&#39;Febr.,</strong></span> <span class='ocrx_word' id='word_1_653' title='bbox 3360 5445 3465 5510; x_wconf 70' lang='lat' dir='ltr'><strong>sub</strong></span> <span class='ocrx_word' id='word_1_654' title='bbox 3498 5456 3760 5515; x_wconf 77' lang='lat' dir='ltr'><strong>nomine</strong></span> 
     </span>
    </p>
   </div>
   <div class='ocr_carea' id='block_1_92' title="bbox 443 5489 3761 5599">
    <p class='ocr_par' dir='ltr' id='par_1_92' title="bbox 443 5489 3761 5599">
     <span class='ocr_line' id='line_1_95' title="bbox 443 5489 3761 5599; baseline 0.003 -29"><span class='ocrx_word' id='word_1_655' title='bbox 443 5489 813 5599; x_wconf 44' lang='lat' dir='ltr'><strong>lfuteabbrum</strong></span> <span class='ocrx_word' id='word_1_656' title='bbox 843 5516 1087 5599; x_wconf 71' lang='lat' dir='ltr'><strong>fratrum.</strong></span> <span class='ocrx_word' id='word_1_657' title='bbox 1125 5517 1582 5599; x_wconf 62' lang='lat' dir='ltr'><strong>Utraqtte_eodent</strong></span> <span class='ocrx_word' id='word_1_658' title='bbox 1612 5519 1821 5599; x_wconf 72' lang='lat' dir='ltr'><strong>epilogo</strong></span> <span class='ocrx_word' id='word_1_659' title='bbox 1851 5534 1915 5572; x_wconf 93' lang='lat' dir='ltr'><strong>ac</strong></span> <span class='ocrx_word' id='word_1_660' title='bbox 1944 5518 2031 5572; x_wconf 90' lang='lat' dir='ltr'><strong>iis-</strong></span> <span class='ocrx_word' id='word_1_661' title='bbox 2056 5489 2107 5549; x_wconf 67' lang='grc' dir='ltr'>Β</span> 
     </span>
    </p>
   </div>
   <div class='ocr_carea' id='block_1_93' title="bbox 445 5586 3762 5670">
    <p class='ocr_par' dir='ltr' id='par_1_93' title="bbox 445 5586 3762 5670">
     <span class='ocr_line' id='line_1_96' title="bbox 445 5586 3762 5670; baseline 0.001 -18"><span class='ocrx_word' id='word_1_662' title='bbox 445 5586 572 5670; x_wconf 64' lang='grc' dir='ltr'><strong>ἀρω</strong></span> <span class='ocrx_word' id='word_1_663' title='bbox 607 5587 956 5670; x_wconf 52' lang='lat' dir='ltr'><strong>pergeverbiﬁ</strong></span> <span class='ocrx_word' id='word_1_664' title='bbox 985 5586 1338 5670; x_wconf 48' lang='lat' dir='ltr'><strong>terminatur;</strong></span> <span class='ocrx_word' id='word_1_665' title='bbox 1374 5588 1508 5670; x_wconf 51' lang='grc' dir='ltr'><strong>,δίης</strong></span> <span class='ocrx_word' id='word_1_666' title='bbox 1538 5586 1875 5670; x_wconf 65' lang='lat' dir='ltr'><strong>suspicamur</strong></span> <span class='ocrx_word' id='word_1_667' title='bbox 1901 5604 2027 5670; x_wconf 68' lang='lat' dir='ltr'><strong>gum</strong></span> <span class='ocrx_word' id='word_1_668' title='bbox 2133 5597 2271 5670; x_wconf 65' lang='lat' dir='ltr'><strong>adeo</strong></span> <span class='ocrx_word' id='word_1_669' title='bbox 2296 5596 2409 5651; x_wconf 71' lang='lat' dir='ltr'><strong>haec</strong></span> <span class='ocrx_word' id='word_1_670' title='bbox 2438 5586 2569 5651; x_wconf 74' lang='lat' dir='ltr'><strong>Vita</strong></span> <span class='ocrx_word' id='word_1_671' title='bbox 2594 5594 2775 5670; x_wconf 60' lang='lat' dir='ltr'><strong>gliﬁ‘crt</strong></span> <span class='ocrx_word' id='word_1_672' title='bbox 2809 5595 2878 5670; x_wconf 78' lang='lat' dir='ltr'><strong>ab</strong></span> <span class='ocrx_word' id='word_1_673' title='bbox 2908 5594 3011 5650; x_wconf 88' lang='lat' dir='ltr'><strong>hac</strong></span> <span class='ocrx_word' id='word_1_674' title='bbox 3031 5595 3116 5670; x_wconf 75' lang='lat' dir='ltr'><strong>ab</strong></span> <span class='ocrx_word' id='word_1_675' title='bbox 3135 5586 3366 5670; x_wconf 65' lang='grc' dir='ltr'><strong>Λιουίηῆ</strong></span> <span class='ocrx_word' id='word_1_676' title='bbox 3396 5596 3634 5665; x_wconf 80' lang='lat' dir='ltr'><strong>scripta,</strong></span> <span class='ocrx_word' id='word_1_677' title='bbox 3685 5607 3762 5654; x_wconf 81' lang='lat' dir='ltr'><strong>ut</strong></span> 
     </span>
    </p>
   </div>
   <div class='ocr_carea' id='block_1_94' title="bbox 446 5656 3761 5741">
    <p class='ocr_par' dir='ltr' id='par_1_94' title="bbox 446 5656 3761 5741">
     <span class='ocr_line' id='line_1_97' title="bbox 446 5656 3761 5741; baseline 0.002 -31"><span class='ocrx_word' id='word_1_678' title='bbox 446 5656 582 5741; x_wconf 76' lang='lat' dir='ltr'><strong>clar.</strong></span> <span class='ocrx_word' id='word_1_679' title='bbox 609 5656 873 5741; x_wconf 63' lang='lat' dir='ltr'><strong>scriptore</strong></span> <span class='ocrx_word' id='word_1_680' title='bbox 895 5656 1033 5741; x_wconf 72' lang='lat' dir='ltr'><strong>liist.</strong></span> <span class='ocrx_word' id='word_1_681' title='bbox 1058 5658 1166 5741; x_wconf 76' lang='lat' dir='ltr'><strong>Lit.</strong></span> <span class='ocrx_word' id='word_1_682' title='bbox 1192 5657 1455 5739; x_wconf 69' lang='lat' dir='ltr'><strong>Francire,</strong></span> <span class='ocrx_word' id='word_1_683' title='bbox 1487 5666 1616 5741; x_wconf 73' lang='lat' dir='ltr'><strong>tom.</strong></span> <span class='ocrx_word' id='word_1_684' title='bbox 1642 5656 1730 5722; x_wconf 84' lang='lat' dir='ltr'><strong>IV,</strong></span> <span class='ocrx_word' id='word_1_685' title='bbox 1753 5674 1888 5741; x_wconf 39' lang='lat' dir='ltr'><strong>pag...</strong></span> <span class='ocrx_word' id='word_1_686' title='bbox 1900 5658 2024 5741; x_wconf 50' lang='lat' dir='ltr'><strong>S18,</strong></span> <span class='ocrx_word' id='word_1_687' title='bbox 2130 5666 2218 5720; x_wconf 89' lang='lat' dir='ltr'><strong>illa</strong></span> <span class='ocrx_word' id='word_1_688' title='bbox 2265 5682 2373 5741; x_wconf 90' lang='lat' dir='ltr'><strong>non</strong></span> <span class='ocrx_word' id='word_1_689' title='bbox 2418 5665 2729 5741; x_wconf 73' lang='lat' dir='ltr'><strong>emendata,</strong></span> <span class='ocrx_word' id='word_1_690' title='bbox 2783 5665 2879 5741; x_wconf 61' lang='lat' dir='ltr'><strong>sed</strong></span> <span class='ocrx_word' id='word_1_691' title='bbox 2920 5667 3137 5741; x_wconf 75' lang='lat' dir='ltr'><strong>penitus</strong></span> <span class='ocrx_word' id='word_1_692' title='bbox 3187 5667 3242 5723; x_wconf 88' lang='lat' dir='ltr'><strong>in</strong></span> <span class='ocrx_word' id='word_1_693' title='bbox 3291 5668 3452 5741; x_wconf 73' lang='lat' dir='ltr'><strong>aliam</strong></span> <span class='ocrx_word' id='word_1_694' title='bbox 3503 5656 3761 5741; x_wconf 45' lang='lat' dir='ltr'><strong>initiata</strong></span> 
     </span>
    </p>
   </div>
   <div class='ocr_carea' id='block_1_95' title="bbox 446 5726 2058 5809">
    <p class='ocr_par' dir='ltr' id='par_1_95' title="bbox 446 5726 2031 5799">
     <span class='ocr_line' id='line_1_98' title="bbox 446 5726 2031 5799; baseline 0.003 -19"><span class='ocrx_word' id='word_1_695' title='bbox 446 5726 1009 5799; x_wconf 37' lang='lat' dir='ltr'><strong>num.2-l,‘scriptum</strong></span> <span class='ocrx_word' id='word_1_696' title='bbox 1046 5736 1336 5796; x_wconf 88' lang='lat' dir='ltr'><strong>utrumque</strong></span> <span class='ocrx_word' id='word_1_697' title='bbox 1373 5727 1626 5796; x_wconf 90' lang='lat' dir='ltr'><strong>primitus</strong></span> <span class='ocrx_word' id='word_1_698' title='bbox 1653 5726 2031 5784; x_wconf 61' lang='lat' dir='ltr'><strong>unum&#39;fuisse</strong></span> 
     </span>
    </p>
   </div>
   <div class='ocr_carea' id='block_1_96' title="bbox 2140 5726 3767 5809">
    <p class='ocr_par' dir='ltr' id='par_1_96' title="bbox 2140 5726 3767 5809">
     <span class='ocr_line' id='line_1_99' title="bbox 2140 5726 3767 5809; baseline 0.004 -18"><span class='ocrx_word' id='word_1_699' title='bbox 2140 5739 2342 5795; x_wconf 69' lang='lat' dir='ltr'><strong>censeri</strong></span> <span class='ocrx_word' id='word_1_700' title='bbox 2382 5737 2582 5809; x_wconf 88' lang='lat' dir='ltr'><strong>possit;</strong></span> <span class='ocrx_word' id='word_1_701' title='bbox 2638 5726 2765 5791; x_wconf 84' lang='lat' dir='ltr'><strong>hinc</strong></span> <span class='ocrx_word' id='word_1_702' title='bbox 2812 5726 3156 5795; x_wconf 73' lang='lat' dir='ltr'><strong>ﬂetischenio</strong></span> <span class='ocrx_word' id='word_1_703' title='bbox 3190 5752 3301 5795; x_wconf 88' lang='lat' dir='ltr'><strong>non</strong></span> <span class='ocrx_word' id='word_1_704' title='bbox 3359 5735 3767 5809; x_wconf 74' lang='lat' dir='ltr'><strong>improbabile</strong></span> 
     </span>
    </p>
   </div>
   <div class='ocr_carea' id='block_1_97' title="bbox 524 5853 1739 5937">
    <p class='ocr_par' dir='ltr' id='par_1_97' title="bbox 524 5853 1739 5937">
     <span class='ocr_line' id='line_1_100' title="bbox 524 5853 1739 5937; baseline 0.005 -24"><span class='ocrx_word' id='word_1_705' title='bbox 524 5860 601 5931; x_wconf 79' lang='grc' dir='ltr'><strong>(α)</strong></span> <span class='ocrx_word' id='word_1_706' title='bbox 637 5860 698 5917; x_wconf 88' lang='lat' dir='ltr'><strong>ln</strong></span> <span class='ocrx_word' id='word_1_707' title='bbox 723 5853 843 5920; x_wconf 23' lang='lat' dir='ltr'><strong>fine.</strong></span> <span class='ocrx_word' id='word_1_708' title='bbox 859 5862 995 5920; x_wconf 79' lang='lat' dir='ltr'><strong>Hist.</strong></span> <span class='ocrx_word' id='word_1_709' title='bbox 1040 5863 1097 5919; x_wconf 88' lang='lat' dir='ltr'><strong>S.</strong></span> <span class='ocrx_word' id='word_1_710' title='bbox 1122 5863 1366 5937; x_wconf 84' lang='lat' dir='ltr'><strong>Gregorii</strong></span> <span class='ocrx_word' id='word_1_711' title='bbox 1388 5863 1739 5922; x_wconf 82' lang='lat' dir='ltr'><strong>Turonensis.</strong></span> 
     </span>
    </p>
   </div>
  </div>
