4044 6340
445 386 547 439 659
1286 374 1343 427 Β.
1385 373 1445 425 F.
1489 366 1711 425 ALBINI
1750 364 1881 421 εει]
1918 361 2041 418 ALC

2146 361 2193 417 il
2231 356 2515 417 OPERUM
2549 354 2732 414 PARS
2768 354 2835 410 ν.
3611 348 3719 407 ϐω

446 497 805 559 nobilitatem,
852 500 938 553 est
977 491 1245 549 addictus.
1287 486 1394 555 Sed
1422 486 1773 556 vir.sanctus
1853 479 2023 549 magis
2049 481 2102 541 Α
2127 474 2341 545 adjutor
2395 482 2497 540 est,
2544 486 2651 526 non
2709 467 2911 523 timebo
2962 466 3137 520 minas
3193 471 3334 518 tuas.
3372 456 3477 519 Sed
3520 459 3721 520 multas

447 590 617 664 elegit
667 588 779 644 Deo
814 583 1023 642 θεειωὶ
1078 580 1310 645 servire,
1360 592 1523 647 quam
1560 576 1661 633 sub
1706 574 2033 643 imperatore

449 685 687 744 militare
731 690 976 749 terreno;
1033 673 1127 753 qui
1179 671 1488 745 specialiter
1546 668 1752 724 electus
1813 670 1915 729 est,
1974 669 2036 715 ut

450 774 708 837 vexillum
755 777 957 843 sanctae
986 769 1165 823 crucis
1196 766 1451 825 occiduas
1505 762 1653 819 orbis
1703 764 1944 831 portaret
1979 755 2032 810 in

448 879 660 942 partes,
711 876 767 927 et
788 864 993 921 militiai
1038 868 1384 919 sacramenta
1415 855 1743 926 evangelicis
1798 856 2035 907 mutaret

450 962 641 1019 edictis
672 977 686 1013 :
726 973 834 1015 non
870 972 971 1029 pro
1023 970 1191 1029 regno
1227 953 1394 1006 armis
1426 945 1778 1004 szecularibus
1824 952 2035 1000 certare

450 1052 718 1119 Romano,
764 1052 859 1106 sed
896 1047 1223 1118 specialibus
1248 1041 1511 1103 doctrinis
1538 1039 1908 1103 Christianum
1948 1033 2021 1088 di-

448 1146 624 1204 latare
660 1145 981 1214 imperium;
1014 1158 1117 1199 nec
1148 1142 1285 1196 dura
1314 1140 1681 1217 Romanorum
1729 1133 1842 1202 lege
1868 1147 2036 1201 popu-

448 1236 531 1293 los
565 1238 834 1307 subjicere
870 1235 1101 1299 feroces,
1142 1233 1235 1288 sed
1270 1232 1383 1285 leve
1426 1229 1627 1283 Christi
1648 1228 1836 1297 jugum
1870 1223 2037 1292 pluri-

452 1344 663 1383 marum
690 1327 827 1385 collo
856 1326 1077 1395 injicere
1098 1324 1361 1396 gentium.
1390 1320 1490 1387 Qui
1515 1328 1637 1390 post
1665 1316 1804 1371 sacri
1834 1314 2036 1384 baptis-

449 1423 614 1477 matis
634 1421 951 1493 mysterium
971 1419 1183 1488 magnis
1207 1418 1261 1473 in
1287 1415 1485 1469 numtlo
1514 1411 1710 1467 claruit
1734 1406 2034 1473 miraculis,

451 1522 507 1570 et
559 1513 821 1568 doctrinis
858 1513 1013 1583 longe.
1064 1512 1278 1579 lateque
1310 1506 1643 1577 resplenduit
1668 1506 1719 1557 in
1747 1504 1908 1566 orbe;
1941 1515 2037 1555 cu-

446 1606 537 1678 jus
569 1608 683 1661 hacc
722 1606 895 1676 prima
929 1604 1176 1677 leguntur
1231 1601 1480 1675 insignia.
1514 1599 1651 1653 Cum
1694 1597 1868 1651 adhuc
1891 1604 2037 1647 eale-

452 1700 754 1753 chntneuus
834 1705 1017 1759 esset,
1082 1692 1301 1759 hiemali
1372 1691 1591 1761 frigore,
1663 1688 1839 1742 media
1926 1701 2036 1741 suae

451 1788 755 1859 chlamydis
778 1800 1069 1857 pauperem
1100 1795 1253 1856 parte
1279 1784 1511 1839 vestivit.
1538 1780 1654 1847 Qua
1691 1781 1854 1833 etiam
1883 1786 2036 1846 parte

2132 566 2455 633 Arianorum
2492 560 2866 618 tribulationes
2914 557 3209 621 sustinens,
3266 556 3463 609 iterum
3512 552 3719 613 Gallias

2134 658 2431 726 repedavit,
2473 663 2769 724 sanctoque.
2824 650 3029 707 Hilario
3088 646 3415 703 Pictaviensi
3453 646 3678 715 junctus
3703 689 3720 716 ,

2132 763 2297 819 prope
2326 748 2598 801 civitatem
2624 746 2726 799 sibi
2752 742 3005 798 cellulam
3054 749 3379 803 construxat,
3413 740 3469 807 in
3514 755 3623 813 qua
3658 740 3723 796 li-

2132 840 2313 905 berius
2338 837 2786 909 eontemplativos
2814 843 3064 905 carperet
3095 832 3322 899 fructus.
3365 832 3463 887 Cui
3495 833 3726 904 quidam

2134 933 2555 987 catechumenos
2580 928 2864 982 adluerens
2886 926 3086 990 subita,
3113 935 3301 979 sancto
3327 926 3553 979 absente
3582 926 3722 990 viro,

2136 1031 2308 1077 morte
2338 1031 2637 1093 prm-eptus
2670 1028 2746 1073 est
2781 1036 2793 1070 :
2821 1034 2982 1088 quem
3008 1019 3091 1070 vir
3130 1018 3221 1070 Dei
3253 1017 3507 1087 precibus
3536 1015 3726 1085 profu-

2136 1114 2210 1173 sis
2240 1114 2603 1178 resuscitavit,
2630 1112 2755 1165 vita:
2782 1094 3047 1163 redditum
3080 1109 3395 1178 baptizavit,
3424 1108 3516 1179 qui
3540 1108 3727 1165 multis

2135 1216 2318 1278 postea
2371 1207 2525 1271 annis
2563 1206 2715 1259 vixit.
2753 1203 2996 1263 Alterum
3044 1218 3279 1271 quoque,
3333 1202 3386 1261 in
3435 1200 3725 1269 cujusdam

2136 1297 2380 1367 Lupicini
2407 1297 2431 1336 ι)
2451 1313 2580 1367 agro
2603 1297 2793 1365 laqueo
2813 1309 3154 1365 suspensum,
3183 1294 3355 1348 sacris
3386 1295 3727 1349 orationibus

2136 1392 2262 1444 vita:
2298 1390 2555 1457 restituit.
2609 1387 2853 1441 Tertium
2888 1388 2954 1440 ab
3006 1387 3193 1439 eodem
3242 1392 3429 1438 sancto
3480 1384 3621 1450 viro,
3672 1384 3729 1451 in

2138 1483 2443 1539 Carnoteno
2465 1482 2679 1553 Oppido,
2720 1479 3001 1549 cujusdam
3041 1478 3282 1533 mulieris
3308 1476 3525 1532 ﬂentem
3560 1477 3728 1532 tilium

2138 1580 2251 1634 sola
2276 1581 2522 1634 oratione
2558 1580 2610 1633 in
2662 1587 2954 1647 conSpeetu
2992 1575 3172 1646 populi
3206 1572 3571 1628 resuscitavit.
3609 1570 3731 1637 Quo

2140 1671 2398 1727 miraculo
2456 1671 2592 1734 viso,
2670 1670 2886 1738 plurimi
2964 1684 3030 1721 ex
3107 1664 3305 1736 populo
3381 1663 3733 1717 crediderunt

2139 1764 2374 1820 Christo.
2410 1762 2745 1817 Succedente
2781 1761 2968 1814 itidem
3015 1770 3279 1826 tempore,
3312 1757 3366 1811 in
3413 1755 3602 1808 colem
3634 1768 3732 1822 op-

451 1839 928 1952 chlamvdis‘suag,
986 1839 1130 1935 inter
1158 1878 1430 1949 angelicas
1452 1875 1727 1931 exercitus
1752 1871 2035 1926 Dominum
2074 1839 2115 1899 Β
2143 1856 2291 1925 Dido:
2344 1864 2550 1908 mutam
2596 1854 2670 1952 ab_
2733 1850 2962 1906 infamia
3019 1849 3252 1921 Puellam
3306 1845 3579 1902 ὺθηθδίοιί
3622 1842 3731 1898 οίθί

450 1971 658 2043 Iesum,
684 1976 946 2041 divinitus
970 1974 1325 2036 illuminatus,
1360 1979 1517 2035 nocte
1543 1976 1825 2038 sequente,
1874 1964 2040 2020 vesti-

450 2074 565 2122 tum
594 2068 838 2136 aspexit;
872 2072 932 2119 ut
957 2076 1145 2118 verum
1174 2063 1495 2131 intelligeret
1521 2060 1665 2129 quod
1711 2058 1827 2129 ipse
1864 2055 2041 2110 Domi-

449 2170 553 2211 nus
578 2156 737 2213 Iesus
770 2155 1100 2226 evangelicis
1151 2154 1356 2215 intonat
1384 2151 1631 2221 paginis:
1684 2146 1933 2212 Quandiu
1965 2146 2040 2216 fe-

452 2250 595 2307 cistis
631 2250 721 2315 uni
763 2264 827 2303 ex
859 2248 940 2302 his
964 2247 1193 2303 minimis
1221 2246 1369 2312 uteie,
1401 2244 1528 2298 mihi
1565 2242 1761 2313 fecistis
1786 2239 2001 2313 (Matth.
2023 2281 2039 2307 ,

451 2357 583 2405 xxv,
620 2340 733 2409 40).

525 2430 613 2484 ill.
649 2430 963 2483 Adolescens
1009 2428 1302 2483 Mediolani
1331 2436 1567 2482 moratus
1591 2426 1802 2480 Arionis
1830 2425 2037 2478 restitit.

453 2523 523 2589 In
568 2522 798 2587 Galliam
830 2524 1019 2577 secedit
1038 2534 1087 2578 et
1114 2521 1174 2587 S.
1213 2522 1427 2585 Hilario
1451 2522 1715 2595 jungitur.
1744 2551 1816 2559 —
1841 2518 1939 2572 Hic
1962 2518 2042 2571 vir

452 2610 645 2675 ﬂorem
671 2615 1046 2677 adolescentia:
1070 2631 1181 2681 suis
1209 2614 1508 2677 Mediolana
1530 2611 1797 2680 transegit
1814 2612 1867 2673 in
1883 2607 2039 2675 urbe.

451 2721 620 2778 quam
644 2714 777 2761 tunc
795 2709 1059 2777 temporis
1086 2708 1308 2772 Ariona,
1340 2706 1552 2761 favente
1575 2705 1867 2766 Ausentio,
1906 2700 2044 2755 mul-

452 2805 569 2865 tum
630 2801 921 2859 maculavit
972 2800 1231 2870 perfidia;
1292 2800 1379 2854 cui
1413 2807 1633 2853 sanctus
1688 2792 1951 2855 Martinus
1984 2800 2045 2847 ut

452 2885 608 2955 fortis
638 2890 841 2959 athleta
868 2890 1071 2946 Christi
1104 2889 1332 2946 viriliter
1377 2889 1595 2952 restitit,
1634 2887 2043 2959 intrrpitlusque

452 2997 641 3038 veram
700 2992 907 3038 sancte
952 2984 1234 3038 Trinitatis
1275 2983 1435 3037 tidem
1478 2983 1727 3036 docebat.
1772 2980 1880 3035 Sed
1916 2979 2043 3033 inde

454 3060 591 3163 [41η
651 3074 868 3151 exinde]
904 3076 1252 3132 Arianorum
1285 3077 1489 3132 smvitia
1522 3075 1825 3151 principum
1857 3072 2044 3143 depul-
2088 3124 2091 3125 ν

2140 1947 2454 2002 inunctione
2485 1944 2717 2000 sanavit.

2211 2062 2297 2116 Vl.
2326 2059 2556 2131 Eligitur
2581 2061 2850 2132 episcopus
2883 2056 3221 2113 Turonensis.
3248 2053 3503 2110 Omnibus
3528 2051 3737 2108 virtuti-

2143 2157 2235 2210 bus
2266 2154 2532 2225 prwluxit.
2561 2185 2633 2194 —-
2663 2152 2768 2208 Sed
2796 2169 2860 2207 ne
2887 2153 3106 2206 lucerna
3132 2150 3345 2205 Domini
3376 2147 3559 2202 modio
3592 2154 3737 2209 tecta

2141 2247 2353 2311 lateret,
2408 2246 2736 2315 dulcissimis
2774 2247 3080 2303 abstractus
3119 2252 3205 2299 est
3246 2241 3485 2309 sedibus.
3538 2239 3736 2295 multo:

2144 2358 2376 2413 rumque
2397 2342 2649 2413 precibus
2682 2340 2952 2408 alligatus,
2983 2338 3188 2395 electus
3229 2335 3387 2391 estin
3412 2333 3735 2401 episcopum

2142 2436 2428 2491 Turoniea:
2451 2435 2707 2499 civitatis,
2746 2432 2836 2485 ubi
2865 2431 3095 2500 plurima
3136 2434 3451 2483 sanctarum
3497 2424 3734 2493 insignia

2144 2534 2309 2609 gessit
2357 2531 2638 2594 virtutum,
2698 2534 2751 2583 et.
2782 2525 2949 2583 multa
3009 2522 3248 2578 emlestis
3299 2521 3423 2574 vita:
3479 2518 3735 2589 dogmata

2142 2627 2365 2697 sparsit,
2396 2634 2575 2683 tamen
2622 2623 2848 2692 privatae
2872 2619 2997 2675 vitae
3030 2614 3422 2677 continentiam
3475 2612 3528 2671 in
3561 2610 3736 2667 turbis

2144 2721 2465 2792 pepulerum
2503 2732 2608 2771 non
2642 2715 2839 2769 amisit.
2874 2712 3105 2769 Humilis
3145 2711 3198 2775 in
3231 2708 3440 2769 habitu,
3460 2701 3738 2774 jucundns

2147 2794 2200 2877 in
2233 2825 2496 2874 sermone,
2531 2809 2759 2864 devotus
2792 2808 2844 2873 in
2886 2802 3296 2878 praedicatione,
3320 2812 3487 2863 verax
3513 2796 3567 2853 in
3591 2792 3739 2869 judi-

2147 2906 2254 2971 cio,
2284 2904 2609 2960 venerabilis
2641 2905 2694 2957 in
2728 2903 2988 2963 moribus,
3017 2896 3240 2969 pervigil
3266 2896 3319 2953 in
3365 2891 3736 2953 orationibus.

2149 3000 2399 3057 assiduus
2428 3000 2481 3054 in
2533 2998 2783 3062 lectione,
2810 3003 3069 3052 constans
3098 2994 3153 3050 in
3193 2988 3513 3057 vultu,pius
3560 2987 3615 3041 in
3658 2981 3739 3037 af-

2149 3090 2313 3154 fectu,
2341 3089 2674 3145 honorabilis
2701 3089 2753 3142 in
2783 3087 3088 3143 ministerio
3111 3080 3454 3147 sacerdotali,
3484 3078 3737 3149 infatiga-

460 3184 555 3263 ξυδ
611 3166 918 3227 Gallican“
973 3173 1197 3227 590955“
1251 3173 1305 3227 in
1368 3179 1571 3263 Ρδΐιθξν
1642 3167 2040 3263 venerabiliaue
2073 3209 2117 3263 η
2148 3185 2273 3241 bilis
2300 3182 2450 3238 verbi
2478 3183 2571 3238 Dci
2606 3184 2921 3248 seminator,
2950 3180 3183 3252 impiger
3208 3185 3484 3248 acceptam
3523 3170 3735 3235 Domini

452 3261 814 3317 Pictaviensis
841 3264 991 3318 urbis
1020 3264 1247 3319 antistiti
1296 3263 1497 3316 Hilario
1521 3260 1765 3328 junctus,
1793 3260 1882 3328 qui
1913 3268 2041 3313 tunc

453 3355 718 3423 temporis
766 3356 919 3424 quasi
972 3356 1280 3411 firmissima
1330 3355 1453 3409 fidei
1506 3354 1754 3408 columna
1792 3352 2042 3406 omnibus

454 3443 738 3499 laudabilis
766 3447 976 3503 exstitit
1002 3462 1020 3500 ς
1048 3458 1104 3502 et
1140 3448 1295 3517 quasi
1322 3446 1533 3517 [Forte,
1557 3455 1613 3500 et
1632 3444 1795 3516 sicut]
1826 3444 2044 3507 Lucifer

456 3534 509 3588 in
538 3534 677 3589 coelo
703 3536 874 3590 stellis
903 3536 1103 3591 clarior
1133 3538 1347 3591 c:eteris
1371 3536 1645 3599 clarescit,
1694 3536 1767 3588 ita
1795 3533 1883 3588 ille
1919 3550 2045 3588 san-

454 3633 576 3680 ctus
602 3628 686 3681 vir
714 3628 765 3681 in
802 3627 1048 3683 Ecclesia
1093 3627 1320 3693 Christi,
1354 3628 1606 3682 omnibus
1644 3627 1802 3681 fama:
1838 3626 2043 3697 magni-

457 3718 661 3783 tudine,
712 3727 772 3773 et
801 3720 1088 3775 sanctitate
1119 3721 1264 3783 vitae,
1312 3729 1368 3774 et
1420 3719 1787 3773 doctrinarum
1816 3717 2045 3772 veritate

456 3820 769 3866 sanctarum
792 3812 1145 3867 exceiientior
1174 3812 1377 3866 etfuisit
1413 3829 1426 3864 :
1466 3810 1621 3880 cujus
1650 3810 1953 3879 disciplinis
1988 3824 2047 3865 se

457 3913 677 3959 sanctus
720 3905 1006 3967 Martinus,
1045 3912 1166 3973 post
1212 3904 1461 3971 relictum
1506 3903 1709 3967 militia:
1745 3901 2043 3973 cingulum,

456 4002 706 4066 sociavit,
731 4010 789 4055 ut
823 4001 957 4054 tanti
984 4000 1083 4054 viri
1118 3998 1363 4063 eruditus
1390 3998 1652 4067 exemplis
1678 3997 2045 4055 Christianam

455 4090 652 4149 fortior
672 4094 1030 4163 processisset
1051 4092 1117 4147 ad
1146 4107 1400 4162 pugnam,
1443 4091 1564 4144 fidei
1594 4098 1836 4143 armatus
1865 4088 2044 4158 galea,

456 4194 513 4242 et
534 4186 695 4241 lorica
734 4186 962 4256 iustitia:
1004 4187 1304 4253 accinctus,
1328 4187 1509 4256 gladio
1553 4185 1701 4241 verbi
1738 4184 1832 4247 Dei
1869 4198 2048 4247 arma-

458 4290 567 4346 tus,
624 4284 924 4352 intrepidus
964 4291 1152 4337 contra
1200 4282 1385 4337 omnia
1414 4280 1520 4335 tela
1557 4278 1778 4351 maligni
1817 4277 2048 4333 bellator

464 4380 789 4433 muniretur.
1056 4358 1091 4387 ⁸

530 4467 629 4523 IV.
659 4466 910 4524 Parentes
950 4472 1175 4525 invisens
1226 4480 1448 4526 matrem
1476 4471 1723 4524 convertit
1750 4470 1819 4523 ad
1862 4470 2042 4537 ﬁdem.

2148 3279 2230 3335 sui
2267 3278 2553 3350 pecuniam
2591 3276 2980 3347 multiplicare;
3028 3289 3151 3335 cum
3202 3270 3565 3340 gaudentibus
3598 3282 3736 3339 κως

2145 3372 2299 3435 dens,
2332 3387 2455 3426 cum
2488 3370 2795 3440 lugentibus
2822 3369 3030 3438 lugens,
3056 3366 3309 3421 omnibus
3329 3364 3507 3417 omnia
3536 3361 3735 3425 factus,

2144 3472 2204 3519 ut
2233 3479 2423 3519 omnes
2454 3463 2800 3518 lucrifaceret
2848 3462 3098 3527 Christe;
3142 3457 3431 3513 virtutibus
3482 3455 3733 3525 insignis,

2142 3559 2388 3613 bonitate
2472 3556 2776 3623 laudabilis,
2836 3558 3037 3627 pietate
3102 3550 3373 3619 amabilis,
3442 3549 3629 3615 multis
3681 3547 3735 3605 in

2145 3653 2459 3722 episcopatu
2493 3650 2702 3721 fulgens
2725 3651 3036 3704 virtutibus.

2216 3743 2325 3796 Vll.
2364 3742 2647 3797 Miracula.
2669 3774 2739 3782 —
2760 3742 2893 3796 Nam
2926 3742 3139 3807 turbam
3156 3752 3490 3812 paganorum
3517 3736 3625 3793 ritu
3656 3742 3738 3789 tu-

2148 3837 2504 3891 multuantem
2549 3836 2602 3889 in
2652 3836 2912 3904 obsequio
2968 3834 3246 3905 cujusdam
3271 3830 3540 3900 corporis,
3569 3826 3737 3880 verbo

2146 3928 2432 3994 orationis,
2472 3944 2581 3991 uno
2630 3926 2816 3995 ligavit
2861 3926 2913 3981 in
2944 3926 3094 3989 loco;
3126 3925 3429 3987 iterumque
3459 3918 3735 3973 resolvens

2146 4023 2260 4076 suis
2316 4021 2563 4091 permisit
2607 4020 2873 4073 dominari
2927 4018 3187 4088 vestigiis.
3248 4016 3517 4068 Ruentem
3550 4016 3735 4081 pinum

2149 4128 2309 4181 super
2358 4128 2414 4165 se
2444 4112 2597 4175 signo
2620 4112 2797 4165 crucis
2818 4110 3067 4180 opposito
3092 4108 3309 4170 avertit,
3337 4106 3737 4172 mirantemque

2149 4200 2363 4258 turbam
2395 4198 2612 4257 Christo
2642 4202 2863 4257 credere
2913 4198 3062 4256 fecit.
3100 4194 3349 4268 Seipsum
3379 4197 3433 4251 in
3464 4204 3613 4251 tecto
3640 4210 3734 4249 cu-

2142 4294 2357 4365 jusdam
2387 4296 2578 4349 domus
2606 4292 2835 4348 ﬂammis
2863 4293 3132 4363 opposuit,
3156 4307 3224 4346 ne
3252 4291 3483 4344 innocua
3516 4288 3737 4341 laederet

2146 4383 2288 4454 ignis
2318 4394 2480 4451 tecta,
2526 4386 2617 4453 qui
2665 4384 2850 4439 fanum
2884 4383 3121 4437 incendit
3177 4380 3519 4435 ilololatrite.
3574 4375 3735 4431 Aliud

2148 4491 2361 4545 quoque
2388 4477 2648 4545 templum
2676 4477 2897 4545 antiquo
2925 4490 3111 4530 errore
3140 4473 3475 4528 daemonibus
3517 4470 3733 4526 dedica-

460 4560 717 4619 Similitsr
758 4572 807 4617 et
858 4563 1134 4625 latronem.
1166 4593 1235 4602 —
1268 4563 1414 4616 [dem
1465 4576 1680 4631 quoque
1715 4571 1932 4617 sanctus
1962 4563 2046 4616 vir
2074 4566 2122 4623 n
2149 4574 2282 4628 tum,
2316 4566 2442 4619 dum
2487 4580 2649 4619 manu
2694 4580 2800 4620 non
2840 4567 3019 4636 potuit
3062 4567 3321 4629 humana,
3352 4562 3601 4633 angelico
3633 4559 3735 4615 ful-

457 4654 641 4711 divino
669 4653 976 4709 admonitus
1002 4652 1237 4714 oramlo.
1268 4664 1522 4723 parentes
1544 4668 1673 4709 suos
1701 4666 1727 4694 ι
1773 4655 1839 4708 ad
1872 4669 2041 4709 sacrae

450 4745 584 4817 ﬁci
636 4745 903 4803 convertit
958 4743 1376 4813 professionem;
1425 4754 1481 4800 et
1531 4753 1786 4811 matrem,
1836 4761 1957 4815 quae
1982 4760 2042 4799 se

457 4834 659 4889 mundo
707 4836 911 4905 genuit,
952 4835 1066 4905 ipse
1102 4838 1439 4907 regeneravit
1474 4836 1711 4893 Christo.
1751 4837 1864 4891 Hoc
1909 4852 2041 4906 quo-

453 4938 562 4998 que
610 4925 803 4982 itinere
847 4927 1117 4983 latronum
1148 4943 1439 4999 perpessus
1496 4929 1744 4991 insidias,
1780 4928 1905 4999 dum
1946 4928 2039 4981 uni

451 4986 688 5075 traditur
714 5019 782 5079 ad
824 4986 1263 5083 custodiendum:
1295 5020 1604 5090 evangelica
1655 4986 2044 5088 pimdiehone

451 5108 722 5181 latronem
750 5113 1022 5169 convertit
1043 5114 1109 5167 ad
1153 5113 1462 5169 Christum:
1489 5121 1546 5168 et
1566 5113 1656 5180 qui
1687 5111 1818 5183 [Al.,
1849 5120 1905 5167 et
1926 5110 2039 5181 cui]

453 5204 685 5261 traditus
726 5202 825 5261 fuit
855 5204 921 5258 ad
953 5221 1188 5273 pinnam,
1226 5206 1402 5261 factus
1428 5214 1514 5267 est
1542 5206 1591 5259 ei
1628 5206 1682 5260 in
1717 5206 1967 5263 salutent.

528 5295 691 5365 160
718 5296 761 5353 Υ
819 5296 888 5353 lu
930 5296 1135 5352 Gallias
1170 5298 1320 5352 redit.
1379 5294 1578 5354 Cellam
1605 5301 1881 5354 construit.
1918 5298 2043 5353 Tres

454 5398 690 5443 mortuos
732 5391 1026 5445 resuscitat.
1082 5388 1325 5453 Puellam
1371 5402 1572 5447 mulam
1616 5404 1789 5448 sanat.
1820 5424 1890 5433 —
1916 5393 2043 5453 Inde

455 5494 733 5551 regressus
768 5485 983 5537 obviam
1019 5484 1209 5538 habuit
1261 5484 1554 5553 malignum
1617 5486 1889 5554 spiritum,
1948 5485 2039 5555 qui

452 5584 642 5629 sancto
676 5574 813 5641 viro,
848 5591 1169 5647 quocunque
1215 5586 1487 5649 pergeret,
1536 5577 1789 5631 comitem
1827 5592 1885 5631 se
1918 5592 2041 5631 esse

455 5666 773 5736 spopondit;
805 5666 891 5723 cui
922 5668 1220 5739 intrepidus
1254 5670 1531 5741 respondit
1567 5686 1578 5721 :
1616 5668 1877 5725 Dominus
1908 5671 2041 5725 mihi

525 5792 551 5820 ι
586 5780 836 5836 Parentes
861 5799 1007 5847 suos,
1059 5790 1165 5838 etc.
1214 5782 1394 5837 Solam
1428 5791 1677 5845 matrem,
1703 5785 1779 5839 alt
1805 5785 2041 5841 Severus

456 5847 650 5919 Sulpit.
686 5866 803 5921 cap.
836 5853 893 5917 ι,
921 5863 1076 5924 patre
1097 5854 1153 5908 in
1176 5855 1335 5910 malis
1362 5865 1762 5925 perseverante.

2143 4665 2231 4711 tus
2261 4657 2462 4714 auxilio
2510 4659 2795 4713 subvertit.
2852 4659 2962 4714 Nec
3011 4675 3116 4714 non
3151 4659 3253 4712 alio
3285 4658 3405 4712 loco
3451 4656 3736 4725 gentilium

2142 4767 2296 4806 saera
2320 4753 2661 4817 subvertens,
2686 4768 2715 4807 a
2741 4754 2974 4821 quodam
2997 4767 3209 4823 pagano
3237 4752 3416 4823 gladio
3437 4751 3730 4820 appetitus,

2142 4844 2231 4899 ille
2280 4844 2480 4897 nudum
2524 4843 2770 4899 ferientis
2796 4845 2927 4900 ictui
2959 4845 3153 4899 collum
3183 4841 3463 4913 opposuit;
3509 4841 3606 4896 sed
3634 4840 3740 4893 im-

2142 4936 2263 5006 pius
2295 4943 2440 4989 retro
2468 4936 2689 4999 radens,
2733 4950 2885 4989 suam
2919 4936 3222 5005 intelligens
3251 4934 3608 5003 impietatem,
3637 4945 3737 4985 ve-

2143 5027 2288 5083 niam
2326 5028 2617 5096 postulavit
2645 5044 2673 5082 a
2702 5036 2925 5093 sancto;
2972 5029 3255 5097 alteroque
3302 5026 3539 5081 librante
3566 5027 3737 5080 ictum

2144 5121 2197 5175 in
2226 5126 2471 5173 sanetum
2520 5128 2702 5188 caput,
2738 5119 2943 5175 ferrum
2981 5118 3168 5187 effugit
3194 5120 3260 5173 de
3299 5120 3573 5173 manibus.
3606 5118 3741 5171 Tre-

2143 5212 2288 5266 veris
2311 5213 2662 5283 paralyticam
2690 5213 2947 5283 puellam,
2978 5213 3214 5282 totisque
3246 5212 3541 5267 resolutam
3568 5222 3739 5265 mem-

2143 5306 2278 5369 bris,
2308 5319 2475 5371 sacra,
2494 5304 2763 5359 benedicti
2795 5304 2897 5359 olei
2948 5305 3235 5368 iuius/ioue,
3272 5310 3483 5357 astante
3514 5298 3735 5372 populo,

2142 5392 2386 5465 pristinae
2434 5390 2664 5450 reddidit
2715 5397 2958 5450 sanitati.
3020 5394 3260 5449 Tetradil
3324 5390 3740 5463 proconsularis

2142 5488 2242 5540 viri
2266 5503 2478 5541 servum
2507 5503 2699 5541 manus
2746 5488 3087 5558 impositione
3108 5503 3137 5539 a
3167 5485 3431 5539 daemonio
3458 5482 3739 5537 liberavit.

2144 5576 2297 5635 Unde
2321 5588 2374 5635 et
2406 5581 2491 5645 ille
2524 5578 2812 5641 Tetratlius
2850 5596 2971 5635 cum
2998 5587 3107 5637 tota
3140 5580 3297 5633 domo
3336 5594 3431 5633 sua
3475 5576 3540 5633 ad
3573 5574 3746 5631 Chri—

2145 5674 2374 5731 stianam
2400 5692 2696 5733 conversus
2716 5684 2801 5730 est
2829 5672 3243 5745 professionem.
3274 5672 3565 5742 Cujusdam
3592 5685 3747 5739 quov

2216 5788 2243 5829 h
2290 5788 2548 5853 Lupicini.
2595 5787 2747 5842 Hunc
2774 5788 3095 5842 honoratum
3142 5786 3439 5840 secundum
3473 5779 3747 5841 sacculum

2143 5859 2318 5917 virum
2347 5857 2608 5930 Sulpitius
2630 5860 2891 5913 nominat.
2926 5857 2960 5911 l.
2992 5857 3085 5912 cit.
