4044 6340
396 267 491 326 881

1355 243 1938 322 mcrocnarntcit.
1973 289 2047 305 -
2087 259 2249 318 vm
2293 262 2350 319 s.
2394 263 2695 330 unum.

3547 264 3650 322 662

394 403 500 466 que
551 381 955 466 patrisfamilias
1003 387 1230 463 puerum
1300 394 1332 434 a
1401 381 1643 435 dmmone
1694 386 1970 449 arreptum
1998 382 2048 440 Α
2075 383 2281 442 satione
2306 383 2597 456 perfectus,
2627 386 2681 447 in
2712 385 3093 458 omuilpietate
3118 394 3176 446 et
3214 385 3474 456 religione
3515 404 3656 458 pra:-

395 479 753 544 atrocissimo,
813 477 1010 548 digitos
1061 475 1114 530 in
1160 490 1221 529 os
1279 474 1519 536 mittens,
1580 471 1830 542 spirituum
1863 486 1971 523 ma-

393 571 596 646 lignum
645 584 745 640 per
773 569 1019 650 pudenda
1055 565 1307 646 patientis
1343 565 1491 619 exire
1537 563 1815 636 cornpulit.
1868 561 1972 624 Le-

391 677 612 744 prosum
668 663 721 716 in
754 669 908 742 porta
937 657 1224 718 Parisiacte
1259 657 1494 713 civitatis
1550 672 1580 714 a
1630 655 1972 712 deformitate

393 755 476 816 sui
521 753 763 823 corporis
813 752 930 806 solo
961 750 1186 806 salvavit
1241 749 1456 812 osculo;
1519 745 1612 804 sed
1653 754 1708 801 et
1734 745 1972 800 fimbrias

392 845 696 902 vestimenti
725 845 862 918 ejus,
902 851 954 898 et
995 842 1080 896 fila
1108 841 1267 896 cilicii
1303 839 1498 894 multos
1521 853 1714 893 sanare
1755 837 1974 892 morbos

396 946 727 1010 compertum
753 945 856 991 est.
888 935 1023 990 Filia
1052 933 1269 988 Arborii
1291 931 1527 1002 praefecti
1555 946 1652 1000 per
1678 929 1972 1002 itnpositio-

395 1043 515 1080 nem
547 1027 786 1097 epistol-J3
827 1027 998 1086 sancti
1036 1023 1250 1078 Martini
1303 1038 1330 1075 a
1379 1020 1712 1094 gravissimis
1746 1017 1973 1073 liberata

395 1129 474 1172 est
503 1116 762 1173 febribus.
801 1117 1012 1172 Paulini
1047 1129 1071 1156 δ
1097 1115 1312 1170 oculum
1356 1111 1604 1184 peniculo
1635 1112 1973 1190 superposito

394 1210 602 1263 sanavit
627 1223 655 1261 a
684 1209 866 1262 dolore
893 1219 1055 1277 atque
1081 1207 1331 1278 caligine.

464 1297 596 1354 Vill.
624 1300 698 1353 Ab
745 1299 961 1368 angelis,
997 1299 1059 1352 Β.
1117 1281 1196 1352 νζ
1219 1308 1267 1352 ει
1315 1296 1434 1350 aliis
1481 1295 1678 1350 sanctis
1711 1295 1969 1356 visitatur.

397 1387 594 1460 Spiritu
641 1392 924 1462 prophetia:
973 1390 1182 1444 claruit.
1211 1389 1448 1443 —ldem
1498 1402 1712 1466 quoque
1757 1395 1975 1448 sanctus

395 1479 654 1534 Martinus
685 1483 883 1536 cadens
923 1497 1022 1552 per
1051 1481 1268 1552 gradus,
1308 1481 1544 1552 graviter
1563 1494 1700 1550 pene
1726 1485 1870 1534 totus
1895 1485 1975 1533 at-

395 1573 554 1627 tritus
583 1575 863 1638 membris,
889 1583 1045 1629 nocte
1071 1573 1140 1628 ab
1163 1573 1353 1644 angelo
1377 1573 1443 1627 ad
1469 1573 1732 1642 integram
1767 1585 1978 1624 recrea—

395 1673 483 1718 tus
511 1673 594 1718 est
638 1665 927 1718 sanitatem
965 1682 977 1717 :
1016 1664 1318 1742 smpiusque
1355 1661 1611 1731 angelicis
1655 1657 1977 1714 visitationi-

2072 473 2280 544 clarus,
2327 477 2380 534 in
2427 477 2575 534 omni
2620 477 2858 534 bonitate
2899 476 2963 537 et.
2989 477 3319 548 benignitate
3357 478 3652 550 jucundus,
3751 533 3758 538 .

2075 581 2216 620 anno
2244 567 2420 632 aetatis
2456 584 2564 622 suze
2598 585 2781 634 LXXXI,
2810 577 2868 630 et
2893 569 3232 648 episcopatus
3257 570 3342 632 sui
3370 587 3520 636 xxvr,
3557 587 3656 628 an-

2075 658 2160 713 nis
2209 669 2453 716 maturus
2499 671 2552 718 et
2594 662 2834 730 meritis,
2874 663 2926 726 in
2963 662 3202 720 cmicstia
3248 665 3540 722 advocatus
3571 672 3658 722 est

2076 765 2267 826 regna;
2294 760 2558 827 quatenus
2586 769 2709 809 cum
2735 753 3017 822 multiplici
3046 755 3128 812 sui
3153 755 3353 812 laboris
3383 757 3655 822 mercede,

2074 849 2388 912 perpetuam
2441 858 2470 896 a
2525 841 2738 904 Christo
2783 843 3011 906 Domino
3063 847 3326 914 reciperet
3375 863 3652 908 coronam.

2077 930 2180 986 Sed
2215 931 2354 994 diem
2381 935 2559 994 obitus
2592 935 2673 996 sui
2721 934 2886 996 multo
2925 947 3050 994 ante
3078 951 3425 1008 pernoscens,
3460 946 3515 992 et
3538 937 3659 1012 qui-

2074 1021 2300 1076 busdam
2325 1023 2438 1076 suis
2457 1021 2756 1092 praedicens
2783 1023 3058 1089 fratribus,
3085 1027 3656 1106 appropittquatlieque

2075 1111 2229 1176 hora,
2259 1113 2487 1167 febrium
2513 1111 2694 1170 dolore
2718 1124 2913 1181 tactus,
2936 1114 3091 1176 iactus
3117 1117 3169 1172 in
3193 1115 3350 1180 laude
3373 1116 3487 1179 Dei,
3514 1117 3657 1172 inter
3718 1121 3720 1128 ³

2077 1203 2253 1257 divina
2284 1203 2680 1276 przedicationis
2702 1205 2887 1268 verba,
2907 1204 3048 1260 inter
3067 1205 3334 1278 angelicas
3356 1205 3658 1266 cwiestium

2078 1293 2400 1364 hymnorum
2426 1309 2606 1356 voces,
2635 1293 2746 1348 suis
2767 1294 3068 1358 astantibus
3089 1277 3385 1372 discipulis,
3414 1304 3658 1358 sanctam

2078 1384 2188 1438 Deo
2218 1384 2434 1439 Christo
2462 1385 2691 1440 reddidit
2715 1385 2970 1442 animam.

2150 1475 2240 1532 XI.
2280 1475 2501 1530 Turonis
2531 1477 2798 1549 sepelitur.
2827 1508 2899 1528 —.-
2924 1475 3089 1548 Cujus
3133 1486 3378 1542 sanctum
3407 1493 3602 1550 corpus
3629 1494 3662 1533 a

2078 1567 2291 1622 clericis
2311 1568 2611 1634 civitatum,
2637 1580 2690 1622 et
2711 1569 3027 1639 pepulorum
3048 1569 3245 1642 turbis,
3268 1583 3388 1623 cum
3416 1568 3663 1624 laudibus

2080 1667 2132 1713 et
2174 1659 2390 1728 hymnis
2424 1661 2489 1714 ad
2521 1660 2842 1716 Turonicam
2875 1668 3121 1730 portatur
3147 1660 3444 1724 civitatem,
3481 1659 3664 1728 ibique

393 1753 493 1808 bus
523 1764 576 1809 et
617 1755 870 1808 familiari
919 1727 1189 1808 locutione
1233 1727 1538 1806 fruebatur.
1571 1751 1810 1817 Quodam
1847 1765 1976 1810 vero
2003 1727 2050 1788 Β
2082 1750 2132 1804 in
2165 1749 2462 1828 poiyandro
2499 1749 2711 1818 publico
2747 1727 2986 1822 sepultus
3031 1761 3132 1813 est,
3182 1751 3272 1814 ubi
3320 1751 3662 1824 postmodum

393 1845 480 1900 die
508 1843 838 1900 beatissima:
873 1843 1162 1899 Cenilricis
1190 1843 1283 1898 Dei
1316 1851 1370 1898 et
1405 1843 1618 1898 Domini
1650 1841 1819 1900 nostri
1848 1839 1976 1898 Jesn

339 2002 350 2010 _
389 1931 620 1998 Chris‘i,
651 1941 706 1988 et
739 1941 1047 1988 sanctorum
1098 1934 1464 2004 apostolorum
1511 1929 1657 1991 Petri
1690 1941 1745 1985 et
1792 1929 1974 1996 Pauli;

387 2039 494 2078 nec
538 2040 644 2079 non
671 2035 980 2078 sanctarum
1012 2025 1279 2094 virginum
1309 2021 1523 2078 Thecla:
1558 2032 1614 2077 ct
1653 2023 1876 2094 Agnetis
1902 2021 1977 2080 vi-

391 2113 648 2167 sitatione
689 2112 774 2166 vir
801 2113 894 2166 Dei
919 2113 1218 2169 honoratus
1259 2121 1313 2167 et
1348 2114 1684 2168 confortatus
1707 2121 1809 2167 e~t.
1841 2109 1975 2166 Nam

393 2204 694 2258 dmmonutn
725 2201 1121 2273 phantasmata,
1174 2213 1230 2258 et
1261 2205 1312 2257 in
1359 2203 1588 2259 diversis
1617 2203 1805 2270 figuris
1853 2203 1977 2256 bor—

395 2293 580 2350 rilziles
602 2305 850 2364 aspectus
879 2293 1010 2348 nihil
1044 2304 1307 2357 metuens,
1341 2311 1440 2349 nec
1464 2291 1589 2348 ullis
1617 2307 1801 2347 eorum
1827 2292 1977 2346 falla-

395 2387 494 2441 ciis
510 2386 653 2440 illudi
675 2385 866 2455 potuit.
891 2384 1096 2455 Spiritu
1118 2399 1246 2440 vero
1266 2387 1648 2456 prophetarum
1669 2385 1739 2437 ita
1763 2385 1860 2439 cla:
1877 2383 1975 2449 uit,

395 2485 459 2530 nt
513 2477 696 2530 multis
747 2473 913 2529 multa
959 2475 1269 2545 przedixerit
1331 2471 1482 2554 161
1537 2475 1760 2529 futura:
1812 2475 1978 2530 veluti

397 2567 632 2623 Maximo
669 2568 983 2638 imp--ratori
1015 2567 1298 2622 victoriam
1347 2568 1403 2621 in
1441 2563 1592 2621 italia
1629 2576 1684 2620 et
1725 2567 1779 2620 in
1806 2565 1978 2636 Aqui-

399 2659 500 2715 leia
547 2653 824 2716 interitum
871 2659 1138 2732 praedixit.
1175 2659 1240 2713 Et
1269 2659 1456 2714 eodem
1493 2659 1654 2714 beato
1688 2658 1803 2714 viro
1841 2659 1982 2714 cele-

406 2752 596 2806 brante
629 2761 876 2806 sanctum
908 2751 1226 2822 mysterium
1258 2745 1322 2805 ad
1353 2750 1541 2814 alrare,
1578 2749 1764 2821 globus
1793 2751 1980 2819 igneus

398 2845 578 2900 subito
625 2846 692 2900 de
753 2845 956 2900 vertice
1016 2844 1164 2900 fulsit
1223 2845 1386 2900 illius.
1447 2843 1710 2899 Evantius
1761 2839 1980 2915 quidam

401 2945 658 3006 :egrotus,
674 2944 997 3006 properante
1018 2938 1083 2990 ad
1105 2953 1162 2993 se
1181 2937 1341 2991 beato
1363 2939 1501 3005 viro,
1520 2941 1671 3009 prius
1693 2932 1982 3001 sanitatem

403 3027 627 3098 recepit,
653 3041 814 3096 quam
841 3037 1061 3082 sanctus
1097 3027 1360 3083 Martinus
1383 3029 1599 3083 domum
1633 3029 1880 3082 intraret.
1923 3027 1979 3080 In

402 3123 588 3178 eadem
615 3135 828 3192 quoque
857 3123 1014 3176 domo
1057 3137 1282 3193 puerum
1310 3139 1338 3176 a
1366 3131 1615 3193 serpente
1643 3128 1979 3191 percussum,

401 3217 713 3268 sanctorum
744 3217 892 3268 tactu
927 3213 1211 3284 digitorum
1243 3231 1270 3269 a
1318 3213 1562 3284 periculo
1601 3215 1790 3268 mortis
1818 3213 1979 3267 eruit.

473 3302 565 3356 IX.
601 3300 783 3358 Sancti
823 3303 918 3356 viri
955 3306 1224 3374 patientia.
1255 3304 1527 3359 Da‘mones
1569 3303 1746 3375 pellit,
1779 3312 1884 3358 etc.
1916 3334 1986 3343 —

401 3389 537 3445 Nam
563 3398 729 3446 tanta?
755 3391 859 3445 fuit
891 3393 973 3446 vir
1001 3391 1092 3447 Dei
1134 3395 1431 3472 patientite,
1484 3401 1544 3447 ut
1590 3393 1831 3448 convicia
1876 3405 1984 3446 non

402 3483 654 3544 doluerit,
683 3483 972 3554 opprobria
1003 3471 1106 3538 non
1134 3471 1392 3540 senserit:
1425 3485 1534 3539 imo
1553 3492 1606 3538 et
1628 3485 1984 3554 quorumdam

403 3574 732 3629 rusticorum
762 3573 968 3644 flagella
994 3574 1203 3644 placido
1228 3575 1480 3630 sustinuit
1524 3577 1703 3629 animo
1725 3617 1739 3640 ,
1768 3591 1986 3630 eorum-

405 3679 511 3734 que
535 3665 640 3719 fixa
671 3665 834 3719 terris
869 3664 1119 3719 animalia
1159 3663 1272 3719 solo
1301 3665 1542 3720 solvebat
1568 3681 1836 3720 sermone.
1875 3663 1983 3720 Ne—

403 3756 536 3810 mini
564 3756 830 3809 adulando
857 3755 1266 3819 blandiebatur;
1306 3755 1533 3826 principi
1570 3755 1698 3809 nulli
1742 3757 1985 3813 veritatis

403 3848 572 3912 veru
604 3848 794 3912 tacuit,
821 3847 888 3900 ad
915 3857 1038 3902 nota
1071 3861 1284 3916 semper
1307 3849 1612 3901 orationum
1635 3847 1872 3901 subsidia
1903 3863 1986 3903 re-

403 3953 650 3994 currens.
701 3940 853 3995 Unde
894 3940 939 3996 si
969 3941 1098 4009 quiri
1127 3940 1176 3994 ei
1201 3947 1440 4008 potestas
1472 3939 1649 3993 renuit
1691 3937 1981 4004 saacniaris,

404 4045 532 4085 mox
563 4033 744 4087 divina
774 4033 1025 4102 praestitit
1056 4033 1244 4102 pietas.
1291 4033 1546 4099 Quadam
1577 4032 1752 4102 puella
1781 4029 1984 4087 daemo-

403 4122 564 4176 niaeo
585 4131 798 4191 arrepta
827 4124 1042 4193 spiritu,
1068 4123 1348 4187 stramine,
1371 4124 1459 4176 ubi
1486 4122 1704 4177 sanctus
1729 4122 1987 4176 Mart—inus

407 4215 655 4278 sedebat,
684 4231 714 4267 a
752 4223 1014 4282 potestate
1040 4223 1224 4284 erepta
1254 4225 1336 4269 est
1364 4215 1602 4269 inimica.
1650 4213 1765 4269 Non
1815 4213 1986 4269 solum

408 4307 674 4369 homines,
702 4306 794 4360 sed
820 4307 981 4360 etiam
1026 4306 1282 4360 animalia
1329 4321 1359 4359 a
1405 4307 1704 4364 daemonum
1752 4305 1989 4364 liberans

2079 1840 2271 1902 beatus
2297 1841 2524 1894 antistes
2549 1839 2848 1912 Perpetuus
2877 1839 2902 1878 ι)
2933 1838 3184 1894 laudabili
3211 1855 3390 1912 opere,
3424 1849 3478 1894 et
3501 1854 3664 1894 vene-

2083 1935 2237 1990 rabili
2267 1935 2412 1990 cultu
2443 1935 2744 1990 construxit
2785 1933 3068 1988 ecclesiam
3109 1935 3242 1986 tanti
3275 1931 3450 1988 Patris
3479 1933 3665 1990 cundi-

2080 2043 2238 2104 gnam
2271 2027 2480 2086 meritis
2507 2045 2518 2078 :
2564 2026 2614 2079 in
2653 2040 2757 2096 qua
2786 2025 2948 2081 etiam
2979 2039 3148 2102 usque
3176 2023 3334 2077 hodie
3357 2021 3524 2084 multa
3557 2023 3663 2076 mi-

2082 2117 2387 2170 raculorum
2421 2117 2592 2184 signa,
2621 2115 2865 2190 plurima:
2903 2115 3197 2178 sanitatum
3241 2113 3492 2176 virtutes,
3537 2128 3667 2166 con-

2079 2204 2376 2258 solationes
2403 2203 2765 2268 merentium,
2791 2202 3020 2274 pietates
3042 2202 3357 2267 laetantium,
3375 2209 3666 2272 praestante

2082 2295 2309 2348 Domino
2343 2303 2529 2347 nostro
2557 2291 2682 2347 Jesu
2716 2292 2952 2356 Christo,
2982 2291 3095 2348 fieri
3125 2293 3322 2356 solent,
3341 2291 3432 2370 qui
3463 2291 3586 2344 vivit
3613 2297 3669 2345 et

2081 2391 2272 2453 regnat
2299 2398 2418 2436 cum
2451 2381 2559 2436 Deo
2589 2384 2745 2436 Patre
2769 2381 2816 2456 [ο
2848 2391 2903 2436 et
2929 2382 3130 2451 Spiritu
3162 2391 3348 2446 sancto
3376 2379 3431 2436 in
3462 2381 3670 2436 unitate

2083 2475 2380 2546 majeslatis
2406 2474 2622 2538 divina,
2652 2487 2747 2545 per
2776 2474 2955 2528 omnia
2985 2471 3226 2544 swcuia].

2457 2609 2485 2656 ά
2517 2610 2905 2674 EIUSDEM
2936 2611 2985 2671 Α
2999 2609 3096 2669 ιε
3102 2609 3182 2670 U1
3192 2607 3280 2670 NI

2193 2730 2426 2786 SEBMO
2461 2731 2549 2785 DE
2590 2730 2935 2786 TRANSITU
2977 2729 3222 2785 SANCTI
3261 2727 3564 2784 MARTTNI.

2155 2844 2268 2898 Xll.
2299 2844 2482 2899 Sancti
2509 2841 2727 2898 Martini
2748 2843 3024 2909 sanctitas,
3045 2841 3300 2898 miracula
3325 2852 3370 2904 et
3389 2840 3671 2916 prophetia:

2087 2929 2301 2989 donum.
2331 2965 2401 2974 —
2431 2933 2655 3003 Oportet
2686 2950 2783 2989 nos
2813 2949 3001 2990 omnes
3035 2935 3362 2990 unanimiter
3391 2933 3628 3014 gaudere
3653 2975 3668 3000 ,

2089 3025 2284 3079 fratres
2313 3024 2643 3088 charissimi,
2673 3032 2727 3078 et
2755 3026 3072 3102 praeclarum
3120 3025 3260 3081 diem
3288 3025 3466 3087 obitus
3499 3025 3672 3086 sancti
3733 3037 3748 3052 ·

2009 3083 2058 3158 c—
2091 3117 2304 3172 Martini
2334 3117 2560 3171 fideliter
2587 3083 2872 3183 venerari;
2911 3119 3003 3172 sed
3027 3118 3294 3196 praecipue
3317 3115 3407 3194 qui
3437 3117 3491 3178 in,
3517 3117 3674 3174 Occi-

2089 3208 2394 3263 dentalibus
2423 3207 2606 3261 mundi
2635 3209 2881 3280 partibus
2913 3217 3039 3263 sunt
3085 3205 3271 3264 fideles
3306 3207 3507 3266 Christi
3529 3249 3544 3278 ,
3580 3207 3674 3280 qui

2087 3306 2142 3354 et
2165 3297 2426 3354 doctrinis
2448 3296 2564 3365 ejus
2585 3299 2832 3352 similiter
2852 3307 2906 3354 et
2923 3297 3183 3370 exemplis
3205 3298 3487 3353 illuminati
3511 3307 3669 3360 sunt:

2087 3391 2210 3459 quia
2261 3389 2619 3458 quodcunque
2667 3389 2997 3462 prmdicabat
3038 3391 3237 3455 verbis,
3271 3391 3674 3446 demonstrabat

2087 3481 2362 3552 operibus.
2402 3479 2459 3535 ln
2505 3481 2649 3535 omni
2697 3481 2837 3534 enim
2883 3481 2991 3536 vita
3037 3497 3134 3536 sua
3180 3489 3234 3534 et
3260 3483 3671 3544 conversatione

2088 3589 2182 3628 sua
2212 3572 2504 3642 perfectus,
2531 3571 2584 3626 in
2609 3573 2753 3626 omni
2777 3573 2976 3643 pietate
3001 3582 3053 3628 et
3077 3575 3334 3644 religione
3356 3575 3667 3644 praeclarus,

2085 3664 2140 3718 in
2172 3665 2317 3718 omni
2347 3664 2590 3719 bonitate
2636 3673 2690 3719 et
2734 3665 3063 3744 benignitate
3101 3666 3370 3738 jucundus
3415 3675 3568 3736 erat,
3604 3667 3672 3724 ab

2083 3761 2338 3814 omnibus
2383 3753 2691 3823 laudabilis,
2741 3760 2992 3814 omnibus
3022 3759 3304 3828 amabilis;
3347 3759 3496 3830 virgo
3533 3760 3674 3820 inter

2089 3852 2286 3907 choros
2331 3851 2636 3926 virginum,
2694 3852 2942 3922 egregius
2991 3851 3330 3910 sacerdotum
3361 3892 3376 3918 ,
3429 3851 3672 3912 imitator

2087 3939 2475 4009 apostolorum,
2505 3950 2559 3994 et
2589 3940 2790 3994 Christi
2822 3940 3159 4018 prazdicator.
3199 3940 3368 4008 Quem
3413 3939 3672 3998 Dominus

2085 4038 2142 4092 in
2169 4038 2340 4108 gratia
2369 4034 2661 4106 apostolica
2695 4042 2777 4089 cst
2807 4034 3056 4105 dignatus
3087 4033 3301 4105 eligere,
3331 4035 3469 4088 sicut
3495 4035 3560 4088 de
3582 4033 3672 4090 illo

2089 4129 2350 4199 scriptum
2377 4135 2459 4182 est
2485 4145 2496 4180 :
2538 4145 2557 4177 ι
2589 4125 2794 4191 Hicest
2833 4125 3111 4189 Martinus,
3144 4125 3346 4182 eiectus
3376 4123 3467 4178 Dei
3496 4125 3672 4198 ponti-

2089 4219 2212 4284 fex,
2257 4219 2342 4272 cui
2390 4218 2648 4273 Dominus
2692 4225 2816 4287 post
2867 4216 3138 4288 apostolos
3187 4225 3390 4270 tantam
3438 4217 3669 4286 gratiam

2091 4311 2342 4368 conferre
2373 4310 2622 4380 dignatus
2644 4318 2748 4374 est,
2779 4316 2839 4363 ut
2863 4310 2917 4364 in
2942 4309 3138 4364 virtute
3163 4317 3365 4365 sancta!
3391 4308 3674 4363 Trinitatis

405 4404 692 4468 potestate,
717 4405 771 4451 et
797 4406 1074 4450 mansueta
1112 4397 1165 4450 in
1189 4411 1351 4499 suum
1384 4397 1560 4451 redire
1594 4411 1808 4467 gregem
1837 4412 1986 4450 man—
2015 4439 2064 4500 Β
2093 4404 2296 4459 ἀείίῑοω
2326 4411 2627 4462 mereretur
2657 4402 2773 4463 ﬁeri
2802 4403 2964 4461 trium
3003 4408 3344 4459 mortuorum
3379 4401 3672 4460 suscitator

407 4489 574 4542 davit.
599 4487 773 4542 Etiam
801 4487 905 4542 fuit
935 4488 1094 4542 tante
1133 4483 1534 4552 misericordiae,
1567 4496 1626 4542 ut
1650 4490 1874 4543 canibus
1904 4505 1987 4544 se-

407 4582 698 4651 quentibus
723 4581 1052 4650 iepusculum
1083 4583 1424 4658 imperaverit
1453 4590 1627 4645 stare;
1651 4589 1706 4642 et
1731 4582 1988 4642 miseram

408 4672 692 4727 bestiolam
715 4687 744 4724 a
770 4671 1022 4740 praesenti
1049 4679 1226 4726 morte
1253 4672 1468 4742 eripuit.
1504 4671 1637 4726 Villa
1667 4674 1909 4741 quantam
1935 4673 1987 4726 in

412 4762 683 4817 Senonico
710 4760 1000 4830 grandinea
1045 4761 1240 4830 saepius
1284 4771 1491 4817 vastata
1539 4771 1888 4832 tempestate,
1922 4763 1990 4818 ad

410 4868 602 4924 preces
625 4852 794 4907 sancti
827 4851 1061 4918 Martini.
1087 4852 1272 4912 inultis
1302 4852 1530 4912 liberata
1557 4863 1641 4912 est
1675 4855 1849 4910 annis.
1879 4853 1992 4908 Mu-

411 4944 514 4998 lier
541 4960 572 4997 a
602 4942 877 5012 sanguinis
905 4935 1050 4996 fluxu
1076 4944 1514 5000 vestimentorum
1560 4945 1703 5000 illius
1735 4953 1877 5000 tactu
1907 4961 1993 4999 sa-

415 5047 540 5090 nata
568 5044 670 5091 est.

487 5127 556 5182 Χ.
592 5125 753 5180 Obiit.
789 5157 859 5166 —
889 5125 1107 5182 Talibus
1146 5127 1307 5182 etiam
1356 5127 1561 5182 eiectus
1606 5127 1700 5182 Dei
1745 5129 1996 5185 sacerdos

417 5219 620 5274 mundo
647 5217 842 5274 claruit
869 5217 1141 5276 miraculis
1165 5234 1180 5284 ;
1212 5225 1265 5272 et
1288 5218 1342 5272 in
1371 5218 1518 5272 omni
1548 5217 1655 5274 vita
1685 5226 1741 5276 et
1767 5235 1993 5276 conver-

1591 5342 1616 5370 ὑ

493 5403 520 5437 ι
555 5391 790 5465 Paulini,
823 5394 1060 5465 episcopi
1105 5391 1316 5448 Nolani.
1361 5392 1484 5450 Vid.
1541 5393 1738 5449 Baron.
1799 5395 1995 5452 Annal.

423 5477 558 5524 tom.
577 5464 656 5537 _V,
683 5483 806 5537 pag.
841 5467 931 5530 23,
956 5464 1102 5520 nam.
1130 5467 1216 5518 i7.

495 5538 523 5577 δ
567 5535 856 5608 Perpetuus
900 5539 1185 5608 episcopus
1234 5535 1566 5608 Turonensis
1611 5536 1832 5608 quintus
1877 5547 2001 5608 post

425 5605 680 5664 sanctum
705 5605 1019 5672 Martinam;
1047 5605 1138 5676 qui
1174 5607 1241 5663 ad
1286 5605 1586 5677 sepulcrum
1636 5607 1790 5677 hujus
1829 5605 2002 5664 sancti

427 5679 700 5754 pontificis
723 5679 1024 5734 construxit
1044 5675 1361 5744 basilicam,
1375 5675 1527 5746 cujus
1559 5675 1784 5748 ﬁguram
1806 5679 2003 5735 descri-

2094 4498 2426 4568 magniiicus.
2476 4516 2494 4547 ι
2545 4496 2626 4552 Ad
2670 4495 2972 4564 exemplum
3017 4493 3228 4548 Domini
3276 4502 3386 4547 tres
3433 4502 3673 4546 mortuos

2091 4590 2404 4647 suscitavit:
2435 4588 2601 4648 multa
2633 4589 2794 4644 etiam
2827 4588 3016 4658 spiritu
3041 4585 3356 4656 prophetiae,
3384 4591 3674 4652 antequam

2093 4677 2304 4742 fierent,
2353 4679 2692 4749 praesciebat.
2745 4677 2950 4747 Spiritu
2981 4669 3138 4731 'enim
3168 4675 3460 4746 prophetia:
3485 4674 3676 4745 plenus

2092 4783 2228 4836 erat,
2257 4783 2310 4828 et
2339 4773 2458 4827 ideo
2495 4787 2649 4826 suum
2678 4771 2884 4828 obitum
2921 4770 3108 4847 divina
3149 4768 3500 4838 inspiratione
3530 4781 3672 4836 prte-

2093 4865 2266 4927 scivit,
2295 4870 2350 4918 et
2377 4859 2694 4931 quibusdam
2731 4875 2794 4913 ex
2843 4859 3100 4914 fratribus
3134 4860 3541 4916 dissolutionem
3591 4859 3675 4915 sui

2065 4955 2337 5022 corporis
2366 4953 2823 5022 appropinquasse
2853 4950 3125 5004 revelavit.

2219 5047 2325 5118 62
2351 5045 2482 5099 Xlll.
2513 5044 2660 5097 Inter
2688 5043 2902 5098 clericos
2921 5043 3279 5098 discordantes
3304 5059 3482 5114 pacem
3505 5042 3675 5112 refor-

2095 5148 2224 5194 mat.
2253 5135 2446 5188 Avibus
2468 5134 2707 5203 imperat.
2732 5158 2802 5172 --
2835 5144 2858 5171 ο
2886 5133 3036 5187 Tunc
3061 5142 3239 5188 autem
3268 5147 3429 5188 causa
3459 5131 3533 5184 illi
3556 5145 3679 5185 eve-

2097 5235 2272 5294 nerat,
2299 5241 2406 5297 qua
2429 5239 2650 5282 necesse
2670 5223 2859 5280 habuit
2876 5222 3272 5281 Condatensem
3297 5220 3678 5278 dimetienda;

2098 5398 2179 5453 bit
2208 5396 2264 5450 S.
2293 5395 2453 5464 Greg.
2486 5395 2685 5450 Turon.
2719 5394 2853 5449 Hist.
2889 5395 3078 5448 Franc.
3111 5394 3317 5464 libr.n,
3348 5407 3465 5462 cap.
3501 5391 3586 5464 ii.

2175 5480 2195 5506 ε
2228 5467 2356 5534 Qua:
2386 5462 2597 5522 uncinis
2620 5467 2824 5522 inclusa
2847 5476 2992 5529 sunt,
3016 5480 3083 5518 ex
3105 5480 3204 5520 ms.
3239 5462 3530 5520 Rhcmensi
3551 5476 3675 5518 saec.

2099 5547 2181 5594 "xu
2206 5547 2332 5594 sunt
2360 5540 2608 5608 dcsnmpt
2634 5563 2662 5590 -.
3021 5603 3037 5608 _
3123 5556 3125 5558 ·

2174 5609 2200 5648 (ι
2230 5609 2304 5662 Ex
2341 5625 2440 5663 ms.
2474 5603 2603 5662 Cod.
2630 5608 2988 5662 Puteauorum
3014 5603 3262 5666 fratrum.
3455 5619 3469 5666 ί

2182 5691 2203 5718 ε
2229 5679 2307 5734 Ex
2329 5678 2550 5748 epistula
2584 5677 2767 5731 Severi
2800 5677 2865 5729 ad
2889 5676 3160 5740 Basuiam,
3191 5675 3378 5744 paucis
3402 5675 3640 5730 mutatis.
