4044 6340
429 205 534 261 663

1298 201 1355 254 Β.
1397 201 1458 257 F.
1498 198 1726 256 ALBlNl
1764 196 1897 257 SEU
1935 195 2213 255 ALCUlNl
2250 196 2536 255 OPERUM
2570 198 2751 256 PARS
2788 197 2851 255 ν.

3591 204 3693 259 664

428 319 609 376 vicum
638 316 813 382 adire,
858 302 1155 371 utclericis
1181 314 1324 370 inter
1348 329 1407 371 se
1436 313 1690 371 Ecclesiae
1719 314 1861 370 illius
1894 315 2001 371 dis-
2028 320 2077 378 Α
2105 322 2273 382 ctum,
2298 330 2399 371 nec
2438 323 2614 372 morte
2641 314 3001 383 vincendum;
3048 316 3143 387 qui
3180 329 3283 372 nec
3323 317 3463 373 mori
3490 317 3694 387 timuit,

428 408 776 467 cordantibus
795 421 987 477 pacem
1016 405 1355 462 reformaret.
1388 405 1454 460 Et
1472 405 1599 462 licet
1618 405 1781 462 linem
1799 407 2010 463 dierum

426 514 651 558 suorum
680 498 915 554 adfuisse
947 515 1053 554 non
1088 498 1394 569 ignoraret,
1441 498 1709 568 proficisci
1734 509 1912 555 tamen
1940 501 2010 557 ob

425 590 731 650 istiusmodi
771 607 993 647 causam
1036 606 1142 646 non
1187 591 1486 657 recusavit,
1529 608 1832 648 memorans
1880 594 2010 651 illud

350 694 353 697 ’
427 686 794 758 evangelicum
820 702 834 740 :
872 686 1023 741 Beati
1055 686 1263 757 paciﬁci
1281 728 1295 751 ,
1325 687 1573 758 quoniam
1599 687 1700 756 ﬁlii
1730 688 1830 742 Dei
1859 707 2011 743 voca-

428 780 652 834 buntur:
679 778 971 847 volensque
990 792 1179 847 pacem
1202 778 1455 833 omnibus
1479 779 1804 848 relinquere,
1829 797 2011 837 exem-

425 874 517 946 plo
540 873 749 928 Domini
776 872 832 926 in
857 872 943 926 die
971 871 1304 926 ascensionis
1329 886 1439 926 sua:
1467 872 1726 941 apostolis
1748 872 2004 928 dicentis:

427 964 622 1019 Pacem
652 962 887 1034 relinquo
916 963 1075 1027 vobis,
1105 980 1284 1034 pacem
1315 980 1482 1017 meam
1511 963 1578 1018 do
1603 964 1761 1018 vobis.
1796 963 1863 1018 In
1884 982 2010 1034 pace

423 1072 514 1111 vos
538 1055 736 1119 dimisi,
772 1055 826 1108 in
847 1070 975 1126 pace
1002 1071 1092 1109 vos
1119 1055 1400 1107 inveniam.
1435 1054 1677 1125 Cumque
1718 1056 1822 1109 hac
1848 1070 2011 1111 causa

423 1164 548 1204 cum
581 1147 835 1203 familiari
866 1146 1250 1218 discipulorum
1277 1148 1535 1202 comitatu
1576 1148 1679 1203 iter
1704 1156 2006 1217 perageret,

422 1258 639 1314 mergos
684 1243 737 1297 in
770 1240 990 1295 flumine
1025 1241 1171 1295 videt
1205 1241 1433 1311 piscium
1480 1240 1879 1295 multitudinem
1912 1255 2007 1294 ca-

422 1340 657 1404 ptantes,
690 1340 745 1386 et
787 1332 955 1385 dixit:
990 1330 1186 1385 Forma
1229 1331 1343 1386 haec
1392 1332 1694 1385 daemonum
1725 1337 1825 1384 est.
1858 1330 2010 1384 Tunc

424 1423 529 1479 illis
555 1422 764 1494 potenti
788 1422 989 1477 virtute
1010 1423 1299 1476 verborum
1326 1421 1631 1491 imperavit,
1661 1430 1722 1475 ut
1743 1438 1864 1476 eum
1886 1437 2008 1491 gur-

424 1516 587 1586 gitem
614 1516 979 1585 relinquentes
1005 1514 1154 1568 arida
1184 1515 1502 1584 desertaque
1525 1522 1842 1583 appeterent
1865 1514 2002 1569 loca.

425 1605 730 1678 Statimque
754 1607 946 1662 mirum
971 1606 1023 1659 in
1045 1605 1262 1659 modum
1289 1620 1477 1659 omnes
1503 1605 1557 1659 in
1578 1620 1682 1658 una
1710 1606 1863 1659 turba
1885 1621 2007 1661 con-

2113 424 2213 466 nec
2232 409 2416 464 vivere
2437 409 2726 464 recusavit.
2753 407 2861 464 Sed
2884 423 3005 463 cum
3033 422 3064 463 a
3083 409 3364 481 discipulis
3391 421 3696 482 rogaretur,

2112 511 2173 559 ut
2208 511 2506 559 stramenta
2544 500 2643 557 sub
2686 517 2744 557 se
2790 500 2993 557 faceret
3027 502 3187 571 poni,
3228 502 3281 556 vi
3326 502 3560 558 febrium
3600 519 3699 574 per

2112 597 2313 668 aliquot
2342 596 2458 652 dies
2496 596 2777 659 laborans,
2820 594 2936 649 Non
2966 595 3140 660 decet,
3184 594 3375 665 inquit,
3424 595 3542 660 filii,
3587 611 3697 651 non

2112 689 2265 743 decet
2286 685 2671 752 Christianum,
2701 686 2804 740 nisi
2830 686 2883 739 in
2910 686 3092 740 cinere
3115 694 3171 740 et
3194 686 3372 741 cilicio
3393 686 3568 753 mori;
3598 702 3699 759 ego

2113 778 2279 842 enim,
2306 778 2351 832 si
2380 777 2525 831 aliud
2552 778 2706 831 vobis
2736 777 2930 845 reliqui
2956 776 3284 846 exemplum,
3314 778 3428 846 ipse
3447 778 3696 847 peccavi.

2112 867 2180 922 Et
2210 884 2332 922 cum
2359 868 2556 921 iterum
2586 882 2616 920 a
2661 867 3013 938 presbyteris,
3044 868 3137 935 qui
3168 867 3235 921 ad
3260 867 3379 937 ejus
3405 866 3700 923 inﬁrmita-

2114 968 2221 1015 tem
2252 968 2533 1025 venerant,
2557 969 2859 1031 rogaretur,
2888 968 2947 1012 ut
2968 960 3347 1028 corpusculum
3371 960 3558 1015 lateris
3583 976 3700 1015 tnu-

2116 1056 2317 1111 tatione
2345 1055 2629 1120 relevaret,
2660 1054 2855 1119 Sinite,
2892 1054 3085 1123 inquit,
3135 1054 3297 1110 sinite
3342 1069 3446 1118 me,
3477 1055 3698 1121 fratres,

2112 1151 2293 1220 potius
2316 1149 2512 1205 coelum
2540 1165 2701 1219 quam
2734 1158 2933 1202 terram
2964 1148 3169 1213 videre,
3200 1157 3261 1201 ut
3289 1148 3344 1203 in
3376 1164 3477 1205 suo
3505 1151 3704 1206 itinere

2105 1241 2217 1312 jam
2253 1242 2426 1295 iturus
2452 1240 2519 1294 ad
2544 1240 2830 1295 Dominum
2851 1255 3006 1294 meus
3030 1240 3253 1309 spiritus
3278 1240 3563 1311 dirigatur.

2183 1331 2299 1385 XV.
2329 1330 2483 1384 'Inler
2503 1330 2761 1401 angelicas
2785 1330 3004 1401 hymnos
3034 1332 3266 1385 animum
3290 1334 3417 1401 agit.
3446 1362 3515 1372 —
3545 1331 3703 1388 Anno

2113 1422 2278 1492 igitur
2298 1421 2474 1476 aetatis
2502 1437 2612 1476 suae
2643 1438 2828 1485 Lxxxt,
2855 1432 2903 1476 et
2938 1423 3281 1491 episcopatus
3304 1424 3383 1477 sui
3410 1440 3559 1490 xxvr,
3587 1440 3703 1479 ma-

2112 1523 2267 1569 turus
2296 1514 2453 1568 anuis
2477 1522 2532 1568 et
2567 1515 2812 1580 moribus
2842 1516 2982 1585 apud
3009 1515 3403 1571 Condatensem
3448 1519 3701 1573 ditecesis

2112 1619 2222 1659 suae
2251 1604 2453 1667 vicum,
2499 1612 2558 1657 ut
2606 1603 2861 1669 diximus,
2908 1605 3138 1660 feliciter
3169 1607 3391 1661 recessit
3422 1622 3453 1659 a
3479 1608 3696 1663 saeculo.

421 1707 656 1768 gregata:
677 1698 866 1754 relicto
895 1696 1113 1753 flumine
1153 1704 1366 1752 montes
1408 1697 1678 1767 silvasque
1712 1698 2003 1767 petierunt.
2042 1686 2085 1745 Β
2113 1695 2218 1751 Sed
2242 1697 2383 1750 inter
2410 1695 2591 1750 divina
2622 1712 2789 1751 sacrae
2811 1697 3210 1766 praedicationis
3235 1699 3420 1762 verba,
3454 1712 3575 1751 cum
3605 1712 3701 1751 an-

421 1789 491 1844 Et
517 1790 765 1845 admirati
800 1799 943 1857 sunt,
976 1791 1068 1862 qui
1100 1791 1261 1846 simul
1292 1790 1536 1855 aderant,
1587 1790 1746 1845 talem
1777 1790 1831 1845 in
1862 1790 2007 1844 Mar-

421 1879 537 1935 tino
564 1897 683 1936 esse
716 1882 992 1946 virtutem,
1024 1890 1083 1937 ut
1107 1884 1275 1937 etiam
1308 1882 1499 1939 avibus
1526 1882 1640 1942 sive
1674 1882 2009 1939 daemonibus

421 1972 712 2043 imperaret
738 1991 835 2045 per
860 1976 1094 2048 gratiam
1124 1975 1239 2030 Dei.

490 2066 629 2123 XIV.
660 2068 910 2138 ngrotat
935 2084 954 2121 :
984 2069 1277 2124 molliorem
1302 2068 1491 2123 lectum
1533 2070 1634 2123 sibi
1658 2069 1820 2124 sterni
1855 2084 2006 2122 recu-

418 2167 521 2213 sat.
552 2188 623 2198 —
649 2157 892 2227 Curaque
921 2160 975 2213 in
1008 2159 1097 2213 illo
1124 2160 1263 2225 vico,
1297 2160 1366 2213 ad
1413 2175 1572 2229 quem
1616 2160 1773 2225 ierat,
1821 2160 2009 2230 paucis

420 2248 609 2304 diebus
632 2258 1022 2314 commoratus,
1037 2265 1170 2318 pace
1192 2251 1335 2305 inter
1357 2250 1586 2305 clericos
1605 2252 1874 2316 restituta,
1892 2251 2005 2319 jam

419 2338 633 2406 regredi
679 2340 746 2393 ad
774 2341 1163 2396 monasterium
1204 2342 1483 2413 cogitaret,
1516 2343 1723 2398 viribus
1763 2346 2009 2413 corporis

421 2432 589 2500 cmpit
617 2441 838 2500 repente
869 2433 1087 2488 destitui
1115 2452 1130 2500 ;
1162 2436 1579 2506 convocatisque
1605 2437 1901 2507 discipulis,
1925 2438 2009 2492 in-

420 2520 624 2577 dicavit
656 2522 738 2577 eis
774 2523 886 2594 jam
924 2524 1115 2580 adesse
1158 2533 1370 2596 tempus
1412 2528 1711 2583 resolvendi
1759 2530 2007 2599 spiritum

419 2609 538 2683 ejus
560 2629 592 2668 a
616 2630 863 2686 corpore.
900 2614 1053 2671 Tunc
1081 2631 1209 2672 vero
1236 2615 1411 2673 luctus
1432 2626 1487 2672 et
1515 2634 1716 2675 mceror
1740 2622 2004 2689 omnium,

419 2717 526 2761 vox
547 2720 655 2761 una
680 2706 1052 2777 plangentium
1082 2715 1139 2762 et
1164 2707 1458 2763 dicentium
1486 2728 1497 2761 :
1542 2709 1651 2765 Cur
1674 2726 1791 2777 nos,
1823 2710 2007 2780 Pater,

420 2791 649 2860 deseris,
696 2804 789 2849 aut
830 2797 917 2850 cui
959 2811 1059 2851 nos
1090 2796 1358 2853 desolatos
1404 2798 1707 2869 relinquis?
1752 2801 2008 2858 invadent

420 2886 563 2941 enim
592 2900 810 2959 gregem
838 2896 988 2942 tuum
1016 2889 1127 2959 lupi
1162 2905 1403 2961 rapaces.
1436 2890 1503 2944 Et
1530 2892 1652 2961 quis
1677 2908 1775 2947 nos
1796 2909 1825 2948 a
1854 2910 2010 2965 rapa-

325 3043 341 3060 .
420 2976 677 3033 citatibus
722 2994 931 3043 eorum,
984 2987 1039 3033 te
1087 2984 1391 3046 recedente,
1445 2981 1741 3037 defendet?
1792 2985 2007 3040 Scimus

421 3068 641 3137 quidem
670 3076 723 3123 te
742 3070 1055 3127 desiderare
1095 3071 1371 3127 Christum
1392 3113 1407 3139 ,
1435 3075 1530 3129 sed
1575 3074 1719 3128 salva
1745 3076 1839 3131 tibi
1869 3092 2017 3158 pref

422 3158 530 3213 mia
560 3166 675 3224 tua,
702 3176 803 3215 nec
830 3160 993 3215 dilata
1033 3163 1372 3229 minuentur;
1424 3166 1593 3220 nostri
1639 3170 1817 3237 potius
1846 3170 2009 3225 mise-

419 3265 564 3307 rere.
611 3250 763 3307 Tunc
814 3252 904 3307 ille
952 3262 1131 3310 motus
1181 3271 1368 3311 eorum
1419 3256 1631 3314 fletibus
1678 3259 2008 3331 lacrymasse

419 3344 772 3417 perhibetur;
798 3362 1199 3421 conversusque
1230 3353 1296 3407 ad
1321 3352 1605 3410 Dominum
1628 3356 1853 3427 supplici
1879 3373 2010 3413 voce

422 3434 591 3492 dixit:
624 3436 870 3505 Domine,
900 3442 947 3495 si
973 3443 1148 3498 adhuc
1172 3446 1367 3514 populo
1391 3454 1483 3501 tuo
1503 3463 1620 3502 sum
1646 3449 2007 3517 necessarius,

421 3542 531 3584 non
558 3544 749 3583 recuso
774 3530 1009 3587 laborem
1034 3549 1048 3599 ;
1084 3533 1448 3593 liat'voluntas
1478 3546 1587 3592 tua.
1618 3537 1882 3594 Nimirum
1914 3556 2009 3595 ne-

424 3619 632 3675 sciebat
660 3621 789 3690 quid
815 3624 997 3692 potius
1024 3626 1204 3682 mallet
1231 3646 1242 3680 :
1291 3628 1417 3698 quia
1471 3645 1571 3684 nec
1601 3632 1700 3685 hos
1735 3632 2007 3699 deserere,

424 3724 528 3765 nec
557 3725 587 3763 a
610 3709 827 3766 Christo
856 3714 1072 3770 volebat
1101 3718 1302 3773 diutius
1325 3720 1584 3787 separari.
1616 3720 1760 3775 Nihil
1786 3722 1928 3775 enim
1953 3722 2009 3777 in

421 3810 552 3855 voto
580 3816 680 3856 suo
707 3819 913 3873 ponens
936 3808 1116 3861 omnia
1158 3809 1273 3864 haec
1316 3811 1370 3863 in
1413 3811 1504 3863 Dei
1537 3812 1763 3867 arbitrio
1802 3813 2010 3869 dimisit

428 3891 647 3949 dicens:
671 3893 980 3963 Domine,si
1006 3899 1182 3955 adhuc
1212 3916 1297 3955 me
1322 3903 1402 3957 vis
1432 3903 1486 3957 in
1513 3918 1739 3972 corpore
1766 3920 2005 3975 manere,

425 3996 535 4038 non
587 4001 778 4039 recuso
823 3986 1059 4043 laborem
1085 4005 1099 4044 :
1132 3998 1187 4045 et
1216 3992 1259 4045 si
1294 3993 1474 4061 parcis
1498 3995 1667 4059 aetati,
1698 3996 1898 4050 bonum
1926 4003 2011 4051 est

432 4076 594 4131 mihi:
624 4078 717 4133 fiat
744 4079 992 4135 voluntas
1019 4092 1128 4138 tua.
1160 4083 1271 4140 Hos
1292 4095 1491 4150 autem,
1514 4086 1581 4141 de
1607 4088 1803 4157 quibus
1823 4090 2003 4157 timeo,

429 4172 493 4221 tu
526 4168 641 4238 ipse
670 4171 897 4225 custodi.
934 4171 979 4227 Ο
1007 4174 1181 4230 virum
1217 4175 1559 4240 ineffabilem,
1589 4191 1689 4232 nec
1726 4179 1908 4234 labore
1930 4180 2008 4235 vi—

2110 1789 2296 1859 gelicis
2324 1789 2626 1844 caelestium
2656 1789 2979 1859 hymnorum
3015 1788 3237 1843 vocibus
3257 1830 3272 1853 ,
3300 1789 3703 1844 circumstanti-

2109 1878 2212 1933 bus
2241 1879 2354 1933 suis
2382 1877 2678 1947 disripulis,
2712 1877 2886 1948 gratia
2917 1877 3107 1948 plenus
3135 1884 3191 1933 et
3231 1877 3538 1941 sanctitate,
3571 1892 3701 1932 san-

2110 1976 2253 2025 ctam
2280 1966 2409 2021 Jesu
2443 1967 2661 2023 Christo
2692 1968 2914 2022 tradidit
2948 1969 3205 2023 animam.
3258 1966 3409 2021 Multi
3455 1969 3600 2023 enim
3644 1968 3724 2025 in'

2110 2060 2228 2130 ejus
2276 2060 2511 2115 transitu
2547 2074 2709 2114 voces
2753 2060 3040 2115 audierunt
3090 2059 3403 2132 angelorum
3448 2068 3701 2116 sanctum

2109 2154 2402 2210 Martinum
2432 2154 2784 2211 laudantium.
2818 2155 3030 2223 Quanta
3066 2164 3247 2210 autem
3295 2156 3584 2211 multitudo
3635 2156 3703 2213 ad

2110 2248 2226 2318 ejus
2246 2248 2563 2317 obsequium
2588 2250 2920 2313 convenerit,
2946 2256 3157 2304 narrari
3181 2265 3288 2304 non
3313 2257 3514 2318 potest.
3550 2248 3703 2306 Multi

2110 2341 2256 2398 enim
2295 2357 2362 2396 ex
2399 2341 2592 2397 vicinis
2625 2340 2847 2395 urbibus
2890 2347 2947 2395 et
2992 2341 3333 2395 monasteriis
3362 2349 3526 2410 atque
3568 2340 3702 2397 vicis

2110 2449 2235 2489 cum
2258 2432 2516 2503 lacrymis
2534 2440 2814 2495 venerunt,
2843 2446 2946 2485 una
2975 2446 3106 2486 voce
3137 2440 3385 2486 sanctum
3411 2431 3702 2487 Martinam

2109 2523 2374 2594 lugentes.
2426 2522 2471 2578 Ο
2513 2528 2746 2593 quantus
2794 2530 2911 2576 erat
2949 2522 3124 2577 luctus
3169 2523 3452 2579 omnium!
3501 2530 3705 2592 quanta

2108 2615 2384 2688 praecipue
2413 2614 2647 2669 lamenta
2673 2613 3061 2670 monachorum
3105 2625 3160 2668 et
3198 2614 3465 2685 virginum
3514 2616 3672 2670 dicen

2110 2708 2269 2772 tium,
2299 2706 2427 2777 quia
2456 2706 2603 2776 pium
2635 2718 2717 2761 est
2751 2706 2985 2776 gaudere
3035 2705 3284 2773 Martino,
3333 2714 3390 2762 et
3432 2707 3583 2777 pium
3622 2718 3707 2763 est

2110 2796 2240 2854 flere
2267 2796 2577 2853 Martinum.
2611 2795 2766 2852 Pium
2793 2798 2939 2852 enim
2974 2806 3095 2853 erat
3132 2813 3256 2852 eum
3302 2797 3507 2865 vivere,
3555 2799 3706 2869 pium

2109 2898 2230 2945 erat
2258 2898 2313 2944 et
2336 2890 2474 2945 mori
2500 2906 2514 2955 ;
2547 2890 2671 2959 quia
2699 2892 2752 2944 in
2781 2890 2891 2945 vita
2919 2905 3015 2944 sua
3038 2890 3315 2960 placuerat
3340 2890 3469 2945 Deo.

2182 2980 2320 3035 XVI.
2360 2980 2584 3035 Turonis
2614 2980 2881 3051 sepelitur.
2911 3007 2983 3020 -—
3008 2993 3035 3021 ιι
3064 2979 3233 3052 Cujus
3257 2982 3474 3053 quidem
3506 2997 3707 3054 corpus

2114 3091 2144 3129 a
2169 3073 2381 3129 clericis
2409 3074 2711 3139 civitatum,
2740 3082 2795 3129 et
2827 3073 3147 3144 populorum
3184 3073 3357 3128 turbis
3376 3114 3392 3139 ,
3433 3089 3560 3129 cum
3588 3074 3704 3129 lau-

2112 3166 2270 3228 dibus
2296 3174 2349 3219 et
2386 3166 2601 3237 hymnis
2643 3167 2711 3220 ad
2746 3166 3071 3221 Turonicam
3097 3174 3373 3236 portatum
3399 3174 3484 3221 est
3514 3167 3703 3221 civita-

2114 3267 2247 3324 tem,
2284 3258 2465 3328 ibique
2502 3274 2625 3314 cum
2654 3275 2848 3330 magna
2890 3260 3236 3314 veneratione
3280 3260 3550 3330 sepultum
3594 3268 3700 3324 est,

2113 3358 2436 3420 assequente
2461 3361 2586 3404 eum
2613 3349 3030 3415 cmlestijurba,
3059 3365 3183 3404 cum
3213 3349 3529 3404 cmlestibus
3551 3350 3702 3419 hym-

2114 3443 2199 3497 nis
2226 3457 2397 3512 usque
2424 3441 2491 3496 ad
2519 3442 2693 3497 locum
2718 3442 2968 3512 sepulcri.
2993 3441 3049 3496 ln
3079 3457 3187 3511 quo
3211 3449 3397 3510 postea
3424 3440 3545 3495 loco
3574 3438 3700 3494 bea-

2113 3542 2200 3587 tus
2227 3533 2455 3587 antistes
2486 3532 2784 3604 Perpetuus
2819 3548 3011 3587 novam
3063 3532 3315 3586 laudabili
3361 3548 3529 3602 opere
3573 3547 3699 3587 con-

2113 3626 2311 3680 struxit
2339 3624 2645 3689 ecclesiam,
2670 3624 2805 3679 tanti
2847 3626 3063 3695 patroni
3102 3625 3330 3695 talisque
3368 3625 3469 3678 viri
3508 3625 3696 3681 condi-

2112 3731 2270 3785 gnam
2297 3715 2525 3770 meritis.
2549 3715 2606 3769 in
2636 3732 2741 3784 qua
2770 3716 2934 3771 etiam
2956 3732 3126 3787 usque
3150 3717 3309 3771 hodie
3334 3716 3505 3770 multa
3532 3717 3696 3771 mira-

2113 3808 2355 3864 culorum
2380 3807 2554 3879 signa,
2583 3807 2827 3878 plurima:
2853 3809 3146 3863 sanitatum
3171 3808 3423 3872 virtutes,
3450 3808 3698 3887 (ξονσιδ-

2115 3901 2291 3954 tiones
2316 3900 2679 3964 maerentium,
2711 3908 2765 3953 et
2788 3902 3014 3970 pietates
3038 3900 3355 3967 laetantium,
3400 3908 3695 3972 praestante

2115 3993 2342 4047 Domino
2375 4003 2560 4049 nostro
2585 3993 2711 4049 Jesu
2750 3994 2985 4059 Christo,
3030 3993 3148 4049 fieri
3191 3994 3398 4050 solent:
3440 3996 3536 4065 qui
3567 3994 3697 4048 vivit

2114 4092 2169 4139 et
2201 4094 2390 4155 regnat
2440 4087 2493 4139 in
2538 4086 2744 4141 unitate
2787 4085 3118 4156 maiestatis,
3149 4102 3246 4157 per
3288 4086 3469 4143 omnia
3498 4085 3693 4145 secula

2117 4178 2457 4233 saeculorum.
2494 4179 2685 4235 Amen.

416 4352 419 4355 ,
502 4313 531 4343 ι
555 4300 807 4359 Clausula
832 4306 937 4362 hac
962 4307 1150 4363 eadem
1190 4317 1274 4364 est
1315 4324 1379 4366 ac
1417 4312 1769 4381 praecedentis
1794 4312 2005 4384 scripti,
2044 4328 2206 4385 supra
2228 4329 2377 4369 num.
2413 4314 2499 4371 il.

1096 4604 1253 4677 163
1309 4577 1749 4695 OPUSC
1767 4583 2153 4699 ULUM
2240 4582 3046 4704 SECUNDUM.

950 4810 1198 4893 VITA
1248 4812 1328 4897 S.
1381 4815 1824 4895 VEDASTI
1881 4818 3177 4924 EPISCOPI‘ATREBATENSIS,

1629 4994 1881 5077 Scripta
1900 4994 2079 5061 “circa
2103 5020 2334 5066 annum
2368 5006 2506 5069 800.

494 5228 821 5322 Dulcissimo
843 5225 1148 5322 dilectionis
1176 5226 1286 5282 filio
1317 5227 1523 5285 Radoni
1555 5242 1580 5271 ι
1613 5231 1791 5289 abbati
1832 5234 2009 5292 humi-
2033 5238 2087 5300 ι)
2180 5236 2218 5291 l.
2270 5238 2579 5299 Dilectionis
2618 5250 2810 5301 vestrm
2848 5247 3150 5305 venerabile
3190 5259 3520 5322 prmoeptum
3547 5266 3687 5310 secu-

421 5321 493 5382 lis
513 5320 678 5379 levita
704 5319 931 5376 Albinus
954 5318 1200 5375 salutem.

502 5511 529 5540 ι
566 5497 796 5554 Radani.
831 5498 1053 5562 Surius,
1088 5496 1313 5552 Rodani.
1347 5499 1397 5554 ls
1425 5500 1589 5555 abbas
1613 5499 1783 5556 factus
1824 5517 2005 5558 mona-

424 5572 579 5643 sterii
609 5568 1185 5643 Vedastinj_anno_795
1219 5571 1622 5643 monasterium.
1666 5573 1920 5643 templum
1949 5584 2003 5631 et

427 5641 631 5699 cultum
659 5641 828 5701 sancti
861 5638 1082 5699 Vedasti
1106 5640 1358 5697 maximis
1403 5640 1706 5712 sumptibus
1734 5638 2003 5702 instaura-

2116 5338 2219 5395 tus,
2237 5327 2413 5385 Vitam
2445 5334 2617 5389 sancti
2646 5333 2867 5394 Vedasti
2894 5337 3070 5397 Patris
3102 5342 3265 5398 vestri
3290 5351 3347 5398 et
3373 5344 3683 5402 intercesso-

2112 5512 2302 5595 vit;g_et
2340 5530 2492 5595 anno.
2519 5517 2624 5595 Q15
2651 5520 2803 5595 obiit,
2845 5530 3006 5595 prout
3043 5522 3321 5595 legiturjn
3349 5524 3551 5580 Chron.
3587 5521 3679 5577 Ve-

2110 5580 2324 5709 21εέἑίῗὲ
2328 5588 2495 5712 ἐξ)ξά
2535 5580 2871 5648 Locrium'c‘t
2899 5580 3207 5651 Franc.vLe
3251 5592 3357 5649 Bar
3400 5597 3456 5651 in
3503 5609 3680 5651 monu-
