4044 6340
296 201 403 259 665

1259 194 1840 253 mcrocnspmca.
1875 180 1947 240 μ-
1986 197 2147 253 νιτΑ
2188 197 2244 254 s.
2289 197 2602 258 VEDAS’I‘I.

3442 213 3543 270 666

296 319 373 374 ris
431 313 602 371 nostri
626 354 641 381 ,
696 313 988 370 emendare
1028 313 1207 369 studui
1233 326 1259 356 α
1284 331 1298 367 :
1323 328 1431 369 non
1478 314 1625 383 quod
1668 312 1869 383 aliquid
1894 318 1945 379 Α
1972 315 2262 371 sobrietate
2292 318 2491 384 ornati,
2524 332 2631 373 non
2656 318 2906 375 ebrietati
2933 324 3167 390 assueti;
3197 339 3425 396 quorum
3451 330 3548 388 ho-

294 408 437 465 illius
461 405 930 462 excellentissimis
958 406 1167 461 meritis
1195 408 1415 478 dignum
1441 406 1752 471 valuissem,
1775 404 1871 461 sed

293 500 438 571 quod
484 496 618 554 nihil
670 506 773 552 ture
820 498 1135 555 reverentiae
1168 497 1335 567 jussis
1383 498 1650 569 denegare
1694 505 1872 552 ratum

290 594 498 667 putavi.
539 591 745 647 Idcirco
773 591 840 645 ad
872 598 921 644 te
962 590 1190 643 maxima
1234 588 1417 662 [Boll.,
1452 587 1710 659 maxime]
1748 603 1870 659 per-

291 687 469 741 tinent
489 684 679 741 harum
704 682 819 738 laus
843 681 927 736 vel
954 681 1277 752 vituperatio
1298 680 1617 735 litterarum.
1650 680 1871 736 Utinam

290 781 386 836 tibi
434 787 492 835 et
534 778 812 842 fratribus,
842 777 1243 846 qualescunque
1289 777 1417 841 sint,
1450 775 1716 845 placeant.
1766 775 1871 831 De-

285 886 484 943 precor
517 878 717 936 autem,
747 878 809 924 ut
834 884 1012 925 meum
1040 869 1278 924 laborem
1320 868 1624 923 orationum
1665 875 1871 923 vestra-

285 982 408 1020 rum
437 965 631 1021 solatio
665 979 1015 1020 remunerare
1040 963 1363 1035 dignemini;
1397 971 1453 1016 et
1488 979 1627 1018 unus
1658 978 1870 1019 merear

285 1071 410 1111 esse
436 1064 677 1111 vestrum
709 1056 763 1109 in
801 1055 1082 1110 charitatis
1110 1055 1486 1109 communione
1514 1070 1529 1107 :
1554 1054 1695 1110 illius
1725 1071 1869 1111 sem-

279 1162 383 1219 per
414 1162 682 1203 memores
706 1147 965 1212 mandati,
994 1147 1087 1216 qui
1115 1147 1285 1202 dixit:
1311 1146 1426 1202 Hoc
1454 1156 1529 1202 est
1554 1158 1867 1219 prtecepmm

281 1254 478 1303 meum,
522 1246 577 1290 ut
620 1237 852 1307 diligatis
896 1238 1114 1293 invicem
1160 1237 1340 1311 (Joan.
1374 1256 1463 1305 xv,
1496 1239 1604 1309 12).
1658 1240 1717 1294 In
1762 1241 1867 1297 hoc

281 1330 429 1384 enim
460 1330 713 1385 mandato
754 1331 995 1385 omnium
1039 1331 1185 1387 salus
1214 1332 1497 1388 consistit:
1523 1332 1627 1387 hoc
1653 1334 1866 1389 cunctis

278 1421 748 1490 pernecessarium
778 1435 901 1476 esse
920 1429 1152 1487 constat,
1183 1430 1238 1477 et
1265 1422 1499 1477 maxime
1529 1423 1595 1477 iis
1624 1424 1716 1493 qui
1746 1440 1866 1494 gre-

277 1532 401 1587 gem
449 1516 650 1571 Christi
704 1517 995 1588 regendum
1051 1518 1339 1587 accipiunt.
1403 1517 1742 1588 Quapropter
1782 1527 1860 1585 tu,

276 1609 620 1675 charissime,
652 1626 868 1681 gregem
895 1625 1056 1679 quem
1102 1610 1359 1679 accepisti
1405 1610 1726 1680 regendum,
1756 1610 1865 1663 fra-

1971 416 2156 463 nestas
2179 409 2302 463 vitae
2324 409 2441 466 aliis
2471 410 2629 484 164
2652 412 2726 467 sit
2750 414 2991 469 doctrina
3018 415 3233 483 salutis;
3257 434 3549 493 curamque

1968 501 2167 572 ubique
2194 502 2393 559 habeas
2424 505 2657 560 maxime
2684 522 2999 577 pauperum,
3026 510 3328 579 viduarum,
3358 515 3550 586 orpha-

1970 610 2184 662 norum,
2217 606 2275 651 ut
2297 598 2481 653 audias
2508 599 2562 653 in
2589 600 2676 655 die
2702 604 2981 659 tremendo
3004 619 3035 658 a
3073 604 3303 661 Domino
3331 606 3549 666 Christo
3606 616 3615 623 ’

1970 702 2090 741 cum
2125 688 2243 743 aliis
2281 689 2681 761 eleemosynam
2712 692 3061 750 facientibus:
3092 695 3337 762 Quandiu
3362 700 3454 753 uni
3483 715 3549 753 ea:

1970 780 2050 834 his
2072 782 2296 835 minimis
2318 783 2535 852 fecistis,
2559 777 2687 839 mihi
2711 786 2904 855 fecistis
2933 787 3146 859 (Matth.
3170 806 3263 855 xv,
3283 791 3391 861 40).
3418 792 3549 848 Esto

1970 873 2185 927 miseris
2216 881 2276 926 ut
2310 881 2482 942 pater,
2516 882 2571 928 et
2600 891 2818 931 causam
2867 879 2935 933 ad
2966 887 3017 932 te
3046 880 3395 936 clamantium
3430 883 3549 937 dili-

1970 972 2158 1033 genter
2195 963 2424 1030 discute,
2457 973 2513 1019 et
2538 982 2698 1036 parce
2734 968 2789 1022 in
2822 976 2873 1023 te
2913 973 3287 1039 peccantibus,
3318 982 3377 1026 ut
3407 974 3549 1029 Deus

1971 1054 2078 1107 tuis
2110 1062 2294 1123 parcat
2321 1056 2577 1124 peccatis.
2622 1057 2752 1112 Esto
2783 1058 2964 1128 justus
3002 1062 3057 1115 in
3096 1064 3337 1132 judiciis,
3371 1072 3426 1119 et
3453 1066 3551 1119 mi-

1970 1145 2201 1199 sericors
2239 1144 2295 1199 in
2322 1144 2536 1201 debitis.
2585 1146 2837 1219 Magister
2872 1150 3153 1217 virtutum,
3188 1157 3430 1212 moribus
3459 1157 3551 1210 ho—

1970 1245 2175 1301 nestus,
2224 1238 2404 1292 verbis
2450 1239 2741 1309 jucundus,
2789 1241 2903 1295 vita
2957 1242 3261 1311 laudabilis,
3295 1248 3351 1301 in
3401 1248 3550 1317 omni

1969 1340 2130 1395 opere
2166 1325 2262 1379 Dei
2297 1328 2539 1383 devotus.
2579 1329 2798 1385 Fratres
2831 1348 3047 1403 quoque
3076 1334 3313 1401 hortare,
3346 1346 3405 1391 ut
3426 1354 3552 1392 san-

1969 1426 2085 1472 ctas
2112 1419 2524 1489 diligentissime
2551 1421 2734 1493 legant
2766 1422 3094 1494 Scripturas.
3134 1425 3251 1481 Non
3276 1427 3551 1483 conﬁdant

1968 1506 2025 1562 in
2071 1510 2264 1581 linguae
2314 1513 2535 1579 notitia,
2572 1514 2669 1569 sed
2718 1516 2772 1569 in
2801 1517 3041 1571 veritatis
3084 1518 3459 1589 intelligentia,
3491 1527 3553 1574 ut

1970 1610 2180 1678 possint
2245 1611 2737 1667 contradicentibus
2788 1614 3004 1668 veritati
3067 1616 3340 1670 resistere.
3413 1614 3552 1670 Sunt

278 1708 437 1755 terno
487 1717 672 1757 amore
713 1702 998 1772 diligenter
1037 1702 1251 1757 erudire
1299 1702 1531 1765 studeto,
1557 1708 1613 1754 et
1660 1701 1864 1755 sanctis
1892 1685 1939 1746 Β
1969 1708 2207 1768 tempora
2252 1701 2577 1768 periculosa,
2626 1710 2684 1756 ut
2735 1704 2959 1771 apostoli
3009 1704 3396 1783 prazdixerqnt,
3422 1705 3551 1774 quia

274 1792 738 1847 admonitionibus
767 1808 890 1847 eum
939 1806 1034 1861 per
1077 1805 1277 1860 pascua
1305 1790 1429 1844 vita:
1478 1790 1742 1845 deducere
1784 1806 1865 1845 sa-

272 1890 413 1953 tage.
472 1881 653 1938 Habes
694 1884 750 1937 in
800 1883 947 1938 omni
984 1898 1146 1953 opere
1182 1884 1325 1938 bono
1352 1882 1627 1938 Christum
1655 1883 1865 1953 adjuto-

270 1990 426 2039 rem,
483 1984 730 2029 sanctum
788 1990 1001 2045 quoque
1066 1974 1360 2030 Vedastum
1420 1975 1858 2031 intercessorem.

271 2066 431 2122 Sicut
453 2083 649 2138 magno
676 2068 861 2123 labore
887 2069 1102 2122 domum
1136 2068 1229 2122 Dei
1268 2069 1466 2138 Optime
1506 2068 1675 2124 habes
1702 2084 1863 2124 orna-

270 2173 389 2218 tam
439 2170 495 2217 et
517 2162 834 2233 largissimis
862 2162 1017 2217 donis
1060 2161 1402 2226 deeoratam;
1434 2161 1505 2215 ita
1539 2162 1640 2216 sibi
1670 2161 1858 2233 [Bolt.,

269 2253 395 2325 tibi]
424 2252 695 2321 subjectos
718 2254 873 2308 bonis
902 2255 1141 2308 moribus
1164 2256 1348 2307 ornari
1372 2256 1659 2321 contende,
1685 2263 1741 2311 et
1766 2271 1859 2312 eos

269 2343 331 2399 in
357 2344 538 2399 divina
561 2344 717 2399 laude
738 2342 823 2398 fac
846 2344 1174 2409 consistere;
1200 2351 1255 2397 et
1274 2344 1417 2413 quod
1441 2345 1617 2415 angeli
1645 2362 1861 2415 semper

267 2446 443 2510 agunt
472 2437 529 2492 in
565 2437 747 2502 ccelis,
780 2436 882 2492 hoc
910 2435 1105 2491 fratres
1129 2436 1329 2506 jugiter
1357 2436 1557 2491 faciant
1600 2437 1657 2492 in
1688 2438 1861 2493 eccle-

270 2529 394 2585 siis.
448 2528 620 2583 Tuum
662 2537 748 2584 est
792 2529 1105 2600 praecipere,
1136 2528 1347 2583 illorum
1396 2529 1635 2583 obedire.
1686 2528 1860 2584 Tuum

267 2630 357 2677 est
406 2622 631 2691 praeire,
678 2616 888 2676 illbrum
942 2621 1216 2691 subsequi.
1273 2619 1526 2675 Omnium
1579 2620 1763 2690 itaque
1805 2622 1861 2677 in

271 2712 501 2767 servitio
531 2711 629 2766 Dei
657 2727 764 2766 una
803 2713 965 2768 debet
988 2727 1111 2767 esse
1141 2712 1406 2778 voluntas,
1445 2719 1502 2765 ut
1531 2726 1641 2765 una
1678 2710 1775 2766 ﬁat
1803 2713 1860 2767 in

268 2817 444 2872 regno
469 2800 566 2855 Dei
592 2804 977 2857 remuneratio.

342 2890 407 2945 lI.
450 2890 639 2947 Nullus
690 2893 839 2947 horis
886 2892 1164 2947 canonicis
1209 2908 1268 2947 se
1328 2893 1526 2948 divinis
1579 2893 1863 2949 subtrahat

268 2983 541 3049 laudibus,
571 3000 640 3040 ne
667 2992 886 3055 propter
912 2985 1145 3054 aliquam
1172 2986 1551 3056 negligentiam
1576 2986 1862 3056 cujuslibet

269 3075 426 3130 locus
454 3074 510 3128 in
539 3084 834 3145 conspectu
862 3075 959 3129 Dei
988 3090 1189 3129 vacuus
1233 3076 1540 3130 inveniatur
1565 3095 1576 3129 :
1608 3083 1664 3131 et
1697 3078 1862 3131 verba

264 3172 368 3227 Dei
396 3173 452 3226 in
483 3171 727 3229 ecclesiis
761 3173 951 3227 intimo
975 3172 1155 3227 cordis
1182 3170 1375 3225 affectu
1411 3169 1776 3239 proferantur,
1809 3178 1864 3226 et

269 3277 398 3317 cum
432 3277 626 3334 magna
648 3263 951 3319 reverentia
980 3262 1076 3317 Dei
1105 3262 1493 3333 omnipotentis
1519 3260 1689 3316 ofﬁcia
1723 3261 1861 3317 cele-

270 3354 503 3411 brentur
531 3354 714 3426 [omne
763 3370 891 3409 vero
936 3354 1298 3408 ministerium
1324 3341 1527 3407 Christi
1582 3352 1861 3408 humiliter

269 3452 330 3499 et
354 3445 549 3500 devote
584 3445 911 3517 impleatur].
942 3445 1144 3500 Omnes
1183 3445 1379 3514 ubique
1415 3445 1774 3500 obedientiam
1802 3445 1858 3501 in

269 3535 458 3590 saeculi
486 3536 900 3592 necessitatibus
930 3535 1159 3591 ﬁdeliter
1182 3543 1238 3590 et
1266 3542 1487 3590 strenue
1522 3544 1785 3607 peragant
1805 3537 1852 3590 ιι.

268 3626 395 3681 Fiat
444 3629 692 3698 equidem
743 3629 889 3683 inter
932 3644 1123 3684 omnes
1167 3629 1591 3685 concordissima
1644 3645 1774 3699 pax,
1804 3636 1860 3684 et

269 3720 620 3776 sanctissima
663 3721 900 3776 charitas
928 3720 1008 3793 [et
1036 3721 1251 3776 devotio
1276 3721 1398 3775 vitae
1424 3721 1729 3793 regularis].
1761 3720 1859 3778 Se-

267 3813 457 3868 niores
476 3812 633 3879 benis
656 3813 917 3883 exemplis
938 3822 993 3867 et
1012 3811 1195 3867 sedula
1219 3812 1586 3867 admonitione
1609 3813 1861 3869 erudiant

262 3904 536 3975 iuniores,
563 3906 785 3976 illosque
830 3906 1056 3977 diligant
1082 3912 1143 3961 ut
1172 3904 1309 3960 ﬁlios
1339 3923 1352 3959 :
1384 3913 1439 3961 et
1473 3905 1547 3959 illi
1577 3906 1735 3975 quasi
1762 3920 1859 3975 pa-

270 4005 386 4050 tres
426 4010 521 4051 eos
560 3997 939 4063 honoriﬁcent,
970 3998 1182 4055 illorum
1222 4012 1347 4051 cum
1390 3997 1537 4050 omni
1582 3996 1858 4053 alacritate

268 4084 530 4139 obediant
562 4082 863 4157 praeceptis.
916 4086 1031 4140 Tua
1076 4100 1238 4151 vero,
1265 4084 1572 4141 venerande
1601 4084 1697 4151 ﬁli,
1728 4099 1865 4139 con-

270 4175 511 4229 versatio
535 4177 784 4231 omnibus
811 4177 881 4231 sit
906 4176 1211 4246 exemplum
1240 4176 1451 4231 salutis.
1480 4174 1642 4242 Cave,
1668 4183 1728 4230 ut
1755 4191 1857 4231 nec

224 4290 225 4293 η
270 4265 531 4321 minimus
553 4267 673 4337 quis
698 4267 753 4321 in
784 4276 872 4323 tua
902 4268 1296 4324 scandalizetur
1334 4268 1464 4333 vita,
1500 4269 1597 4323 sed
1625 4267 1849 4323 aediﬁce-

1966 1789 2119 1843 multi
2153 1790 2605 1858 pseudodoctores
2640 1801 2894 1863 surgent,
2934 1810 3101 1848 novas
3148 1795 3550 1851 introducentes

1965 1891 2161 1947 sectas,
2190 1882 2279 1952 qui
2319 1884 2597 1939 catholicae
2630 1884 2753 1938 fidei
2806 1888 3098 1955 puritatem
3150 1888 3331 1956 impiis
3372 1904 3552 1943 asser-

1968 1974 2200 2028 tionibus
2230 1975 2503 2040 maculare
2532 1976 2774 2029 nitentur
2806 1975 2891 2047 (ΙΙ
2933 1976 3066 2030 Tim.
3100 1994 3183 2040 nt,
3218 1978 3278 2042 I;
3310 1976 3370 2029 II
3406 1977 3547 2031 Petr.

1964 2081 2026 2130 ιι,
2060 2064 2131 2135 1).
2168 2065 2291 2120 Ideo
2325 2082 2551 2121 necesse
2581 2075 2666 2122 est
2708 2067 3006 2121 Ecclesiam
3057 2068 3317 2137 plurimos
3346 2068 3552 2125 habere

1965 2155 2298 2220 defensores,
2327 2157 2418 2225 qui
2447 2173 2553 2210 non
2583 2158 2755 2211 solum
2778 2159 2900 2211 vitae
2928 2161 3237 2225 sanctitate,
3267 2161 3361 2215 sed
3385 2162 3550 2215 etiam

1963 2248 2209 2302 doctrina
2221 2247 2463 2301 veritatis
2476 2255 2655 2301 castra
2671 2248 2766 2302 Dei
2778 2248 3004 2304 viriliter
3016 2249 3306 2304 defendere
3318 2250 3551 2305 valeant.

2033 2337 2119 2392 IV.
2162 2338 2273 2393 Has
2294 2352 2423 2392 vero
2444 2340 2545 2409 piae
2567 2341 2950 2396 admonitionis
2972 2341 3239 2397 litterulas
3261 2358 3368 2397 non
3394 2344 3551 2412 quasi

1963 2418 2228 2483 nescienti
2276 2428 2472 2494 direxi,
2521 2430 2616 2485 sed
2643 2438 2702 2484 ut
2734 2445 2874 2485 verae
2912 2432 3195 2486 eharitatis
3227 2434 3280 2487 in
3313 2448 3434 2487 meo
3463 2446 3555 2503 pe-

1962 2529 2112 2577 ctore
2164 2521 2327 2576 ﬁdem
2376 2524 2739 2581 ostenderem.
2791 2524 2929 2591 Quid
2962 2526 3095 2580 facit
3123 2528 3349 2592 amicus,
3376 2529 3423 2582 si
3471 2542 3561 2583 εθ-

1963 2615 2138 2684 ipsum
2192 2614 2371 2668 verbis
2424 2630 2533 2669 non
2583 2616 2853 2674 ostendit?
2904 2615 2962 2671 Si
3012 2617 3205 2674 divites
3251 2634 3550 2689 pauperum

1962 2706 2280 2761 munuscula
2330 2722 2438 2761 non
2485 2716 2772 2777 spernunt,
2817 2725 2915 2768 cur
2956 2718 3011 2765 et
3050 2719 3245 2771 vestrae
3272 2713 3552 2781 sapientiae

1962 2796 2182 2853 ﬁumina
2206 2806 2407 2854 nostrae
2429 2800 2632 2854 rivulos
2653 2801 3025 2872 intelligentiae
3044 2818 3300 2872 respuere
3321 2804 3554 2857 debent?

1963 2888 2098 2943 Nam
2127 2897 2182 2944 et
2208 2888 2439 2956 majores
2460 2906 2647 2945 amnes
2672 2891 2863 2945 rivulis
2884 2900 3151 2964 augentur
3178 2893 3548 2960 inﬂuentibus,

1966 2988 2021 3036 et
2048 2982 2162 3051 ipse
2188 2980 2446 3037 Dominus
2474 2982 2648 3037 viduae
2678 2982 2915 3038 laudavit
2942 2984 3047 3039 duo
3072 2985 3300 3051 minuta,
3330 3001 3449 3055 quae
3481 3001 3549 3040 ex

1887 3043 1938 3107 ο
1967 3043 2148 3143 inopia
2171 3089 2281 3129 suae
2304 3074 2634 3143 paupertatis
2660 3074 2809 3145 larga
2836 3090 2999 3129 manu
3024 3074 3156 3140 Deo,
3173 3043 3317 3145 quod
3340 3043 3546 3143 habuit,

1966 3169 2158 3225 obtulit
2181 3168 2333 3241 (Luc.
2367 3185 2482 3234 xxx,
2504 3169 2579 3242 2).
2611 3170 2679 3223 Et
2702 3185 2802 3241 ego
2831 3170 3076 3240 quamvis
3110 3170 3340 3224 scientia
3368 3170 3545 3241 inops,

1966 3268 2145 3315 tamen
2196 3260 2336 3315 ﬁdeli
2389 3260 2577 3333 [Bolt.,
2608 3259 2849 3317 fraterno
2892 3261 3089 3334 ﬁdelis]
3138 3277 3321 3318 amore
3356 3271 3551 3320 vestra:

1964 3352 2081 3407 haec
2106 3353 2420 3407 munuscula
2451 3352 2621 3407 direxi
2650 3353 2860 3421 pietati,
2893 3354 3184 3409 obsecrans
3215 3362 3274 3408 ut
3312 3363 3422 3408 tam
3451 3354 3552 3408 hu-

1963 3444 2078 3497 mili
2107 3443 2460 3497 fraternitatis
2493 3459 2556 3497 ea
2578 3444 2775 3497 intuitu
2798 3446 3069 3515 respicere
3097 3446 3355 3516 digneris,
3384 3461 3551 3515 quam

1964 3549 2065 3590 nos
2097 3534 2185 3603 pia
2216 3534 2514 3589 devotionis
2551 3534 2818 3589 charitate
2864 3534 2953 3589 illa
2981 3535 3136 3591 vobis
3162 3536 3395 3607 dirigere
3431 3545 3548 3591 stu-

1965 3623 2196 3678 duimus.
2229 3620 2581 3691 Omnipotens
2612 3622 2778 3689 Deus,
2803 3632 2855 3678 te
2888 3633 3116 3694 tuosque
3148 3623 3545 3697 [charissimos]

1963 3711 2159 3767 fratres
2190 3714 2245 3767 in
2280 3714 2428 3767 omni
2451 3715 2594 3770 bono
2618 3715 2882 3785 proﬁcere
2912 3716 3098 3783 faciat,
3130 3726 3185 3772 et
3225 3718 3294 3771 ad
3314 3717 3548 3774 beatitu-

1964 3806 2144 3861 dinem
2178 3814 2394 3863 aeternte
2427 3807 2609 3877 gloria:
2638 3810 2922 3878 pervenire
2943 3810 3223 3865 concedat.

2479 3922 2705 3979 CAPUT
2743 3922 3031 3979 PRIMUM.

1962 4013 2212 4068 Doctrina
2237 4013 2538 4069 Christiana
2569 4012 2995 4138 regieggggoveo
3023 4015 3282 4070 explicata
3303 4032 3335 4069 a
3361 4025 3543 4071 sancto

2677 4094 2877 4139 edasto.

2031 4195 2095 4250 V.
2135 4196 2430 4266 Postquam
2458 4194 2601 4252 Deus
2620 4203 2677 4250 et
2705 4195 2968 4253 Dominus
2995 4205 3184 4253 noster
3210 4197 3369 4254 Jesus
3393 4198 3546 4255 Chri-

1961 4297 2078 4345 stus
2106 4303 2263 4344 ovem
2297 4304 2539 4359 quaerere
2570 4290 2839 4360 perditam
2865 4291 2931 4347 de
2956 4291 3109 4346 caelis
3137 4292 3192 4346 in
3218 4292 3363 4347 hunc
3388 4308 3546 4349 mun~

271 4369 361 4417 πυτ
397 4370 455 4417 ei
484 4362 771 4465 ξοδονθίιπ
804 4364 860 4418 in
878 4365 986 4465 ,νίξξ
1014 4364 1261 4465 Vtilitatis
1290 4382 1302 4416 ³
1329 4363 1459 4434 qum
1492 4364 1589 4465 tibi
1624 4378 1689 4465 ξεί
1886 4402 1936 4465 ο
1962 4380 2088 4436 dum
2115 4396 2214 4451 per
2232 4379 2553 4451 virginalem
2578 4391 2805 4438 venerat
2839 4390 3050 4441 uterum
3082 4382 3231 4455 (Luc.
3263 4400 3355 4450 xv,
3382 4384 3464 4456 4),
3490 4392 3547 4440 et

270 4469 394 4509 rum
438 4453 611 4511 salute
640 4470 848 4511 merces
872 4453 1201 4524 iudicabitur
1242 4464 1463 4512 aeterna.
1508 4454 1639 4513 Cani
1676 4454 1857 4524 capilli

272 4554 579 4604 extremum
613 4549 936 4604 denuntiant
974 4564 1267 4620 properare
1307 4550 1469 4605 diem.
1521 4548 1859 4618 Quapropter

270 4647 497 4709 paratus
521 4646 639 4694 esto
665 4639 811 4694 omni
833 4639 966 4694 hora
996 4641 1051 4695 in
1078 4655 1362 4695 occursum
1385 4640 1600 4695 Domini
1634 4640 1728 4694 Dei
1757 4641 1852 4695 tui.

272 4730 505 4789 Dilectio
530 4731 790 4799 fraterna,
821 4742 876 4790 et
904 4735 1257 4806 eleemosynae
1282 4734 1624 4799 miserorum,
1658 4741 1711 4789 et
1732 4735 1859 4789 vitae

275 4823 502 4879 castitas
527 4835 831 4896 praeparent
867 4827 961 4882 tibi
987 4827 1182 4898 gradus
1211 4827 1267 4881 in
1292 4825 1507 4880 coelum.
1560 4825 1858 4897 Diligenter

275 4918 495 4975 elabora
538 4919 635 4975 tibi
665 4928 894 4977 aeternos
939 4923 1055 4979 dies
1084 4923 1290 4979 felices.
1334 4922 1517 4977 Honor
1554 4924 1857 4992 saecularis,

276 5024 437 5079 quem
468 5009 662 5077 babes,
689 5014 1023 5085 spiritualem
1049 5015 1143 5070 tibi
1172 5015 1407 5071 abundet
1441 5017 1496 5071 in
1538 5018 1781 5090 gloriam.

346 5099 434 5155 III.
477 5100 708 5157 Festivis
739 5104 926 5160 diebus
954 5108 1205 5164 veniente
1227 5108 1294 5163 ad
1319 5109 1603 5165 ecclesiam
1639 5110 1854 5182 populo,

276 5194 365 5250 fac
391 5195 474 5249 eis
496 5196 779 5264 praedicari
814 5199 1037 5256 verbum
1060 5200 1157 5255 Dei
1180 5212 1237 5266 c;
1263 5211 1318 5257 et
1338 5219 1658 5276 quocunque
1685 5205 1855 5270 vadis,

271 5285 462 5343 clerici
488 5289 766 5345 servitium
792 5290 887 5345 Dei
913 5292 1144 5363 pleniter
1177 5303 1470 5366 peragant;
1504 5305 1679 5352 tecum
1708 5305 1857 5364 eant,

348 5457 377 5486 ι
416 5442 716 5529 Emendare
740 5450 935 5505 studui.
991 5451 1065 5508 De
1115 5452 1219 5509 hoc
1269 5452 1504 5509 diximus
1550 5455 1604 5509 in
1658 5454 1862 5519 Monito

392 5532 501 5570 VIO.

267 5529 687 5672 prft’lfgll‘andz:
706 5591 902 5672 Omnis
950 5596 1123 5668 itaque
1164 5595 1452 5651 obedientia
1480 5598 1535 5651 in
1561 5598 1743 5656 saeculi
1773 5615 1860 5655 ne-

280 5661 615 5717 cessitatibus
643 5662 865 5731 ﬁdeliter
892 5674 939 5720 et
964 5661 1170 5723 strenue
1199 5674 1498 5739 peragatur.

1960 4481 2073 4529 tota
2124 4488 2235 4528 suae
2286 4473 2702 4543 dispensationis
2746 4482 2802 4530 et
2854 4482 3053 4532 nostra:
3087 4476 3277 4531 salutis
3324 4486 3545 4546 peracta

1958 4563 2315 4637 plenitudine,
2345 4578 2469 4618 cum
2502 4565 2774 4635 triumpho
2796 4565 2981 4637 gloriae
3002 4568 3070 4621 ad
3102 4568 3283 4624 sedem
3304 4580 3545 4639 paternae

1960 4652 2262 4722 majestatis
2316 4669 2564 4710 reversus
2602 4652 2765 4726 [est],
2814 4664 2874 4708 ut
2922 4656 3142 4713 tetricas
3186 4656 3317 4729 [Al.,
3351 4659 3543 4733 tetras]

1959 4745 2276 4818 ignorantia:
2309 4747 2561 4803 tenebras
2585 4754 2701 4802 toto
2729 4746 3021 4816 depelleret
3051 4748 3205 4816 orbe,
3226 4750 3395 4807 multa
3415 4768 3545 4808 san.

1958 4846 2167 4899 etorum
2208 4838 2412 4893 lumina
2457 4837 2765 4902 doctorum,
2794 4838 3118 4909 evangelica:
3143 4841 3545 4911 pmdicah’onis

1958 4930 2078 4987 luce
2106 4929 2385 5001 fulgentia,
2410 4936 2525 4983 toto
2546 4928 2804 4984 diviserat
2830 4930 3070 4989 mundo:
3099 4942 3162 4988 ut
3179 4934 3322 4992 sicut
3346 4938 3544 4993 caelum

1960 5020 2287 5092 fulgentibus
2331 5028 2557 5077 ornatur
2599 5020 2797 5089 stellis,
2836 5038 2956 5093 quae
3001 5031 3183 5082 tamen
3236 5042 3429 5084 omnes
3476 5027 3545 5087 ab

1962 5128 2073 5167 uno
2106 5113 2445 5167 illustrantur
2490 5113 2637 5180 solo;
2676 5115 2756 5172 sic
2798 5123 2854 5170 et
2888 5115 2995 5173 lata
3049 5126 3317 5180 terrarum
3368 5120 3545 5190 spatia

1963 5204 2167 5260 sanctis
2214 5203 2656 5274 splendescerent
2704 5208 3013 5266 doctoribus
3031 5252 3045 5277 ,
3103 5213 3194 5282 qui
3240 5220 3424 5269 tamen
3474 5213 3545 5269 ab

1968 5307 2171 5352 aeterno
2201 5296 2313 5355 sole
2343 5296 2661 5368 illuminati,
2699 5299 2880 5355 divina
2914 5311 3189 5372 praeeunte
3217 5303 3409 5375 gratia,
3438 5317 3542 5359 ea-

2043 5471 2066 5554 ?
2102 5458 2159 5554 Ξ
2159 5479 2222 5554 1ο
2245 5464 2327 5554 ξέε
2344 5464 2627 5554 PFT???"
2660 5465 2885 5551 νενςηιηι
2908 5467 3023 5554 Ds-
3048 5467 3200 5554 ρειρά
3225 5479 3544 5554 assumto

1968 5540 2072 5605 est,
2096 5538 2209 5600 jam
2238 5550 2303 5590 eo
2346 5543 2586 5605 tempore
2631 5539 2981 5595 concionandi
3009 5538 3238 5595 oﬂicium
3285 5538 3339 5595 in
3373 5542 3542 5597 eccle-

1967 5603 2072 5743 ἶ)ξὲ
2113 5606 2423 5732 ιὲἓέειειὶοἰε
2458 5603 2733 5678 Ἦειιὶΰε.
2804 5609 3005 5667 Mabill.
3062 5618 3191 5666 tom.
3249 5611 3293 5667 II
3344 5611 3539 5670 Annal.
