  <div class='ocr_page' id='page_1' title='image "/cluster/home/n/w/nwhite01/storage/ocr_20150623/101/hvd.32044004824769/339.png"; bbox 0 0 4044 6340; ppageno 0'>
   <div class='ocr_carea' id='block_1_1' title="bbox 527 239 632 298">
    <p class='ocr_par' dir='ltr' id='par_1_1' title="bbox 527 239 632 298">
     <span class='ocr_line' id='line_1_1' title="bbox 527 239 632 298; baseline -0.029 0"><span class='ocrx_word' id='word_1_1' title='bbox 527 239 632 298; x_wconf 72' lang='grc'><strong>687</strong></span> 
     </span>
    </p>
   </div>
   <div class='ocr_carea' id='block_1_2' title="bbox 1409 203 2950 300">
    <p class='ocr_par' dir='ltr' id='par_1_2' title="bbox 1409 203 2950 300">
     <span class='ocr_line' id='line_1_2' title="bbox 1409 203 2950 300; baseline 0.003 -4"><span class='ocrx_word' id='word_1_2' title='bbox 1409 243 1470 296; x_wconf 77' lang='grc' dir='ltr'><strong>ιι.</strong></span> <span class='ocrx_word' id='word_1_3' title='bbox 1517 239 1582 296; x_wconf 79' lang='lat' dir='ltr'><strong>r.</strong></span> <span class='ocrx_word' id='word_1_4' title='bbox 1621 203 1845 293; x_wconf 71' lang='lat' dir='ltr'><strong>aLuiNi</strong></span> <span class='ocrx_word' id='word_1_5' title='bbox 1879 237 2010 294; x_wconf 73' lang='lat' dir='ltr'><strong>seu</strong></span> <span class='ocrx_word' id='word_1_6' title='bbox 2051 239 2326 296; x_wconf 58' lang='lat' dir='ltr'><strong>unum</strong></span> <span class='ocrx_word' id='word_1_7' title='bbox 2364 239 2650 296; x_wconf 77' lang='lat' dir='ltr'><strong>ornuuu</strong></span> <span class='ocrx_word' id='word_1_8' title='bbox 2687 241 2868 300; x_wconf 66' lang='lat' dir='ltr'><strong>rans</strong></span> <span class='ocrx_word' id='word_1_9' title='bbox 2907 245 2950 300; x_wconf 76' lang='grc' dir='ltr'>γ</span> 
     </span>
    </p>
   </div>
   <div class='ocr_carea' id='block_1_3' title="bbox 525 349 3818 452">
    <p class='ocr_par' dir='ltr' id='par_1_3' title="bbox 525 349 3818 452">
     <span class='ocr_line' id='line_1_3' title="bbox 525 349 3818 452; baseline 0.006 -45"><span class='ocrx_word' id='word_1_10' title='bbox 525 367 622 408; x_wconf 82' lang='lat' dir='ltr'><strong>eas</strong></span> <span class='ocrx_word' id='word_1_11' title='bbox 655 349 974 424; x_wconf 67' lang='lat' dir='ltr'><strong>ignorantiae</strong></span> <span class='ocrx_word' id='word_1_12' title='bbox 1013 349 1264 406; x_wconf 76' lang='lat' dir='ltr'><strong>tenebras</strong></span> <span class='ocrx_word' id='word_1_13' title='bbox 1289 365 1432 408; x_wconf 66' lang='lat' dir='ltr'><strong>verte</strong></span> <span class='ocrx_word' id='word_1_14' title='bbox 1463 349 1586 406; x_wconf 81' lang='lat' dir='ltr'><strong>ﬁdei</strong></span> <span class='ocrx_word' id='word_1_15' title='bbox 1629 351 1844 424; x_wconf 76' lang='lat' dir='ltr'><strong>fulgore</strong></span> <span class='ocrx_word' id='word_1_16' title='bbox 1863 349 1962 426; x_wconf 81' lang='lat' dir='ltr'><strong>[et]</strong></span> <span class='ocrx_word' id='word_1_17' title='bbox 1995 353 2112 424; x_wconf 84' lang='lat' dir='ltr'><strong>glo-</strong></span> <span class='ocrx_word' id='word_1_18' title='bbox 2143 359 2188 418; x_wconf 71' lang='grc' dir='ltr'><strong>Α</strong></span> <span class='ocrx_word' id='word_1_19' title='bbox 2217 359 2592 418; x_wconf 79' lang='lat' dir='ltr'><strong>tantummodo</strong></span> <span class='ocrx_word' id='word_1_20' title='bbox 2617 361 2879 436; x_wconf 90' lang='lat' dir='ltr'><strong>petitione</strong></span> <span class='ocrx_word' id='word_1_21' title='bbox 2917 367 3240 438; x_wconf 84' lang='lat' dir='ltr'><strong>promeruit,</strong></span> <span class='ocrx_word' id='word_1_22' title='bbox 3269 387 3378 430; x_wconf 89' lang='lat' dir='ltr'><strong>non</strong></span> <span class='ocrx_word' id='word_1_23' title='bbox 3407 371 3588 438; x_wconf 83' lang='lat' dir='ltr'><strong>solum</strong></span> <span class='ocrx_word' id='word_1_24' title='bbox 3611 393 3642 440; x_wconf 82' lang='lat' dir='ltr'><strong>a</strong></span> <span class='ocrx_word' id='word_1_25' title='bbox 3675 396 3818 452; x_wconf 65' lang='lat' dir='ltr'><strong>pm-</strong></span> 
     </span>
    </p>
   </div>
   <div class='ocr_carea' id='block_1_4' title="bbox 525 441 2120 510">
    <p class='ocr_par' dir='ltr' id='par_1_4' title="bbox 525 441 2120 510">
     <span class='ocr_line' id='line_1_4' title="bbox 525 441 2120 510; baseline -0.001 -10"><span class='ocrx_word' id='word_1_26' title='bbox 525 445 675 500; x_wconf 80' lang='lat' dir='ltr'><strong>rioso</strong></span> <span class='ocrx_word' id='word_1_27' title='bbox 703 443 906 498; x_wconf 84' lang='lat' dir='ltr'><strong>Christi</strong></span> <span class='ocrx_word' id='word_1_28' title='bbox 935 443 1156 498; x_wconf 87' lang='lat' dir='ltr'><strong>nomine</strong></span> <span class='ocrx_word' id='word_1_29' title='bbox 1203 441 1561 510; x_wconf 87' lang='lat' dir='ltr'><strong>illustrarent,</strong></span> <span class='ocrx_word' id='word_1_30' title='bbox 1591 451 1651 498; x_wconf 90' lang='lat' dir='ltr'><strong>ut</strong></span> <span class='ocrx_word' id='word_1_31' title='bbox 1685 445 1764 500; x_wconf 87' lang='lat' dir='ltr'><strong>eis</strong></span> <span class='ocrx_word' id='word_1_32' title='bbox 1809 445 2120 500; x_wconf 86' lang='lat' dir='ltr'><strong>ministran-</strong></span> 
     </span>
    </p>
   </div>
   <div class='ocr_carea' id='block_1_5' title="bbox 523 535 2120 608">
    <p class='ocr_par' dir='ltr' id='par_1_5' title="bbox 523 535 2120 608">
     <span class='ocr_line' id='line_1_5' title="bbox 523 535 2120 608; baseline 0.003 -18"><span class='ocrx_word' id='word_1_33' title='bbox 523 535 696 602; x_wconf 82' lang='lat' dir='ltr'><strong>tibus,</strong></span> <span class='ocrx_word' id='word_1_34' title='bbox 723 535 878 608; x_wconf 85' lang='lat' dir='ltr'><strong>longa</strong></span> <span class='ocrx_word' id='word_1_35' title='bbox 927 535 996 588; x_wconf 89' lang='lat' dir='ltr'><strong>ab</strong></span> <span class='ocrx_word' id='word_1_36' title='bbox 1041 535 1196 590; x_wconf 89' lang='lat' dir='ltr'><strong>initio</strong></span> <span class='ocrx_word' id='word_1_37' title='bbox 1243 536 1424 590; x_wconf 78' lang='lat' dir='ltr'><strong>szcculi</strong></span> <span class='ocrx_word' id='word_1_38' title='bbox 1483 538 1690 592; x_wconf 86' lang='lat' dir='ltr'><strong>esuries</strong></span> <span class='ocrx_word' id='word_1_39' title='bbox 1737 547 1951 592; x_wconf 70' lang='lat' dir='ltr'><strong>aeternze</strong></span> <span class='ocrx_word' id='word_1_40' title='bbox 1997 539 2120 594; x_wconf 70' lang='lat' dir='ltr'><strong>vita:</strong></span> 
     </span>
    </p>
   </div>
   <div class='ocr_carea' id='block_1_6' title="bbox 449 625 2118 704">
    <p class='ocr_par' dir='ltr' id='par_1_6' title="bbox 449 625 2118 704">
     <span class='ocr_line' id='line_1_6' title="bbox 449 625 2118 704; baseline 0.001 -20"><span class='ocrx_word' id='word_1_41' title='bbox 449 697 454 704; x_wconf 26' lang='grc' dir='ltr'>ν</span> <span class='ocrx_word' id='word_1_42' title='bbox 521 625 696 700; x_wconf 85' lang='lat' dir='ltr'><strong>epulis</strong></span> <span class='ocrx_word' id='word_1_43' title='bbox 747 629 1057 684; x_wconf 85' lang='lat' dir='ltr'><strong>satiarelur.</strong></span> <span class='ocrx_word' id='word_1_44' title='bbox 1085 627 1162 683; x_wconf 90' lang='lat' dir='ltr'><strong>De</strong></span> <span class='ocrx_word' id='word_1_45' title='bbox 1211 643 1438 698; x_wconf 87' lang='lat' dir='ltr'><strong>quorum</strong></span> <span class='ocrx_word' id='word_1_46' title='bbox 1489 645 1713 685; x_wconf 80' lang='lat' dir='ltr'><strong>numero</strong></span> <span class='ocrx_word' id='word_1_47' title='bbox 1763 641 1983 686; x_wconf 86' lang='lat' dir='ltr'><strong>sanctus</strong></span> <span class='ocrx_word' id='word_1_48' title='bbox 2019 631 2118 686; x_wconf 89' lang='lat' dir='ltr'><strong>Dei</strong></span> 
     </span>
    </p>
   </div>
   <div class='ocr_carea' id='block_1_7' title="bbox 523 719 2118 796">
    <p class='ocr_par' dir='ltr' id='par_1_7' title="bbox 523 719 2118 796">
     <span class='ocr_line' id='line_1_7' title="bbox 523 719 2118 796; baseline 0.001 -20"><span class='ocrx_word' id='word_1_49' title='bbox 523 721 780 776; x_wconf 77' lang='lat' dir='ltr'><strong>sacerdos</strong></span> <span class='ocrx_word' id='word_1_50' title='bbox 807 719 1094 784; x_wconf 80' lang='lat' dir='ltr'><strong>Vedastus,</strong></span> <span class='ocrx_word' id='word_1_51' title='bbox 1127 729 1182 774; x_wconf 86' lang='lat' dir='ltr'><strong>et</strong></span> <span class='ocrx_word' id='word_1_52' title='bbox 1219 723 1538 792; x_wconf 67' lang='lat' dir='ltr'><strong>praedicator</strong></span> <span class='ocrx_word' id='word_1_53' title='bbox 1565 723 1830 794; x_wconf 79' lang='lat' dir='ltr'><strong>egregius,</strong></span> <span class='ocrx_word' id='word_1_54' title='bbox 1863 725 2118 796; x_wconf 89' lang='lat' dir='ltr'><strong>tempori-</strong></span> 
     </span>
    </p>
   </div>
   <div class='ocr_carea' id='block_1_8' title="bbox 521 811 2118 886">
    <p class='ocr_par' dir='ltr' id='par_1_8' title="bbox 521 811 2118 886">
     <span class='ocr_line' id='line_1_8' title="bbox 521 811 2118 886; baseline 0.005 -20"><span class='ocrx_word' id='word_1_55' title='bbox 521 811 623 868; x_wconf 90' lang='lat' dir='ltr'><strong>bus</strong></span> <span class='ocrx_word' id='word_1_56' title='bbox 653 811 932 868; x_wconf 76' lang='lat' dir='ltr'><strong>fortissimi</strong></span> <span class='ocrx_word' id='word_1_57' title='bbox 981 815 1120 884; x_wconf 72' lang='lat' dir='ltr'><strong>regis</strong></span> <span class='ocrx_word' id='word_1_58' title='bbox 1163 821 1292 868; x_wconf 89' lang='lat' dir='ltr'><strong>tunc</strong></span> <span class='ocrx_word' id='word_1_59' title='bbox 1339 817 1598 886; x_wconf 86' lang='lat' dir='ltr'><strong>temporis</strong></span> <span class='ocrx_word' id='word_1_60' title='bbox 1627 815 1962 872; x_wconf 85' lang='lat' dir='ltr'><strong>Francorum</strong></span> <span class='ocrx_word' id='word_1_61' title='bbox 1993 819 2118 874; x_wconf 84' lang='lat' dir='ltr'><strong>Clo-</strong></span> 
     </span>
    </p>
   </div>
   <div class='ocr_carea' id='block_1_9' title="bbox 519 903 2114 979">
    <p class='ocr_par' dir='ltr' id='par_1_9' title="bbox 519 903 2114 979">
     <span class='ocr_line' id='line_1_9' title="bbox 519 903 2114 979; baseline 0.003 -19"><span class='ocrx_word' id='word_1_62' title='bbox 519 903 676 960; x_wconf 87' lang='lat' dir='ltr'><strong>dovei</strong></span> <span class='ocrx_word' id='word_1_63' title='bbox 709 917 760 970; x_wconf 70' lang='grc' dir='ltr'><strong><em>ε,</em></strong></span> <span class='ocrx_word' id='word_1_64' title='bbox 793 905 848 960; x_wconf 87' lang='lat' dir='ltr'><strong>in</strong></span> <span class='ocrx_word' id='word_1_65' title='bbox 877 905 976 960; x_wconf 86' lang='lat' dir='ltr'><strong>has</strong></span> <span class='ocrx_word' id='word_1_66' title='bbox 1007 905 1188 960; x_wconf 88' lang='lat' dir='ltr'><strong>divina</strong></span> <span class='ocrx_word' id='word_1_67' title='bbox 1226 907 1490 978; x_wconf 75' lang='lat' dir='ltr'><strong>dirigentc</strong></span> <span class='ocrx_word' id='word_1_68' title='bbox 1519 909 1686 979; x_wconf 84' lang='lat' dir='ltr'><strong>gratia</strong></span> <span class='ocrx_word' id='word_1_69' title='bbox 1725 909 1794 962; x_wconf 93' lang='lat' dir='ltr'><strong>ob</strong></span> <span class='ocrx_word' id='word_1_70' title='bbox 1823 909 2114 966; x_wconf 88' lang='lat' dir='ltr'><strong>multorum</strong></span> 
     </span>
    </p>
   </div>
   <div class='ocr_carea' id='block_1_10' title="bbox 519 997 2118 1072">
    <p class='ocr_par' dir='ltr' id='par_1_10' title="bbox 519 997 2118 1072">
     <span class='ocr_line' id='line_1_10' title="bbox 519 997 2118 1072; baseline 0.004 -20"><span class='ocrx_word' id='word_1_71' title='bbox 519 997 748 1052; x_wconf 76' lang='lat' dir='ltr'><strong>salutem</strong></span> <span class='ocrx_word' id='word_1_72' title='bbox 773 999 1024 1068; x_wconf 81' lang='lat' dir='ltr'><strong>perv..-nit</strong></span> <span class='ocrx_word' id='word_1_73' title='bbox 1053 999 1333 1068; x_wconf 76' lang='lat' dir='ltr'><strong>regiones;</strong></span> <span class='ocrx_word' id='word_1_74' title='bbox 1369 1009 1636 1070; x_wconf 76' lang='lat' dir='ltr'><strong>quatenus</strong></span> <span class='ocrx_word' id='word_1_75' title='bbox 1667 1017 1914 1072; x_wconf 67' lang='lat' dir='ltr'><strong>supernae</strong></span> <span class='ocrx_word' id='word_1_76' title='bbox 1949 1005 2118 1072; x_wconf 88' lang='lat' dir='ltr'><strong>pieta-</strong></span> 
     </span>
    </p>
   </div>
   <div class='ocr_carea' id='block_1_11' title="bbox 517 1087 2112 1160">
    <p class='ocr_par' dir='ltr' id='par_1_11' title="bbox 517 1087 2112 1160">
     <span class='ocr_line' id='line_1_11' title="bbox 517 1087 2112 1160; baseline 0.004 -18"><span class='ocrx_word' id='word_1_77' title='bbox 517 1087 589 1142; x_wconf 85' lang='lat' dir='ltr'><strong>tis</strong></span> <span class='ocrx_word' id='word_1_78' title='bbox 617 1087 868 1144; x_wconf 74' lang='lat' dir='ltr'><strong>suifultus</strong></span> <span class='ocrx_word' id='word_1_79' title='bbox 917 1089 1142 1152; x_wconf 74' lang='lat' dir='ltr'><strong>auxilio,</strong></span> <span class='ocrx_word' id='word_1_80' title='bbox 1187 1089 1444 1160; x_wconf 82' lang='lat' dir='ltr'><strong>populum</strong></span> <span class='ocrx_word' id='word_1_81' title='bbox 1483 1091 1744 1148; x_wconf 82' lang='lat' dir='ltr'><strong>diabolica</strong></span> <span class='ocrx_word' id='word_1_82' title='bbox 1781 1093 1968 1149; x_wconf 82' lang='lat' dir='ltr'><strong>fraude</strong></span> <span class='ocrx_word' id='word_1_83' title='bbox 2017 1095 2112 1149; x_wconf 85' lang='lat' dir='ltr'><strong>de-</strong></span> 
     </span>
    </p>
   </div>
   <div class='ocr_carea' id='block_1_12' title="bbox 515 1183 2114 1256">
    <p class='ocr_par' dir='ltr' id='par_1_12' title="bbox 515 1183 2114 1256">
     <span class='ocr_line' id='line_1_12' title="bbox 515 1183 2114 1256; baseline 0.004 -21"><span class='ocrx_word' id='word_1_84' title='bbox 515 1187 756 1250; x_wconf 87' lang='lat' dir='ltr'><strong>ceptum,</strong></span> <span class='ocrx_word' id='word_1_85' title='bbox 797 1189 852 1236; x_wconf 88' lang='lat' dir='ltr'><strong>et</strong></span> <span class='ocrx_word' id='word_1_86' title='bbox 873 1197 1124 1236; x_wconf 86' lang='lat' dir='ltr'><strong>errorum</strong></span> <span class='ocrx_word' id='word_1_87' title='bbox 1159 1183 1364 1254; x_wconf 82' lang='lat' dir='ltr'><strong>laqueis</strong></span> <span class='ocrx_word' id='word_1_88' title='bbox 1411 1185 1684 1256; x_wconf 86' lang='lat' dir='ltr'><strong>captivum</strong></span> <span class='ocrx_word' id='word_1_89' title='bbox 1723 1187 1776 1240; x_wconf 92' lang='lat' dir='ltr'><strong>in</strong></span> <span class='ocrx_word' id='word_1_90' title='bbox 1815 1189 1954 1242; x_wconf 86' lang='lat' dir='ltr'><strong>viam</strong></span> <span class='ocrx_word' id='word_1_91' title='bbox 1983 1189 2114 1243; x_wconf 87' lang='lat' dir='ltr'><strong>diri-</strong></span> 
     </span>
    </p>
   </div>
   <div class='ocr_carea' id='block_1_13' title="bbox 515 1275 2110 1350">
    <p class='ocr_par' dir='ltr' id='par_1_13' title="bbox 515 1275 2110 1350">
     <span class='ocr_line' id='line_1_13' title="bbox 515 1275 2110 1350; baseline 0.006 -22"><span class='ocrx_word' id='word_1_92' title='bbox 515 1283 668 1346; x_wconf 84' lang='lat' dir='ltr'><strong>geret</strong></span> <span class='ocrx_word' id='word_1_93' title='bbox 713 1275 904 1330; x_wconf 88' lang='lat' dir='ltr'><strong>salutis</strong></span> <span class='ocrx_word' id='word_1_94' title='bbox 935 1285 1154 1332; x_wconf 67' lang='lat' dir='ltr'><strong>aeternae</strong></span> <span class='ocrx_word' id='word_1_95' title='bbox 1190 1285 1244 1332; x_wconf 89' lang='lat' dir='ltr'><strong>et</strong></span> <span class='ocrx_word' id='word_1_96' title='bbox 1279 1295 1454 1344; x_wconf 70' lang='lat' dir='ltr'><strong>vene,</strong></span> <span class='ocrx_word' id='word_1_97' title='bbox 1495 1295 1616 1350; x_wconf 72' lang='lat' dir='ltr'><strong>que</strong></span> <span class='ocrx_word' id='word_1_98' title='bbox 1653 1281 1706 1334; x_wconf 89' lang='lat' dir='ltr'><strong>in</strong></span> <span class='ocrx_word' id='word_1_99' title='bbox 1739 1279 1959 1336; x_wconf 81' lang='lat' dir='ltr'><strong>Christo</strong></span> <span class='ocrx_word' id='word_1_100' title='bbox 2005 1291 2110 1350; x_wconf 82' lang='lat' dir='ltr'><strong>est,</strong></span> 
     </span>
    </p>
   </div>
   <div class='ocr_carea' id='block_1_14' title="bbox 515 1363 2112 1442">
    <p class='ocr_par' dir='ltr' id='par_1_14' title="bbox 515 1363 2112 1442">
     <span class='ocr_line' id='line_1_14' title="bbox 515 1363 2112 1442; baseline 0.006 -22"><span class='ocrx_word' id='word_1_101' title='bbox 515 1363 750 1422; x_wconf 87' lang='lat' dir='ltr'><strong>libertati</strong></span> <span class='ocrx_word' id='word_1_102' title='bbox 791 1369 1120 1424; x_wconf 85' lang='lat' dir='ltr'><strong>restitueret.</strong></span> <span class='ocrx_word' id='word_1_103' title='bbox 1153 1369 1261 1426; x_wconf 85' lang='lat' dir='ltr'><strong>Sed</strong></span> <span class='ocrx_word' id='word_1_104' title='bbox 1293 1379 1351 1424; x_wconf 91' lang='lat' dir='ltr'><strong>ut</strong></span> <span class='ocrx_word' id='word_1_105' title='bbox 1381 1371 1486 1426; x_wconf 89' lang='lat' dir='ltr'><strong>hoc</strong></span> <span class='ocrx_word' id='word_1_106' title='bbox 1537 1375 1874 1442; x_wconf 80' lang='lat' dir='ltr'><strong>acceptabili,</strong></span> <span class='ocrx_word' id='word_1_107' title='bbox 1917 1391 2112 1430; x_wconf 81' lang='lat' dir='ltr'><strong>secun-</strong></span> 
     </span>
    </p>
   </div>
   <div class='ocr_carea' id='block_1_15' title="bbox 513 1457 2112 1536">
    <p class='ocr_par' dir='ltr' id='par_1_15' title="bbox 513 1457 2112 1536">
     <span class='ocr_line' id='line_1_15' title="bbox 513 1457 2112 1536; baseline 0.006 -24"><span class='ocrx_word' id='word_1_108' title='bbox 513 1457 642 1513; x_wconf 87' lang='lat' dir='ltr'><strong>dum</strong></span> <span class='ocrx_word' id='word_1_109' title='bbox 677 1459 988 1530; x_wconf 85' lang='lat' dir='ltr'><strong>Apostolum</strong></span> <span class='ocrx_word' id='word_1_110' title='bbox 1007 1504 1022 1528; x_wconf 93' lang='lat'><strong>,</strong></span> <span class='ocrx_word' id='word_1_111' title='bbox 1051 1459 1204 1518; x_wconf 78' lang='lat' dir='ltr'><strong>ﬂeret</strong></span> <span class='ocrx_word' id='word_1_112' title='bbox 1245 1471 1510 1536; x_wconf 66' lang='lat' dir='ltr'><strong>tempore,</strong></span> <span class='ocrx_word' id='word_1_113' title='bbox 1539 1467 1630 1536; x_wconf 88' lang='lat' dir='ltr'><strong>qui</strong></span> <span class='ocrx_word' id='word_1_114' title='bbox 1659 1469 1736 1520; x_wconf 88' lang='lat' dir='ltr'><strong>ait</strong></span> <span class='ocrx_word' id='word_1_115' title='bbox 1767 1485 1778 1520; x_wconf 87' lang='lat'><strong>:</strong></span> <span class='ocrx_word' id='word_1_116' title='bbox 1807 1467 1940 1522; x_wconf 73' lang='lat' dir='ltr'><strong>Ecce</strong></span> <span class='ocrx_word' id='word_1_117' title='bbox 1975 1485 2112 1522; x_wconf 83' lang='lat' dir='ltr'><strong>nunc</strong></span> 
     </span>
    </p>
   </div>
   <div class='ocr_carea' id='block_1_16' title="bbox 515 1541 2108 1630">
    <p class='ocr_par' dir='ltr' id='par_1_16' title="bbox 515 1541 2108 1630">
     <span class='ocr_line' id='line_1_16' title="bbox 515 1541 2108 1630; baseline 0.005 -26"><span class='ocrx_word' id='word_1_118' title='bbox 515 1559 720 1622; x_wconf 77' lang='lat' dir='ltr'><strong>tempus</strong></span> <span class='ocrx_word' id='word_1_119' title='bbox 747 1555 1080 1624; x_wconf 78' lang='lat' dir='ltr'><strong>acceptabite,</strong></span> <span class='ocrx_word' id='word_1_120' title='bbox 1107 1573 1222 1610; x_wconf 79' lang='lat' dir='ltr'><strong>ecce</strong></span> <span class='ocrx_word' id='word_1_121' title='bbox 1249 1573 1384 1610; x_wconf 79' lang='lat' dir='ltr'><strong>nunc</strong></span> <span class='ocrx_word' id='word_1_122' title='bbox 1405 1557 1514 1612; x_wconf 74' lang='lat' dir='ltr'><strong>dies</strong></span> <span class='ocrx_word' id='word_1_123' title='bbox 1554 1541 1742 1613; x_wconf 75' lang='lat' dir='ltr'><strong>salutis</strong></span> <span class='ocrx_word' id='word_1_124' title='bbox 1765 1557 1850 1630; x_wconf 85' lang='grc'><strong>(11</strong></span> <span class='ocrx_word' id='word_1_125' title='bbox 1877 1557 1998 1614; x_wconf 87' lang='lat' dir='ltr'><strong>Cor.</strong></span> <span class='ocrx_word' id='word_1_126' title='bbox 2031 1575 2108 1624; x_wconf 72' lang='lat' dir='ltr'><strong>vn,</strong></span> 
     </span>
    </p>
   </div>
   <div class='ocr_carea' id='block_1_17' title="bbox 2220 453 3820 538">
    <p class='ocr_par' dir='ltr' id='par_1_17' title="bbox 2220 453 3820 538">
     <span class='ocr_line' id='line_1_17' title="bbox 2220 453 3820 538; baseline 0.018 -32"><span class='ocrx_word' id='word_1_127' title='bbox 2220 453 2360 507; x_wconf 88' lang='lat' dir='ltr'><strong>senti</strong></span> <span class='ocrx_word' id='word_1_128' title='bbox 2404 455 2708 511; x_wconf 80' lang='lat' dir='ltr'><strong>vastatione</strong></span> <span class='ocrx_word' id='word_1_129' title='bbox 2747 457 3022 514; x_wconf 87' lang='lat' dir='ltr'><strong>civitatem</strong></span> <span class='ocrx_word' id='word_1_130' title='bbox 3061 477 3296 536; x_wconf 87' lang='lat' dir='ltr'><strong>superna</strong></span> <span class='ocrx_word' id='word_1_131' title='bbox 3333 471 3674 538; x_wconf 78' lang='lat' dir='ltr'><strong>proiectione</strong></span> <span class='ocrx_word' id='word_1_132' title='bbox 3721 478 3820 536; x_wconf 82' lang='lat' dir='ltr'><strong>de-</strong></span> 
     </span>
    </p>
   </div>
   <div class='ocr_carea' id='block_1_18' title="bbox 2217 543 3818 634">
    <p class='ocr_par' dir='ltr' id='par_1_18' title="bbox 2217 543 3818 634">
     <span class='ocr_line' id='line_1_18' title="bbox 2217 543 3818 634; baseline 0.019 -35"><span class='ocrx_word' id='word_1_133' title='bbox 2217 543 2386 612; x_wconf 80' lang='lat' dir='ltr'><strong>fendi,</strong></span> <span class='ocrx_word' id='word_1_134' title='bbox 2423 551 2518 604; x_wconf 81' lang='lat' dir='ltr'><strong>sed</strong></span> <span class='ocrx_word' id='word_1_135' title='bbox 2561 551 2728 608; x_wconf 87' lang='lat' dir='ltr'><strong>etiam</strong></span> <span class='ocrx_word' id='word_1_136' title='bbox 2773 553 2826 608; x_wconf 90' lang='lat' dir='ltr'><strong>in</strong></span> <span class='ocrx_word' id='word_1_137' title='bbox 2857 553 3046 610; x_wconf 85' lang='lat' dir='ltr'><strong>eadem</strong></span> <span class='ocrx_word' id='word_1_138' title='bbox 3083 565 3263 626; x_wconf 84' lang='lat' dir='ltr'><strong>nocte,</strong></span> <span class='ocrx_word' id='word_1_139' title='bbox 3295 575 3400 632; x_wconf 87' lang='lat' dir='ltr'><strong>qua</strong></span> <span class='ocrx_word' id='word_1_140' title='bbox 3427 581 3620 634; x_wconf 84' lang='lat' dir='ltr'><strong>preces</strong></span> <span class='ocrx_word' id='word_1_141' title='bbox 3651 569 3708 626; x_wconf 91' lang='lat' dir='ltr'><strong>in</strong></span> <span class='ocrx_word' id='word_1_142' title='bbox 3739 573 3818 630; x_wconf 78' lang='lat' dir='ltr'><strong>di-</strong></span> 
     </span>
    </p>
   </div>
   <div class='ocr_carea' id='block_1_19' title="bbox 2219 637 3822 742">
    <p class='ocr_par' dir='ltr' id='par_1_19' title="bbox 2219 637 3822 742">
     <span class='ocr_line' id='line_1_19' title="bbox 2219 637 3822 742; baseline 0.019 -53"><span class='ocrx_word' id='word_1_143' title='bbox 2219 637 2372 698; x_wconf 88' lang='lat' dir='ltr'><strong>vinas</strong></span> <span class='ocrx_word' id='word_1_144' title='bbox 2427 641 2691 702; x_wconf 84' lang='lat' dir='ltr'><strong>eii‘uderat</strong></span> <span class='ocrx_word' id='word_1_145' title='bbox 2736 660 2932 714; x_wconf 86' lang='lat' dir='ltr'><strong>aures,</strong></span> <span class='ocrx_word' id='word_1_146' title='bbox 2977 658 3192 712; x_wconf 78' lang='lat' dir='ltr'><strong>centum</strong></span> <span class='ocrx_word' id='word_1_147' title='bbox 3247 656 3522 726; x_wconf 78' lang='lat' dir='ltr'><strong>octoginta</strong></span> <span class='ocrx_word' id='word_1_148' title='bbox 3569 663 3822 742; x_wconf 79' lang='lat' dir='ltr'><strong>quinun</strong></span> 
     </span>
    </p>
   </div>
   <div class='ocr_carea' id='block_1_20' title="bbox 2217 733 3820 816">
    <p class='ocr_par' dir='ltr' id='par_1_20' title="bbox 2217 733 3820 816">
     <span class='ocr_line' id='line_1_20' title="bbox 2217 733 3820 816; baseline 0.019 -31"><span class='ocrx_word' id='word_1_149' title='bbox 2217 733 2382 798; x_wconf 81' lang='lat' dir='ltr'><strong>millia</strong></span> <span class='ocrx_word' id='word_1_150' title='bbox 2437 735 2670 792; x_wconf 90' lang='lat' dir='ltr'><strong>hostium</strong></span> <span class='ocrx_word' id='word_1_151' title='bbox 2725 737 2886 795; x_wconf 59' lang='lat' dir='ltr'><strong>laetus</strong></span> <span class='ocrx_word' id='word_1_152' title='bbox 2943 749 2998 794; x_wconf 90' lang='lat' dir='ltr'><strong>et</strong></span> <span class='ocrx_word' id='word_1_153' title='bbox 3051 741 3314 802; x_wconf 87' lang='lat' dir='ltr'><strong>liberatus</strong></span> <span class='ocrx_word' id='word_1_154' title='bbox 3367 751 3542 810; x_wconf 81' lang='lat' dir='ltr'><strong>occidi</strong></span> <span class='ocrx_word' id='word_1_155' title='bbox 3589 733 3820 816; x_wconf 59' lang='lat' dir='ltr'><strong>viderat</strong></span> 
     </span>
    </p>
   </div>
   <div class='ocr_carea' id='block_1_21' title="bbox 2219 823 2676 902">
    <p class='ocr_par' dir='ltr' id='par_1_21' title="bbox 2219 823 2676 902">
     <span class='ocr_line' id='line_1_21' title="bbox 2219 823 2676 902; baseline 0.018 -25"><span class='ocrx_word' id='word_1_156' title='bbox 2219 823 2328 898; x_wconf 83' lang='lat' dir='ltr'><strong>(IV</strong></span> <span class='ocrx_word' id='word_1_157' title='bbox 2363 825 2490 898; x_wconf 79' lang='lat' dir='ltr'><strong>Reg.</strong></span> <span class='ocrx_word' id='word_1_158' title='bbox 2525 831 2676 902; x_wconf 79' lang='lat' dir='ltr'><strong>xtx)?</strong></span> 
     </span>
    </p>
   </div>
   <div class='ocr_carea' id='block_1_22' title="bbox 2287 919 3820 1016">
    <p class='ocr_par' dir='ltr' id='par_1_22' title="bbox 2287 919 3820 1016">
     <span class='ocr_line' id='line_1_22' title="bbox 2287 919 3820 1016; baseline 0.018 -42"><span class='ocrx_word' id='word_1_159' title='bbox 2287 919 2396 976; x_wconf 79' lang='lat' dir='ltr'><strong>Vll.</strong></span> <span class='ocrx_word' id='word_1_160' title='bbox 2441 921 2566 978; x_wconf 70' lang='lat' dir='ltr'><strong>Haec</strong></span> <span class='ocrx_word' id='word_1_161' title='bbox 2595 939 2723 980; x_wconf 88' lang='lat' dir='ltr'><strong>vero</strong></span> <span class='ocrx_word' id='word_1_162' title='bbox 2747 925 2992 992; x_wconf 90' lang='lat' dir='ltr'><strong>victoria,</strong></span> <span class='ocrx_word' id='word_1_163' title='bbox 3021 929 3088 984; x_wconf 90' lang='lat' dir='ltr'><strong>de</strong></span> <span class='ocrx_word' id='word_1_164' title='bbox 3109 947 3216 1002; x_wconf 89' lang='lat' dir='ltr'><strong>qua</strong></span> <span class='ocrx_word' id='word_1_165' title='bbox 3249 941 3375 998; x_wconf 77' lang='lat' dir='ltr'><strong>ante</strong></span> <span class='ocrx_word' id='word_1_166' title='bbox 3411 935 3672 1006; x_wconf 74' lang='lat' dir='ltr'><strong>diximus,</strong></span> <span class='ocrx_word' id='word_1_167' title='bbox 3699 945 3820 1016; x_wconf 75' lang='lat' dir='ltr'><strong>regi</strong></span> 
     </span>
    </p>
   </div>
   <div class='ocr_carea' id='block_1_23' title="bbox 2213 1019 3818 1096">
    <p class='ocr_par' dir='ltr' id='par_1_23' title="bbox 2213 1019 3818 1096">
     <span class='ocr_line' id='line_1_23' title="bbox 2213 1019 3818 1096; baseline 0.012 -26"><span class='ocrx_word' id='word_1_168' title='bbox 2213 1019 2517 1096; x_wconf 76' lang='lat' dir='ltr'><strong>pnpuloq&#39;ic</strong></span> <span class='ocrx_word' id='word_1_169' title='bbox 2551 1037 2650 1084; x_wconf 85' lang='lat' dir='ltr'><strong>suo</strong></span> <span class='ocrx_word' id='word_1_170' title='bbox 2681 1035 2844 1084; x_wconf 88' lang='lat' dir='ltr'><strong>causa</strong></span> <span class='ocrx_word' id='word_1_171' title='bbox 2882 1021 2986 1076; x_wconf 85' lang='lat' dir='ltr'><strong>fuit</strong></span> <span class='ocrx_word' id='word_1_172' title='bbox 3033 1024 3230 1088; x_wconf 79' lang='lat' dir='ltr'><strong>salutis</strong></span> <span class='ocrx_word' id='word_1_173' title='bbox 3277 1035 3514 1096; x_wconf 64' lang='lat' dir='ltr'><strong>internae,</strong></span> <span class='ocrx_word' id='word_1_174' title='bbox 3545 1041 3600 1088; x_wconf 87' lang='lat' dir='ltr'><strong>et</strong></span> <span class='ocrx_word' id='word_1_175' title='bbox 3633 1049 3704 1088; x_wconf 90' lang='lat' dir='ltr'><strong>ne</strong></span> <span class='ocrx_word' id='word_1_176' title='bbox 3735 1033 3818 1088; x_wconf 93' lang='lat' dir='ltr'><strong>lu-</strong></span> 
     </span>
    </p>
   </div>
   <div class='ocr_carea' id='block_1_24' title="bbox 2215 1111 3820 1182">
    <p class='ocr_par' dir='ltr' id='par_1_24' title="bbox 2215 1111 3820 1182">
     <span class='ocr_line' id='line_1_24' title="bbox 2215 1111 3820 1182; baseline 0.008 -18"><span class='ocrx_word' id='word_1_177' title='bbox 2215 1125 2400 1174; x_wconf 88' lang='lat' dir='ltr'><strong>cerna,</strong></span> <span class='ocrx_word' id='word_1_178' title='bbox 2431 1121 2652 1166; x_wconf 86' lang='lat' dir='ltr'><strong>sanctus</strong></span> <span class='ocrx_word' id='word_1_179' title='bbox 2681 1111 2927 1172; x_wconf 70' lang='lat' dir='ltr'><strong>videlicet</strong></span> <span class='ocrx_word' id='word_1_180' title='bbox 2949 1113 3240 1182; x_wconf 79' lang='lat' dir='ltr'><strong>Velastus,</strong></span> <span class='ocrx_word' id='word_1_181' title='bbox 3269 1119 3370 1178; x_wconf 87' lang='lat' dir='ltr'><strong>sub</strong></span> <span class='ocrx_word' id='word_1_182' title='bbox 3407 1122 3590 1182; x_wconf 83' lang='lat' dir='ltr'><strong>modio</strong></span> <span class='ocrx_word' id='word_1_183' title='bbox 3619 1123 3820 1180; x_wconf 53' lang='lat' dir='ltr'><strong>lateret</strong></span> 
     </span>
    </p>
   </div>
   <div class='ocr_carea' id='block_1_25' title="bbox 2214 1199 3820 1280">
    <p class='ocr_par' dir='ltr' id='par_1_25' title="bbox 2214 1199 3820 1280">
     <span class='ocr_line' id='line_1_25' title="bbox 2214 1199 3820 1280; baseline 0.009 -26"><span class='ocrx_word' id='word_1_184' title='bbox 2214 1199 2588 1268; x_wconf 82' lang='lat' dir='ltr'><strong>absconditus,</strong></span> <span class='ocrx_word' id='word_1_185' title='bbox 2619 1203 2712 1258; x_wconf 79' lang='lat' dir='ltr'><strong>sed</strong></span> <span class='ocrx_word' id='word_1_186' title='bbox 2751 1219 2912 1278; x_wconf 84' lang='lat' dir='ltr'><strong>supra</strong></span> <span class='ocrx_word' id='word_1_187' title='bbox 2945 1205 3332 1270; x_wconf 77' lang='lat' dir='ltr'><strong>candelabrum</strong></span> <span class='ocrx_word' id='word_1_188' title='bbox 3365 1211 3600 1280; x_wconf 86' lang='lat' dir='ltr'><strong>positus,</strong></span> <span class='ocrx_word' id='word_1_189' title='bbox 3629 1229 3820 1268; x_wconf 80' lang='lat' dir='ltr'><strong>exem-</strong></span> 
     </span>
    </p>
   </div>
   <div class='ocr_carea' id='block_1_26' title="bbox 2213 1291 3818 1370">
    <p class='ocr_par' dir='ltr' id='par_1_26' title="bbox 2213 1291 3818 1370">
     <span class='ocr_line' id='line_1_26' title="bbox 2213 1291 3818 1370; baseline 0.01 -27"><span class='ocrx_word' id='word_1_190' title='bbox 2213 1291 2316 1370; x_wconf 86' lang='lat' dir='ltr'><strong>plis</strong></span> <span class='ocrx_word' id='word_1_191' title='bbox 2343 1293 2424 1346; x_wconf 84' lang='lat' dir='ltr'><strong>vel</strong></span> <span class='ocrx_word' id='word_1_192' title='bbox 2451 1293 2922 1368; x_wconf 46' lang='lat' dir='ltr'><strong>prm&#39;iicationib‘ls</strong></span> <span class='ocrx_word' id='word_1_193' title='bbox 2951 1295 3004 1352; x_wconf 91' lang='lat' dir='ltr'><strong>in</strong></span> <span class='ocrx_word' id='word_1_194' title='bbox 3033 1297 3192 1354; x_wconf 88' lang='lat' dir='ltr'><strong>domo</strong></span> <span class='ocrx_word' id='word_1_195' title='bbox 3233 1297 3326 1354; x_wconf 69' lang='lat' dir='ltr'><strong>Dei</strong></span> <span class='ocrx_word' id='word_1_196' title='bbox 3381 1299 3586 1364; x_wconf 81' lang='lat' dir='ltr'><strong>lucens.</strong></span> <span class='ocrx_word' id='word_1_197' title='bbox 3619 1305 3692 1366; x_wconf 82' lang='lat' dir='ltr'><strong>ab</strong></span> <span class='ocrx_word' id='word_1_198' title='bbox 3723 1321 3818 1360; x_wconf 87' lang='lat' dir='ltr'><strong>er-</strong></span> 
     </span>
    </p>
   </div>
   <div class='ocr_carea' id='block_1_27' title="bbox 2215 1386 3822 1468">
    <p class='ocr_par' dir='ltr' id='par_1_27' title="bbox 2215 1386 3822 1468">
     <span class='ocr_line' id='line_1_27' title="bbox 2215 1386 3822 1468; baseline 0.008 -30"><span class='ocrx_word' id='word_1_199' title='bbox 2215 1401 2337 1438; x_wconf 85' lang='lat' dir='ltr'><strong>rore</strong></span> <span class='ocrx_word' id='word_1_200' title='bbox 2369 1386 2684 1442; x_wconf 70' lang='lat' dir='ltr'><strong>i-lololitrim</strong></span> <span class='ocrx_word' id='word_1_201' title='bbox 2719 1396 2774 1442; x_wconf 90' lang='lat' dir='ltr'><strong>et</strong></span> <span class='ocrx_word' id='word_1_202' title='bbox 2801 1389 3032 1462; x_wconf 82' lang='lat' dir='ltr'><strong>caligine</strong></span> <span class='ocrx_word' id='word_1_203' title='bbox 3073 1389 3392 1464; x_wconf 63' lang='lat' dir='ltr'><strong>ignorantia:</strong></span> <span class='ocrx_word' id='word_1_204' title='bbox 3419 1395 3474 1452; x_wconf 89' lang='lat' dir='ltr'><strong>in</strong></span> <span class='ocrx_word' id='word_1_205' title='bbox 3505 1397 3644 1456; x_wconf 86' lang='lat' dir='ltr'><strong>viam</strong></span> <span class='ocrx_word' id='word_1_206' title='bbox 3699 1398 3822 1468; x_wconf 87' lang='lat' dir='ltr'><strong>plu-</strong></span> 
     </span>
    </p>
   </div>
   <div class='ocr_carea' id='block_1_28' title="bbox 2215 1479 3818 1556">
    <p class='ocr_par' dir='ltr' id='par_1_28' title="bbox 2215 1479 3818 1556">
     <span class='ocr_line' id='line_1_28' title="bbox 2215 1479 3818 1556; baseline 0.007 -25"><span class='ocrx_word' id='word_1_207' title='bbox 2215 1479 2381 1532; x_wconf 87' lang='lat' dir='ltr'><strong>rimos</strong></span> <span class='ocrx_word' id='word_1_208' title='bbox 2415 1479 2666 1534; x_wconf 83' lang='lat' dir='ltr'><strong>educeret</strong></span> <span class='ocrx_word' id='word_1_209' title='bbox 2707 1481 2974 1536; x_wconf 84' lang='lat' dir='ltr'><strong>veritatis.</strong></span> <span class='ocrx_word' id='word_1_210' title='bbox 3005 1479 3174 1554; x_wconf 79' lang='lat' dir='ltr'><strong>Igitur</strong></span> <span class='ocrx_word' id='word_1_211' title='bbox 3227 1487 3496 1556; x_wconf 83' lang='lat' dir='ltr'><strong>superatis</strong></span> <span class='ocrx_word' id='word_1_212' title='bbox 3535 1488 3818 1554; x_wconf 82' lang='lat' dir='ltr'><strong>hostibus,</strong></span> 
     </span>
    </p>
   </div>
   <div class='ocr_carea' id='block_1_29' title="bbox 2213 1571 3824 1644">
    <p class='ocr_par' dir='ltr' id='par_1_29' title="bbox 2213 1571 3824 1644">
     <span class='ocr_line' id='line_1_29' title="bbox 2213 1571 3824 1644; baseline 0.007 -22"><span class='ocrx_word' id='word_1_213' title='bbox 2213 1579 2267 1624; x_wconf 87' lang='lat' dir='ltr'><strong>et</strong></span> <span class='ocrx_word' id='word_1_214' title='bbox 2299 1571 2458 1626; x_wconf 84' lang='lat' dir='ltr'><strong>rebus</strong></span> <span class='ocrx_word' id='word_1_215' title='bbox 2485 1573 2536 1626; x_wconf 88' lang='lat' dir='ltr'><strong>in</strong></span> <span class='ocrx_word' id='word_1_216' title='bbox 2571 1587 2702 1644; x_wconf 78' lang='lat' dir='ltr'><strong>pace</strong></span> <span class='ocrx_word' id='word_1_217' title='bbox 2729 1575 3078 1644; x_wconf 81' lang='lat' dir='ltr'><strong>compositis,</strong></span> <span class='ocrx_word' id='word_1_218' title='bbox 3105 1585 3162 1630; x_wconf 88' lang='lat' dir='ltr'><strong>et</strong></span> <span class='ocrx_word' id='word_1_219' title='bbox 3200 1575 3514 1640; x_wconf 79' lang='lat' dir='ltr'><strong>Alemannis</strong></span> <span class='ocrx_word' id='word_1_220' title='bbox 3545 1595 3658 1632; x_wconf 72' lang='lat' dir='ltr'><strong>sum</strong></span> <span class='ocrx_word' id='word_1_221' title='bbox 3689 1581 3824 1634; x_wconf 85' lang='lat' dir='ltr'><strong>sub-</strong></span> 
     </span>
    </p>
   </div>
   <div class='ocr_carea' id='block_1_30' title="bbox 511 1641 3822 1740">
    <p class='ocr_par' dir='ltr' id='par_1_30' title="bbox 511 1641 3822 1740">
     <span class='ocr_line' id='line_1_30' title="bbox 511 1641 3822 1740; baseline 0.008 -42"><span class='ocrx_word' id='word_1_222' title='bbox 511 1641 568 1712; x_wconf 70' lang='grc'><strong>2)</strong></span> <span class='ocrx_word' id='word_1_223' title='bbox 603 1643 900 1700; x_wconf 76' lang='lat' dir='ltr'><strong>&#39;Dominus</strong></span> <span class='ocrx_word' id='word_1_224' title='bbox 943 1645 1123 1714; x_wconf 73' lang='lat' dir='ltr'><strong>Iesus,</strong></span> <span class='ocrx_word' id='word_1_225' title='bbox 1169 1649 1258 1718; x_wconf 90' lang='lat' dir='ltr'><strong>qui</strong></span> <span class='ocrx_word' id='word_1_226' title='bbox 1291 1649 1404 1702; x_wconf 87' lang='lat' dir='ltr'><strong>vult</strong></span> <span class='ocrx_word' id='word_1_227' title='bbox 1431 1665 1622 1706; x_wconf 74' lang='lat' dir='ltr'><strong>clunes</strong></span> <span class='ocrx_word' id='word_1_228' title='bbox 1651 1651 1900 1706; x_wconf 84' lang='lat' dir='ltr'><strong>homines</strong></span> <span class='ocrx_word' id='word_1_229' title='bbox 1929 1651 2108 1710; x_wconf 86' lang='lat' dir='ltr'><strong>salvos</strong></span> <span class='ocrx_word' id='word_1_230' title='bbox 2143 1731 2182 1740; x_wconf 77' lang='lat'><em>_</em></span> <span class='ocrx_word' id='word_1_231' title='bbox 2205 1659 2366 1728; x_wconf 88' lang='lat' dir='ltr'><strong>jectis</strong></span> <span class='ocrx_word' id='word_1_232' title='bbox 2419 1641 2629 1730; x_wconf 81' lang='lat' dir='ltr'><strong>ditioni,</strong></span> <span class='ocrx_word' id='word_1_233' title='bbox 2683 1681 2780 1726; x_wconf 81' lang='lat' dir='ltr'><strong>rex</strong></span> <span class='ocrx_word' id='word_1_234' title='bbox 2817 1641 2988 1722; x_wconf 76' lang='lat' dir='ltr'><strong>ovans</strong></span> <span class='ocrx_word' id='word_1_235' title='bbox 3040 1641 3164 1722; x_wconf 85' lang='lat' dir='ltr'><strong>cum</strong></span> <span class='ocrx_word' id='word_1_236' title='bbox 3223 1667 3380 1730; x_wconf 69' lang='lat' dir='ltr'><strong>laude</strong></span> <span class='ocrx_word' id='word_1_237' title='bbox 3431 1667 3690 1740; x_wconf 86' lang='lat' dir='ltr'><strong>triumphi</strong></span> <span class='ocrx_word' id='word_1_238' title='bbox 3745 1668 3822 1726; x_wconf 86' lang='lat' dir='ltr'><strong>ad</strong></span> 
     </span>
    </p>
   </div>
   <div class='ocr_carea' id='block_1_31' title="bbox 515 1731 3826 1830">
    <p class='ocr_par' dir='ltr' id='par_1_31' title="bbox 515 1731 3826 1830">
     <span class='ocr_line' id='line_1_31' title="bbox 515 1731 3826 1830; baseline 0.008 -42"><span class='ocrx_word' id='word_1_239' title='bbox 515 1733 696 1807; x_wconf 82' lang='lat' dir='ltr'><strong>ﬂeri(I</strong></span> <span class='ocrx_word' id='word_1_240' title='bbox 727 1735 859 1790; x_wconf 80' lang='lat' dir='ltr'><strong>Tim.</strong></span> <span class='ocrx_word' id='word_1_241' title='bbox 886 1755 948 1802; x_wconf 85' lang='grc' dir='ltr'><strong>ιι,</strong></span> <span class='ocrx_word' id='word_1_242' title='bbox 971 1737 1048 1804; x_wconf 72' lang='grc'><strong>4),</strong></span> <span class='ocrx_word' id='word_1_243' title='bbox 1070 1749 1466 1810; x_wconf 87' lang='lat' dir='ltr'><strong>competentem</strong></span> <span class='ocrx_word' id='word_1_244' title='bbox 1492 1757 1592 1797; x_wconf 88' lang='lat' dir='ltr'><strong>suo</strong></span> <span class='ocrx_word' id='word_1_245' title='bbox 1617 1741 1814 1796; x_wconf 79' lang='lat' dir='ltr'><strong>famulo</strong></span> <span class='ocrx_word' id='word_1_246' title='bbox 1843 1743 2110 1814; x_wconf 75' lang='lat' dir='ltr'><strong>prmvide-</strong></span> <span class='ocrx_word' id='word_1_247' title='bbox 2143 1731 2184 1790; x_wconf 72' lang='grc' dir='ltr'><strong>Β</strong></span> <span class='ocrx_word' id='word_1_248' title='bbox 2213 1755 2444 1824; x_wconf 79' lang='lat' dir='ltr'><strong>patriam</strong></span> <span class='ocrx_word' id='word_1_249' title='bbox 2479 1770 2536 1808; x_wconf 88' lang='lat' dir='ltr'><strong>re</strong></span> <span class='ocrx_word' id='word_1_250' title='bbox 2557 1755 2655 1808; x_wconf 87' lang='lat' dir='ltr'><strong>liit.</strong></span> <span class='ocrx_word' id='word_1_251' title='bbox 2689 1755 2756 1810; x_wconf 87' lang='lat' dir='ltr'><strong>Et</strong></span> <span class='ocrx_word' id='word_1_252' title='bbox 2787 1766 2844 1820; x_wconf 83' lang='lat' dir='ltr'><strong>ut</strong></span> <span class='ocrx_word' id='word_1_253' title='bbox 2883 1755 2912 1810; x_wconf 86' lang='lat' dir='ltr'><strong>ii</strong></span> <span class='ocrx_word' id='word_1_254' title='bbox 2941 1757 3055 1822; x_wconf 70' lang='lat' dir='ltr'><strong>Telis</strong></span> <span class='ocrx_word' id='word_1_255' title='bbox 3103 1767 3270 1822; x_wconf 62' lang='lat' dir='ltr'><strong>tantae</strong></span> <span class='ocrx_word' id='word_1_256' title='bbox 3305 1759 3404 1820; x_wconf 88' lang='lat' dir='ltr'><strong>sibi</strong></span> <span class='ocrx_word' id='word_1_257' title='bbox 3437 1731 3622 1830; x_wconf 57' lang='lat' dir='ltr'><strong>gloria;</strong></span> <span class='ocrx_word' id='word_1_258' title='bbox 3653 1761 3826 1830; x_wconf 77' lang='lat' dir='ltr'><strong>largi-</strong></span> 
     </span>
    </p>
   </div>
   <div class='ocr_carea' id='block_1_32' title="bbox 514 1823 2110 1902">
    <p class='ocr_par' dir='ltr' id='par_1_32' title="bbox 514 1823 2110 1902">
     <span class='ocr_line' id='line_1_32' title="bbox 514 1823 2110 1902; baseline 0.006 -21"><span class='ocrx_word' id='word_1_259' title='bbox 514 1823 858 1892; x_wconf 85' lang='lat' dir='ltr'><strong>batcausam,</strong></span> <span class='ocrx_word' id='word_1_260' title='bbox 876 1845 1074 1900; x_wconf 89' lang='lat' dir='ltr'><strong>quomo</strong></span> <span class='ocrx_word' id='word_1_261' title='bbox 1099 1833 1146 1885; x_wconf 70' lang='lat' dir='ltr'><strong>lo</strong></span> <span class='ocrx_word' id='word_1_262' title='bbox 1163 1843 1461 1902; x_wconf 84' lang='lat' dir='ltr'><strong>opportune</strong></span> <span class='ocrx_word' id='word_1_263' title='bbox 1487 1835 1554 1889; x_wconf 85' lang='lat' dir='ltr'><strong>ad</strong></span> <span class='ocrx_word' id='word_1_264' title='bbox 1577 1835 1936 1890; x_wconf 86' lang='lat' dir='ltr'><strong>ministerium</strong></span> <span class='ocrx_word' id='word_1_265' title='bbox 1961 1837 2110 1890; x_wconf 84' lang='lat' dir='ltr'><strong>verbi</strong></span> 
     </span>
    </p>
   </div>
   <div class='ocr_carea' id='block_1_33' title="bbox 511 1915 1228 1990">
    <p class='ocr_par' dir='ltr' id='par_1_33' title="bbox 511 1915 1228 1990">
     <span class='ocr_line' id='line_1_33' title="bbox 511 1915 1228 1990; baseline 0.013 -20"><span class='ocrx_word' id='word_1_266' title='bbox 511 1915 606 1974; x_wconf 87' lang='lat' dir='ltr'><strong>Dei</strong></span> <span class='ocrx_word' id='word_1_267' title='bbox 629 1921 914 1990; x_wconf 85' lang='lat' dir='ltr'><strong>pervenire</strong></span> <span class='ocrx_word' id='word_1_268' title='bbox 949 1921 1228 1978; x_wconf 84' lang='lat' dir='ltr'><strong>valuisset.</strong></span> 
     </span>
    </p>
   </div>
   <div class='ocr_carea' id='block_1_34' title="bbox 581 2007 2110 2094">
    <p class='ocr_par' dir='ltr' id='par_1_34' title="bbox 581 2007 2110 2094">
     <span class='ocr_line' id='line_1_34' title="bbox 581 2007 2110 2094; baseline 0.01 -32"><span class='ocrx_word' id='word_1_269' title='bbox 581 2007 666 2064; x_wconf 79' lang='lat' dir='ltr'><strong>Vl.</strong></span> <span class='ocrx_word' id='word_1_270' title='bbox 720 2009 960 2083; x_wconf 80' lang='lat' dir='ltr'><strong>Contigit</strong></span> <span class='ocrx_word' id='word_1_271' title='bbox 1005 2029 1135 2068; x_wconf 83' lang='lat' dir='ltr'><strong>vero</strong></span> <span class='ocrx_word' id='word_1_272' title='bbox 1184 2015 1466 2086; x_wconf 60' lang='lat' dir='ltr'><strong>praefatum</strong></span> <span class='ocrx_word' id='word_1_273' title='bbox 1531 2019 1866 2076; x_wconf 76' lang='lat' dir='ltr'><strong>FranCorum</strong></span> <span class='ocrx_word' id='word_1_274' title='bbox 1925 2037 2110 2094; x_wconf 87' lang='lat' dir='ltr'><strong>regem</strong></span> 
     </span>
    </p>
   </div>
   <div class='ocr_carea' id='block_1_35' title="bbox 507 2099 2104 2186">
    <p class='ocr_par' dir='ltr' id='par_1_35' title="bbox 507 2099 2104 2186">
     <span class='ocr_line' id='line_1_35' title="bbox 507 2099 2104 2186; baseline 0.011 -30"><span class='ocrx_word' id='word_1_275' title='bbox 507 2099 836 2158; x_wconf 70' lang='lat' dir='ltr'><strong>Cio-loreum</strong></span> <span class='ocrx_word' id='word_1_276' title='bbox 861 2103 1176 2162; x_wconf 75' lang='lat' dir='ltr'><strong>Alemannis</strong></span> <span class='ocrx_word' id='word_1_277' title='bbox 1203 2109 1340 2162; x_wconf 87' lang='lat' dir='ltr'><strong>bella</strong></span> <span class='ocrx_word' id='word_1_278' title='bbox 1371 2109 1559 2182; x_wconf 79' lang='lat' dir='ltr'><strong>[Bo.’l.,</strong></span> <span class='ocrx_word' id='word_1_279' title='bbox 1578 2113 1800 2186; x_wconf 80' lang='lat' dir='ltr'><strong>bellum]</strong></span> <span class='ocrx_word' id='word_1_280' title='bbox 1829 2115 2030 2172; x_wconf 78' lang='lat' dir='ltr'><strong>inferre</strong></span> <span class='ocrx_word' id='word_1_281' title='bbox 2055 2117 2104 2184; x_wconf 69' lang='grc' dir='ltr'><strong>ι»,</strong></span> 
     </span>
    </p>
   </div>
   <div class='ocr_carea' id='block_1_36' title="bbox 505 2192 2108 2272">
    <p class='ocr_par' dir='ltr' id='par_1_36' title="bbox 505 2192 2108 2272">
     <span class='ocr_line' id='line_1_36' title="bbox 505 2192 2108 2272; baseline 0.012 -28"><span class='ocrx_word' id='word_1_282' title='bbox 505 2192 600 2262; x_wconf 85' lang='lat' dir='ltr'><strong>qui</strong></span> <span class='ocrx_word' id='word_1_283' title='bbox 635 2201 762 2248; x_wconf 90' lang='lat' dir='ltr'><strong>tunc</strong></span> <span class='ocrx_word' id='word_1_284' title='bbox 791 2197 1052 2266; x_wconf 86' lang='lat' dir='ltr'><strong>temporis</strong></span> <span class='ocrx_word' id='word_1_285' title='bbox 1085 2213 1252 2268; x_wconf 84' lang='lat' dir='ltr'><strong>regno</strong></span> <span class='ocrx_word' id='word_1_286' title='bbox 1291 2215 1388 2254; x_wconf 89' lang='lat' dir='ltr'><strong>suo</strong></span> <span class='ocrx_word' id='word_1_287' title='bbox 1417 2217 1512 2270; x_wconf 87' lang='lat' dir='ltr'><strong>per</strong></span> <span class='ocrx_word' id='word_1_288' title='bbox 1541 2217 1598 2256; x_wconf 85' lang='lat' dir='ltr'><strong>se</strong></span> <span class='ocrx_word' id='word_1_289' title='bbox 1625 2205 1780 2272; x_wconf 86' lang='lat' dir='ltr'><strong>potiti</strong></span> <span class='ocrx_word' id='word_1_290' title='bbox 1813 2215 1942 2258; x_wconf 84' lang='lat' dir='ltr'><strong>sunt</strong></span> <span class='ocrx_word' id='word_1_291' title='bbox 1969 2225 1980 2258; x_wconf 93' lang='lat'>:</span> <span class='ocrx_word' id='word_1_292' title='bbox 2011 2209 2108 2263; x_wconf 84' lang='lat' dir='ltr'><strong>sed</strong></span> 
     </span>
    </p>
   </div>
   <div class='ocr_carea' id='block_1_37' title="bbox 505 2287 2108 2360">
    <p class='ocr_par' dir='ltr' id='par_1_37' title="bbox 505 2287 2108 2360">
     <span class='ocr_line' id='line_1_37' title="bbox 505 2287 2108 2360; baseline 0.009 -20"><span class='ocrx_word' id='word_1_293' title='bbox 505 2299 616 2340; x_wconf 84' lang='lat' dir='ltr'><strong>non</strong></span> <span class='ocrx_word' id='word_1_294' title='bbox 655 2301 748 2340; x_wconf 87' lang='lat' dir='ltr'><strong>eos</strong></span> <span class='ocrx_word' id='word_1_295' title='bbox 787 2287 858 2340; x_wconf 87' lang='lat' dir='ltr'><strong>ita</strong></span> <span class='ocrx_word' id='word_1_296' title='bbox 893 2289 1118 2342; x_wconf 72' lang='lat' dir='ltr'><strong>oii&#39;eniit</strong></span> <span class='ocrx_word' id='word_1_297' title='bbox 1157 2291 1473 2360; x_wconf 64' lang='lat' dir='ltr'><strong>imparatos,</strong></span> <span class='ocrx_word' id='word_1_298' title='bbox 1505 2303 1563 2348; x_wconf 89' lang='lat' dir='ltr'><strong>ut</strong></span> <span class='ocrx_word' id='word_1_299' title='bbox 1597 2297 1780 2350; x_wconf 83' lang='lat' dir='ltr'><strong>voluit.</strong></span> <span class='ocrx_word' id='word_1_300' title='bbox 1817 2297 1950 2356; x_wconf 76' lang='lat' dir='ltr'><strong>Nam</strong></span> <span class='ocrx_word' id='word_1_301' title='bbox 1999 2299 2108 2354; x_wconf 80' lang='lat' dir='ltr'><strong>for-</strong></span> 
     </span>
    </p>
   </div>
   <div class='ocr_carea' id='block_1_38' title="bbox 509 2375 2106 2468">
    <p class='ocr_par' dir='ltr' id='par_1_38' title="bbox 509 2375 2106 2468">
     <span class='ocr_line' id='line_1_38' title="bbox 509 2375 2106 2468; baseline 0.009 -38"><span class='ocrx_word' id='word_1_302' title='bbox 509 2375 718 2430; x_wconf 86' lang='lat' dir='ltr'><strong>tissima</strong></span> <span class='ocrx_word' id='word_1_303' title='bbox 749 2377 976 2433; x_wconf 83' lang='lat' dir='ltr'><strong>collecta</strong></span> <span class='ocrx_word' id='word_1_304' title='bbox 1009 2393 1170 2432; x_wconf 77' lang='lat' dir='ltr'><strong>innnu</strong></span> <span class='ocrx_word' id='word_1_305' title='bbox 1193 2421 1206 2444; x_wconf 93' lang='lat'><strong>,</strong></span> <span class='ocrx_word' id='word_1_306' title='bbox 1247 2383 1358 2452; x_wconf 84' lang='lat' dir='ltr'><strong>regi</strong></span> <span class='ocrx_word' id='word_1_307' title='bbox 1393 2383 1536 2438; x_wconf 83' lang='lat' dir='ltr'><strong>circa</strong></span> <span class='ocrx_word' id='word_1_308' title='bbox 1567 2385 1710 2456; x_wconf 82' lang='lat' dir='ltr'><strong>ripas</strong></span> <span class='ocrx_word' id='word_1_309' title='bbox 1741 2385 1914 2442; x_wconf 71' lang='lat' dir='ltr'><strong>Rheni</strong></span> <span class='ocrx_word' id='word_1_310' title='bbox 1951 2391 2106 2468; x_wconf 74' lang='lat'><strong>165</strong></span> 
     </span>
    </p>
   </div>
   <div class='ocr_carea' id='block_1_39' title="bbox 503 2463 2106 2552">
    <p class='ocr_par' dir='ltr' id='par_1_39' title="bbox 503 2463 2106 2552">
     <span class='ocr_line' id='line_1_39' title="bbox 503 2463 2106 2552; baseline 0.011 -32"><span class='ocrx_word' id='word_1_311' title='bbox 503 2463 744 2522; x_wconf 76' lang='lat' dir='ltr'><strong>ﬂuminis</strong></span> <span class='ocrx_word' id='word_1_312' title='bbox 793 2469 1148 2524; x_wconf 70' lang='lat' dir='ltr'><strong>obviaverunt</strong></span> <span class='ocrx_word' id='word_1_313' title='bbox 1197 2475 1507 2540; x_wconf 87' lang='lat' dir='ltr'><strong>unanimes,</strong></span> <span class='ocrx_word' id='word_1_314' title='bbox 1539 2477 1728 2532; x_wconf 88' lang='lat' dir='ltr'><strong>bellica</strong></span> <span class='ocrx_word' id='word_1_315' title='bbox 1779 2463 1978 2534; x_wconf 85' lang='lat' dir='ltr'><strong>virtute</strong></span> <span class='ocrx_word' id='word_1_316' title='bbox 2013 2499 2106 2552; x_wconf 90' lang='lat' dir='ltr'><strong>pa-</strong></span> 
     </span>
    </p>
   </div>
   <div class='ocr_carea' id='block_1_40' title="bbox 505 2557 2101 2646">
    <p class='ocr_par' dir='ltr' id='par_1_40' title="bbox 505 2557 2101 2646">
     <span class='ocr_line' id='line_1_40' title="bbox 505 2557 2101 2646; baseline 0.011 -34"><span class='ocrx_word' id='word_1_317' title='bbox 505 2559 668 2612; x_wconf 84' lang='lat' dir='ltr'><strong>triam</strong></span> <span class='ocrx_word' id='word_1_318' title='bbox 697 2557 1006 2626; x_wconf 73' lang='lat' dir='ltr'><strong>deibnderc,</strong></span> <span class='ocrx_word' id='word_1_319' title='bbox 1037 2563 1118 2617; x_wconf 88' lang='lat' dir='ltr'><strong>vel</strong></span> <span class='ocrx_word' id='word_1_320' title='bbox 1163 2563 1334 2620; x_wconf 88' lang='lat' dir='ltr'><strong>libera</strong></span> <span class='ocrx_word' id='word_1_321' title='bbox 1385 2583 1542 2621; x_wconf 87' lang='lat' dir='ltr'><strong>manu</strong></span> <span class='ocrx_word' id='word_1_322' title='bbox 1575 2585 1672 2640; x_wconf 87' lang='lat' dir='ltr'><strong>pro</strong></span> <span class='ocrx_word' id='word_1_323' title='bbox 1714 2573 1890 2646; x_wconf 77' lang='lat' dir='ltr'><strong>patria</strong></span> <span class='ocrx_word' id='word_1_324' title='bbox 1923 2557 2058 2630; x_wconf 84' lang='lat' dir='ltr'><strong>mori</strong></span> <span class='ocrx_word' id='word_1_325' title='bbox 2087 2591 2101 2640; x_wconf 88' lang='lat'><strong>;</strong></span> 
     </span>
    </p>
   </div>
   <div class='ocr_carea' id='block_1_41' title="bbox 503 2648 2106 2732">
    <p class='ocr_par' dir='ltr' id='par_1_41' title="bbox 503 2648 2106 2732">
     <span class='ocr_line' id='line_1_41' title="bbox 503 2648 2106 2732; baseline 0.011 -29"><span class='ocrx_word' id='word_1_326' title='bbox 503 2657 564 2704; x_wconf 86' lang='lat' dir='ltr'><strong>et</strong></span> <span class='ocrx_word' id='word_1_327' title='bbox 591 2648 886 2707; x_wconf 79' lang='lat' dir='ltr'><strong>fortissime</strong></span> <span class='ocrx_word' id='word_1_328' title='bbox 911 2653 1167 2726; x_wconf 87' lang='lat' dir='ltr'><strong>utrinque</strong></span> <span class='ocrx_word' id='word_1_329' title='bbox 1197 2657 1530 2714; x_wconf 87' lang='lat' dir='ltr'><strong>decertatum</strong></span> <span class='ocrx_word' id='word_1_330' title='bbox 1559 2670 1642 2716; x_wconf 83' lang='lat' dir='ltr'><strong>est</strong></span> <span class='ocrx_word' id='word_1_331' title='bbox 1671 2679 1683 2716; x_wconf 92' lang='lat'><strong>:</strong></span> <span class='ocrx_word' id='word_1_332' title='bbox 1714 2663 1792 2732; x_wconf 87' lang='lat' dir='ltr'><strong>hi,</strong></span> <span class='ocrx_word' id='word_1_333' title='bbox 1819 2681 1888 2720; x_wconf 89' lang='lat' dir='ltr'><strong>ne</strong></span> <span class='ocrx_word' id='word_1_334' title='bbox 1917 2667 2106 2720; x_wconf 89' lang='lat' dir='ltr'><strong>trium-</strong></span> 
     </span>
    </p>
   </div>
   <div class='ocr_carea' id='block_1_42' title="bbox 503 2739 2105 2826">
    <p class='ocr_par' dir='ltr' id='par_1_42' title="bbox 503 2739 2105 2826">
     <span class='ocr_line' id='line_1_42' title="bbox 503 2739 2105 2826; baseline 0.012 -33"><span class='ocrx_word' id='word_1_335' title='bbox 503 2739 595 2810; x_wconf 86' lang='lat' dir='ltr'><strong>phi</strong></span> <span class='ocrx_word' id='word_1_336' title='bbox 639 2741 894 2812; x_wconf 79' lang='lat' dir='ltr'><strong>gloriam;</strong></span> <span class='ocrx_word' id='word_1_337' title='bbox 933 2743 1030 2808; x_wconf 85' lang='lat' dir='ltr'><strong>illi,</strong></span> <span class='ocrx_word' id='word_1_338' title='bbox 1063 2761 1132 2801; x_wconf 90' lang='lat' dir='ltr'><strong>ne</strong></span> <span class='ocrx_word' id='word_1_339' title='bbox 1167 2749 1356 2818; x_wconf 79' lang='lat' dir='ltr'><strong>patri-.e</strong></span> <span class='ocrx_word' id='word_1_340' title='bbox 1401 2753 1698 2822; x_wconf 86' lang='lat' dir='ltr'><strong>perderent</strong></span> <span class='ocrx_word' id='word_1_341' title='bbox 1739 2755 1873 2826; x_wconf 58' lang='grc' dir='ltr'><strong>ΗΛ,</strong></span> <span class='ocrx_word' id='word_1_342' title='bbox 1911 2759 2105 2826; x_wconf 76' lang='lat' dir='ltr'><strong>prode-</strong></span> 
     </span>
    </p>
   </div>
   <div class='ocr_carea' id='block_1_43' title="bbox 505 2831 2104 2920">
    <p class='ocr_par' dir='ltr' id='par_1_43' title="bbox 505 2831 2104 2920">
     <span class='ocr_line' id='line_1_43' title="bbox 505 2831 2104 2920; baseline 0.013 -36"><span class='ocrx_word' id='word_1_343' title='bbox 505 2831 648 2904; x_wconf 85' lang='lat' dir='ltr'><strong>rent]</strong></span> <span class='ocrx_word' id='word_1_344' title='bbox 673 2831 996 2900; x_wconf 85' lang='lat' dir='ltr'><strong>libertatem,</strong></span> <span class='ocrx_word' id='word_1_345' title='bbox 1013 2837 1070 2890; x_wconf 88' lang='lat' dir='ltr'><strong>in</strong></span> <span class='ocrx_word' id='word_1_346' title='bbox 1097 2847 1334 2894; x_wconf 87' lang='lat' dir='ltr'><strong>mutuam</strong></span> <span class='ocrx_word' id='word_1_347' title='bbox 1359 2853 1675 2898; x_wconf 81' lang='lat' dir='ltr'><strong>corruentes</strong></span> <span class='ocrx_word' id='word_1_348' title='bbox 1691 2847 1911 2900; x_wconf 70' lang='lat' dir='ltr'><strong>caedem.</strong></span> <span class='ocrx_word' id='word_1_349' title='bbox 1941 2849 2104 2920; x_wconf 78' lang='lat' dir='ltr'><strong>Igitur</strong></span> 
     </span>
    </p>
   </div>
   <div class='ocr_carea' id='block_1_44' title="bbox 503 2925 2104 2998">
    <p class='ocr_par' dir='ltr' id='par_1_44' title="bbox 503 2925 2104 2998">
     <span class='ocr_line' id='line_1_44' title="bbox 503 2925 2104 2998; baseline 0.011 -22"><span class='ocrx_word' id='word_1_350' title='bbox 503 2935 599 2978; x_wconf 78' lang='lat' dir='ltr'><strong>rex</strong></span> <span class='ocrx_word' id='word_1_351' title='bbox 629 2925 798 2980; x_wconf 87' lang='lat' dir='ltr'><strong>nimio</strong></span> <span class='ocrx_word' id='word_1_352' title='bbox 835 2927 1080 2984; x_wconf 88' lang='lat' dir='ltr'><strong>turbatus</strong></span> <span class='ocrx_word' id='word_1_353' title='bbox 1109 2937 1340 2998; x_wconf 80' lang='lat' dir='ltr'><strong>terrere,</strong></span> <span class='ocrx_word' id='word_1_354' title='bbox 1379 2933 1504 2988; x_wconf 89' lang='lat' dir='ltr'><strong>dum</strong></span> <span class='ocrx_word' id='word_1_355' title='bbox 1549 2935 1800 2992; x_wconf 89' lang='lat' dir='ltr'><strong>inimicos</strong></span> <span class='ocrx_word' id='word_1_356' title='bbox 1835 2939 1970 2993; x_wconf 80' lang='lat' dir='ltr'><strong>vidit</strong></span> <span class='ocrx_word' id='word_1_357' title='bbox 1999 2941 2104 2994; x_wconf 81' lang='lat' dir='ltr'><strong>for-</strong></span> 
     </span>
    </p>
   </div>
   <div class='ocr_carea' id='block_1_45' title="bbox 501 3013 2096 3098">
    <p class='ocr_par' dir='ltr' id='par_1_45' title="bbox 501 3013 2096 3098">
     <span class='ocr_line' id='line_1_45' title="bbox 501 3013 2096 3098; baseline 0.011 -30"><span class='ocrx_word' id='word_1_358' title='bbox 501 3013 632 3068; x_wconf 82' lang='lat' dir='ltr'><strong>titer</strong></span> <span class='ocrx_word' id='word_1_359' title='bbox 679 3029 938 3086; x_wconf 82' lang='lat' dir='ltr'><strong>pugnare,</strong></span> <span class='ocrx_word' id='word_1_360' title='bbox 971 3027 1028 3074; x_wconf 85' lang='lat' dir='ltr'><strong>et</strong></span> <span class='ocrx_word' id='word_1_361' title='bbox 1055 3035 1184 3074; x_wconf 89' lang='lat' dir='ltr'><strong>suos</strong></span> <span class='ocrx_word' id='word_1_362' title='bbox 1213 3037 1353 3092; x_wconf 86' lang='lat' dir='ltr'><strong>pene</strong></span> <span class='ocrx_word' id='word_1_363' title='bbox 1379 3023 1446 3078; x_wconf 89' lang='lat' dir='ltr'><strong>ad</strong></span> <span class='ocrx_word' id='word_1_364' title='bbox 1478 3025 1905 3084; x_wconf 72' lang='lat' dir='ltr'><strong>internecionem</strong></span> <span class='ocrx_word' id='word_1_365' title='bbox 1935 3031 2096 3098; x_wconf 87' lang='lat' dir='ltr'><strong>vinci,</strong></span> 
     </span>
    </p>
   </div>
   <div class='ocr_carea' id='block_1_46' title="bbox 505 3105 2098 3188">
    <p class='ocr_par' dir='ltr' id='par_1_46' title="bbox 505 3105 2098 3188">
     <span class='ocr_line' id='line_1_46' title="bbox 505 3105 2098 3188; baseline 0.015 -30"><span class='ocrx_word' id='word_1_366' title='bbox 505 3105 680 3176; x_wconf 82' lang='lat' dir='ltr'><strong>magis</strong></span> <span class='ocrx_word' id='word_1_367' title='bbox 723 3109 890 3178; x_wconf 78' lang='lat' dir='ltr'><strong>cmpit</strong></span> <span class='ocrx_word' id='word_1_368' title='bbox 913 3113 980 3165; x_wconf 87' lang='lat' dir='ltr'><strong>de</strong></span> <span class='ocrx_word' id='word_1_369' title='bbox 1024 3111 1198 3168; x_wconf 87' lang='lat' dir='ltr'><strong>salute</strong></span> <span class='ocrx_word' id='word_1_370' title='bbox 1231 3113 1524 3184; x_wconf 87' lang='lat' dir='ltr'><strong>desperare</strong></span> <span class='ocrx_word' id='word_1_371' title='bbox 1565 3135 1726 3188; x_wconf 88' lang='lat' dir='ltr'><strong>quam</strong></span> <span class='ocrx_word' id='word_1_372' title='bbox 1761 3123 1828 3176; x_wconf 88' lang='lat' dir='ltr'><strong>de</strong></span> <span class='ocrx_word' id='word_1_373' title='bbox 1871 3124 2098 3182; x_wconf 87' lang='lat' dir='ltr'><strong>victoria</strong></span> 
     </span>
    </p>
   </div>
   <div class='ocr_carea' id='block_1_47' title="bbox 503 3199 2104 3278">
    <p class='ocr_par' dir='ltr' id='par_1_47' title="bbox 503 3199 2104 3278">
     <span class='ocr_line' id='line_1_47' title="bbox 503 3199 2104 3278; baseline 0.016 -29"><span class='ocrx_word' id='word_1_374' title='bbox 503 3209 746 3266; x_wconf 74' lang='lat' dir='ltr'><strong>sperare.</strong></span> <span class='ocrx_word' id='word_1_375' title='bbox 775 3199 888 3254; x_wconf 88' lang='lat' dir='ltr'><strong>Etsi</strong></span> <span class='ocrx_word' id='word_1_376' title='bbox 920 3211 1100 3256; x_wconf 87' lang='lat' dir='ltr'><strong>autem</strong></span> <span class='ocrx_word' id='word_1_377' title='bbox 1137 3205 1365 3260; x_wconf 83' lang='lat' dir='ltr'><strong>necdum</strong></span> <span class='ocrx_word' id='word_1_378' title='bbox 1392 3207 1670 3266; x_wconf 86' lang='lat' dir='ltr'><strong>voluntate</strong></span> <span class='ocrx_word' id='word_1_379' title='bbox 1707 3225 1930 3278; x_wconf 80' lang='lat' dir='ltr'><strong>renatus</strong></span> <span class='ocrx_word' id='word_1_380' title='bbox 1957 3229 2104 3274; x_wconf 88' lang='lat' dir='ltr'><strong>esset</strong></span> 
     </span>
    </p>
   </div>
   <div class='ocr_carea' id='block_1_48' title="bbox 501 3285 2102 3375">
    <p class='ocr_par' dir='ltr' id='par_1_48' title="bbox 501 3285 2102 3375">
     <span class='ocr_line' id='line_1_48' title="bbox 501 3285 2102 3375; baseline 0.018 -35"><span class='ocrx_word' id='word_1_381' title='bbox 501 3285 564 3340; x_wconf 86' lang='lat' dir='ltr'><strong>in</strong></span> <span class='ocrx_word' id='word_1_382' title='bbox 615 3287 852 3358; x_wconf 81' lang='lat' dir='ltr'><strong>Christo,</strong></span> <span class='ocrx_word' id='word_1_383' title='bbox 897 3303 1076 3349; x_wconf 88' lang='lat' dir='ltr'><strong>tamen</strong></span> <span class='ocrx_word' id='word_1_384' title='bbox 1131 3301 1456 3356; x_wconf 85' lang='lat' dir='ltr'><strong>necessitate</strong></span> <span class='ocrx_word' id='word_1_385' title='bbox 1502 3315 1746 3375; x_wconf 85' lang='lat' dir='ltr'><strong>cogente,</strong></span> <span class='ocrx_word' id='word_1_386' title='bbox 1795 3311 1862 3364; x_wconf 89' lang='lat' dir='ltr'><strong>ad</strong></span> <span class='ocrx_word' id='word_1_387' title='bbox 1899 3309 2102 3368; x_wconf 88' lang='lat' dir='ltr'><strong>Christi</strong></span> 
     </span>
    </p>
   </div>
   <div class='ocr_carea' id='block_1_49' title="bbox 503 3379 2102 3476">
    <p class='ocr_par' dir='ltr' id='par_1_49' title="bbox 503 3379 2102 3476">
     <span class='ocr_line' id='line_1_49' title="bbox 503 3379 2102 3476; baseline 0.016 -43"><span class='ocrx_word' id='word_1_388' title='bbox 503 3379 745 3452; x_wconf 75' lang='lat' dir='ltr'><strong>confugit</strong></span> <span class='ocrx_word' id='word_1_389' title='bbox 791 3385 1071 3442; x_wconf 82' lang='lat' dir='ltr'><strong>auxilium.</strong></span> <span class='ocrx_word' id='word_1_390' title='bbox 1113 3389 1180 3444; x_wconf 88' lang='lat' dir='ltr'><strong>Et</strong></span> <span class='ocrx_word' id='word_1_391' title='bbox 1209 3391 1334 3462; x_wconf 88' lang='lat' dir='ltr'><strong>quia</strong></span> <span class='ocrx_word' id='word_1_392' title='bbox 1365 3395 1606 3466; x_wconf 79' lang='lat' dir='ltr'><strong>reginam</strong></span> <span class='ocrx_word' id='word_1_393' title='bbox 1655 3399 1846 3456; x_wconf 85' lang='lat' dir='ltr'><strong>habuit</strong></span> <span class='ocrx_word' id='word_1_394' title='bbox 1887 3405 2102 3476; x_wconf 85' lang='lat' dir='ltr'><strong>religio-</strong></span> 
     </span>
    </p>
   </div>
   <div class='ocr_carea' id='block_1_50' title="bbox 501 3473 2102 3558">
    <p class='ocr_par' dir='ltr' id='par_1_50' title="bbox 501 3473 2102 3558">
     <span class='ocr_line' id='line_1_50' title="bbox 501 3473 2102 3558; baseline 0.017 -35"><span class='ocrx_word' id='word_1_395' title='bbox 501 3483 662 3534; x_wconf 73' lang='lat' dir='ltr'><strong>sam,</strong></span> <span class='ocrx_word' id='word_1_396' title='bbox 707 3473 1066 3548; x_wconf 83' lang='lat' dir='ltr'><strong>baptismique</strong></span> <span class='ocrx_word' id='word_1_397' title='bbox 1119 3487 1474 3540; x_wconf 89' lang='lat' dir='ltr'><strong>sacramentis</strong></span> <span class='ocrx_word' id='word_1_398' title='bbox 1531 3487 1828 3558; x_wconf 86' lang='lat' dir='ltr'><strong>initiatam,</strong></span> <span class='ocrx_word' id='word_1_399' title='bbox 1883 3473 2102 3552; x_wconf 65' lang='lat' dir='ltr'><strong>nomine</strong></span> 
     </span>
    </p>
   </div>
   <div class='ocr_carea' id='block_1_51' title="bbox 501 3557 2097 3642">
    <p class='ocr_par' dir='ltr' id='par_1_51' title="bbox 501 3557 2097 3642">
     <span class='ocr_line' id='line_1_51' title="bbox 501 3557 2097 3642; baseline 0.018 -28"><span class='ocrx_word' id='word_1_400' title='bbox 501 3557 768 3619; x_wconf 79' lang='lat' dir='ltr'><strong>Clotilden</strong></span> <span class='ocrx_word' id='word_1_401' title='bbox 801 3579 849 3632; x_wconf 67' lang='grc' dir='ltr'><strong>α,</strong></span> <span class='ocrx_word' id='word_1_402' title='bbox 881 3569 1064 3624; x_wconf 84' lang='lat' dir='ltr'><strong>oculos</strong></span> <span class='ocrx_word' id='word_1_403' title='bbox 1096 3585 1216 3626; x_wconf 88' lang='lat' dir='ltr'><strong>cum</strong></span> <span class='ocrx_word' id='word_1_404' title='bbox 1249 3573 1351 3629; x_wconf 89' lang='lat' dir='ltr'><strong>hac</strong></span> <span class='ocrx_word' id='word_1_405' title='bbox 1379 3589 1510 3630; x_wconf 90' lang='lat' dir='ltr'><strong>voce</strong></span> <span class='ocrx_word' id='word_1_406' title='bbox 1545 3579 1613 3634; x_wconf 86' lang='lat' dir='ltr'><strong>ad</strong></span> <span class='ocrx_word' id='word_1_407' title='bbox 1643 3557 1840 3636; x_wconf 65' lang='lat' dir='ltr'><strong>malum</strong></span> <span class='ocrx_word' id='word_1_408' title='bbox 1871 3585 2097 3642; x_wconf 81' lang='lat' dir='ltr'><strong>levavit:</strong></span> 
     </span>
    </p>
   </div>
   <div class='ocr_carea' id='block_1_52' title="bbox 503 3647 2098 3748">
    <p class='ocr_par' dir='ltr' id='par_1_52' title="bbox 503 3647 2098 3748">
     <span class='ocr_line' id='line_1_52' title="bbox 503 3647 2098 3748; baseline 0.02 -47"><span class='ocrx_word' id='word_1_409' title='bbox 503 3647 549 3702; x_wconf 89' lang='grc'>0</span> <span class='ocrx_word' id='word_1_410' title='bbox 577 3649 717 3707; x_wconf 88' lang='lat' dir='ltr'><strong>Deus</strong></span> <span class='ocrx_word' id='word_1_411' title='bbox 745 3657 917 3711; x_wconf 68' lang='lat' dir='ltr'><strong>unicae</strong></span> <span class='ocrx_word' id='word_1_412' title='bbox 943 3663 1246 3728; x_wconf 83' lang='lat' dir='ltr'><strong>potestatis,</strong></span> <span class='ocrx_word' id='word_1_413' title='bbox 1271 3673 1326 3718; x_wconf 85' lang='lat' dir='ltr'><strong>et</strong></span> <span class='ocrx_word' id='word_1_414' title='bbox 1345 3681 1570 3724; x_wconf 66' lang='lat' dir='ltr'><strong>summae</strong></span> <span class='ocrx_word' id='word_1_415' title='bbox 1595 3669 1912 3740; x_wconf 87' lang='lat' dir='ltr'><strong>majestatis,</strong></span> <span class='ocrx_word' id='word_1_416' title='bbox 1939 3693 2098 3748; x_wconf 87' lang='lat' dir='ltr'><strong>quem</strong></span> 
     </span>
    </p>
   </div>
   <div class='ocr_carea' id='block_1_53' title="bbox 503 3746 2102 3826">
    <p class='ocr_par' dir='ltr' id='par_1_53' title="bbox 503 3746 2102 3826">
     <span class='ocr_line' id='line_1_53' title="bbox 503 3746 2102 3826; baseline 0.018 -28"><span class='ocrx_word' id='word_1_417' title='bbox 503 3746 688 3816; x_wconf 77' lang='lat' dir='ltr'><strong>regina</strong></span> <span class='ocrx_word' id='word_1_418' title='bbox 715 3747 958 3806; x_wconf 84' lang='lat' dir='ltr'><strong>Clotildis</strong></span> <span class='ocrx_word' id='word_1_419' title='bbox 993 3755 1142 3820; x_wconf 84' lang='lat' dir='ltr'><strong>colit,</strong></span> <span class='ocrx_word' id='word_1_420' title='bbox 1177 3759 1469 3814; x_wconf 83' lang='lat' dir='ltr'><strong>conﬁtetur</strong></span> <span class='ocrx_word' id='word_1_421' title='bbox 1510 3769 1566 3816; x_wconf 89' lang='lat' dir='ltr'><strong>et</strong></span> <span class='ocrx_word' id='word_1_422' title='bbox 1601 3765 1792 3821; x_wconf 87' lang='lat' dir='ltr'><strong>adorat</strong></span> <span class='ocrx_word' id='word_1_423' title='bbox 1822 3786 1834 3821; x_wconf 92' lang='lat'><strong>:</strong></span> <span class='ocrx_word' id='word_1_424' title='bbox 1865 3746 2102 3826; x_wconf 79' lang='lat' dir='ltr'><strong>concede</strong></span> 
     </span>
    </p>
   </div>
   <div class='ocr_carea' id='block_1_54' title="bbox 503 3837 2100 3916">
    <p class='ocr_par' dir='ltr' id='par_1_54' title="bbox 503 3837 2100 3916">
     <span class='ocr_line' id='line_1_54' title="bbox 503 3837 2100 3916; baseline 0.018 -28"><span class='ocrx_word' id='word_1_425' title='bbox 503 3837 636 3891; x_wconf 88' lang='lat' dir='ltr'><strong>mihi</strong></span> <span class='ocrx_word' id='word_1_426' title='bbox 661 3837 826 3896; x_wconf 85' lang='lat' dir='ltr'><strong>hodie</strong></span> <span class='ocrx_word' id='word_1_427' title='bbox 859 3841 925 3898; x_wconf 91' lang='lat' dir='ltr'><strong>de</strong></span> <span class='ocrx_word' id='word_1_428' title='bbox 959 3845 1196 3903; x_wconf 88' lang='lat' dir='ltr'><strong>lmmicis</strong></span> <span class='ocrx_word' id='word_1_429' title='bbox 1221 3851 1358 3904; x_wconf 88' lang='lat' dir='ltr'><strong>meis</strong></span> <span class='ocrx_word' id='word_1_430' title='bbox 1385 3853 1690 3910; x_wconf 86' lang='lat' dir='ltr'><strong>victoriam.</strong></span> <span class='ocrx_word' id='word_1_431' title='bbox 1735 3855 1870 3912; x_wconf 84' lang='lat' dir='ltr'><strong>Nam</strong></span> <span class='ocrx_word' id='word_1_432' title='bbox 1901 3875 1964 3914; x_wconf 81' lang='lat' dir='ltr'><strong>ex</strong></span> <span class='ocrx_word' id='word_1_433' title='bbox 1995 3859 2100 3916; x_wconf 84' lang='lat' dir='ltr'><strong>bac</strong></span> 
     </span>
    </p>
   </div>
   <div class='ocr_carea' id='block_1_55' title="bbox 505 3927 2094 4018">
    <p class='ocr_par' dir='ltr' id='par_1_55' title="bbox 505 3927 2094 4018">
     <span class='ocr_line' id='line_1_55' title="bbox 505 3927 2094 4018; baseline 0.014 -36"><span class='ocrx_word' id='word_1_434' title='bbox 505 3927 593 3982; x_wconf 85' lang='lat' dir='ltr'><strong>die</strong></span> <span class='ocrx_word' id='word_1_435' title='bbox 625 3937 678 3982; x_wconf 87' lang='lat' dir='ltr'><strong>tu</strong></span> <span class='ocrx_word' id='word_1_436' title='bbox 707 3931 854 3988; x_wconf 89' lang='lat' dir='ltr'><strong>solus</strong></span> <span class='ocrx_word' id='word_1_437' title='bbox 905 3937 1032 3992; x_wconf 86' lang='lat' dir='ltr'><strong>mihi</strong></span> <span class='ocrx_word' id='word_1_438' title='bbox 1065 3941 1174 3995; x_wconf 86' lang='lat' dir='ltr'><strong>eris</strong></span> <span class='ocrx_word' id='word_1_439' title='bbox 1221 3939 1386 4008; x_wconf 78' lang='lat' dir='ltr'><strong>Deus,</strong></span> <span class='ocrx_word' id='word_1_440' title='bbox 1411 3951 1466 3998; x_wconf 89' lang='lat' dir='ltr'><strong>et</strong></span> <span class='ocrx_word' id='word_1_441' title='bbox 1497 3949 1802 4002; x_wconf 84' lang='lat' dir='ltr'><strong>veneranda</strong></span> <span class='ocrx_word' id='word_1_442' title='bbox 1835 3960 2094 4018; x_wconf 86' lang='lat' dir='ltr'><strong>potestas.</strong></span> 
     </span>
    </p>
   </div>
   <div class='ocr_carea' id='block_1_56' title="bbox 505 4019 2098 4108">
    <p class='ocr_par' dir='ltr' id='par_1_56' title="bbox 505 4019 2098 4108">
     <span class='ocr_line' id='line_1_56' title="bbox 505 4019 2098 4108; baseline 0.013 -32"><span class='ocrx_word' id='word_1_443' title='bbox 505 4019 586 4076; x_wconf 89' lang='lat' dir='ltr'><strong>Tu</strong></span> <span class='ocrx_word' id='word_1_444' title='bbox 633 4025 764 4080; x_wconf 85' lang='lat' dir='ltr'><strong>mihi</strong></span> <span class='ocrx_word' id='word_1_445' title='bbox 817 4027 1144 4099; x_wconf 85' lang='lat' dir='ltr'><strong>triumphum</strong></span> <span class='ocrx_word' id='word_1_446' title='bbox 1193 4045 1424 4102; x_wconf 71' lang='lat' dir='ltr'><strong>praesta,</strong></span> <span class='ocrx_word' id='word_1_447' title='bbox 1453 4045 1508 4090; x_wconf 91' lang='lat' dir='ltr'><strong>et</strong></span> <span class='ocrx_word' id='word_1_448' title='bbox 1539 4053 1639 4108; x_wconf 85' lang='lat' dir='ltr'><strong>ego</strong></span> <span class='ocrx_word' id='word_1_449' title='bbox 1671 4039 1764 4094; x_wconf 89' lang='lat' dir='ltr'><strong>tibi</strong></span> <span class='ocrx_word' id='word_1_450' title='bbox 1815 4041 2098 4096; x_wconf 87' lang='lat' dir='ltr'><strong>servitium</strong></span> 
     </span>
    </p>
   </div>
   <div class='ocr_carea' id='block_1_57' title="bbox 501 4115 2094 4203">
    <p class='ocr_par' dir='ltr' id='par_1_57' title="bbox 501 4115 2094 4203">
     <span class='ocr_line' id='line_1_57' title="bbox 501 4115 2094 4203; baseline 0.014 -37"><span class='ocrx_word' id='word_1_451' title='bbox 501 4115 761 4184; x_wconf 87' lang='lat' dir='ltr'><strong>promitto</strong></span> <span class='ocrx_word' id='word_1_452' title='bbox 785 4121 1194 4192; x_wconf 84' lang='lat' dir='ltr'><strong>sempiternum.</strong></span> <span class='ocrx_word' id='word_1_453' title='bbox 1225 4121 1346 4180; x_wconf 79' lang='lat' dir='ltr'><strong>Mox</strong></span> <span class='ocrx_word' id='word_1_454' title='bbox 1373 4127 1554 4182; x_wconf 88' lang='lat' dir='ltr'><strong>divina</strong></span> <span class='ocrx_word' id='word_1_455' title='bbox 1592 4141 1850 4200; x_wconf 85' lang='lat' dir='ltr'><strong>operante</strong></span> <span class='ocrx_word' id='word_1_456' title='bbox 1879 4135 2094 4203; x_wconf 85' lang='lat' dir='ltr'><strong>pietate,</strong></span> 
     </span>
    </p>
   </div>
   <div class='ocr_carea' id='block_1_58' title="bbox 505 4213 2100 4298">
    <p class='ocr_par' dir='ltr' id='par_1_58' title="bbox 505 4213 2100 4298">
     <span class='ocr_line' id='line_1_58' title="bbox 505 4213 2100 4298; baseline 0.013 -37"><span class='ocrx_word' id='word_1_457' title='bbox 505 4213 656 4278; x_wconf 76' lang='lat' dir='ltr'><strong>terga</strong></span> <span class='ocrx_word' id='word_1_458' title='bbox 717 4221 999 4267; x_wconf 85' lang='lat' dir='ltr'><strong>verterunt</strong></span> <span class='ocrx_word' id='word_1_459' title='bbox 1041 4215 1350 4282; x_wconf 76' lang='lat' dir='ltr'><strong>Alemanni,</strong></span> <span class='ocrx_word' id='word_1_460' title='bbox 1401 4223 1631 4278; x_wconf 85' lang='lat' dir='ltr'><strong>victoria</strong></span> <span class='ocrx_word' id='word_1_461' title='bbox 1679 4225 1846 4280; x_wconf 83' lang='lat' dir='ltr'><strong>cessit</strong></span> <span class='ocrx_word' id='word_1_462' title='bbox 1893 4227 2007 4298; x_wconf 84' lang='lat' dir='ltr'><strong>regi</strong></span> <span class='ocrx_word' id='word_1_463' title='bbox 2045 4237 2100 4282; x_wconf 89' lang='lat' dir='ltr'><strong>et</strong></span> 
     </span>
    </p>
   </div>
   <div class='ocr_carea' id='block_1_59' title="bbox 503 4295 2100 4378">
    <p class='ocr_par' dir='ltr' id='par_1_59' title="bbox 503 4295 2100 4378">
     <span class='ocr_line' id='line_1_59' title="bbox 503 4295 2100 4378; baseline 0.009 -20"><span class='ocrx_word' id='word_1_464' title='bbox 503 4295 750 4358; x_wconf 73' lang='lat' dir='ltr'><strong>Francis.</strong></span> <span class='ocrx_word' id='word_1_465' title='bbox 779 4301 826 4356; x_wconf 89' lang='grc' dir='ltr'><strong>Ο</strong></span> <span class='ocrx_word' id='word_1_466' title='bbox 849 4305 984 4358; x_wconf 83' lang='lat' dir='ltr'><strong>mira</strong></span> <span class='ocrx_word' id='word_1_467' title='bbox 1019 4307 1408 4378; x_wconf 88' lang='lat' dir='ltr'><strong>omnipotentis</strong></span> <span class='ocrx_word' id='word_1_468' title='bbox 1431 4311 1526 4370; x_wconf 89' lang='lat' dir='ltr'><strong>Dei</strong></span> <span class='ocrx_word' id='word_1_469' title='bbox 1551 4317 1868 4371; x_wconf 79' lang='lat' dir='ltr'><strong>clementia!</strong></span> <span class='ocrx_word' id='word_1_470' title='bbox 1895 4319 1940 4374; x_wconf 92' lang='lat'><strong>0</strong></span> <span class='ocrx_word' id='word_1_471' title='bbox 1960 4295 2100 4372; x_wconf 82' lang='lat' dir='ltr'><strong>inei-</strong></span> 
     </span>
    </p>
   </div>
   <div class='ocr_carea' id='block_1_60' title="bbox 503 4387 2094 4480">
    <p class='ocr_par' dir='ltr' id='par_1_60' title="bbox 503 4387 2094 4480">
     <span class='ocr_line' id='line_1_60' title="bbox 503 4387 2094 4480; baseline 0.018 -38"><span class='ocrx_word' id='word_1_472' title='bbox 503 4387 688 4448; x_wconf 82' lang='lat' dir='ltr'><strong>l&#39;abilis</strong></span> <span class='ocrx_word' id='word_1_473' title='bbox 737 4393 972 4462; x_wconf 77' lang='lat' dir='ltr'><strong>bonitas,</strong></span> <span class='ocrx_word' id='word_1_474' title='bbox 1001 4399 1092 4468; x_wconf 87' lang='lat' dir='ltr'><strong>qui</strong></span> <span class='ocrx_word' id='word_1_475' title='bbox 1135 4403 1216 4456; x_wconf 88' lang='lat' dir='ltr'><strong>sic</strong></span> <span class='ocrx_word' id='word_1_476' title='bbox 1249 4407 1472 4461; x_wconf 80' lang='lat' dir='ltr'><strong>exaudit</strong></span> <span class='ocrx_word' id='word_1_477' title='bbox 1517 4417 1572 4462; x_wconf 89' lang='lat' dir='ltr'><strong>et</strong></span> <span class='ocrx_word' id='word_1_478' title='bbox 1617 4427 1892 4480; x_wconf 87' lang='lat' dir='ltr'><strong>nunquam</strong></span> <span class='ocrx_word' id='word_1_479' title='bbox 1935 4413 2094 4469; x_wconf 88' lang='lat' dir='ltr'><strong>dere-</strong></span> 
     </span>
    </p>
   </div>
   <div class='ocr_carea' id='block_1_61' title="bbox 503 4481 2096 4565">
    <p class='ocr_par' dir='ltr' id='par_1_61' title="bbox 503 4481 2096 4565">
     <span class='ocr_line' id='line_1_61' title="bbox 503 4481 2096 4565; baseline 0.014 -25"><span class='ocrx_word' id='word_1_480' title='bbox 503 4481 700 4554; x_wconf 82' lang='lat' dir='ltr'><strong>linquit</strong></span> <span class='ocrx_word' id='word_1_481' title='bbox 723 4495 1006 4557; x_wconf 78' lang='lat' dir='ltr'><strong>sperantes</strong></span> <span class='ocrx_word' id='word_1_482' title='bbox 1033 4493 1086 4546; x_wconf 90' lang='lat' dir='ltr'><strong>in</strong></span> <span class='ocrx_word' id='word_1_483' title='bbox 1117 4497 1204 4550; x_wconf 86' lang='lat' dir='ltr'><strong>se!</strong></span> <span class='ocrx_word' id='word_1_484' title='bbox 1239 4497 1452 4564; x_wconf 80' lang='lat' dir='ltr'><strong>Quanta</strong></span> <span class='ocrx_word' id='word_1_485' title='bbox 1481 4500 1584 4557; x_wconf 87' lang='lat' dir='ltr'><strong>ilde</strong></span> <span class='ocrx_word' id='word_1_486' title='bbox 1613 4501 1910 4560; x_wconf 84' lang='lat' dir='ltr'><strong>Christiani</strong></span> <span class='ocrx_word' id='word_1_487' title='bbox 1953 4505 2096 4565; x_wconf 91' lang='lat' dir='ltr'><strong>illius</strong></span> 
     </span>
    </p>
   </div>
   <div class='ocr_carea' id='block_1_62' title="bbox 503 4579 2096 4668">
    <p class='ocr_par' dir='ltr' id='par_1_62' title="bbox 503 4579 2096 4668">
     <span class='ocr_line' id='line_1_62' title="bbox 503 4579 2096 4668; baseline 0.014 -34"><span class='ocrx_word' id='word_1_488' title='bbox 503 4579 934 4639; x_wconf 80' lang='lat' dir='ltr'><strong>misericordiam</strong></span> <span class='ocrx_word' id='word_1_489' title='bbox 985 4587 1238 4646; x_wconf 86' lang='lat' dir='ltr'><strong>invocare</strong></span> <span class='ocrx_word' id='word_1_490' title='bbox 1289 4593 1504 4660; x_wconf 89' lang='lat' dir='ltr'><strong>debent,</strong></span> <span class='ocrx_word' id='word_1_491' title='bbox 1535 4595 1662 4650; x_wconf 89' lang='lat' dir='ltr'><strong>dum</strong></span> <span class='ocrx_word' id='word_1_492' title='bbox 1707 4611 1948 4668; x_wconf 79' lang='lat' dir='ltr'><strong>paganus</strong></span> <span class='ocrx_word' id='word_1_493' title='bbox 2001 4617 2096 4656; x_wconf 80' lang='lat' dir='ltr'><strong>rex</strong></span> 
     </span>
    </p>
   </div>
   <div class='ocr_carea' id='block_1_63' title="bbox 503 4667 2092 4754">
    <p class='ocr_par' dir='ltr' id='par_1_63' title="bbox 503 4667 2092 4754">
     <span class='ocr_line' id='line_1_63' title="bbox 503 4667 2092 4754; baseline 0.013 -28"><span class='ocrx_word' id='word_1_494' title='bbox 503 4667 574 4726; x_wconf 69' lang='lat' dir='ltr'><strong>ad</strong></span> <span class='ocrx_word' id='word_1_495' title='bbox 597 4671 756 4726; x_wconf 83' lang='lat' dir='ltr'><strong>unius</strong></span> <span class='ocrx_word' id='word_1_496' title='bbox 777 4677 952 4744; x_wconf 75' lang='lat' dir='ltr'><strong>procis</strong></span> <span class='ocrx_word' id='word_1_497' title='bbox 973 4679 1224 4736; x_wconf 83' lang='lat' dir='ltr'><strong>eii&#39;ectum</strong></span> <span class='ocrx_word' id='word_1_498' title='bbox 1253 4691 1455 4738; x_wconf 87' lang='lat' dir='ltr'><strong>tantam</strong></span> <span class='ocrx_word' id='word_1_499' title='bbox 1475 4667 2092 4754; x_wconf 74' lang='lat' dir='ltr'><strong>promeruitvictoriam.</strong></span> 
     </span>
    </p>
   </div>
   <div class='ocr_carea' id='block_1_64' title="bbox 499 4759 2098 4850">
    <p class='ocr_par' dir='ltr' id='par_1_64' title="bbox 499 4759 2098 4850">
     <span class='ocr_line' id='line_1_64' title="bbox 499 4759 2098 4850; baseline 0.013 -32"><span class='ocrx_word' id='word_1_500' title='bbox 499 4759 604 4818; x_wconf 76' lang='lat' dir='ltr'><strong>Cui</strong></span> <span class='ocrx_word' id='word_1_501' title='bbox 631 4777 702 4817; x_wconf 75' lang='lat' dir='ltr'><strong>ex</strong></span> <span class='ocrx_word' id='word_1_502' title='bbox 727 4767 968 4837; x_wconf 78' lang='lat' dir='ltr'><strong>antiquis</strong></span> <span class='ocrx_word' id='word_1_503' title='bbox 991 4769 1150 4839; x_wconf 80' lang='lat' dir='ltr'><strong>hujus</strong></span> <span class='ocrx_word' id='word_1_504' title='bbox 1171 4775 1368 4830; x_wconf 68' lang='lat' dir='ltr'><strong>divinae</strong></span> <span class='ocrx_word' id='word_1_505' title='bbox 1391 4775 1609 4845; x_wconf 63' lang='lat' dir='ltr'><strong>plet-itis</strong></span> <span class='ocrx_word' id='word_1_506' title='bbox 1637 4781 1924 4850; x_wconf 79' lang='lat' dir='ltr'><strong>adaequare</strong></span> <span class='ocrx_word' id='word_1_507' title='bbox 1950 4783 2098 4838; x_wconf 73' lang='lat' dir='ltr'><strong>auxi-</strong></span> 
     </span>
    </p>
   </div>
   <div class='ocr_carea' id='block_1_65' title="bbox 501 4853 2096 4944">
    <p class='ocr_par' dir='ltr' id='par_1_65' title="bbox 501 4853 2096 4944">
     <span class='ocr_line' id='line_1_65' title="bbox 501 4853 2096 4944; baseline 0.014 -37"><span class='ocrx_word' id='word_1_508' title='bbox 501 4853 634 4910; x_wconf 74' lang='lat' dir='ltr'><strong>lium</strong></span> <span class='ocrx_word' id='word_1_509' title='bbox 667 4858 944 4927; x_wconf 84' lang='lat' dir='ltr'><strong>debemus,</strong></span> <span class='ocrx_word' id='word_1_510' title='bbox 973 4865 1068 4934; x_wconf 82' lang='lat' dir='ltr'><strong>qui</strong></span> <span class='ocrx_word' id='word_1_511' title='bbox 1096 4867 1166 4920; x_wconf 93' lang='lat' dir='ltr'><strong>ob</strong></span> <span class='ocrx_word' id='word_1_512' title='bbox 1203 4867 1362 4920; x_wconf 88' lang='lat' dir='ltr'><strong>unius</strong></span> <span class='ocrx_word' id='word_1_513' title='bbox 1393 4871 1650 4924; x_wconf 85' lang='lat' dir='ltr'><strong>momenti</strong></span> <span class='ocrx_word' id='word_1_514' title='bbox 1687 4869 1954 4944; x_wconf 75' lang='lat' dir='ltr'><strong>lacrymas</strong></span> <span class='ocrx_word' id='word_1_515' title='bbox 1985 4883 2096 4930; x_wconf 87' lang='lat' dir='ltr'><strong>tam</strong></span> 
     </span>
    </p>
   </div>
   <div class='ocr_carea' id='block_1_66' title="bbox 501 4945 2094 5038">
    <p class='ocr_par' dir='ltr' id='par_1_66' title="bbox 501 4945 2094 5038">
     <span class='ocr_line' id='line_1_66' title="bbox 501 4945 2094 5038; baseline 0.014 -36"><span class='ocrx_word' id='word_1_516' title='bbox 501 4945 770 5004; x_wconf 83' lang='lat' dir='ltr'><strong>celebrem</strong></span> <span class='ocrx_word' id='word_1_517' title='bbox 821 4963 1052 5012; x_wconf 81' lang='lat' dir='ltr'><strong>venturo</strong></span> <span class='ocrx_word' id='word_1_518' title='bbox 1093 4969 1196 5011; x_wconf 83' lang='lat' dir='ltr'><strong>suo</strong></span> <span class='ocrx_word' id='word_1_519' title='bbox 1243 4973 1400 5014; x_wconf 85' lang='lat' dir='ltr'><strong>servo</strong></span> <span class='ocrx_word' id='word_1_520' title='bbox 1451 4965 1680 5018; x_wconf 89' lang='lat' dir='ltr'><strong>contulit</strong></span> <span class='ocrx_word' id='word_1_521' title='bbox 1725 4965 2094 5038; x_wconf 87' lang='lat' dir='ltr'><strong>triumphum;</strong></span> 
     </span>
    </p>
   </div>
   <div class='ocr_carea' id='block_1_67' title="bbox 499 5041 2096 5124">
    <p class='ocr_par' dir='ltr' id='par_1_67' title="bbox 499 5041 2096 5124">
     <span class='ocr_line' id='line_1_67' title="bbox 499 5041 2096 5124; baseline 0.013 -28"><span class='ocrx_word' id='word_1_522' title='bbox 499 5041 608 5096; x_wconf 83' lang='lat' dir='ltr'><strong>nisi</strong></span> <span class='ocrx_word' id='word_1_523' title='bbox 635 5043 882 5100; x_wconf 62' lang='lat' dir='ltr'><strong>Ezechiae</strong></span> <span class='ocrx_word' id='word_1_524' title='bbox 907 5049 1044 5118; x_wconf 79' lang='lat' dir='ltr'><strong>regi,</strong></span> <span class='ocrx_word' id='word_1_525' title='bbox 1081 5049 1172 5118; x_wconf 86' lang='lat' dir='ltr'><strong>qui</strong></span> <span class='ocrx_word' id='word_1_526' title='bbox 1213 5051 1266 5104; x_wconf 90' lang='lat' dir='ltr'><strong>in</strong></span> <span class='ocrx_word' id='word_1_527' title='bbox 1309 5055 1556 5124; x_wconf 85' lang='lat' dir='ltr'><strong>angustia</strong></span> <span class='ocrx_word' id='word_1_528' title='bbox 1591 5057 1953 5114; x_wconf 86' lang='lat' dir='ltr'><strong>tribulationis</strong></span> <span class='ocrx_word' id='word_1_529' title='bbox 1989 5077 2096 5116; x_wconf 88' lang='lat' dir='ltr'><strong>una</strong></span> 
     </span>
    </p>
   </div>
   <div class='ocr_carea' id='block_1_68' title="bbox 573 5201 2092 5279">
    <p class='ocr_par' dir='ltr' id='par_1_68' title="bbox 573 5201 2092 5279">
     <span class='ocr_line' id='line_1_68' title="bbox 573 5201 2092 5279; baseline 0.007 -22"><span class='ocrx_word' id='word_1_530' title='bbox 573 5214 598 5244; x_wconf 77' lang='grc' dir='ltr'><strong>ι</strong></span> <span class='ocrx_word' id='word_1_531' title='bbox 637 5201 1024 5279; x_wconf 41' lang='grc' dir='ltr'><strong>ϐζρᾷοιξᾳὶιςιιιί</strong></span> <span class='ocrx_word' id='word_1_532' title='bbox 1053 5207 1338 5279; x_wconf 64' lang='lat' dir='ltr'><strong>imperavit</strong></span> <span class='ocrx_word' id='word_1_533' title='bbox 1381 5227 1412 5270; x_wconf 84' lang='lat' dir='ltr'><strong>a</strong></span> <span class='ocrx_word' id='word_1_534' title='bbox 1443 5209 1550 5268; x_wconf 82' lang='lat' dir='ltr'><strong>ﬁne</strong></span> <span class='ocrx_word' id='word_1_535' title='bbox 1579 5211 1706 5266; x_wconf 62' lang='lat' dir='ltr'><strong>animi</strong></span> <span class='ocrx_word' id='word_1_536' title='bbox 1731 5209 1836 5268; x_wconf 66' lang='lat'><strong>479</strong></span> <span class='ocrx_word' id='word_1_537' title='bbox 1865 5213 1936 5268; x_wconf 81' lang='lat' dir='ltr'><strong>ad</strong></span> <span class='ocrx_word' id='word_1_538' title='bbox 1967 5211 2092 5279; x_wconf 82' lang='lat'><strong>509,</strong></span> 
     </span>
    </p>
   </div>
   <div class='ocr_carea' id='block_1_69' title="bbox 503 5275 1410 5346">
    <p class='ocr_par' dir='ltr' id='par_1_69' title="bbox 503 5275 1410 5346">
     <span class='ocr_line' id='line_1_69' title="bbox 503 5275 1410 5346; baseline 0.014 -21"><span class='ocrx_word' id='word_1_539' title='bbox 503 5287 608 5346; x_wconf 76' lang='lat' dir='ltr'><strong>quo</strong></span> <span class='ocrx_word' id='word_1_540' title='bbox 641 5275 779 5346; x_wconf 87' lang='lat' dir='ltr'><strong>obiit</strong></span> <span class='ocrx_word' id='word_1_541' title='bbox 804 5277 870 5332; x_wconf 70' lang='lat'><strong>27</strong></span> <span class='ocrx_word' id='word_1_542' title='bbox 903 5275 1034 5346; x_wconf 68' lang='lat' dir='ltr'><strong>Nov.</strong></span> <span class='ocrx_word' id='word_1_543' title='bbox 1072 5275 1410 5342; x_wconf 62' lang='lat' dir='ltr'><strong>Buttueus.</strong></span> 
     </span>
    </p>
   </div>
   <div class='ocr_carea' id='block_1_70' title="bbox 573 5343 2086 5420">
    <p class='ocr_par' dir='ltr' id='par_1_70' title="bbox 573 5343 2086 5420">
     <span class='ocr_line' id='line_1_70' title="bbox 573 5343 2086 5420; baseline 0.007 -22"><span class='ocrx_word' id='word_1_544' title='bbox 573 5343 600 5384; x_wconf 69' lang='grc' dir='ltr'>δ</span> <span class='ocrx_word' id='word_1_545' title='bbox 641 5345 944 5420; x_wconf 71' lang='lat' dir='ltr'><strong>Alemannis</strong></span> <span class='ocrx_word' id='word_1_546' title='bbox 989 5343 1120 5404; x_wconf 74' lang='lat' dir='ltr'><strong>bella</strong></span> <span class='ocrx_word' id='word_1_547' title='bbox 1151 5351 1365 5420; x_wconf 74' lang='lat' dir='ltr'><strong>inferre.</strong></span> <span class='ocrx_word' id='word_1_548' title='bbox 1413 5353 1486 5406; x_wconf 56' lang='lat' dir='ltr'><strong>De</strong></span> <span class='ocrx_word' id='word_1_549' title='bbox 1533 5353 1636 5408; x_wconf 89' lang='lat' dir='ltr'><strong>hoc</strong></span> <span class='ocrx_word' id='word_1_550' title='bbox 1677 5353 1930 5408; x_wconf 70' lang='lat' dir='ltr'><strong>Cloiovei</strong></span> <span class='ocrx_word' id='word_1_551' title='bbox 1963 5371 2086 5408; x_wconf 84' lang='lat' dir='ltr'><strong>cum</strong></span> 
     </span>
    </p>
   </div>
   <div class='ocr_carea' id='block_1_71' title="bbox 497 5413 2082 5500">
    <p class='ocr_par' dir='ltr' id='par_1_71' title="bbox 497 5413 2082 5500">
     <span class='ocr_line' id='line_1_71' title="bbox 497 5413 2082 5500; baseline 0.004 -33"><span class='ocrx_word' id='word_1_552' title='bbox 497 5413 972 5500; x_wconf 42' lang='lat' dir='ltr'><strong>dictitaniiisubello</strong></span> <span class='ocrx_word' id='word_1_553' title='bbox 1004 5413 1354 5500; x_wconf 66' lang='lat' dir='ltr'><strong>aguutCreg.</strong></span> <span class='ocrx_word' id='word_1_554' title='bbox 1387 5425 1588 5484; x_wconf 81' lang='lat' dir='ltr'><strong>Turon.</strong></span> <span class='ocrx_word' id='word_1_555' title='bbox 1621 5425 1802 5500; x_wconf 74' lang='lat' dir='ltr'><strong>lil_)_._n,</strong></span> <span class='ocrx_word' id='word_1_556' title='bbox 1837 5443 1958 5500; x_wconf 78' lang='lat' dir='ltr'><strong>cap,</strong></span> <span class='ocrx_word' id='word_1_557' title='bbox 1981 5427 2082 5488; x_wconf 69' lang='lat' dir='ltr'><strong>5i);</strong></span> 
     </span>
    </p>
   </div>
   <div class='ocr_carea' id='block_1_72' title="bbox 497 5483 2088 5568">
    <p class='ocr_par' dir='ltr' id='par_1_72' title="bbox 497 5483 2088 5568">
     <span class='ocr_line' id='line_1_72' title="bbox 497 5483 2088 5568; baseline 0.007 -28"><span class='ocrx_word' id='word_1_558' title='bbox 497 5485 782 5568; x_wconf 73' lang='lat' dir='ltr'><strong>Aimoimls</strong></span> <span class='ocrx_word' id='word_1_559' title='bbox 809 5489 974 5568; x_wconf 60' lang='lat' dir='ltr'><strong>lllt._l_t</strong></span> <span class='ocrx_word' id='word_1_560' title='bbox 1003 5483 1121 5568; x_wconf 57' lang='lat' dir='ltr'><strong>cup.</strong></span> <span class='ocrx_word' id='word_1_561' title='bbox 1157 5495 1256 5560; x_wconf 64' lang='grc' dir='ltr'><strong>ἱείς</strong></span> <span class='ocrx_word' id='word_1_562' title='bbox 1291 5483 1610 5568; x_wconf 60' lang='grc' dir='ltr'><strong>ΙῙίιιριιιξιιἸιδ</strong></span> <span class='ocrx_word' id='word_1_563' title='bbox 1634 5483 1836 5568; x_wconf 72' lang='lat' dir='ltr'><strong>aliique</strong></span> <span class='ocrx_word' id='word_1_564' title='bbox 1861 5483 2088 5568; x_wconf 26' lang='lat' dir='ltr'><strong>stiripto-I-</strong></span> 
     </span>
    </p>
   </div>
   <div class='ocr_carea' id='block_1_73' title="bbox 501 5559 2082 5640">
    <p class='ocr_par' dir='ltr' id='par_1_73' title="bbox 501 5559 2082 5640">
     <span class='ocr_line' id='line_1_73' title="bbox 501 5559 2082 5640; baseline 0.006 -29"><span class='ocrx_word' id='word_1_565' title='bbox 501 5571 610 5640; x_wconf 62' lang='lat' dir='ltr'><strong>res.</strong></span> <span class='ocrx_word' id='word_1_566' title='bbox 635 5559 860 5640; x_wconf 62' lang='lat' dir='ltr'><strong>{Sestum</strong></span> <span class='ocrx_word' id='word_1_567' title='bbox 913 5559 1084 5640; x_wconf 73' lang='lat' dir='ltr'><strong>ilesi</strong></span> <span class='ocrx_word' id='word_1_568' title='bbox 1107 5559 1251 5620; x_wconf 83' lang='lat' dir='ltr'><strong>anno</strong></span> <span class='ocrx_word' id='word_1_569' title='bbox 1277 5567 1424 5640; x_wconf 73' lang='lat' dir='ltr'><strong>regni</strong></span> <span class='ocrx_word' id='word_1_570' title='bbox 1449 5567 1566 5640; x_wconf 81' lang='lat' dir='ltr'><strong>ejus</strong></span> <span class='ocrx_word' id='word_1_571' title='bbox 1599 5567 1681 5632; x_wconf 78' lang='lat' dir='ltr'><strong>i3,</strong></span> <span class='ocrx_word' id='word_1_572' title='bbox 1715 5559 1918 5640; x_wconf 72' lang='lat' dir='ltr'><strong>Christi</strong></span> <span class='ocrx_word' id='word_1_573' title='bbox 1961 5559 2082 5640; x_wconf 50' lang='lat' dir='ltr'><strong>iiii.</strong></span> 
     </span>
    </p>
   </div>
   <div class='ocr_carea' id='block_1_74' title="bbox 499 5627 2087 5708">
    <p class='ocr_par' dir='ltr' id='par_1_74' title="bbox 499 5627 2087 5708">
     <span class='ocr_line' id='line_1_74' title="bbox 499 5627 2087 5708; baseline 0.006 -26"><span class='ocrx_word' id='word_1_574' title='bbox 499 5627 852 5708; x_wconf 73' lang='lat' dir='ltr'><strong>Recentiares</strong></span> <span class='ocrx_word' id='word_1_575' title='bbox 879 5636 1176 5708; x_wconf 58' lang='lat' dir='ltr'><strong>scriptores</strong></span> <span class='ocrx_word' id='word_1_576' title='bbox 1217 5627 1608 5708; x_wconf 62' lang='lat' dir='ltr'><strong>pra-lium&#39;hnc</strong></span> <span class='ocrx_word' id='word_1_577' title='bbox 1643 5627 1922 5708; x_wconf 78' lang='lat' dir='ltr'><strong>assignant</strong></span> <span class='ocrx_word' id='word_1_578' title='bbox 1965 5637 2087 5692; x_wconf 87' lang='lat' dir='ltr'><strong>Tul-</strong></span> 
     </span>
    </p>
   </div>
   <div class='ocr_carea' id='block_1_75' title="bbox 501 5701 2132 5788">
    <p class='ocr_par' dir='ltr' id='par_1_75' title="bbox 501 5701 2132 5788">
     <span class='ocr_line' id='line_1_75' title="bbox 501 5701 2132 5788; baseline 0.008 -34"><span class='ocrx_word' id='word_1_579' title='bbox 501 5701 678 5780; x_wconf 82' lang='lat' dir='ltr'><strong>piaco,</strong></span> <span class='ocrx_word' id='word_1_580' title='bbox 703 5705 863 5788; x_wconf 76' lang='lat' dir='ltr'><strong>vulgo</strong></span> <span class='ocrx_word' id='word_1_581' title='bbox 881 5701 1112 5774; x_wconf 77' lang='grc' dir='ltr'><strong>ΖιιιιίοΙι,</strong></span> <span class='ocrx_word' id='word_1_582' title='bbox 1135 5701 1234 5766; x_wconf 86' lang='lat' dir='ltr'><strong>sed</strong></span> <span class='ocrx_word' id='word_1_583' title='bbox 1251 5711 1435 5766; x_wconf 83' lang='lat' dir='ltr'><strong>verius</strong></span> <span class='ocrx_word' id='word_1_584' title='bbox 1463 5710 1554 5766; x_wconf 85' lang='lat' dir='ltr'><strong>alii</strong></span> <span class='ocrx_word' id='word_1_585' title='bbox 1581 5701 1811 5766; x_wconf 72' lang='lat' dir='ltr'><strong>credunt</strong></span> <span class='ocrx_word' id='word_1_586' title='bbox 1834 5707 2088 5768; x_wconf 74' lang='lat' dir='ltr'><strong>Aleman-</strong></span> <span class='ocrx_word' id='word_1_587' title='bbox 2129 5749 2132 5752; x_wconf 55' lang='grc' dir='ltr'><strong>ι</strong></span> 
     </span>
    </p>
   </div>
   <div class='ocr_carea' id='block_1_76' title="bbox 2214 1843 3818 1918">
    <p class='ocr_par' dir='ltr' id='par_1_76' title="bbox 2214 1843 3818 1918">
     <span class='ocr_line' id='line_1_76' title="bbox 2214 1843 3818 1918; baseline 0.005 -22"><span class='ocrx_word' id='word_1_588' title='bbox 2214 1843 2316 1900; x_wconf 89' lang='lat' dir='ltr'><strong>tori</strong></span> <span class='ocrx_word' id='word_1_589' title='bbox 2367 1859 2596 1914; x_wconf 84' lang='lat' dir='ltr'><strong>sponsor</strong></span> <span class='ocrx_word' id='word_1_590' title='bbox 2625 1857 2934 1918; x_wconf 83' lang='lat' dir='ltr'><strong>appareret,</strong></span> <span class='ocrx_word' id='word_1_591' title='bbox 2969 1847 3246 1902; x_wconf 76' lang='lat' dir='ltr'><strong>festinavit</strong></span> <span class='ocrx_word' id='word_1_592' title='bbox 3275 1863 3558 1902; x_wconf 85' lang='lat' dir='ltr'><strong>servorum</strong></span> <span class='ocrx_word' id='word_1_593' title='bbox 3605 1847 3818 1904; x_wconf 83' lang='lat' dir='ltr'><strong>Christi</strong></span> 
     </span>
    </p>
   </div>
   <div class='ocr_carea' id='block_1_77' title="bbox 2213 1935 3820 2012">
    <p class='ocr_par' dir='ltr' id='par_1_77' title="bbox 2213 1935 3820 2012">
     <span class='ocr_line' id='line_1_77' title="bbox 2213 1935 3820 2012; baseline 0.004 -24"><span class='ocrx_word' id='word_1_594' title='bbox 2213 1949 2364 1989; x_wconf 86' lang='lat' dir='ltr'><strong>sacra</strong></span> <span class='ocrx_word' id='word_1_595' title='bbox 2397 1935 2560 1989; x_wconf 84' lang='lat' dir='ltr'><strong>imbui</strong></span> <span class='ocrx_word' id='word_1_596' title='bbox 2583 1937 2988 2006; x_wconf 61' lang='lat' dir='ltr'><strong>pmulicatione,</strong></span> <span class='ocrx_word' id='word_1_597' title='bbox 3013 1947 3068 1992; x_wconf 88' lang='lat' dir='ltr'><strong>et</strong></span> <span class='ocrx_word' id='word_1_598' title='bbox 3089 1939 3264 1992; x_wconf 87' lang='lat' dir='ltr'><strong>sancti</strong></span> <span class='ocrx_word' id='word_1_599' title='bbox 3289 1937 3632 2012; x_wconf 80' lang='lat' dir='ltr'><strong>baptismatis</strong></span> <span class='ocrx_word' id='word_1_600' title='bbox 3667 1939 3820 1996; x_wconf 86' lang='lat' dir='ltr'><strong>ablui</strong></span> 
     </span>
    </p>
   </div>
   <div class='ocr_carea' id='block_1_78' title="bbox 2211 2027 3814 2104">
    <p class='ocr_par' dir='ltr' id='par_1_78' title="bbox 2211 2027 3814 2104">
     <span class='ocr_line' id='line_1_78' title="bbox 2211 2027 3814 2104; baseline 0.001 -22"><span class='ocrx_word' id='word_1_601' title='bbox 2211 2029 2588 2084; x_wconf 87' lang='lat' dir='ltr'><strong>sacramentis.</strong></span> <span class='ocrx_word' id='word_1_602' title='bbox 2647 2027 2806 2084; x_wconf 79' lang='lat' dir='ltr'><strong>Venit</strong></span> <span class='ocrx_word' id='word_1_603' title='bbox 2863 2037 3045 2086; x_wconf 84' lang='lat' dir='ltr'><strong>autem</strong></span> <span class='ocrx_word' id='word_1_604' title='bbox 3097 2031 3164 2086; x_wconf 91' lang='lat' dir='ltr'><strong>ad</strong></span> <span class='ocrx_word' id='word_1_605' title='bbox 3221 2029 3436 2096; x_wconf 83' lang='lat' dir='ltr'><strong>Tullum</strong></span> <span class='ocrx_word' id='word_1_606' title='bbox 3467 2031 3490 2069; x_wconf 82' lang='grc' dir='ltr'><strong>ι¹</strong></span> <span class='ocrx_word' id='word_1_607' title='bbox 3525 2031 3814 2104; x_wconf 80' lang='lat' dir='ltr'><strong>oppidum,</strong></span> 
     </span>
    </p>
   </div>
   <div class='ocr_carea' id='block_1_79' title="bbox 2211 2119 3817 2192">
    <p class='ocr_par' dir='ltr' id='par_1_79' title="bbox 2211 2119 3817 2192">
     <span class='ocr_line' id='line_1_79' title="bbox 2211 2119 3817 2192; baseline 0.003 -20"><span class='ocrx_word' id='word_1_608' title='bbox 2211 2119 2302 2178; x_wconf 83' lang='lat' dir='ltr'><strong>ubi</strong></span> <span class='ocrx_word' id='word_1_609' title='bbox 2356 2127 2604 2174; x_wconf 86' lang='lat' dir='ltr'><strong>sanctum</strong></span> <span class='ocrx_word' id='word_1_610' title='bbox 2648 2121 2864 2192; x_wconf 82' lang='lat' dir='ltr'><strong>agnovit</strong></span> <span class='ocrx_word' id='word_1_611' title='bbox 2901 2119 3192 2182; x_wconf 65' lang='lat' dir='ltr'><strong>Vel-ustum</strong></span> <span class='ocrx_word' id='word_1_612' title='bbox 3243 2119 3498 2176; x_wconf 78' lang='lat' dir='ltr'><strong>laudabili</strong></span> <span class='ocrx_word' id='word_1_613' title='bbox 3551 2123 3817 2192; x_wconf 82' lang='lat' dir='ltr'><strong>religione</strong></span> 
     </span>
    </p>
   </div>
   <div class='ocr_carea' id='block_1_80' title="bbox 2211 2209 3816 2296">
    <p class='ocr_par' dir='ltr' id='par_1_80' title="bbox 2211 2209 3816 2296">
     <span class='ocr_line' id='line_1_80' title="bbox 2211 2209 3816 2296; baseline 0.001 -29"><span class='ocrx_word' id='word_1_614' title='bbox 2211 2209 2310 2267; x_wconf 91' lang='lat' dir='ltr'><strong>soli</strong></span> <span class='ocrx_word' id='word_1_615' title='bbox 2341 2211 2545 2266; x_wconf 66' lang='lat' dir='ltr'><strong>servire</strong></span> <span class='ocrx_word' id='word_1_616' title='bbox 2573 2211 2706 2276; x_wconf 90' lang='lat' dir='ltr'><strong>Deo,</strong></span> <span class='ocrx_word' id='word_1_617' title='bbox 2737 2219 2790 2266; x_wconf 88' lang='lat' dir='ltr'><strong>et</strong></span> <span class='ocrx_word' id='word_1_618' title='bbox 2839 2211 3182 2268; x_wconf 84' lang='lat' dir='ltr'><strong>dulcissimos</strong></span> <span class='ocrx_word' id='word_1_619' title='bbox 3217 2213 3653 2296; x_wconf 69' lang='lat' dir='ltr'><strong>contemplativm</strong></span> <span class='ocrx_word' id='word_1_620' title='bbox 3685 2215 3816 2268; x_wconf 66' lang='lat' dir='ltr'><strong>vitta</strong></span> 
     </span>
    </p>
   </div>
   <div class='ocr_carea' id='block_1_81' title="bbox 2210 2299 3814 2374">
    <p class='ocr_par' dir='ltr' id='par_1_81' title="bbox 2210 2299 3814 2374">
     <span class='ocr_line' id='line_1_81' title="bbox 2210 2299 3814 2374; baseline 0.002 -20"><span class='ocrx_word' id='word_1_621' title='bbox 2210 2315 2434 2370; x_wconf 77' lang='lat' dir='ltr'><strong>carpere</strong></span> <span class='ocrx_word' id='word_1_622' title='bbox 2467 2299 2696 2356; x_wconf 83' lang='lat' dir='ltr'><strong>fructus.</strong></span> <span class='ocrx_word' id='word_1_623' title='bbox 2739 2301 2890 2356; x_wconf 88' lang='lat' dir='ltr'><strong>Hunc</strong></span> <span class='ocrx_word' id='word_1_624' title='bbox 2921 2319 3049 2360; x_wconf 88' lang='lat' dir='ltr'><strong>vero</strong></span> <span class='ocrx_word' id='word_1_625' title='bbox 3086 2305 3154 2358; x_wconf 87' lang='lat' dir='ltr'><strong>ad</strong></span> <span class='ocrx_word' id='word_1_626' title='bbox 3197 2312 3449 2358; x_wconf 87' lang='lat' dir='ltr'><strong>sanctum</strong></span> <span class='ocrx_word' id='word_1_627' title='bbox 3499 2301 3814 2374; x_wconf 76' lang='lat' dir='ltr'><strong>Remigium</strong></span> 
     </span>
    </p>
   </div>
   <div class='ocr_carea' id='block_1_82' title="bbox 2209 2391 3818 2464">
    <p class='ocr_par' dir='ltr' id='par_1_82' title="bbox 2209 2391 3818 2464">
     <span class='ocr_line' id='line_1_82' title="bbox 2209 2391 3818 2464; baseline 0.001 -18"><span class='ocrx_word' id='word_1_628' title='bbox 2209 2391 2410 2446; x_wconf 88' lang='lat' dir='ltr'><strong>Christi</strong></span> <span class='ocrx_word' id='word_1_629' title='bbox 2443 2391 2802 2446; x_wconf 84' lang='lat' dir='ltr'><strong>clarissimum</strong></span> <span class='ocrx_word' id='word_1_630' title='bbox 2834 2393 3194 2458; x_wconf 75' lang='lat' dir='ltr'><strong>sacerdotem,</strong></span> <span class='ocrx_word' id='word_1_631' title='bbox 3220 2393 3288 2456; x_wconf 76' lang='lat' dir='ltr'><strong>ad</strong></span> <span class='ocrx_word' id='word_1_632' title='bbox 3320 2393 3654 2448; x_wconf 76' lang='lat' dir='ltr'><strong>Rhcmorum</strong></span> <span class='ocrx_word' id='word_1_633' title='bbox 3687 2409 3818 2464; x_wconf 88' lang='lat' dir='ltr'><strong>pro-</strong></span> 
     </span>
    </p>
   </div>
   <div class='ocr_carea' id='block_1_83' title="bbox 2207 2479 3818 2558">
    <p class='ocr_par' dir='ltr' id='par_1_83' title="bbox 2207 2479 3818 2558">
     <span class='ocr_line' id='line_1_83' title="bbox 2207 2479 3818 2558; baseline 0.003 -24"><span class='ocrx_word' id='word_1_634' title='bbox 2207 2495 2406 2550; x_wconf 87' lang='lat' dir='ltr'><strong>perans</strong></span> <span class='ocrx_word' id='word_1_635' title='bbox 2437 2479 2736 2544; x_wconf 88' lang='lat' dir='ltr'><strong>civitatem,</strong></span> <span class='ocrx_word' id='word_1_636' title='bbox 2771 2481 2872 2536; x_wconf 85' lang='lat' dir='ltr'><strong>sibi</strong></span> <span class='ocrx_word' id='word_1_637' title='bbox 2921 2481 3128 2546; x_wconf 87' lang='lat' dir='ltr'><strong>socium</strong></span> <span class='ocrx_word' id='word_1_638' title='bbox 3171 2483 3468 2553; x_wconf 88' lang='lat' dir='ltr'><strong>assumpsit</strong></span> <span class='ocrx_word' id='word_1_639' title='bbox 3497 2499 3508 2534; x_wconf 94' lang='lat'>:</span> <span class='ocrx_word' id='word_1_640' title='bbox 3539 2491 3818 2558; x_wconf 74' lang='lat' dir='ltr'><strong>quatenus</strong></span> 
     </span>
    </p>
   </div>
   <div class='ocr_carea' id='block_1_84' title="bbox 2207 2571 3818 2652">
    <p class='ocr_par' dir='ltr' id='par_1_84' title="bbox 2207 2571 3818 2652">
     <span class='ocr_line' id='line_1_84' title="bbox 2207 2571 3818 2652; baseline 0.004 -28"><span class='ocrx_word' id='word_1_641' title='bbox 2207 2585 2304 2642; x_wconf 86' lang='lat' dir='ltr'><strong>per</strong></span> <span class='ocrx_word' id='word_1_642' title='bbox 2333 2571 2574 2642; x_wconf 74' lang='lat' dir='ltr'><strong>singulos</strong></span> <span class='ocrx_word' id='word_1_643' title='bbox 2625 2573 2836 2628; x_wconf 89' lang='lat' dir='ltr'><strong>itineris</strong></span> <span class='ocrx_word' id='word_1_644' title='bbox 2868 2575 2948 2629; x_wconf 89' lang='lat' dir='ltr'><strong>sui</strong></span> <span class='ocrx_word' id='word_1_645' title='bbox 2987 2589 3206 2646; x_wconf 81' lang='lat' dir='ltr'><strong>gressus</strong></span> <span class='ocrx_word' id='word_1_646' title='bbox 3235 2573 3608 2652; x_wconf 58' lang='lat' dir='ltr'><strong>saluberrimis</strong></span> <span class='ocrx_word' id='word_1_647' title='bbox 3643 2575 3716 2628; x_wconf 86' lang='lat' dir='ltr'><strong>ab</strong></span> <span class='ocrx_word' id='word_1_648' title='bbox 3745 2589 3818 2630; x_wconf 86' lang='lat' dir='ltr'><strong>eo</strong></span> 
     </span>
    </p>
   </div>
   <div class='ocr_carea' id='block_1_85' title="bbox 2209 2661 3820 2730">
    <p class='ocr_par' dir='ltr' id='par_1_85' title="bbox 2209 2661 3820 2730">
     <span class='ocr_line' id='line_1_85' title="bbox 2209 2661 3820 2730; baseline 0.004 -14"><span class='ocrx_word' id='word_1_649' title='bbox 2209 2661 2543 2717; x_wconf 88' lang='lat' dir='ltr'><strong>imbueretur</strong></span> <span class='ocrx_word' id='word_1_650' title='bbox 2585 2663 2870 2730; x_wconf 87' lang='lat' dir='ltr'><strong>doctrinis,</strong></span> <span class='ocrx_word' id='word_1_651' title='bbox 2905 2673 2962 2720; x_wconf 89' lang='lat' dir='ltr'><strong>et</strong></span> <span class='ocrx_word' id='word_1_652' title='bbox 3006 2665 3286 2720; x_wconf 67' lang='lat' dir='ltr'><strong>catholicae</strong></span> <span class='ocrx_word' id='word_1_653' title='bbox 3335 2663 3458 2720; x_wconf 83' lang='lat' dir='ltr'><strong>ﬁdei</strong></span> <span class='ocrx_word' id='word_1_654' title='bbox 3501 2663 3678 2720; x_wconf 79' lang='lat' dir='ltr'><strong>ﬁrmis</strong></span> <span class='ocrx_word' id='word_1_655' title='bbox 3709 2665 3820 2722; x_wconf 86' lang='lat' dir='ltr'><strong>ini-</strong></span> 
     </span>
    </p>
   </div>
   <div class='ocr_carea' id='block_1_86' title="bbox 2209 2753 3816 2826">
    <p class='ocr_par' dir='ltr' id='par_1_86' title="bbox 2209 2753 3816 2826">
     <span class='ocr_line' id='line_1_86' title="bbox 2209 2753 3816 2826; baseline 0.002 -18"><span class='ocrx_word' id='word_1_656' title='bbox 2209 2755 2434 2808; x_wconf 85' lang='lat' dir='ltr'><strong>tiaretur</strong></span> <span class='ocrx_word' id='word_1_657' title='bbox 2481 2753 2974 2810; x_wconf 81' lang='lat' dir='ltr'><strong>fundamentiszut</strong></span> <span class='ocrx_word' id='word_1_658' title='bbox 3023 2765 3246 2826; x_wconf 84' lang='lat' dir='ltr'><strong>paratus</strong></span> <span class='ocrx_word' id='word_1_659' title='bbox 3299 2755 3405 2810; x_wconf 69' lang='lat' dir='ltr'><strong>fide</strong></span> <span class='ocrx_word' id='word_1_660' title='bbox 3442 2763 3496 2811; x_wconf 91' lang='lat' dir='ltr'><strong>et</strong></span> <span class='ocrx_word' id='word_1_661' title='bbox 3541 2757 3816 2812; x_wconf 83' lang='lat' dir='ltr'><strong>virtutum</strong></span> 
     </span>
    </p>
   </div>
   <div class='ocr_carea' id='block_1_87' title="bbox 2209 2845 3816 2918">
    <p class='ocr_par' dir='ltr' id='par_1_87' title="bbox 2209 2845 3816 2918">
     <span class='ocr_line' id='line_1_87' title="bbox 2209 2845 3816 2918; baseline 0.001 -18"><span class='ocrx_word' id='word_1_662' title='bbox 2209 2847 2456 2910; x_wconf 85' lang='lat' dir='ltr'><strong>scicntia,</strong></span> <span class='ocrx_word' id='word_1_663' title='bbox 2485 2861 2514 2900; x_wconf 89' lang='lat' dir='ltr'><strong>a</strong></span> <span class='ocrx_word' id='word_1_664' title='bbox 2547 2853 2696 2900; x_wconf 87' lang='lat' dir='ltr'><strong>tanto</strong></span> <span class='ocrx_word' id='word_1_665' title='bbox 2725 2845 2981 2916; x_wconf 81' lang='lat' dir='ltr'><strong>pontiﬁce</strong></span> <span class='ocrx_word' id='word_1_666' title='bbox 3015 2845 3284 2918; x_wconf 86' lang='lat' dir='ltr'><strong>spirituali</strong></span> <span class='ocrx_word' id='word_1_667' title='bbox 3321 2845 3636 2908; x_wconf 79' lang='lat' dir='ltr'><strong>ablueretur</strong></span> <span class='ocrx_word' id='word_1_668' title='bbox 3661 2845 3816 2902; x_wconf 68' lang='lat' dir='ltr'><strong>lava-</strong></span> 
     </span>
    </p>
   </div>
   <div class='ocr_carea' id='block_1_88' title="bbox 2206 2935 3816 3008">
    <p class='ocr_par' dir='ltr' id='par_1_88' title="bbox 2206 2935 3816 3008">
     <span class='ocr_line' id='line_1_88' title="bbox 2206 2935 3816 3008; baseline 0.001 -16"><span class='ocrx_word' id='word_1_669' title='bbox 2206 2953 2318 2998; x_wconf 89' lang='lat' dir='ltr'><strong>cro,</strong></span> <span class='ocrx_word' id='word_1_670' title='bbox 2343 2938 2491 2992; x_wconf 87' lang='lat' dir='ltr'><strong>etab</strong></span> <span class='ocrx_word' id='word_1_671' title='bbox 2527 2937 2618 2992; x_wconf 82' lang='lat' dir='ltr'><strong>illo</strong></span> <span class='ocrx_word' id='word_1_672' title='bbox 2646 2937 2803 2992; x_wconf 77' lang='lat' dir='ltr'><strong>denis</strong></span> <span class='ocrx_word' id='word_1_673' title='bbox 2839 2937 3149 2992; x_wconf 75' lang='lat' dir='ltr'><strong>eielestibus</strong></span> <span class='ocrx_word' id='word_1_674' title='bbox 3185 2935 3628 3004; x_wconf 76' lang='lat' dir='ltr'><strong>conﬁrmaretur,</strong></span> <span class='ocrx_word' id='word_1_675' title='bbox 3667 2937 3816 3008; x_wconf 87' lang='lat' dir='ltr'><strong>quod</strong></span> 
     </span>
    </p>
   </div>
   <div class='ocr_carea' id='block_1_89' title="bbox 2209 3025 3814 3102">
    <p class='ocr_par' dir='ltr' id='par_1_89' title="bbox 2209 3025 3814 3102">
     <span class='ocr_line' id='line_1_89' title="bbox 2209 3025 3814 3102; baseline 0 -18"><span class='ocrx_word' id='word_1_676' title='bbox 2209 3027 2278 3084; x_wconf 89' lang='lat' dir='ltr'><strong>ab</strong></span> <span class='ocrx_word' id='word_1_677' title='bbox 2317 3029 2440 3094; x_wconf 88' lang='lat' dir='ltr'><strong>isto,</strong></span> <span class='ocrx_word' id='word_1_678' title='bbox 2472 3029 2649 3084; x_wconf 85' lang='lat' dir='ltr'><strong>divina</strong></span> <span class='ocrx_word' id='word_1_679' title='bbox 2699 3031 2850 3100; x_wconf 85' lang='lat' dir='ltr'><strong>prius</strong></span> <span class='ocrx_word' id='word_1_680' title='bbox 2900 3031 3264 3100; x_wconf 66' lang='lat' dir='ltr'><strong>praeveniente</strong></span> <span class='ocrx_word' id='word_1_681' title='bbox 3307 3029 3482 3100; x_wconf 84' lang='lat' dir='ltr'><strong>gratia</strong></span> <span class='ocrx_word' id='word_1_682' title='bbox 3533 3025 3673 3102; x_wconf 74' lang='lat' dir='ltr'><strong>[Al.,</strong></span> <span class='ocrx_word' id='word_1_683' title='bbox 3703 3027 3814 3084; x_wconf 87' lang='lat' dir='ltr'><strong>cle-</strong></span> 
     </span>
    </p>
   </div>
   <div class='ocr_carea' id='block_1_90' title="bbox 2209 3119 3808 3194">
    <p class='ocr_par' dir='ltr' id='par_1_90' title="bbox 2209 3119 3808 3194">
     <span class='ocr_line' id='line_1_90' title="bbox 2209 3119 3808 3194; baseline -0.001 -18"><span class='ocrx_word' id='word_1_684' title='bbox 2209 3119 2456 3194; x_wconf 85' lang='lat' dir='ltr'><strong>mentia],</strong></span> <span class='ocrx_word' id='word_1_685' title='bbox 2484 3121 2812 3194; x_wconf 76' lang='lat' dir='ltr'><strong>evangelicis</strong></span> <span class='ocrx_word' id='word_1_686' title='bbox 2835 3129 3074 3192; x_wconf 53' lang='lat' dir='ltr'><strong>colptum</strong></span> <span class='ocrx_word' id='word_1_687' title='bbox 3105 3119 3282 3176; x_wconf 78' lang='lat' dir='ltr'><strong>fuerat</strong></span> <span class='ocrx_word' id='word_1_688' title='bbox 3305 3119 3808 3192; x_wconf 71' lang='lat' dir='ltr'><strong>praedicationibus.</strong></span> 
     </span>
    </p>
   </div>
   <div class='ocr_carea' id='block_1_91' title="bbox 2203 3211 3808 3282">
    <p class='ocr_par' dir='ltr' id='par_1_91' title="bbox 2203 3211 3808 3282">
     <span class='ocr_line' id='line_1_91' title="bbox 2203 3211 3808 3282; baseline -0.002 -14"><span class='ocrx_word' id='word_1_689' title='bbox 2203 3215 2303 3269; x_wconf 87' lang='lat' dir='ltr'><strong>llic</strong></span> <span class='ocrx_word' id='word_1_690' title='bbox 2333 3215 2398 3268; x_wconf 72' lang='lat' dir='ltr'><strong>ad</strong></span> <span class='ocrx_word' id='word_1_691' title='bbox 2441 3213 2638 3282; x_wconf 80' lang='lat' dir='ltr'><strong>fontem</strong></span> <span class='ocrx_word' id='word_1_692' title='bbox 2687 3213 2810 3267; x_wconf 75' lang='lat' dir='ltr'><strong>vitm</strong></span> <span class='ocrx_word' id='word_1_693' title='bbox 2851 3211 3200 3266; x_wconf 83' lang='lat' dir='ltr'><strong>festinantem</strong></span> <span class='ocrx_word' id='word_1_694' title='bbox 3231 3213 3296 3266; x_wconf 88' lang='lat' dir='ltr'><strong>de</strong></span> <span class='ocrx_word' id='word_1_695' title='bbox 3313 3211 3536 3266; x_wconf 84' lang='lat' dir='ltr'><strong>lucebat</strong></span> <span class='ocrx_word' id='word_1_696' title='bbox 3585 3225 3808 3282; x_wconf 80' lang='lat' dir='ltr'><strong>regem;</strong></span> 
     </span>
    </p>
   </div>
   <div class='ocr_carea' id='block_1_92' title="bbox 2203 3301 3812 3360">
    <p class='ocr_par' dir='ltr' id='par_1_92' title="bbox 2203 3301 3812 3360">
     <span class='ocr_line' id='line_1_92' title="bbox 2203 3301 3812 3360; baseline -0.001 0"><span class='ocrx_word' id='word_1_697' title='bbox 2203 3305 2292 3360; x_wconf 88' lang='lat' dir='ltr'><strong>ille</strong></span> <span class='ocrx_word' id='word_1_698' title='bbox 2313 3307 2362 3360; x_wconf 88' lang='lat' dir='ltr'><strong>in</strong></span> <span class='ocrx_word' id='word_1_699' title='bbox 2391 3303 2536 3360; x_wconf 79' lang='lat' dir='ltr'><strong>fonte</strong></span> <span class='ocrx_word' id='word_1_700' title='bbox 2559 3303 2746 3358; x_wconf 86' lang='lat' dir='ltr'><strong>salutis</strong></span> <span class='ocrx_word' id='word_1_701' title='bbox 2765 3313 2981 3358; x_wconf 64' lang='lat' dir='ltr'><strong>aeterna:</strong></span> <span class='ocrx_word' id='word_1_702' title='bbox 3003 3305 3306 3358; x_wconf 84' lang='lat' dir='ltr'><strong>venientem</strong></span> <span class='ocrx_word' id='word_1_703' title='bbox 3330 3301 3606 3358; x_wconf 85' lang='lat' dir='ltr'><strong>abluebat.</strong></span> <span class='ocrx_word' id='word_1_704' title='bbox 3633 3301 3812 3358; x_wconf 83' lang='lat' dir='ltr'><strong>Ambo</strong></span> 
     </span>
    </p>
   </div>
   <div class='ocr_carea' id='block_1_93' title="bbox 2202 3393 3812 3478">
    <p class='ocr_par' dir='ltr' id='par_1_93' title="bbox 2202 3393 3812 3478">
     <span class='ocr_line' id='line_1_93' title="bbox 2202 3393 3812 3478; baseline -0.001 -26"><span class='ocrx_word' id='word_1_705' title='bbox 2202 3401 2588 3478; x_wconf 84' lang='lat' dir='ltr'><strong>prepemolum</strong></span> <span class='ocrx_word' id='word_1_706' title='bbox 2617 3399 2734 3468; x_wconf 90' lang='lat' dir='ltr'><strong>pari</strong></span> <span class='ocrx_word' id='word_1_707' title='bbox 2763 3397 2964 3468; x_wconf 85' lang='lat' dir='ltr'><strong>pietate</strong></span> <span class='ocrx_word' id='word_1_708' title='bbox 3005 3397 3174 3468; x_wconf 80' lang='lat' dir='ltr'><strong>patris</strong></span> <span class='ocrx_word' id='word_1_709' title='bbox 3203 3393 3414 3468; x_wconf 82' lang='lat' dir='ltr'><strong>[Forte,</strong></span> <span class='ocrx_word' id='word_1_710' title='bbox 3443 3395 3654 3468; x_wconf 74' lang='lat' dir='ltr'><strong>patres]</strong></span> <span class='ocrx_word' id='word_1_711' title='bbox 3683 3395 3812 3450; x_wconf 88' lang='lat' dir='ltr'><strong>:hic</strong></span> 
     </span>
    </p>
   </div>
   <div class='ocr_carea' id='block_1_94' title="bbox 2203 3489 3812 3566">
    <p class='ocr_par' dir='ltr' id='par_1_94' title="bbox 2203 3489 3812 3566">
     <span class='ocr_line' id='line_1_94' title="bbox 2203 3489 3812 3566; baseline -0.002 -20"><span class='ocrx_word' id='word_1_712' title='bbox 2203 3491 2448 3554; x_wconf 87' lang='lat' dir='ltr'><strong>doctrina</strong></span> <span class='ocrx_word' id='word_1_713' title='bbox 2481 3491 2624 3554; x_wconf 77' lang='lat' dir='ltr'><strong>iidei,</strong></span> <span class='ocrx_word' id='word_1_714' title='bbox 2657 3489 2744 3544; x_wconf 88' lang='lat' dir='ltr'><strong>ille</strong></span> <span class='ocrx_word' id='word_1_715' title='bbox 2773 3489 3113 3560; x_wconf 86' lang='lat' dir='ltr'><strong>baptismatis</strong></span> <span class='ocrx_word' id='word_1_716' title='bbox 3142 3489 3284 3542; x_wconf 76' lang='lat' dir='ltr'><strong>unda</strong></span> <span class='ocrx_word' id='word_1_717' title='bbox 3313 3507 3326 3542; x_wconf 91' lang='lat'><strong>:</strong></span> <span class='ocrx_word' id='word_1_718' title='bbox 3353 3489 3570 3566; x_wconf 85' lang='lat' dir='ltr'><strong>utrique</strong></span> <span class='ocrx_word' id='word_1_719' title='bbox 3600 3497 3812 3542; x_wconf 64' lang='lat' dir='ltr'><strong>aeterno</strong></span> 
     </span>
    </p>
   </div>
   <div class='ocr_carea' id='block_1_95' title="bbox 2203 3579 3814 3654">
    <p class='ocr_par' dir='ltr' id='par_1_95' title="bbox 2203 3579 3814 3654">
     <span class='ocr_line' id='line_1_95' title="bbox 2203 3579 3814 3654; baseline -0.001 -18"><span class='ocrx_word' id='word_1_720' title='bbox 2203 3583 2316 3654; x_wconf 80' lang='lat' dir='ltr'><strong>regi</strong></span> <span class='ocrx_word' id='word_1_721' title='bbox 2345 3595 2526 3652; x_wconf 72' lang='lat' dir='ltr'><strong>regem</strong></span> <span class='ocrx_word' id='word_1_722' title='bbox 2555 3579 2908 3649; x_wconf 84' lang='lat' dir='ltr'><strong>temporalem</strong></span> <span class='ocrx_word' id='word_1_723' title='bbox 2955 3593 3152 3635; x_wconf 87' lang='lat' dir='ltr'><strong>munus</strong></span> <span class='ocrx_word' id='word_1_724' title='bbox 3192 3579 3506 3634; x_wconf 88' lang='lat' dir='ltr'><strong>obtulerunt</strong></span> <span class='ocrx_word' id='word_1_725' title='bbox 3555 3589 3814 3650; x_wconf 82' lang='lat' dir='ltr'><strong>accepta-</strong></span> 
     </span>
    </p>
   </div>
   <div class='ocr_carea' id='block_1_96' title="bbox 2199 3669 3808 3736">
    <p class='ocr_par' dir='ltr' id='par_1_96' title="bbox 2199 3669 3808 3736">
     <span class='ocr_line' id='line_1_96' title="bbox 2199 3669 3808 3736; baseline -0.002 -6"><span class='ocrx_word' id='word_1_726' title='bbox 2199 3673 2327 3736; x_wconf 85' lang='lat' dir='ltr'><strong>bile.</strong></span> <span class='ocrx_word' id='word_1_727' title='bbox 2363 3675 2424 3728; x_wconf 91' lang='lat' dir='ltr'><strong>ili</strong></span> <span class='ocrx_word' id='word_1_728' title='bbox 2453 3681 2578 3730; x_wconf 83' lang='lat' dir='ltr'><strong>sunt</strong></span> <span class='ocrx_word' id='word_1_729' title='bbox 2605 3675 2724 3728; x_wconf 67' lang='lat' dir='ltr'><strong>dua:</strong></span> <span class='ocrx_word' id='word_1_730' title='bbox 2766 3673 2921 3728; x_wconf 70' lang='lat' dir='ltr'><strong>olivm</strong></span> <span class='ocrx_word' id='word_1_731' title='bbox 2963 3683 3016 3727; x_wconf 88' lang='lat' dir='ltr'><strong>et</strong></span> <span class='ocrx_word' id='word_1_732' title='bbox 3053 3671 3160 3726; x_wconf 90' lang='lat' dir='ltr'><strong>duo</strong></span> <span class='ocrx_word' id='word_1_733' title='bbox 3190 3671 3516 3726; x_wconf 61' lang='lat' dir='ltr'><strong>candelabra</strong></span> <span class='ocrx_word' id='word_1_734' title='bbox 3563 3669 3808 3726; x_wconf 77' lang='lat' dir='ltr'><strong>lucentia</strong></span> 
     </span>
    </p>
   </div>
   <div class='ocr_carea' id='block_1_97' title="bbox 2205 3759 3812 3840">
    <p class='ocr_par' dir='ltr' id='par_1_97' title="bbox 2205 3759 3812 3840">
     <span class='ocr_line' id='line_1_97' title="bbox 2205 3759 3812 3840; baseline -0.002 -20"><span class='ocrx_word' id='word_1_735' title='bbox 2205 3767 2390 3840; x_wconf 84' lang='lat' dir='ltr'><strong>(Zach.</strong></span> <span class='ocrx_word' id='word_1_736' title='bbox 2419 3781 2495 3832; x_wconf 83' lang='lat' dir='ltr'><strong>iv,</strong></span> <span class='ocrx_word' id='word_1_737' title='bbox 2521 3767 2576 3838; x_wconf 80' lang='grc'>5)</span> <span class='ocrx_word' id='word_1_738' title='bbox 2597 3807 2610 3834; x_wconf 88' lang='grc'><strong>,</strong></span> <span class='ocrx_word' id='word_1_739' title='bbox 2637 3781 2664 3819; x_wconf 84' lang='lat' dir='ltr'><strong>a</strong></span> <span class='ocrx_word' id='word_1_740' title='bbox 2697 3765 2895 3836; x_wconf 88' lang='lat' dir='ltr'><strong>quibus</strong></span> <span class='ocrx_word' id='word_1_741' title='bbox 2925 3777 3016 3818; x_wconf 80' lang='lat' dir='ltr'><strong>rex</strong></span> <span class='ocrx_word' id='word_1_742' title='bbox 3049 3761 3305 3834; x_wconf 72' lang='lat' dir='ltr'><strong>praefatus</strong></span> <span class='ocrx_word' id='word_1_743' title='bbox 3337 3761 3390 3815; x_wconf 92' lang='lat' dir='ltr'><strong>in</strong></span> <span class='ocrx_word' id='word_1_744' title='bbox 3415 3761 3500 3814; x_wconf 83' lang='lat' dir='ltr'><strong>via</strong></span> <span class='ocrx_word' id='word_1_745' title='bbox 3541 3759 3640 3816; x_wconf 86' lang='lat' dir='ltr'><strong>Del</strong></span> <span class='ocrx_word' id='word_1_746' title='bbox 3687 3777 3812 3816; x_wconf 79' lang='lat' dir='ltr'><strong>eru-</strong></span> 
     </span>
    </p>
   </div>
   <div class='ocr_carea' id='block_1_98' title="bbox 2203 3851 3812 3934">
    <p class='ocr_par' dir='ltr' id='par_1_98' title="bbox 2203 3851 3812 3934">
     <span class='ocr_line' id='line_1_98' title="bbox 2203 3851 3812 3934; baseline -0.005 -18"><span class='ocrx_word' id='word_1_747' title='bbox 2203 3861 2367 3926; x_wconf 89' lang='lat' dir='ltr'><strong>ditus,</strong></span> <span class='ocrx_word' id='word_1_748' title='bbox 2397 3861 2691 3914; x_wconf 86' lang='lat' dir='ltr'><strong>miserante</strong></span> <span class='ocrx_word' id='word_1_749' title='bbox 2723 3855 2850 3918; x_wconf 83' lang='lat' dir='ltr'><strong>Deo,</strong></span> <span class='ocrx_word' id='word_1_750' title='bbox 2885 3865 3096 3928; x_wconf 89' lang='lat' dir='ltr'><strong>portam</strong></span> <span class='ocrx_word' id='word_1_751' title='bbox 3127 3863 3401 3934; x_wconf 71' lang='lat' dir='ltr'><strong>perpetua:</strong></span> <span class='ocrx_word' id='word_1_752' title='bbox 3431 3851 3575 3908; x_wconf 72' lang='lat' dir='ltr'><strong>latis</strong></span> <span class='ocrx_word' id='word_1_753' title='bbox 3597 3855 3812 3924; x_wconf 82' lang='lat' dir='ltr'><strong>ingres-</strong></span> 
     </span>
    </p>
   </div>
   <div class='ocr_carea' id='block_1_99' title="bbox 2203 3943 3812 4020">
    <p class='ocr_par' dir='ltr' id='par_1_99' title="bbox 2203 3943 3812 4020">
     <span class='ocr_line' id='line_1_99' title="bbox 2203 3943 3812 4020; baseline -0.004 -14"><span class='ocrx_word' id='word_1_754' title='bbox 2203 3967 2315 4016; x_wconf 86' lang='lat' dir='ltr'><strong>sus,</strong></span> <span class='ocrx_word' id='word_1_755' title='bbox 2344 3967 2468 4006; x_wconf 89' lang='lat' dir='ltr'><strong>cum</strong></span> <span class='ocrx_word' id='word_1_756' title='bbox 2499 3951 2794 4004; x_wconf 69' lang='lat' dir='ltr'><strong>furtisdma</strong></span> <span class='ocrx_word' id='word_1_757' title='bbox 2825 3955 2986 4020; x_wconf 83' lang='lat' dir='ltr'><strong>gente</strong></span> <span class='ocrx_word' id='word_1_758' title='bbox 3017 3945 3350 4002; x_wconf 69' lang='lat' dir='ltr'><strong>Francorum</strong></span> <span class='ocrx_word' id='word_1_759' title='bbox 3387 3945 3622 4000; x_wconf 52' lang='lat' dir='ltr'><strong>credidit</strong></span> <span class='ocrx_word' id='word_1_760' title='bbox 3651 3943 3812 4002; x_wconf 85' lang='lat' dir='ltr'><strong>Chri-</strong></span> 
     </span>
    </p>
   </div>
   <div class='ocr_carea' id='block_1_100' title="bbox 2203 4039 3810 4118">
    <p class='ocr_par' dir='ltr' id='par_1_100' title="bbox 2203 4039 3810 4118">
     <span class='ocr_line' id='line_1_100' title="bbox 2203 4039 3810 4118; baseline -0.004 -18"><span class='ocrx_word' id='word_1_761' title='bbox 2203 4055 2286 4100; x_wconf 88' lang='lat' dir='ltr'><strong>sto</strong></span> <span class='ocrx_word' id='word_1_762' title='bbox 2313 4063 2324 4098; x_wconf 92' lang='lat'><strong>:</strong></span> <span class='ocrx_word' id='word_1_763' title='bbox 2349 4051 2404 4100; x_wconf 89' lang='lat' dir='ltr'><strong>et</strong></span> <span class='ocrx_word' id='word_1_764' title='bbox 2451 4043 2592 4100; x_wconf 82' lang='lat' dir='ltr'><strong>facta</strong></span> <span class='ocrx_word' id='word_1_765' title='bbox 2623 4051 2708 4100; x_wconf 88' lang='lat' dir='ltr'><strong>est</strong></span> <span class='ocrx_word' id='word_1_766' title='bbox 2735 4057 2867 4118; x_wconf 78' lang='lat' dir='ltr'><strong>gens</strong></span> <span class='ocrx_word' id='word_1_767' title='bbox 2897 4049 3082 4096; x_wconf 85' lang='lat' dir='ltr'><strong>sancta</strong></span> <span class='ocrx_word' id='word_1_768' title='bbox 3102 4083 3116 4110; x_wconf 92' lang='lat'><strong>,</strong></span> <span class='ocrx_word' id='word_1_769' title='bbox 3143 4041 3372 4112; x_wconf 84' lang='lat' dir='ltr'><strong>populus</strong></span> <span class='ocrx_word' id='word_1_770' title='bbox 3419 4039 3810 4110; x_wconf 84' lang='lat' dir='ltr'><strong>acquisitionis</strong></span> 
     </span>
    </p>
   </div>
   <div class='ocr_carea' id='block_1_101' title="bbox 2203 4133 3808 4208">
    <p class='ocr_par' dir='ltr' id='par_1_101' title="bbox 2203 4133 3808 4208">
     <span class='ocr_line' id='line_1_101' title="bbox 2203 4133 3808 4208; baseline 0 -20"><span class='ocrx_word' id='word_1_771' title='bbox 2203 4135 2256 4208; x_wconf 83' lang='grc' dir='ltr'><strong>(Ι</strong></span> <span class='ocrx_word' id='word_1_772' title='bbox 2281 4135 2424 4190; x_wconf 79' lang='lat' dir='ltr'><strong>Petr.</strong></span> <span class='ocrx_word' id='word_1_773' title='bbox 2459 4153 2520 4200; x_wconf 87' lang='grc' dir='ltr'><strong>ιι,</strong></span> <span class='ocrx_word' id='word_1_774' title='bbox 2553 4135 2632 4206; x_wconf 87' lang='lat'><strong>9),</strong></span> <span class='ocrx_word' id='word_1_775' title='bbox 2659 4145 2718 4190; x_wconf 87' lang='lat' dir='ltr'><strong>ut</strong></span> <span class='ocrx_word' id='word_1_776' title='bbox 2764 4135 3158 4192; x_wconf 82' lang='lat' dir='ltr'><strong>annuntienlur</strong></span> <span class='ocrx_word' id='word_1_777' title='bbox 3189 4135 3242 4188; x_wconf 91' lang='lat' dir='ltr'><strong>in</strong></span> <span class='ocrx_word' id='word_1_778' title='bbox 3273 4149 3338 4188; x_wconf 89' lang='lat' dir='ltr'><strong>eo</strong></span> <span class='ocrx_word' id='word_1_779' title='bbox 3387 4133 3622 4188; x_wconf 84' lang='lat' dir='ltr'><strong>virtutes</strong></span> <span class='ocrx_word' id='word_1_780' title='bbox 3663 4133 3808 4188; x_wconf 85' lang='lat' dir='ltr'><strong>illius</strong></span> 
     </span>
    </p>
   </div>
   <div class='ocr_carea' id='block_1_102' title="bbox 2201 4223 3802 4300">
    <p class='ocr_par' dir='ltr' id='par_1_102' title="bbox 2201 4223 3802 4300">
     <span class='ocr_line' id='line_1_102' title="bbox 2201 4223 3802 4300; baseline -0.002 -16"><span class='ocrx_word' id='word_1_781' title='bbox 2201 4229 2291 4300; x_wconf 89' lang='lat' dir='ltr'><strong>qui</strong></span> <span class='ocrx_word' id='word_1_782' title='bbox 2309 4245 2404 4284; x_wconf 87' lang='lat' dir='ltr'><strong>eos</strong></span> <span class='ocrx_word' id='word_1_783' title='bbox 2427 4231 2491 4284; x_wconf 90' lang='lat' dir='ltr'><strong>de</strong></span> <span class='ocrx_word' id='word_1_784' title='bbox 2519 4227 2760 4286; x_wconf 86' lang='lat' dir='ltr'><strong>tenebris</strong></span> <span class='ocrx_word' id='word_1_785' title='bbox 2779 4225 2994 4282; x_wconf 88' lang='lat' dir='ltr'><strong>vocavit</strong></span> <span class='ocrx_word' id='word_1_786' title='bbox 3016 4227 3070 4280; x_wconf 90' lang='lat' dir='ltr'><strong>in</strong></span> <span class='ocrx_word' id='word_1_787' title='bbox 3093 4223 3408 4280; x_wconf 87' lang='lat' dir='ltr'><strong>admirabile</strong></span> <span class='ocrx_word' id='word_1_788' title='bbox 3423 4223 3608 4279; x_wconf 86' lang='lat' dir='ltr'><strong>lumen</strong></span> <span class='ocrx_word' id='word_1_789' title='bbox 3623 4241 3802 4284; x_wconf 85' lang='lat' dir='ltr'><strong>suum.</strong></span> 
     </span>
    </p>
   </div>
   <div class='ocr_carea' id='block_1_103' title="bbox 2833 4335 3162 4398">
    <p class='ocr_par' dir='ltr' id='par_1_103' title="bbox 2833 4335 3162 4398">
     <span class='ocr_line' id='line_1_103' title="bbox 2833 4335 3162 4398; baseline -0.012 -4"><span class='ocrx_word' id='word_1_790' title='bbox 2833 4337 3060 4398; x_wconf 75' lang='lat' dir='ltr'><strong>CAPUT</strong></span> <span class='ocrx_word' id='word_1_791' title='bbox 3097 4335 3162 4398; x_wconf 85' lang='lat' dir='ltr'><strong>ll.</strong></span> 
     </span>
    </p>
   </div>
   <div class='ocr_carea' id='block_1_104' title="bbox 2125 4427 3806 4515">
    <p class='ocr_par' dir='ltr' id='par_1_104' title="bbox 2125 4427 3806 4515">
     <span class='ocr_line' id='line_1_104' title="bbox 2125 4427 3806 4515; baseline -0.002 -28"><span class='ocrx_word' id='word_1_792' title='bbox 2125 4453 2174 4515; x_wconf 80' lang='grc' dir='ltr'><strong>ι)</strong></span> <span class='ocrx_word' id='word_1_793' title='bbox 2205 4431 2466 4494; x_wconf 78' lang='lat' dir='ltr'><strong>Miracula</strong></span> <span class='ocrx_word' id='word_1_794' title='bbox 2491 4440 2538 4486; x_wconf 81' lang='lat' dir='ltr'><strong>et</strong></span> <span class='ocrx_word' id='word_1_795' title='bbox 2571 4431 2784 4490; x_wconf 75' lang='lat' dir='ltr'><strong>virtutes</strong></span> <span class='ocrx_word' id='word_1_796' title='bbox 2825 4431 2994 4515; x_wconf 40' lang='lat' dir='ltr'><strong>spurii</strong></span> <span class='ocrx_word' id='word_1_797' title='bbox 3027 4427 3263 4515; x_wconf 50' lang='lat' dir='ltr'><strong>Venutii.</strong></span> <span class='ocrx_word' id='word_1_798' title='bbox 3303 4429 3616 4500; x_wconf 62' lang='lat' dir='ltr'><strong>Baptism“;</strong></span> <span class='ocrx_word' id='word_1_799' title='bbox 3649 4429 3806 4490; x_wconf 70' lang='lat' dir='ltr'><strong>Chlo-</strong></span> 
     </span>
    </p>
   </div>
   <div class='ocr_carea' id='block_1_105' title="bbox 2829 4501 3158 4555">
    <p class='ocr_par' dir='ltr' id='par_1_105' title="bbox 2829 4501 3158 4555">
     <span class='ocr_line' id='line_1_105' title="bbox 2829 4501 3158 4555; baseline -0.003 -1"><span class='ocrx_word' id='word_1_800' title='bbox 2829 4501 2980 4555; x_wconf 82' lang='lat' dir='ltr'><strong>dorei</strong></span> <span class='ocrx_word' id='word_1_801' title='bbox 3003 4501 3158 4555; x_wconf 73' lang='lat' dir='ltr'><strong>renis.</strong></span> 
     </span>
    </p>
   </div>
   <div class='ocr_carea' id='block_1_106' title="bbox 2273 4517 3805 4664">
    <p class='ocr_par' dir='ltr' id='par_1_106' title="bbox 2273 4517 3805 4664">
     <span class='ocr_line' id='line_1_106' title="bbox 2829 4517 3158 4572; baseline -0.003 -18"><span class='ocrx_word' id='word_1_802' title='bbox 2829 4517 2977 4555; x_wconf 81' lang='lat' dir='ltr'><strong>aoret</strong></span> <span class='ocrx_word' id='word_1_803' title='bbox 3003 4517 3158 4572; x_wconf 73' lang='lat' dir='ltr'><strong>regis.</strong></span> 
     </span>
     <span class='ocr_line' id='line_1_107' title="bbox 2273 4589 3805 4664; baseline -0.001 -14"><span class='ocrx_word' id='word_1_804' title='bbox 2273 4593 2403 4650; x_wconf 80' lang='lat' dir='ltr'><strong>VIII.</strong></span> <span class='ocrx_word' id='word_1_805' title='bbox 2447 4593 2615 4650; x_wconf 74' lang='lat' dir='ltr'><strong>Sacra</strong></span> <span class='ocrx_word' id='word_1_806' title='bbox 2657 4593 2824 4664; x_wconf 82' lang='lat' dir='ltr'><strong>igitur</strong></span> <span class='ocrx_word' id='word_1_807' title='bbox 2865 4592 3190 4663; x_wconf 65' lang='lat' dir='ltr'><strong>evangelicae</strong></span> <span class='ocrx_word' id='word_1_808' title='bbox 3237 4589 3584 4646; x_wconf 83' lang='lat' dir='ltr'><strong>auctoritatis</strong></span> <span class='ocrx_word' id='word_1_809' title='bbox 3615 4599 3805 4649; x_wconf 78' lang='lat' dir='ltr'><strong>narrat</strong></span> 
     </span>
    </p>
   </div>
   <div class='ocr_carea' id='block_1_107' title="bbox 2203 4679 3802 4752">
    <p class='ocr_par' dir='ltr' id='par_1_107' title="bbox 2203 4679 3802 4752">
     <span class='ocr_line' id='line_1_108' title="bbox 2203 4679 3802 4752; baseline -0.001 -10"><span class='ocrx_word' id='word_1_810' title='bbox 2203 4687 2468 4750; x_wconf 86' lang='lat' dir='ltr'><strong>historia,</strong></span> <span class='ocrx_word' id='word_1_811' title='bbox 2519 4685 2806 4740; x_wconf 89' lang='lat' dir='ltr'><strong>Dominum</strong></span> <span class='ocrx_word' id='word_1_812' title='bbox 2859 4679 3045 4738; x_wconf 86' lang='lat' dir='ltr'><strong>Jesum</strong></span> <span class='ocrx_word' id='word_1_813' title='bbox 3095 4679 3314 4737; x_wconf 76' lang='lat' dir='ltr'><strong>Jericho</strong></span> <span class='ocrx_word' id='word_1_814' title='bbox 3365 4689 3690 4752; x_wconf 81' lang='lat' dir='ltr'><strong>pergentem</strong></span> <span class='ocrx_word' id='word_1_815' title='bbox 3733 4683 3802 4740; x_wconf 72' lang='lat' dir='ltr'><strong>ad</strong></span> 
     </span>
    </p>
   </div>
   <div class='ocr_carea' id='block_1_108' title="bbox 2203 4773 3802 4860">
    <p class='ocr_par' dir='ltr' id='par_1_108' title="bbox 2203 4773 3802 4860">
     <span class='ocr_line' id='line_1_109' title="bbox 2203 4773 3802 4860; baseline -0.004 -24"><span class='ocrx_word' id='word_1_816' title='bbox 2203 4779 2570 4836; x_wconf 77' lang='lat' dir='ltr'><strong>confirmanda</strong></span> <span class='ocrx_word' id='word_1_817' title='bbox 2621 4779 2730 4860; x_wconf 62' lang='lat' dir='ltr'><strong>iisch</strong></span> <span class='ocrx_word' id='word_1_818' title='bbox 2755 4791 2866 4832; x_wconf 76' lang='lat' dir='ltr'><strong>sum</strong></span> <span class='ocrx_word' id='word_1_819' title='bbox 2901 4775 3202 4845; x_wconf 75' lang='lat' dir='ltr'><strong>maiestatis</strong></span> <span class='ocrx_word' id='word_1_820' title='bbox 3245 4773 3410 4830; x_wconf 85' lang='lat' dir='ltr'><strong>corda</strong></span> <span class='ocrx_word' id='word_1_821' title='bbox 3445 4773 3632 4846; x_wconf 88' lang='lat' dir='ltr'><strong>populi</strong></span> <span class='ocrx_word' id='word_1_822' title='bbox 3665 4789 3802 4844; x_wconf 75' lang='lat' dir='ltr'><strong>pra:-</strong></span> 
     </span>
    </p>
   </div>
   <div class='ocr_carea' id='block_1_109' title="bbox 2203 4865 3800 4936">
    <p class='ocr_par' dir='ltr' id='par_1_109' title="bbox 2203 4865 3800 4936">
     <span class='ocr_line' id='line_1_110' title="bbox 2203 4865 3800 4936; baseline -0.005 -8"><span class='ocrx_word' id='word_1_823' title='bbox 2203 4873 2390 4936; x_wconf 88' lang='lat' dir='ltr'><strong>sentis,</strong></span> <span class='ocrx_word' id='word_1_824' title='bbox 2407 4871 2622 4926; x_wconf 80' lang='lat' dir='ltr'><strong>cuidam</strong></span> <span class='ocrx_word' id='word_1_825' title='bbox 2649 4883 2795 4924; x_wconf 77' lang='lat' dir='ltr'><strong>cmco</strong></span> <span class='ocrx_word' id='word_1_826' title='bbox 2817 4869 2882 4922; x_wconf 87' lang='lat' dir='ltr'><strong>ad</strong></span> <span class='ocrx_word' id='word_1_827' title='bbox 2913 4883 2971 4922; x_wconf 89' lang='lat' dir='ltr'><strong>se</strong></span> <span class='ocrx_word' id='word_1_828' title='bbox 3001 4865 3257 4922; x_wconf 86' lang='lat' dir='ltr'><strong>clamanti</strong></span> <span class='ocrx_word' id='word_1_829' title='bbox 3285 4865 3467 4920; x_wconf 86' lang='lat' dir='ltr'><strong>lumen</strong></span> <span class='ocrx_word' id='word_1_830' title='bbox 3493 4865 3800 4920; x_wconf 79' lang='lat' dir='ltr'><strong>reddidisse</strong></span> 
     </span>
    </p>
   </div>
   <div class='ocr_carea' id='block_1_110' title="bbox 2200 4957 3802 5034">
    <p class='ocr_par' dir='ltr' id='par_1_110' title="bbox 2200 4957 3802 5034">
     <span class='ocr_line' id='line_1_111' title="bbox 2200 4957 3802 5034; baseline -0.001 -16"><span class='ocrx_word' id='word_1_831' title='bbox 2200 4963 2478 5018; x_wconf 87' lang='lat' dir='ltr'><strong>oculorum</strong></span> <span class='ocrx_word' id='word_1_832' title='bbox 2523 4961 2672 5034; x_wconf 82' lang='lat' dir='ltr'><strong>(Luc.</strong></span> <span class='ocrx_word' id='word_1_833' title='bbox 2701 4959 2908 5026; x_wconf 81' lang='lat' dir='ltr'><strong>xvm,),</strong></span> <span class='ocrx_word' id='word_1_834' title='bbox 2935 4967 2996 5014; x_wconf 89' lang='lat' dir='ltr'><strong>ut</strong></span> <span class='ocrx_word' id='word_1_835' title='bbox 3023 4975 3122 5030; x_wconf 89' lang='lat' dir='ltr'><strong>per</strong></span> <span class='ocrx_word' id='word_1_836' title='bbox 3151 4959 3436 5030; x_wconf 81' lang='lat' dir='ltr'><strong>corporale</strong></span> <span class='ocrx_word' id='word_1_837' title='bbox 3459 4957 3626 5014; x_wconf 88' lang='lat' dir='ltr'><strong>unius</strong></span> <span class='ocrx_word' id='word_1_838' title='bbox 3655 4961 3802 5016; x_wconf 75' lang='lat' dir='ltr'><strong>illius</strong></span> 
     </span>
    </p>
   </div>
   <div class='ocr_carea' id='block_1_111' title="bbox 2203 5051 3802 5134">
    <p class='ocr_par' dir='ltr' id='par_1_111' title="bbox 2203 5051 3802 5134">
     <span class='ocr_line' id='line_1_112' title="bbox 2203 5051 3802 5134; baseline -0.004 -22"><span class='ocrx_word' id='word_1_839' title='bbox 2203 5057 2364 5134; x_wconf 77' lang='lat'><strong>166</strong></span> <span class='ocrx_word' id='word_1_840' title='bbox 2395 5057 2524 5112; x_wconf 67' lang='lat' dir='ltr'><strong>caici</strong></span> <span class='ocrx_word' id='word_1_841' title='bbox 2573 5055 2754 5110; x_wconf 89' lang='lat' dir='ltr'><strong>lumen</strong></span> <span class='ocrx_word' id='word_1_842' title='bbox 2793 5051 3150 5126; x_wconf 84' lang='lat' dir='ltr'><strong>spiritualite&#39;r</strong></span> <span class='ocrx_word' id='word_1_843' title='bbox 3194 5053 3486 5108; x_wconf 88' lang='lat' dir='ltr'><strong>multorum</strong></span> <span class='ocrx_word' id='word_1_844' title='bbox 3517 5053 3802 5116; x_wconf 79' lang='lat' dir='ltr'><strong>illumina-</strong></span> 
     </span>
    </p>
   </div>
   <div class='ocr_carea' id='block_1_112' title="bbox 2197 5205 3804 5280">
    <p class='ocr_par' dir='ltr' id='par_1_112' title="bbox 2197 5205 3804 5280">
     <span class='ocr_line' id='line_1_113' title="bbox 2197 5205 3804 5280; baseline -0.004 -12"><span class='ocrx_word' id='word_1_845' title='bbox 2197 5225 2298 5268; x_wconf 84' lang='lat' dir='ltr'><strong>nos</strong></span> <span class='ocrx_word' id='word_1_846' title='bbox 2325 5209 2498 5266; x_wconf 86' lang='lat' dir='ltr'><strong>victos</strong></span> <span class='ocrx_word' id='word_1_847' title='bbox 2539 5207 2707 5264; x_wconf 80' lang='lat' dir='ltr'><strong>fuisse</strong></span> <span class='ocrx_word' id='word_1_848' title='bbox 2751 5207 2898 5263; x_wconf 77' lang='lat' dir='ltr'><strong>circa</strong></span> <span class='ocrx_word' id='word_1_849' title='bbox 2935 5205 3378 5280; x_wconf 77' lang='lat' dir='ltr'><strong>Argentoratum.</strong></span> <span class='ocrx_word' id='word_1_850' title='bbox 3427 5206 3552 5264; x_wconf 72' lang='grc' dir='ltr'><strong>νεά.</strong></span> <span class='ocrx_word' id='word_1_851' title='bbox 3581 5205 3804 5262; x_wconf 71' lang='lat' dir='ltr'><strong>Bonan-</strong></span> 
     </span>
    </p>
   </div>
   <div class='ocr_carea' id='block_1_113' title="bbox 2193 5281 2804 5342">
    <p class='ocr_par' dir='ltr' id='par_1_113' title="bbox 2193 5281 2804 5342">
     <span class='ocr_line' id='line_1_114' title="bbox 2193 5281 2804 5342; baseline -0.003 -6"><span class='ocrx_word' id='word_1_852' title='bbox 2193 5283 2326 5342; x_wconf 73' lang='lat' dir='ltr'><strong>dum</strong></span> <span class='ocrx_word' id='word_1_853' title='bbox 2355 5281 2412 5336; x_wconf 86' lang='lat' dir='ltr'><strong>in</strong></span> <span class='ocrx_word' id='word_1_854' title='bbox 2439 5281 2584 5336; x_wconf 86' lang='lat' dir='ltr'><strong>hunc</strong></span> <span class='ocrx_word' id='word_1_855' title='bbox 2605 5281 2804 5336; x_wconf 86' lang='lat' dir='ltr'><strong>locum.</strong></span> 
     </span>
    </p>
   </div>
   <div class='ocr_carea' id='block_1_114' title="bbox 2269 5345 3800 5416">
    <p class='ocr_par' dir='ltr' id='par_1_114' title="bbox 2269 5345 3800 5416">
     <span class='ocr_line' id='line_1_115' title="bbox 2269 5345 3800 5416; baseline -0.001 -12"><span class='ocrx_word' id='word_1_856' title='bbox 2269 5363 2291 5390; x_wconf 79' lang='grc' dir='ltr'>ο</span> <span class='ocrx_word' id='word_1_857' title='bbox 2335 5349 2614 5406; x_wconf 72' lang='grc' dir='ltr'><strong>ϐιοτὶίίίεη.</strong></span> <span class='ocrx_word' id='word_1_858' title='bbox 2651 5352 2706 5406; x_wconf 79' lang='lat' dir='ltr'><strong>S.</strong></span> <span class='ocrx_word' id='word_1_859' title='bbox 2741 5349 3002 5414; x_wconf 79' lang='lat' dir='ltr'><strong>Clotiliis,</strong></span> <span class='ocrx_word' id='word_1_860' title='bbox 3027 5349 3152 5404; x_wconf 87' lang='lat' dir='ltr'><strong>aliis</strong></span> <span class='ocrx_word' id='word_1_861' title='bbox 3175 5345 3480 5414; x_wconf 86' lang='lat' dir='ltr'><strong>Cblotildis,</strong></span> <span class='ocrx_word' id='word_1_862' title='bbox 3511 5345 3800 5416; x_wconf 86' lang='lat' dir='ltr'><strong>Crotiidis,</strong></span> 
     </span>
    </p>
   </div>
   <div class='ocr_carea' id='block_1_115' title="bbox 2193 5419 3445 5488">
    <p class='ocr_par' dir='ltr' id='par_1_115' title="bbox 2193 5419 3445 5488">
     <span class='ocr_line' id='line_1_116' title="bbox 2193 5419 3445 5488; baseline -0.003 -10"><span class='ocrx_word' id='word_1_863' title='bbox 2193 5423 2414 5488; x_wconf 85' lang='lat' dir='ltr'><strong>Hlotild,</strong></span> <span class='ocrx_word' id='word_1_864' title='bbox 2434 5423 2660 5484; x_wconf 83' lang='lat' dir='ltr'><strong>Rothilt,</strong></span> <span class='ocrx_word' id='word_1_865' title='bbox 2681 5423 2966 5486; x_wconf 74' lang='lat' dir='ltr'><strong>liothildis,</strong></span> <span class='ocrx_word' id='word_1_866' title='bbox 2998 5423 3196 5480; x_wconf 82' lang='lat' dir='ltr'><strong>colitur</strong></span> <span class='ocrx_word' id='word_1_867' title='bbox 3224 5421 3258 5476; x_wconf 77' lang='grc'>5</span> <span class='ocrx_word' id='word_1_868' title='bbox 3279 5419 3445 5475; x_wconf 82' lang='lat' dir='ltr'><strong>Junii.</strong></span> 
     </span>
    </p>
   </div>
   <div class='ocr_carea' id='block_1_116' title="bbox 2261 5491 3808 5564">
    <p class='ocr_par' dir='ltr' id='par_1_116' title="bbox 2261 5491 3808 5564">
     <span class='ocr_line' id='line_1_117' title="bbox 2261 5491 3808 5564; baseline 0.002 -20"><span class='ocrx_word' id='word_1_869' title='bbox 2261 5495 2288 5534; x_wconf 80' lang='grc' dir='ltr'><strong>ιι</strong></span> <span class='ocrx_word' id='word_1_870' title='bbox 2337 5493 2484 5548; x_wconf 69' lang='lat' dir='ltr'><strong>Venit</strong></span> <span class='ocrx_word' id='word_1_871' title='bbox 2509 5495 2578 5547; x_wconf 79' lang='lat' dir='ltr'><strong>ad</strong></span> <span class='ocrx_word' id='word_1_872' title='bbox 2609 5493 2816 5548; x_wconf 67' lang='lat' dir='ltr'><strong>Talium</strong></span> <span class='ocrx_word' id='word_1_873' title='bbox 2849 5493 3115 5564; x_wconf 76' lang='lat' dir='ltr'><strong>oppidum.</strong></span> <span class='ocrx_word' id='word_1_874' title='bbox 3171 5491 3382 5546; x_wconf 73' lang='lat' dir='ltr'><strong>Tullum</strong></span> <span class='ocrx_word' id='word_1_875' title='bbox 3413 5491 3544 5564; x_wconf 54' lang='lat' dir='ltr'><strong>urbs</strong></span> <span class='ocrx_word' id='word_1_876' title='bbox 3569 5497 3660 5564; x_wconf 82' lang='lat' dir='ltr'><strong>est</strong></span> <span class='ocrx_word' id='word_1_877' title='bbox 3685 5491 3808 5564; x_wconf 83' lang='lat' dir='ltr'><strong>epi-</strong></span> 
     </span>
    </p>
   </div>
   <div class='ocr_carea' id='block_1_117' title="bbox 2192 5559 3804 5644">
    <p class='ocr_par' dir='ltr' id='par_1_117' title="bbox 2192 5559 3804 5644">
     <span class='ocr_line' id='line_1_118' title="bbox 2192 5559 3804 5644; baseline -0.002 -24"><span class='ocrx_word' id='word_1_878' title='bbox 2192 5565 2422 5644; x_wconf 81' lang='lat' dir='ltr'><strong>sc0pal_is</strong></span> <span class='ocrx_word' id='word_1_879' title='bbox 2471 5567 2538 5620; x_wconf 86' lang='lat' dir='ltr'><strong>ad</strong></span> <span class='ocrx_word' id='word_1_880' title='bbox 2585 5559 2888 5644; x_wconf 52' lang='lat' dir='ltr'><strong>illusi-llam,</strong></span> <span class='ocrx_word' id='word_1_881' title='bbox 2915 5559 3025 5644; x_wconf 66' lang='lat' dir='ltr'><strong>ubi</strong></span> <span class='ocrx_word' id='word_1_882' title='bbox 3059 5579 3160 5644; x_wconf 53' lang='lat' dir='ltr'><strong>res</strong></span> <span class='ocrx_word' id='word_1_883' title='bbox 3197 5571 3442 5644; x_wconf 72' lang='lat' dir='ltr'><strong>sanctum</strong></span> <span class='ocrx_word' id='word_1_884' title='bbox 3485 5559 3804 5644; x_wconf 38' lang='lat' dir='ltr'><strong>industrie:</strong></span> 
     </span>
    </p>
   </div>
   <div class='ocr_carea' id='block_1_118' title="bbox 2191 5633 3804 5708">
    <p class='ocr_par' dir='ltr' id='par_1_118' title="bbox 2191 5633 3804 5708">
     <span class='ocr_line' id='line_1_119' title="bbox 2191 5633 3804 5708; baseline -0.002 -16"><span class='ocrx_word' id='word_1_885' title='bbox 2191 5633 2431 5708; x_wconf 78' lang='lat' dir='ltr'><strong>agnovit,</strong></span> <span class='ocrx_word' id='word_1_886' title='bbox 2465 5637 2835 5708; x_wconf 74' lang='lat' dir='ltr'><strong>comitemque</strong></span> <span class='ocrx_word' id='word_1_887' title='bbox 2855 5635 2936 5689; x_wconf 90' lang='lat' dir='ltr'><strong>sui</strong></span> <span class='ocrx_word' id='word_1_888' title='bbox 2960 5635 3191 5692; x_wconf 84' lang='lat' dir='ltr'><strong>adscivit</strong></span> <span class='ocrx_word' id='word_1_889' title='bbox 3217 5633 3450 5700; x_wconf 80' lang='lat' dir='ltr'><strong>itineris,</strong></span> <span class='ocrx_word' id='word_1_890' title='bbox 3485 5633 3672 5708; x_wconf 82' lang='lat' dir='ltr'><strong>inquit</strong></span> <span class='ocrx_word' id='word_1_891' title='bbox 3701 5633 3804 5692; x_wconf 69' lang='lat' dir='ltr'><strong>Ai-</strong></span> 
     </span>
    </p>
   </div>
   <div class='ocr_carea' id='block_1_119' title="bbox 2191 5707 2872 5780">
    <p class='ocr_par' dir='ltr' id='par_1_119' title="bbox 2191 5707 2872 5780">
     <span class='ocr_line' id='line_1_120' title="bbox 2191 5707 2872 5780; baseline -0.009 -14"><span class='ocrx_word' id='word_1_892' title='bbox 2191 5707 2406 5766; x_wconf 75' lang='lat' dir='ltr'><strong>uioinus</strong></span> <span class='ocrx_word' id='word_1_893' title='bbox 2431 5709 2524 5764; x_wconf 87' lang='lat' dir='ltr'><strong>lib.</strong></span> <span class='ocrx_word' id='word_1_894' title='bbox 2563 5725 2604 5774; x_wconf 86' lang='grc' dir='ltr'><strong>ι,</strong></span> <span class='ocrx_word' id='word_1_895' title='bbox 2637 5723 2754 5780; x_wconf 85' lang='lat' dir='ltr'><strong>cap.</strong></span> <span class='ocrx_word' id='word_1_896' title='bbox 2785 5707 2872 5762; x_wconf 80' lang='lat' dir='ltr'><strong>i6.</strong></span> 
     </span>
    </p>
   </div>
  </div>
