4044 6340
345 362 450 421 669

1319 351 1905 413 HAGIOGRAPHICA.
1947 385 2020 399 -
2053 352 2216 414 VITA
2255 359 2314 418 S.
2359 359 2676 421 VEDASTI.

3520 373 3624 433 670

345 487 534 545 rentur
561 486 800 556 pectora.
831 473 911 530 lta
937 483 994 530 et
1013 483 1233 538 sanctus
1254 471 1536 540 Vedastus,
1568 471 1678 528 Deo
1707 461 1925 530 Christo
1953 479 2001 536 Α
2030 473 2341 534 ablueretur
2381 480 2548 546 fonte.
2607 481 2740 544 Cum
2773 499 2881 558 quo
2907 485 3199 562 aliquantis
3243 499 3489 550 moratus
3536 499 3623 550 est

345 571 594 636 denante,
643 582 741 652 per
790 565 1070 646 cujusdam
1107 565 1554 632 illuminationem
1582 567 1732 640 cmci,
1770 565 1932 622 ﬁdem

343 679 508 738 quam
548 663 715 726 verbo
759 662 1112 735 praedicavit,
1161 661 1215 716 in
1260 662 1426 718 corde
1475 661 1618 734 regis
1666 662 1932 718 miraculo

343 759 686 818 confirmavit
711 775 724 813 :
749 765 808 810 ut
838 772 934 812 rex
965 757 1076 838 ipse
1119 754 1478 828 intelligeret,
1511 765 1621 810 tam
1663 753 1764 810 sibi
1812 771 1932 812 esse

343 853 710 916 necessarium
759 852 937 908 cordis
986 849 1200 915 lumen,
1251 865 1412 920 quam
1459 865 1603 905 caeco
1647 849 1928 914 oculorum

342 941 759 1000 illustrationem
783 958 800 1006 ;
825 952 878 997 et
900 943 1042 1014 quod
1073 942 1252 997 divina
1275 951 1496 1012 operata
1524 954 1605 998 est
1631 943 1805 1013 gratia
1832 958 1931 1012 per

341 1055 534 1111 preces
585 1039 766 1092 famuli
804 1039 886 1092 sui
928 1037 980 1092 in
1019 1037 1192 1093 oculis
1237 1052 1376 1092 caaca
1411 1045 1565 1102 nocte
1609 1035 1924 1106 castigatis;

341 1130 447 1187 hoc
472 1147 569 1201 per
597 1145 874 1188 sermones
918 1130 1158 1201 ejusdem
1205 1128 1412 1193 famuli,
1451 1129 1636 1194 eadem
1670 1137 1929 1204 operante

341 1223 602 1293 potentia,
644 1237 738 1294 per
767 1220 1061 1298 spiritualis
1094 1221 1501 1291 intelligentiam
1553 1220 1688 1286 lucis
1731 1221 1784 1274 in
1829 1235 1928 1274 suo

339 1323 560 1383 pectore
599 1312 968 1382 perficeretur.
1014 1311 1146 1366 Nam
1198 1310 1371 1382 [dum]
1418 1311 1563 1381 regia
1605 1307 1927 1365 excellentia

339 1406 608 1475 condigno
655 1405 912 1460 comitatu
945 1420 1066 1458 cum
1111 1403 1457 1463 multitudine
1504 1402 1737 1464 maxima
1773 1399 1925 1472 [iret]

336 1495 543 1566 p0puli,
579 1496 680 1550 iter
728 1495 1010 1565 agentibus
1058 1493 1162 1549 illis
1187 1535 1200 1560 ,
1233 1501 1496 1556 venerunt
1536 1493 1589 1546 in
1636 1492 1928 1562 quemdam

336 1601 556 1656 pagum,
585 1585 674 1654 qui
701 1585 996 1639 incolarum
1029 1591 1184 1646 terrte
1208 1584 1349 1639 illius
1369 1583 1758 1644 consuetudine
1782 1583 1928 1638 Vun-

335 1677 451 1746 gise
481 1688 504 1716 α
534 1692 703 1748 pagus
725 1677 937 1734 dicitur.
965 1691 1132 1747 prope
1156 1675 1500 1745 Reguliacam
1527 1675 1554 1714 ιι
1580 1673 1780 1736 villam,
1807 1685 1928 1742 quae

334 1769 435 1832 sita
485 1778 571 1822 est
617 1782 778 1837 super
825 1767 1103 1836 ﬂorigeras
1151 1765 1353 1818 Axona:
1395 1763 1632 1818 fluminis
1662 1764 1824 1832 ripas.
1859 1760 1928 1815 Et

2035 570 2244 638 diebus,
2278 581 2339 628 ut
2371 577 2753 642 ecclesiasticis
2783 579 3122 638 satisfaceret
3148 584 3538 651 sanctionibus,
3567 593 3626 642 et

2033 663 2369 752 painiteutiae
2398 669 2693 724 secundum
2723 671 3075 741 apostolicum
3117 687 3443 748 praeceptum
3472 677 3626 748 prius

2034 752 2346 809 ablueretur
2397 756 2672 828 lacrymis,
2707 762 2919 818 dicente
2970 765 3128 820 beato
3171 763 3330 821 Petro
3373 769 3624 840 principe

2034 845 2400 924 apostolorum
2427 866 2438 899 :
2468 846 2837 912 Pwnitentiam
2866 857 3024 932 agite,
3059 871 3104 911 et
3145 857 3434 932 baptizatur
3461 879 3624 918 unus-

2031 937 2247 1008 quisque
2274 950 2494 993 vestrum
2523 943 2576 995 in
2603 944 2810 997 nomine
2848 944 2976 1008 Jesu
3010 946 3203 1004 Christi
3228 951 3362 1022 (Act.
3394 968 3454 1014 ιι,
3488 952 3577 1024 58)
3604 969 3619 1008 :

2032 1037 2087 1084 et
2119 1027 2243 1100 [sic]
2275 1030 2325 1082 in
2355 1033 2572 1086 nomine
2598 1043 2799 1089 sancta:
2819 1036 3098 1094 Trinitatis
3123 1038 3360 1095 caelestis
3379 1042 3625 1114 mysterii

2032 1119 2297 1200 baptisma
2346 1123 2662 1194 susciperet.
2736 1123 2926 1182 Sciens
2971 1144 3099 1184 vero
3148 1130 3340 1190 beatus
3381 1131 3625 1203 pontifex

2032 1212 2332 1292 apostolum
2363 1214 2539 1268 dicere
2567 1216 2791 1271 Paulum
2820 1237 2832 1272 :
2859 1217 3049 1274 Omnia
3082 1231 3249 1276 vestra
3273 1227 3485 1278 honeste
3506 1240 3625 1277 cum

2034 1301 2216 1364 ordine
2244 1302 2374 1370 ﬁant
2411 1303 2462 1374 (Ι
2489 1302 2610 1358 Cor.
2643 1323 2756 1372 xlv,
2786 1307 2912 1374 40):
2941 1311 3129 1363 statuit
3155 1309 3286 1382 [ΑΙ.,
3321 1311 3621 1386 constituit]

2034 1392 2174 1448 diem
2210 1393 2259 1460 δ,
2293 1411 2400 1468 quo
2443 1411 2537 1449 rex
2583 1397 2866 1454 ccci-siam
2913 1400 3143 1454 intraret
3181 1402 3247 1456 ad
3278 1403 3622 1474 sdscipienda

2034 1483 2228 1540 divinae
2270 1487 2487 1556 pietatis
2517 1501 2876 1544 sacramenta.
2923 1491 3090 1558 Quale
3133 1491 3231 1546 fuit
3265 1502 3392 1548 tunc
3421 1495 3624 1550 sanctis

2033 1576 2125 1632 Dei
2155 1579 2433 1649 gaudium,
2459 1579 2634 1652 qualis
2663 1581 2714 1635 in
2743 1582 2981 1638 Ecclesia
3023 1585 3225 1639 Christi
3257 1584 3467 1652 laetitia,
3497 1603 3621 1640 cum

2032 1669 2276 1724 viderent
2327 1686 2504 1741 regem
2557 1671 2748 1727 Ninive
2794 1674 2858 1728 ad
2911 1675 3527 1744 prmdieatiouemlonm
3558 1677 3624 1732 de

2035 1759 2169 1814 'solio
2199 1758 2497 1828 maiestatis
2518 1778 2627 1817 suae
2655 1764 3023 1832 descendisse,
3047 1778 3101 1821 et
3131 1768 3184 1820 in
3215 1769 3396 1823 cinere
3423 1770 3627 1824 sedisse

334 1873 460 1914 ecce
507 1858 750 1928 ejusdem
785 1857 1022 1911 ﬂuminis
1051 1867 1271 1926 pontem
1302 1870 1426 1926 rege
1461 1862 1772 1908 transeunte
1802 1868 1924 1907 cum
1962 1839 2005 1900 Β
2033 1853 2384 1923 paenitentiae,
2414 1863 2469 1909 et
2501 1857 2598 1910 sub
2643 1857 2729 1928 pia
2775 1857 2870 1912 Dei
2923 1860 3220 1914 sacerdotis
3245 1859 3470 1916 dextera
3515 1877 3628 1918 suae

331 1949 679 2004 multitudine
713 1947 912 2018 populi,
937 1947 1176 2001 obviavit
1205 1947 1279 2000 illi
1309 1961 1485 2008 caecus
1515 1945 1735 2016 quidam
1766 1943 1927 2012 bujus

332 2039 637 2094 diutissime
685 2039 878 2093 solaris
930 2039 1126 2106 expers
1177 2036 1446 2091 luminis:
1487 2037 1625 2091 forte
1676 2052 1776 2092 nec
1828 2053 1927 2091 sua

333 2139 568 2185 emeatus
616 2128 791 2199 culpa,
821 2129 915 2182 sed
944 2138 1003 2182 ut
1030 2127 1512 2183 manifestarentur
1541 2143 1705 2198 opera
1739 2129 1830 2181 Dei
1871 2127 1925 2182 in

333 2223 448 2287 illo,
479 2232 532 2278 et
577 2239 674 2294 per
723 2223 868 2276 illius
915 2221 1363 2276 illuminationem
1394 2229 1716 2291 prmsentem
1753 2220 1924 2290 pluri-

332 2333 546 2375 morum
593 2318 1030 2376 illuminarentur
1065 2317 1226 2371 corda
1266 2312 1640 2384 spiritualiter.
1667 2314 1767 2380 Qui
1801 2329 1925 2368 cum

331 2411 688 2468 intellexisset
727 2426 755 2464 a
799 2409 1274 2482 praetereuntibus,
1326 2417 1572 2470 sanctum
1631 2405 1925 2461 Vedastum

333 2499 534 2564 Christi
565 2517 779 2562 servum
804 2500 854 2556 in
885 2500 1073 2555 eodem
1100 2500 1202 2555 iter
1227 2509 1388 2569 agere
1413 2499 1694 2562 comitatu,
1723 2497 1926 2562 clama-

334 2592 416 2650 vit
440 2612 452 2648 :
479 2591 676 2648 Sancte
706 2599 760 2647 et
787 2591 958 2650 electe
985 2591 1096 2644 Deo
1126 2589 1357 2645 Veiaste
1376 2630 1389 2653 ,
1422 2589 1680 2642 miserere
1713 2587 1840 2652 mei,
1870 2595 1926 2641 et

334 2699 627 2756 supernam
661 2685 748 2760 pio
769 2691 988 2764 pectore
1013 2682 1325 2751 diligentius
1354 2681 1584 2752 deposce
1600 2680 1924 2748 potentiam,

332 2787 396 2833 ut
439 2793 570 2832 mea:
613 2775 898 2839 subveniat
941 2773 1194 2832 miseriae.
1245 2772 1362 2827 Non
1394 2786 1586 2826 aurum
1617 2785 1798 2839 posco,
1827 2784 1926 2823 nec

334 2877 644 2942 argentum,
677 2870 769 2924 sed
811 2876 869 2922 ut
917 2867 1050 2922 mibi
1099 2867 1278 2921 lumen
1327 2881 1426 2935 per
1471 2865 1775 2919 sanctitatis
1823 2872 1928 2920 tute

332 2978 526 3036 preces
557 2963 806 3020 restituat
834 2959 1135 3017 oculorum.
1171 2957 1352 3014 Sensit
1375 2959 1554 3030 itaque
1579 2959 1664 3012 vir
1695 2957 1789 3018 Dei
1818 2958 1928 3011 vir—

336 3062 508 3110 tutem
540 3053 640 3110 sibi
674 3055 866 3108 adesse
895 3068 1186 3125 supernam
1217 3071 1229 3106 :
1255 3067 1360 3106 non
1387 3053 1456 3106 ob
1489 3051 1632 3106 i-llius
1657 3051 1783 3104 cmci
1809 3057 1928 3103 tan-

333 3145 635 3210 tummodo,
651 3145 743 3200 sed
764 3143 885 3215 plus
905 3153 1125 3220 propter
1140 3143 1424 3214 praesentis
1445 3141 1626 3212 populi
1643 3139 1778 3212 [Al..
1795 3154 1928 3212 prae-

335 3241 506 3298 sentis
552 3237 758 3311 saeculi]
803 3237 1062 3302 salutem,
1097 3244 1266 3290 totum
1315 3250 1372 3289 se
1402 3235 1456 3288 in
1501 3248 1686 3288 sacras
1735 3230 1926 3286 eil'udit

331 3347 544 3410 preces,
577 3332 631 3386 in
673 3331 855 3386 divina
905 3330 1075 3385 fidens
1123 3328 1342 3410 pietate.
1375 3335 1430 3382 et
1472 3327 1750 3390 dexteram
1800 3339 1925 3380 cum

335 3424 490 3495 signo
520 3424 696 3478 crucis
738 3422 918 3498 posuit
960 3437 1124 3498 super
1167 3419 1352 3478 oculos
1393 3419 1542 3482 caeci,
1573 3419 1795 3474 dicens:
1822 3414 1926 3476 Do-

334 3517 479 3570 mine
506 3513 656 3572 Jesu.
689 3514 780 3592 qui
809 3529 868 3568 es
896 3513 1073 3566 lumen
1101 3526 1309 3575 verum,
1333 3509 1424 3588 qui
1452 3507 1709 3590 aperuisti
1739 3506 1925 3562 oculos

334 3609 461 3666 caeci
491 3607 650 3690 [nati]
678 3608 745 3662 ad
779 3615 830 3662 te
859 3605 1163 3671 clamantis,
1192 3604 1338 3676 aperi
1366 3602 1552 3657 oculos
1582 3609 1636 3654 et
1667 3599 1840 3653 iStius.
1866 3603 1927 3650 ut

334 3701 596 3773 intelligat
619 3699 844 3778 populus
867 3697 1246 3768 isteprmsens,
1275 3695 1401 3766 quia
1428 3705 1482 3748 tu
1506 3709 1564 3747 es
1587 3691 1727 3745 Deus
1755 3689 1922 3756 solus,

333 3791 541 3850 l'aciens
570 3789 838 3845 mirabilia
865 3790 918 3844 in
944 3788 1082 3846 cmlo
1110 3797 1164 3842 et
1195 3787 1247 3842 in
1277 3797 1444 3840 terra.
1478 3783 1598 3846 Mox
1631 3781 1719 3838 ille
1749 3795 1925 3835 ancus

331 3887 538 3942 lumine
562 3893 794 3955 recepto,
820 3883 1061 3956 gaudens
1091 3879 1332 3954 perrexit
1362 3879 1505 3938 viam
1537 3892 1709 3930 suam.
1737 3873 1795 3928 In
1817 3889 1924 3950 quo

331 3979 454 4036 loco
485 3990 726 4050 tempore
756 3976 999 4048 sequenti
1037 3991 1067 4028 a
1097 3973 1361 4043 religiosis
1392 3969 1520 4025 viris
1549 3966 1811 4022 :edilicata
1843 3972 1926 4020 est

334 4071 565 4126 ecclesia
593 4071 645 4124 in
681 4067 1044 4123 testimonium
1073 4061 1320 4118 miraculi
1345 4061 1520 4124 istius,
1547 4060 1598 4112 in
1630 4073 1732 4126 qua
1763 4069 1924 4109 oran-

335 4164 480 4220 tibus
507 4171 561 4217 et
586 4159 932 4220 credentibus
955 4172 1123 4226 usque
1147 4155 1307 4210 hodie
1331 4165 1351 4191 ο
1380 4150 1641 4208 beneficia
1666 4157 1928 4220 praestari.

335 4269 427 4315 tur
458 4258 659 4312 divina.

404 4349 498 4416 ιχ.
538 4347 708 4422 Igitur
743 4362 835 4401 rex
863 4362 893 4402 a
920 4343 1040 4404 viro
1067 4341 1162 4397 Dei
1193 4337 1516 4412 evangelicis
1543 4335 1786 4414 apprime
1825 4333 1924 4388 im-

332 4447 500 4508 butus
543 4424 823 4506 doctrinis,
855 4446 908 4502 et
953 4437 1055 4492 hoc
1106 4432 1358 4508 prresenti
1407 4426 1668 4484 miraculo
1715 4428 1773 4508 in
1819 4423 1922 4490 fide

334 4502 568 4598 iirmiter
593 4502 950 4600 confortatus,
976 4529 1050 4584 nil
1074 4502 1317 4584 moratus
1343 4525 1396 4579 in
1427 4523 1532 4588 via,
1564 4521 1638 4576 nil
1668 4502 1920 4576 dubitans
1951 4547 2001 4620 Β

331 4632 388 4692 in
421 4629 546 4696 ﬁde,
575 4627 668 4682 sed
697 4641 888 4697 magna
933 4621 1210 4680 alacritate
1248 4617 1443 4682 animi,
1473 4630 1668 4686 magna
1701 4611 1923 4667 festina-

335 4726 482 4781 tione
529 4722 760 4786 itineris,
807 4717 1206 4774 sanctissimum
1254 4710 1566 4786 pontificem
1615 4707 1921 4778 Remigium

332 4815 523 4870 videre
555 4810 882 4886 properavit,
916 4815 974 4866 ut
1015 4806 1156 4867 illius
1182 4802 1551 4866 sacratissimo
1593 4797 1920 4862 minis:erio,

335 4903 541 4978 Spiritu
568 4910 755 4968 sancto
778 4908 1058 4971 operante,
1084 4897 1136 4951 in
1168 4895 1544 4950 remissionem
1573 4899 1921 4962 peccatorum

330 5005 390 5058 et
440 5011 594 5066 spem
645 4992 772 5054 vitae
825 4999 1058 5056 aeternae,
1105 4983 1351 5042 catholici
1404 4983 1743 5054 baptismatis
1797 4982 1921 5036 vivo

407 5124 433 5150 υ
483 5108 707 5179 Vangise
731 5123 918 5177 pagus,
955 5104 1094 5179 Alibi
1124 5102 1320 5179 tegitur
1372 5097 1613 5179 Vongise.
1652 5095 1916 5179 ιζυηρίετίδ

329 5165 625 5254 pagus];
649 5165 925 5254 itiner-prio
949 5165 1205 5254 Antonini
1225 5169 1451 5254 Kgnqtts
1481 5165 1640 5250 ciens:
1673 5165 1731 5254 in
1750 5165 1918 5254 iCﬁapi-

335 5239 501 5307 iurari
525 5250 701 5306 Caroli
731 5239 877 5302 Calvi
902 5259 931 5300 ιι
955 5250 966 5297 1
995 5259 1192 5300 annum
1225 5241 1328 5296 855
1355 5239 1479 5294 dum
1521 5239 1640 5309 pagi
1665 5252 1760 5307 per
1782 5239 1914 5291 mis:-

329 5324 538 5378 saticos
565 5320 792 5376 ordinati
825 5317 1232 5377 describuntur,
1273 5310 1512 5366 Vanziso.
1562 5311 1617 5363 ln
1649 5320 1916 5379 praecepto

329 5377 594 5450 Ludovici
621 5407 718 5462 pro
743 5389 980 5446 Ecclesia
1011 5384 1318 5462 Bigemnnsi.
1343 5391 1572 5462 castrum
1613 5377 1880 5462 Vonzense
1895 5396 1915 5444 ;

221 5535 234 5546 .
331 5471 392 5546 ςξ
441 5465 580 5538 apud
621 5451 986 5546 Flozloardnm
1042 5455 1388 5546 ﬁlttttitfipil'ﬂzl
1436 5451 1710 5546 .Vongum;
1755 5451 1919 5546 fuligo

340 5521 549 5604 Vouiy,
580 5535 720 5604 quod
747 5547 886 5604 pago
909 5546 1002 5586 seu
1031 5528 1220 5583 ditioni
1246 5521 1500 5594 subjectae
1527 5535 1721 5576 nomen
1753 5521 1915 5577 dedit.

330 5604 651 5746 BotLIA’mpe
678 5671 1011 5746 Regulincam
1034 5669 1230 5746 pillgnt.
1262 5665 1404 5746 Alibi
1436 5662 1918 5746 RilugiacoaYicus

334 5758 423 5803 est
452 5747 520 5800 ad
567 5736 810 5817 rixoua'm
859 5741 1084 5817 (Aisne),
1113 5739 1249 5813 Rilly
1294 5741 1489 5806 dictus,
1521 5736 1663 5795 inter
1686 5736 1918 5793 Attinia-

335 5834 465 5878 cum
487 5828 543 5873 et
565 5815 830 5889 Vougum.

1951 3193 1998 3256 C

2034 1945 2368 2001 excellentia:
2413 1956 2576 2018 caput
2627 1948 2910 2002 bumiliare
2942 1949 3105 2019 (Jan.
3140 1950 3264 2022 ιιι).
3313 1951 3627 2024 Baptizatus

2033 2037 2215 2106 itaque
2247 2053 2336 2092 rex
2372 2053 2492 2092 cum
2541 2038 2898 2108 cptimatibus
2945 2039 3057 2096 suis
3083 2049 3136 2095 et
3164 2041 3391 2114 populo,
3421 2044 3512 2114 qui
3544 2043 3627 2098 di-

2031 2135 2154 2198 vina
2179 2135 2548 2205 praeveniente
2577 2136 2751 2204 gratia
2800 2135 3055 2200 salutaris
3092 2135 3293 2200 lavacri
3325 2137 3629 2210 gaudebant

2033 2224 2307 2293 suscipere
2339 2232 2762 2284 sacramentum.

2101 2315 2262 2396 137
2290 2315 2354 2372 X.
2387 2315 2678 2384 Utriusque
2699 2325 2755 2372 et
2781 2315 3024 2380 victoriae
3045 2332 3110 2380 ex
3139 2317 3403 2383 hostibus,
3433 2326 3488 2374 et
3503 2334 3614 2374 suae

2031 2410 2221 2474 salutis
2244 2409 2350 2464 voti
2390 2424 2630 2479 compos,
2656 2410 2722 2464 ad
2747 2419 2963 2480 sceptra
2987 2409 3138 2484 regni
3169 2411 3516 2481 gubernanda
3542 2429 3628 2472 re-

2029 2516 2220 2562 versus
2272 2509 2372 2564 est,
2424 2511 2776 2573 sanctumque
2835 2503 3124 2564 Vedastum
3178 2502 3336 2560 beato
3384 2504 3628 2575 pontiﬁci

2029 2593 2429 2655 commendavit
2455 2593 2716 2664 Remigio.
2767 2592 2869 2660 Qui
2919 2592 2991 2648 ibi
3028 2603 3294 2660 moratus,
3339 2595 3464 2652 vitae
3509 2611 3623 2660 me-

2029 2687 2152 2746 ritis
2181 2695 2236 2742 et
2255 2687 2516 2742 virtutum
2553 2685 2750 2741 claruit
2769 2685 3054 2754 exemplis,
3087 2685 3340 2746 omnibus
3379 2685 3628 2744 amabilis

2030 2789 2086 2836 et
2107 2779 2432 2838 venerabilis
2459 2778 2632 2836 factus
2655 2787 2756 2836 est.
2819 2777 2945 2839 Fuit
2995 2777 3139 2832 enim
3192 2793 3406 2836 morum
3449 2777 3624 2848 digni.

2030 2879 2143 2926 tate
2167 2871 2470 2941 religiosus,
2510 2870 2775 2926 cbaritate
2829 2870 3153 2944 pratcipuus,
3201 2869 3440 2930 fraterna
3495 2869 3627 2925 dile-

2031 2964 2209 3018 ctione
2235 2961 2524 3036 jucundus,
2565 2960 2751 3015 humili
2783 2961 2984 3034 pietate
3025 2960 3276 3024 eximius,
3315 2961 3624 3018 orationum

2031 3052 2309 3122 vigilantia
2340 3051 2612 3116 assiduus,
2663 3035 2914 3108 sermone
2949 3049 3247 3116 modestus,
3283 3064 3511 3124 corpore
3535 3065 3626 3104 ca-

2032 3154 2188 3212 stus;
2231 3143 2440 3216 jejunio
2477 3144 2690 3198 sobrius
2719 3185 2732 3208 ,
2765 3144 3088 3198 miserorum
3119 3141 3455 3212 consolator;
3511 3159 3620 3199 non

2029 3239 2097 3298 de
2130 3237 2366 3300 crastino
2401 3235 2665 3308 cogitans,
2727 3234 2818 3290 sed
2850 3250 3062 3308 semper
3097 3235 3162 3294 de
3209 3234 3303 3292 Dei
3347 3233 3624 3294 coaﬁdeus

2027 3327 2335 3392 clementia,
2351 3342 2539 3390 omnes
2566 3325 2632 3380 ad
2667 3341 2724 3380 se
2747 3325 3029 3382 venientes
3049 3333 3266 3382 :eternae
3296 3324 3417 3380 vitte
3437 3340 3627 3402 pasce-

2025 3422 2120 3484 bat
2150 3421 2423 3484 aiimento.
2502 3417 2719 3474 Nullum
2749 3419 2800 3473 in
2840 3434 2936 3473 sua
2968 3417 3301 3496 despiciebat
3352 3419 3620 3494 angustia,

2027 3514 2119 3570 sed
2147 3513 2232 3584 pie
2266 3511 2652 3568 consolationis
2683 3511 2846 3573 verbo
2897 3509 3172 3570 reficiebat
3208 3519 3452 3570 maestos.
3514 3509 3620 3564 Ne-

2026 3605 2159 3670 mini
2198 3601 2281 3660 vel
2329 3605 2495 3658 verbo
2545 3601 2747 3664 nocuit.
2797 3603 2889 3657 sed
2933 3603 3174 3658 fraterno
3203 3617 3385 3660 amore
3411 3605 3623 3658 cunctis

2026 3693 2287 3775 prodesse
2342 3693 2639 3766 satagebat.
2704 3693 2856 3752 Unde
2903 3703 2958 3748 et
2983 3709 3013 3748 a
3041 3706 3205 3766 quam
3230 3693 3476 3766 plurimis
3503 3693 3624 3749 illu-

2027 3787 2231 3844 stribus
2258 3785 2706 3858 frequentabatur
2736 3785 2884 3845 viris,
2904 3793 2958 3839 ut
2994 3784 3138 3839 illius
3158 3785 3524 3839 sacratissimo
3545 3783 3624 3839 al-

2028 3878 2227 3948 loquio,
2260 3877 2341 3930 vel
2369 3876 2420 3930 in
2453 3875 2674 3932 tristitia
2706 3875 2994 3944 cujuslibet
3028 3873 3407 3930 sollicitudinis
3441 3875 3621 3930 susci-

2026 3976 2218 4044 perent
2251 3967 2694 4032 consolationem,
2751 3967 2835 4021 vel
2865 3967 2916 4021 in
2952 3965 3208 4036 religione
3237 3967 3618 4024 ecclesiasticae

2028 4059 2432 4120 exercitationis
2453 4074 2646 4134 puram
2665 4060 2732 4114 ab
2759 4075 2823 4113 eo
2850 4059 3101 4113 audirent
3122 4057 3423 4113 veritatem.
3467 4059 3620 4116 Unde

2028 4161 2082 4208 et
2106 4152 2247 4210 illius
2277 4152 2361 4223 pia
2388 4153 2672 4206 devotione
2700 4149 2832 4223 [Al.,
2857 4151 3243 4223 admonitione]
3272 4150 3424 4205 multi
3450 4165 3478 4204 a
3507 4151 3618 4206 dia-

2027 4243 2134 4298 boli
2167 4241 2371 4312 laqueis
2399 4241 2613 4297 liberati
2637 4250 2781 4308 sunt,
2827 4249 2881 4296 et
2911 4242 3026 4296 vias
3048 4243 3170 4296 vitae
3197 4250 3493 4314 perpetua-2,
3527 4257 3618 4295 su-

2027 4353 2192 4408 perna
2206 4335 2494 4405 adiuvante
2514 4335 2734 4403 pietate,
2762 4334 2990 4404 ingressi
3015 4342 3157 4388 sunt.
3197 4333 3417 4388 Scilicet
3439 4329 3614 4397 multi,

2027 4439 2088 4485 ut
2115 4445 2278 4500 supra
2311 4429 2564 4493 diximus,
2607 4429 2677 4482 ob
2714 4427 3127 4484 celeberrimam
3188 4426 3490 4481 sanctitatis
3538 4425 3618 4480 fa-

2027 4539 2171 4578 mam
2196 4521 2454 4580 nobilium
2475 4519 2562 4574 vel
2585 4519 2940 4590 plebeiorum,
2969 4519 3144 4578 virum
3165 4519 3260 4576 Dei
3289 4517 3510 4574 visitare
3529 4531 3616 4572 so-

2026 4617 2228 4684 lebant,
2251 4623 2310 4670 ut
2335 4615 2746 4671 consolarentur
2767 4630 2865 4688 per
2878 4616 3131 4684 gratiam,
3161 4629 3280 4686 quae
3310 4613 3618 4672 abundabat

2026 4707 2080 4770 in
2103 4705 2256 4766 labiis
2278 4705 2449 4774 illius;
2482 4714 2536 4766 et
2558 4706 2679 4775 quia
2697 4719 2764 4758 ex
2790 4703 3116 4758 abundantia
3147 4703 3324 4766 cordis
3351 4719 3412 4758 os
3444 4701 3617 4772 loqui-

1994 4789 2115 4868 'tur
2139 4798 2360 4876 (Matth.
2391 4816 2490 4870 xu,
2524 4799 2636 4868 5-4),
2675 4805 2731 4852 et
2750 4797 2875 4868 quia
2913 4795 3152 4857 fraterno
3183 4805 3368 4860 amore
3425 4801 3616 4859 omnes

2025 4895 2298 4968 diligebat,
2331 4892 2580 4950 omnibus
2615 4905 2673 4944 se
2701 4885 2969 4942 affabilem
2992 4885 3300 4962 praestabat.
3369 4883 3611 4940 Aliorum

2025 4991 2253 5056 salutem
2279 5003 2435 5044 suum
2458 4992 2709 5058 reputans
2749 4981 2978 5048 lucrum,
3007 4997 3106 5042 nec
3129 4980 3419 5035 Dominicaa
3445 4979 3612 5034 talen-

2101 5114 2123 5142 ε
2165 5097 2559 5172 Usquejtodie.
2612 5094 2923 5172 Baidericus
2956 5103 3240 5172 testatur.
3288 5093 3611 5172 adhuejsuo

2027 5159 2288 5245 tempore,
2320 5169 2372 5245 id
2402 5176 2504 5245 est.
2548 5167 2743 5245 smeulo
2769 5165 2994 5245 C_hristi_
3018 5159 3304 5245 undecimo
3333 5159 3608 5245 exstitisse

2026 5235 2157 5298 eam.
2182 5241 2450 5296 erciesiam
2473 5239 2528 5294 in
2556 5237 2910 5294 testimonium
2945 5236 3149 5292 uirtutis
3175 5235 3336 5304 hujus
3364 5237 3608 5286 consm-

2025 5323 2180 5368 ctam.
2209 5313 2477 5367 Bonum).

2094 5385 2121 5426 ἀ
2163 5383 2358 5440 Statuit
2409 5384 2568 5442 diem.
2621 5400 2642 5434 ι
2679 5379 2799 5452 Quo
2834 5387 3021 5438 natum
3067 5373 3458 5452 redemptionis
3497 5386 3607 5452 suae

2024 5456 2146 5518 cmli
2172 5455 2456 5528 Dominum
2482 5441 2726 5528 mundus
2735 5452 2962 5528 accepit,
2980 5457 3035 5528 et
3053 5463 3161 5528 qlia
3179 5441 3434 5528 Qb'r'istus
3453 5449 3606 5528 prius

2023 5537 2108 5583 est
2137 5513 2357 5590 mundo,
2385 5513 2620 5597 {inquit
2666 5521 2722 5578 S.
2760 5513 2957 5597 Avlius'
2981 5513 3237 5597 in_Epist.
3271 5515 3338 5570 ad
3375 5513 3605 5597 Chlodo:

2023 5541 2108 5583 eSt
2140 5541 2357 5590 munuo,
2385 5547 2401 5576 ι
2439 5543 2492 5581 ιιι
2535 5541 2613 5580 litt
2666 5541 2722 5578 δ.
2760 5541 2950 5578 AVttus
2981 5541 3034 5574 In
3070 5541 3237 5588 bplSlu
3271 5541 3338 5570 an
3375 5541 3604 5570 unionu-

2022 5615 2178 5658 ventu
2209 5615 2407 5672 regem.
2449 5617 2466 5649 ι
2499 5541 2679 5672 (itinde,
2710 5595 2882 5672 addit
2910 5607 3008 5672 nos
3039 5590 3154 5672 jam
3184 5603 3418 5672 secuqus
3435 5584 3604 5640 vestri

2017 5645 2178 5750 ῥᾶἕὲξὲ
2207 5645 3313 5746 te?teperitfdta'iiiaabaptizatus.
3359 5645 3603 5721 BOLLAN-

2021 5759 2139 5801 DUS.
3439 5778 3444 5782 -
3475 5764 3482 5801 ς
