4044 6340
489 306 587 364 671

1330 304 1391 359 B.
1432 302 1494 359 F.
1535 303 1763 362 ALBINI
1800 303 1932 362 SEU
1971 305 2247 366 ALCUINI
2282 309 2570 370 OPERUM
2606 314 2786 372 PARS
2828 317 2887 373 γ.

3650 329 3761 388 σιξ

491 434 606 483 tum
629 420 868 494 pecuniae
897 419 1127 491 pigritiae
1151 417 1333 476 obruit
1388 418 1552 474 humo
1572 461 1587 486 ,
1623 420 1717 475 sed
1751 421 2066 491 quotidiano
2092 424 2146 486 Α
2170 426 2417 493 consilio,
2441 429 2711 486 ordinavit
2730 447 2855 487 eum
2889 433 3221 505 episcopum,
3274 448 3327 495 et
3352 442 3419 497 ad
3455 445 3759 513 praedican-

490 513 771 570 charitatis
788 513 981 568 sudore
997 511 1352 580 multiplicare
1370 512 1637 577 studebat,
1660 527 1728 567 ne
1754 529 1956 568 vacuus
1974 529 2034 569 re
2049 544 2062 554 -

489 608 739 663 veniente
775 606 1001 661 Domino
1039 620 1135 661 suo
1159 606 1212 660 in
1256 615 1559 675 conspectu,
1596 605 1739 662 illius
1786 615 2068 677 appareret

491 698 625 773 [AI.,
652 695 1023 768 inveniretur].

556 792 646 847 XI.
686 791 854 863 Igitur
885 791 1102 860 quidam
1154 790 1235 844 vir
1276 790 1472 844 nobilis
1494 798 1549 844 ct
1593 789 1877 860 religiosus
1926 790 2069 847 inter

485 883 617 937 alios
642 880 901 936 famulum
925 880 1072 934 venit
1103 879 1323 934 visitare
1350 878 1568 942 Christi,
1608 886 1668 932 ut
1693 893 1790 947 per
1815 894 1935 933 eum
1958 895 2067 935 cm-

482 976 636 1031 lestis
666 974 923 1030 doctrinae
956 975 1267 1028 reﬁceretur
1280 972 1455 1027 melle.
1503 973 1571 1026 Et
1599 973 1723 1025 dum
1751 988 1930 1027 sermo
1955 972 2068 1028 dul-

480 1067 713 1125 cissimae
767 1067 1108 1121 allocutionis
1145 1066 1196 1119 in
1228 1066 1447 1135 longum
1500 1066 1839 1132 traheretur,
1896 1075 1951 1121 et
1986 1067 2067 1123 sol

480 1159 714 1215 medium
764 1157 883 1212 coeli
938 1157 1211 1212 transiens
1237 1165 1504 1221 centrum,
1556 1165 1861 1211 crescentes
1892 1158 2066 1241 dupli-

481 1260 633 1307 caret
661 1251 899 1313 umbras,
923 1249 1139 1303 nolebat
1165 1250 1247 1302 vir
1271 1249 1363 1303 Dei
1390 1250 1655 1319 liOSpitem
1679 1264 1834 1303 suum
1863 1250 2065 1319 absque

479 1324 761 1399 charitatis
783 1341 1057 1394 dimittere
1084 1340 1299 1394 viatico.
1364 1339 1636 1392 Mandavit
1662 1348 1841 1392 autem
1876 1337 2061 1410 [Boll.,

478 1433 573 1488 sed
603 1430 899 1502 mandavit]
927 1447 1113 1499 puero,
1148 1440 1205 1485 ut
1236 1431 1279 1485 si
1305 1431 1430 1500 quid
1466 1430 1537 1484 illi
1558 1430 1905 1484 remansisset
1930 1430 2061 1496 vini,

478 1523 648 1577 charo
683 1522 873 1591 pocula
913 1530 1156 1589 portaret
1188 1522 1380 1587 :‘mico,
1421 1507 1687 1591 quatenus
1723 1522 1776 1574 in
1832 1530 2065 1591 utroque

480 1619 537 1665 et
585 1611 763 1663 anima
819 1609 1053 1664 refectus
1090 1620 1145 1665 et
1188 1627 1415 1681 corpore
1459 1610 1796 1665 confortatus
1845 1612 2063 1665 domum

477 1702 698 1757 rediret.
759 1700 863 1757 Sed
891 1712 1111 1771 propter
1144 1704 1414 1772 bOSpitum
1440 1702 1815 1772 frequentiam,
1851 1711 1905 1757 et
1959 1704 2062 1758 viri

2168 517 2292 572 dum
2315 520 2537 575 verbum
2551 522 2673 578 vitae
2699 525 2860 596 168
2880 525 3223 587 Atrebatensi
3248 549 3367 589 eum
3390 536 3589 595 direxit
3609 543 3759 611 urbi,

2166 618 2432 679 quatenus
2460 614 2685 683 populus
2708 617 2795 671 diu
2828 618 2879 672 in
2902 621 3138 691 antiquis
3170 626 3322 682 mala:
3350 636 3760 696 consuetudinis

2164 704 2442 757 erroribus
2465 705 2673 775 jacens,
2730 709 2841 765 Deo
2873 715 3169 772 auxiliante
3188 760 3202 783 ,
3238 735 3334 790 per
3365 726 3638 784 assiduam
3667 747 3761 788 sa-

2166 806 2274 846 cra:
2309 796 2707 863 praedicationis
2740 801 3069 869 instantiam,
3122 825 3220 878 per
3242 811 3387 867 illum
3414 816 3467 868 in
3493 819 3634 873 viam
3662 839 3759 879 ve.

2166 884 2343 939 ritatis
2394 895 2448 939 et
2512 890 2837 958 agnitionem
2882 896 3001 951 Filii
3060 899 3155 954 Dei
3203 903 3577 965 deduceretur.
3650 914 3757 982 Qui

2164 977 2510 1043 pontiﬁcatus
2532 982 2700 1050 gradu
2735 992 2791 1037 et
2839 989 3241 1055 praedicationis
3271 996 3445 1052 oﬁ‘icio
3480 977 3755 1073 suscepto,

2168 1070 2410 1123 concitus
2446 1074 2512 1127 ad
2539 1074 2815 1141 praefatam
2860 1079 2940 1133 ire
2982 1085 3222 1150 perrexit
3274 1089 3493 1157 urbem;
3548 1070 3653 1149 sed
3701 1070 3759 1152 in
3796 1152 3801 1155 .

2167 1164 2465 1232 auspicium
2496 1165 2689 1223 futurae
2723 1175 3098 1242 prosperitatis
3149 1187 3205 1233 ct
3226 1181 3435 1249 salutis,
3498 1185 3639 1242 Deus
3662 1205 3759 1243 cu-

2159 1252 2377 1322 jusdam
2404 1258 2654 1314 miraculi
2704 1263 3080 1323 testiﬁcatione
3111 1267 3226 1338 ejus
3262 1274 3515 1340 patefecit
3543 1280 3759 1338 civibus

2166 1344 2469 1402 introitum.

2238 1442 2371 1497 XIII.
2402 1446 2568 1516 Igitur
2594 1449 2649 1503 in
2675 1450 2786 1519 ipsa
2815 1452 3049 1509 civitatis
3092 1466 3247 1525 porta
3284 1461 3416 1515 duos
3441 1462 3631 1519 habuit
3663 1467 3763 1522 ob-

2166 1536 2309 1591 viam
2336 1539 2435 1593 sibi
2472 1556 2669 1611 egenos
2705 1552 2759 1599 et
2780 1546 3043 1611 inﬁrmos,
3070 1564 3269 1604 czecnm
3306 1554 3511 1609 scilicet
3531 1566 3584 1609 et
3608 1558 3763 1613 clau-

2166 1626 2314 1691 dum,
2363 1632 2651 1687 miserabili
2695 1651 2724 1688 a
2757 1637 2875 1691 viro
2906 1638 2999 1693 Dei
3028 1656 3160 1695 voce
3191 1644 3382 1711 stipem
3439 1645 3627 1717 [Boll.,
3660 1649 3761 1704 sti-

2166 1720 2381 1791 pendia]
2415 1724 2763 1791 postulantes.
2850 1728 2969 1783 Mox
3014 1735 3267 1789 sacerdos
3299 1735 3499 1790 Christi
3540 1739 3758 1796 illorum

476 1795 573 1849 ῧθί
595 1796 799 1867 largam
823 1812 948 1866 θνεει
975 1812 1162 1851 omnes
1186 1796 1630 1859 muniﬁcentiam,
1656 1812 1761 1851 "0"
1785 1795 1935 1850 arida
1960 1796 2060 1850 Pa"
2090 1790 2137 1849 Β
2168 1812 2460 1870 condolens
2481 1818 2712 1873 miseriae
2747 1837 2928 1876 secum
2961 1814 3230 1881 tractabat
3278 1830 3404 1898 quid
3433 1832 3539 1887 illis
3579 1834 3759 1891 solatii

475 1886 575 1940 tris
603 1887 889 1951 charitate,
925 1888 1136 1941 aridum
1164 1888 1369 1941 invenit
1400 1887 1674 1942 vasculum
1695 1930 1709 1952 ,
1764 1888 1819 1942 in
1849 1904 1956 1957 quo
1987 1889 2066 1943 vi-

478 1992 607 2032 num
644 1979 848 2033 servari
877 1978 1102 2033 solebat.
1178 1978 1296 2032 Mox
1339 1979 1529 2043 tristis,
1571 1980 1734 2033 tacito
1766 1995 2061 2046 murmure,

473 2065 577 2124 hoc
610 2070 781 2138 ipsum
814 2085 950 2139 puer
972 2070 1213 2140 paternis
1246 2070 1515 2124 intimavit
1550 2071 1790 2126 auribus.
1851 2071 1953 2138 Qui
1974 2086 2064 2127 ve-

475 2162 749 2217 recundiae
775 2161 974 2216 rubore
1000 2161 1285 2231 perfusus,
1326 2162 1606 2216 charitatis
1644 2171 1827 2218 tamen
1879 2162 2064 2219 dulce-

477 2249 602 2305 dine
628 2249 908 2304 abundans
958 2252 1139 2315 corde,
1181 2253 1236 2305 in
1281 2253 1461 2306 divina
1505 2254 1741 2306 conﬁsus
1785 2253 2060 2325 suffragia,

480 2341 681 2393 tacitus
715 2340 988 2409 paulisper
1016 2341 1127 2395 Deo
1162 2354 1353 2409 preces
1384 2339 1571 2394 effudit
1596 2381 1611 2406 ,
1676 2340 1750 2394 nil
1789 2341 1854 2396 de
1883 2342 2064 2399 divino

473 2429 730 2487 dubitans
754 2433 974 2497 auxilio,
1006 2433 1078 2486 nil
1102 2434 1167 2488 de
1194 2449 1303 2487 suae
1338 2434 1615 2503 petitionis
1640 2435 1896 2490 htcsitans
1935 2435 2065 2493 eﬁ’e—

476 2528 587 2585 ctu,
641 2530 783 2577 totus
830 2524 883 2577 in
933 2524 1049 2594 ejus
1080 2524 1308 2579 credens
1336 2524 1642 2590 clementia,
1692 2527 1783 2595 qui
1812 2527 1876 2581 de
1911 2528 2063 2583 arida

472 2622 628 2685 petra
665 2615 868 2669 sitienti
917 2616 1112 2686 populo
1169 2615 1367 2672 fontem
1423 2633 1575 2686 aquce
1624 2618 1758 2672 vivae
1810 2620 2065 2688 produxit

474 2706 671 2776 (Exod.
714 2724 852 2773 xvii;
892 2708 1054 2764 Num.
1084 2710 1208 2781 xx);
1254 2710 1338 2765 vel
1361 2713 1412 2766 in
1437 2711 1582 2767 Cana
1614 2711 1830 2767 Galilete
1866 2728 2062 2783 aquam

475 2799 529 2853 in
555 2800 817 2855 mirabilis
846 2802 956 2857 vini
980 2805 1247 2859 convertit
1266 2820 1511 2874 saporem
1539 2804 1673 2877 [Αι.,
1701 2806 1861 2860 vertit
1899 2806 1951 2859 in
1982 2806 2061 2859 vi-

473 2892 625 2964 num]
660 2891 840 2961 (Joan.
871 2897 935 2964 ιι)
957 2936 971 2959 ,
1009 2896 1144 2950 dixit
1173 2912 1369 2967 puero:
1402 2897 1548 2952 Vade
1572 2899 1625 2951 in
1660 2898 1753 2952 Dei
1786 2897 2061 2953 conﬁdens

472 2989 733 3054 bonitate,
765 2998 819 3045 et
842 2991 1198 3061 quodcunque
1232 2993 1503 3047 inveneris
1552 2993 1603 3046 in
1636 2991 1854 3047 vasculo
1879 3033 1892 3055 ,
1954 3007 2060 3046 non

472 3080 739 3134 cuncteris
771 3081 924 3135 nobis
947 3079 1159 3136 afferre.
1213 3080 1309 3148 Qui
1344 3082 1509 3145 celer,
1548 3089 1774 3151 paterno
1796 3080 2057 3134 obediens

471 3180 763 3241 prtecepto,
808 3173 1053 3227 cucurrit
1086 3184 1141 3228 et
1162 3189 1257 3228 vas
1288 3174 1412 3228 vino
1435 3175 1638 3243 optimo
1672 3173 2057 3244 superaﬁluens
2085 3149 2133 3213 (ἶ

469 3261 707 3320 invenit:
746 3265 948 3334 gratias
970 3265 1079 3320 Deo
1107 3281 1291 3336 agens,
1341 3266 1505 3320 alacri
1529 3266 1711 3320 animo
1733 3266 1967 3320 venienti
2004 3274 2061 3320 et

470 3353 590 3425 ejus
620 3357 804 3422 sociis,
838 3358 1144 3428 propinavit
1175 3358 1371 3424 amico,
1408 3359 1497 3428 qui
1536 3358 1731 3427 duplici
1775 3360 2060 3417 roboratus

473 3452 758 3519 charitate,
792 3454 1055 3508 remeavit
1079 3454 1132 3508 in
1156 3454 1390 3524 propria.
1442 3452 1547 3508 Sed
1582 3452 1811 3510 famulus
1834 3455 2058 3524 Christi,

472 3562 542 3603 ne
579 3550 734 3602 vanis
755 3546 1032 3614 iactantiae
1054 3548 1236 3602 verbis
1265 3547 1347 3601 vel
1387 3548 1660 3619 rnmigero
1703 3549 1882 3619 populi
1920 3550 2062 3606 cele-

471 3641 723 3700 braretur
770 3639 984 3703 favore,
1022 3641 1121 3694 sub
1174 3655 1364 3709 magna
1410 3640 1754 3695 attestatione
1806 3642 2063 3712 praecepit

471 3747 662 3803 puero,
691 3733 939 3787 omnibus
967 3733 1091 3786 vitae
1117 3746 1226 3785 suae
1251 3731 1439 3785 diebus
1461 3732 1565 3785 hoc
1599 3737 1777 3785 tacere
1828 3732 2063 3787 miracu-

471 3824 604 3891 lum,
638 3825 757 3895 plus
786 3825 896 3881 Deo
932 3825 1027 3881 soli
1082 3826 1327 3895 cognitus
1358 3840 1476 3880 esse
1506 3826 1731 3894 cupiens
1776 3841 1935 3893 quam
1966 3828 2064 3882 ho-

472 3918 709 3972 minibus
733 3935 747 3981 ;
776 3926 925 3972 certo
959 3915 1136 3970 sciens
1161 3917 1400 3970 omnium
1434 3931 1555 3971 esse
1586 3918 1849 3970 virtutum
1876 3933 2061 3972 veram

473 4007 527 4064 in
562 4009 863 4063 humilitate
885 4009 1204 4072 custodiam,
1238 4016 1294 4063 et
1323 4010 1465 4064 hanc
1491 4024 1611 4063 esse
1639 4025 1758 4079 quae
1780 4011 2063 4067 charitatis

474 4101 729 4171 gradibus
752 4100 1014 4155 altissima
1038 4101 1159 4156 cmli
1185 4116 1348 4171 regna
1371 4101 1697 4157 conscendat
1726 4100 1911 4173 [Boll.,
1938 4117 2064 4159 con-

473 4192 728 4265 scendit],
748 4194 860 4262 ipsa
886 4192 1098 4248 dicente
1114 4194 1385 4247 Veritate:
1417 4191 1600 4248 Omnis
1616 4193 1703 4264 qui
1723 4210 1777 4248 se
1796 4193 2057 4261 humiliat,

472 4282 791 4337 exaltabitur
816 4282 1031 4353 (Matth.
1056 4300 1215 4348 xxnr,
1245 4284 1355 4355 12).

1085 4417 1314 4474 CAPUT
1350 4419 1434 4475 III.

668 4526 849 4583 Sancti
878 4527 1095 4584 Vedasti
1123 4534 1449 4611 episcopatus
1481 4533 1853 4589 Atrebatensis.

542 4640 657 4699 XII.
683 4641 926 4713 Cumque
953 4645 1055 4699 viri
1070 4645 1163 4700 Dei
1182 4646 1533 4702 celeberrima
1553 4648 1865 4717 vulgaretur
1887 4650 2051 4715 fama,

470 4742 527 4794 et
551 4736 832 4794 charitatis
883 4736 937 4791 in
984 4753 1048 4793 eo
1085 4739 1475 4805 muniﬁcentia,
1513 4749 1569 4797 et
1593 4740 1781 4812 religio
1812 4743 1955 4807 vitm,
2004 4751 2061 4797 et

469 4829 621 4885 verbi
646 4829 740 4884 Dei
763 4829 1017 4885 instantia
1032 4831 1186 4903 longe
1216 4831 1428 4903 lateque
1451 4833 1518 4888 ab
1537 4836 1788 4890 omnibus
1814 4836 2057 4892 celebra-

468 4928 623 4977 retur
657 4919 787 4993 [AI.,
837 4924 1006 4994 magis
1033 4924 1313 4994 magisque
1339 4927 1698 4999 excresceret]
1718 4968 1733 4991 ,
1778 4927 1951 4982 visum
1978 4936 2063 4985 est

466 5013 783 5070 beatissimo
816 5015 1055 5087 pontiﬁci
1090 5016 1350 5089 Remigio,
1387 5026 1495 5072 tam
1524 5019 1838 5089 praeclaram
1858 5018 2057 5077 Christi

469 5102 747 5161 lucernam
775 5106 968 5163 melius
993 5123 1115 5164 esse
1150 5123 1315 5178 supra
1350 5109 1728 5165 candelabrum
1753 5127 1974 5181 ponere,
1998 5121 2061 5170 ut

467 5199 904 5268 splendidissimo
931 5219 1043 5258 suae
1074 5204 1381 5259 sanctitatis
1419 5204 1625 5276 fulgore
1662 5205 1825 5262 latins
1868 5207 1934 5261 ad
1972 5222 2059 5262 sa-

466 5288 634 5345 lutem
666 5291 871 5348 luceret
895 5293 1209 5361 multorum,
1239 5309 1400 5364 quam
1430 5296 1530 5350 sub
1557 5296 1714 5352 unius
1742 5296 1843 5352 loci
1878 5296 2059 5351 lateri-

464 5379 567 5436 bus
601 5380 789 5454 [Boll.,
816 5383 1065 5456 latebris]
1092 5388 1477 5457 propemodum
1507 5389 2050 5444 absconditalateret.

464 5471 656 5531 Divina
706 5477 872 5550 igitur
917 5480 1337 5552 dispensatione,
1387 5490 1442 5537 et
1485 5482 1687 5539 salubri
1711 5481 2055 5538 sacerdotum
2099 5533 2102 5537 .

538 5618 564 5686 ξ
601 5608 801 5686 Attila,
833 5611 990 5686 Anno
1018 5613 1219 5672 Christi
1247 5615 1352 5671 450
1378 5624 1432 5671 et
1458 5616 1721 5686 sequenti.
1768 5614 1843 5671 De
1887 5616 2056 5673 Attila

466 5674 723 5763 Sidonius
760 5679 1088 5763 apollinaris
1131 5688 1187 5744 in
1224 5674 2053 5763 PanegyricoAviticarmavn,

468 5762 596 5805 vers
618 5750 748 5820 327,
768 5750 851 5833 ita
874 5756 1052 5812 canit:
1373 5750 1425 5759 ν’
1576 5757 1581 5761 ’

2079 4507 2134 4571 Ι)

2163 1913 2420 1973 ριῖρεωιθ
2450 1918 2649 1977 posset.
2709 1911 2778 1965 Et
2806 1929 2927 1967 cum
2947 1918 3273 1982 apostolicus
3300 1923 3626 1989 prmdicator
3662 1941 3761 1994 pe-

2164 1997 2375 2051 cuniam
2410 1999 2463 2053 in
2491 2001 2718 2055 sacculis
2748 2018 2803 2058 se
2834 2020 2940 2058 non
2962 2006 3216 2062 habuisse
3253 2011 3451 2075 sciret,
3496 2013 3547 2066 in
3573 2015 3759 2071 divina

2163 2088 2441 2144 conﬁdens
2469 2090 2778 2157 clementia,
2817 2103 2871 2150 et
2898 2107 3212 2154 sanctorum
3250 2103 3622 2170 apostolorum
3654 2107 3759 2163 Pe-

2164 2181 2234 2235 tri
2263 2190 2317 2236 ct
2342 2181 2565 2241 Joannis
2585 2187 2918 2246 confortatus
2949 2195 3218 2263 exemplo,
3271 2197 3380 2251 ait:
3442 2197 3651 2255 Aurum
3703 2210 3762 2259 et

2163 2284 2441 2344 argentum
2464 2294 2569 2332 non
2585 2288 2668 2335 est
2696 2298 2942 2347 mecum;
2974 2285 3112 2354 quod
3146 2296 3326 2341 autem
3349 2289 3543 2356 habeo,
3571 2293 3621 2346 id
3649 2302 3758 2362 est,

2163 2365 2447 2421 charitatis
2472 2370 2672 2436 ofﬁcia,
2702 2380 2758 2425 et
2782 2374 3038 2442 pietatem
3066 2378 3330 2433 orationis
3367 2378 3503 2450 [Al.,
3538 2384 3760 2451 pietatis

2162 2458 2489 2531 orationem]
2523 2454 2588 2515 ad
2620 2461 2811 2529 Deum,
2840 2465 2941 2520 hoc
2972 2467 3126 2521 vobis
3148 2478 3407 2537 praestare
3431 2488 3537 2526 non
3561 2474 3758 2530 diﬁ‘ero

2124 2600 2131 2605 .
2165 2547 2301 2619 (Act.
2329 2567 2411 2615 ιιι,
2450 2552 2525 2622 6).
2582 2554 2649 2608 Et
2685 2566 2806 2624 post
2856 2559 2972 2613 hzec
2997 2561 3159 2615 verba
3201 2562 3285 2615 vir
3321 2562 3415 2618 Dei
3463 2580 3528 2617 ex
3562 2566 3757 2624 intimo

2163 2644 2343 2699 cordis
2367 2645 2558 2701 affectu
2595 2665 2693 2717 pro
2722 2649 2930 2705 illorum
2961 2653 3178 2708 miseria
3214 2653 3349 2710 fudit
3373 2657 3661 2730 lacrymas,
3703 2668 3758 2715 et

2163 2749 2285 2789 cum
2318 2733 2438 2790 ﬁdei
2485 2738 2722 2806 puritate
2750 2756 2904 2809 opem
2954 2742 3057 2798 illis
3080 2746 3340 2813 poscebat
3370 2748 3627 2808 divinam,
3671 2749 3756 2805 vel

2161 2841 2261 2895 pro
2292 2826 2503 2882 illorum
2536 2831 2820 2900 corporali,
2877 2833 2961 2887 vel
3004 2850 3102 2903 pro
3136 2837 3317 2907 populi
3355 2841 3643 2909 prasentis
3672 2857 3757 2896 sa-

2163 2914 2275 2971 lute
2298 2918 2586 2986 spirituali.
2662 2920 2771 2977 Nec
2807 2929 2917 2976 tam
2942 2925 3043 2993 pize
3069 2935 3120 2981 et
3146 2935 3254 2981 tam
3288 2931 3611 2984 necessariae
3634 2946 3756 3001 pre-

2162 3021 2254 3061 ces
2280 3006 2586 3064 inefﬁcaces
2613 3024 2731 3065 esse
2777 3021 3087 3081 potuerunt,
3146 3018 3241 3072 sed
3272 3019 3477 3082 abillo,
3516 3021 3613 3090 qui
3660 3035 3758 3091 per

2161 3097 2351 3151 Isaiam
2386 3099 2561 3168 inquit
2586 3101 2941 3171 Prophetam:
2982 3106 3232 3178 Tempore
3254 3122 3560 3181 opportuno
3588 3131 3755 3168 emu-

2162 3190 2266 3245 divi
2291 3200 2362 3255 te,
2392 3194 2515 3245 etin
2544 3193 2627 3246 die
2662 3196 2844 3249 salutis
2870 3199 3049 3267 adjuri
3077 3210 3124 3253 te
3146 3200 3301 3271 (Isai.
3336 3219 3487 3269 χιιι,
3516 3205 3572 3272 8)
3596 3226 3605 3258 :
3633 3223 3758 3264 mox

2160 3281 2319 3336 ambo
2355 3283 2407 3335 in
2442 3294 2734 3354 conspectu
2763 3288 3123 3345 multitudinis
3165 3301 3404 3363 Optatam
3432 3305 3763 3367 receperunt

2162 3373 2480 3441 sanitatem;
2527 3376 2614 3430 hic
2639 3377 2859 3435 luminis
2895 3382 3145 3438 claritate
3182 3384 3406 3449 ditatus,
3440 3389 3531 3443 ille
3558 3392 3761 3459 pedum

2161 3464 2445 3521 velocitate
2476 3466 2705 3524 laetatus.
2776 3471 2950 3527 Ambo
2992 3490 3238 3543 supema:
3285 3478 3492 3548 gratias
3528 3488 3761 3551 agentes

2161 3557 2349 3627 pietati
2382 3599 2396 3625 ,
2449 3559 2651 3628 majora
2686 3579 2847 3633 quam
2896 3579 3247 3636 speraverant
3290 3589 3517 3627 munera
3570 3592 3760 3646 repor-

2165 3657 2359 3714 tantes,
2420 3653 2637 3708 domum
2680 3658 2884 3712 reversi
2941 3669 3087 3714 sunt.
3170 3659 3277 3717 Sed
3335 3672 3389 3717 et
3442 3665 3545 3721 hoc
3598 3669 3762 3723 mira-

2163 3744 2342 3799 culum
2381 3748 2630 3802 sanitatis
2673 3749 2726 3804 in
2760 3749 2887 3815 illis,
2940 3752 3189 3822 plurimis
3243 3771 3404 3810 causa
3431 3756 3532 3811 fuit
3569 3760 3763 3819 salutis

2163 3844 2395 3891 :eternze.
2449 3838 2707 3895 Videntes
2763 3843 2904 3896 enim
2952 3845 3229 3901 caelestem
3283 3849 3540 3905 virtutem
3595 3854 3759 3909 verba

2163 3929 2420 3997 consequi
2444 3932 2743 3985 sacerdotis
2767 3932 2883 3998 Dei,
2905 3935 3104 3991 relictis
3143 3937 3457 3994 idololatrize
3486 3944 3756 4008 sordibus,

2163 4018 2217 4071 in
2242 4017 2516 4075 Christum
2548 4023 2849 4089 credentes,
2880 4025 3002 4081 vivo
3056 4029 3209 4101 sacri
3240 4029 3587 4101 baptismatis
3616 4034 3760 4090 fonte

2160 4112 2375 4180 purgati
2404 4121 2548 4167 sunt.
3204 4098 3211 4107 .

2231 4200 2368 4255 XIV.
2410 4202 2630 4259 Praefati
2666 4222 2796 4261 vero
2829 4210 3079 4264 miraculi
3110 4211 3493 4270 testiﬁcatione
3554 4218 3641 4272 vir
3664 4219 3757 4273 Dei

2159 4294 2344 4351 favore
2386 4298 2566 4368 populi
2598 4299 2866 4366 suffultus,
2922 4305 3126 4375 singula
3162 4309 3398 4365 civitatis
3446 4310 3565 4366 loca
3598 4330 3759 4384 pera-

2160 4403 2347 4458 grans,
2370 4391 2619 4459 quiesivit
2639 4394 2781 4448 inter
2806 4395 2991 4450 ruinas
3019 4397 3389 4465 tediﬁciorum,
3418 4402 3463 4457 si
3492 4406 3641 4472 quod
3668 4420 3761 4461 ec-

2161 4478 2337 4536 clesiae
2356 4481 2566 4551 signum
2596 4483 2827 4539 inveniri
2853 4487 3126 4543 valuisset.
3168 4488 3302 4545 Nam
3326 4493 3566 4563 antiquis
3590 4495 3761 4552 ferme

2160 4572 2513 4640 temporibus,
2548 4588 2718 4629 sacra!
2746 4576 2798 4629 in
2828 4576 2933 4631 illis
2957 4577 3088 4633 locis
3118 4578 3239 4634 ﬁdei
3264 4579 3514 4638 ﬂoruisse
3543 4587 3762 4657 religio-

2160 4677 2283 4717 nem
2308 4664 2556 4732 agnovit;
2591 4666 2683 4719 sed
2714 4675 2939 4737 pr0pter
2961 4678 3179 4737 peccata
3202 4670 3573 4730 habitatorum
3601 4685 3764 4733 terra:

2163 4752 2326 4817 illius,
2352 4755 2563 4808 occulto
2586 4754 2681 4808 Dei
2703 4754 2926 4823 judicio,
2963 4760 3053 4814 sed
3071 4761 3394 4830 iustissimo,
3426 4766 3625 4821 tradita
3654 4777 3759 4831 est,

2162 4858 2285 4899 cum
2310 4846 2719 4903 caaterisGallirc
2740 4848 2824 4902 vel
2851 4849 3155 4906 Germaniae
3182 4854 3516 4921 civitatibus,
3549 4872 3765 4929 pagano

2163 4946 2219 4993 et
2246 4938 2452 5007 perﬁdo
2479 4939 2794 4995 Hunnorum
2840 4945 2953 5014 regi
2989 4944 3167 5000 Attilte
3211 4959 3235 4987 ι
3260 4948 3396 5003 urbs
3424 4965 3645 5021 quoque
3668 4950 3768 5007 illa

2165 5029 2548 5100 deprtedanda:
2603 5031 2693 5101 qui
2726 5042 2943 5103 propter
2969 5036 3135 5091 animi
3184 5037 3266 5091 sui
3318 5040 3607 5106 saevitiam,
3658 5057 3769 5097 nec

2165 5123 2540 5199 sacerdotibus
2578 5123 2673 5178 Dei
2704 5124 2986 5192 honorem,
3029 5143 3127 5184 nec
3160 5129 3404 5185 ecclesiis
3435 5130 3643 5187 Christi
3670 5146 3772 5186 re-

2164 5215 2461 5269 verentiam
2495 5215 2805 5284 impendere
2832 5218 3058 5283 sciebat,
3083 5221 3175 5275 sed
3202 5222 3407 5289 omnia,
3431 5224 3589 5293 quasi
3621 5235 3773 5279 tem-

2162 5314 2346 5375 pestas
2371 5306 2786 5373 immanissima,
2812 5309 2957 5366 ferro
2974 5313 3207 5367 vastavit
3235 5322 3291 5367 et
3316 5315 3458 5385 igne.
3517 5313 3667 5371 Tunc
3705 5316 3773 5371 in

2161 5396 2511 5452 similitudine
2540 5397 3040 5471 Hierosolymitanae
3067 5406 3405 5470 vastationis,
3427 5422 3547 5477 qua:
3568 5408 3635 5462 ab
3649 5407 3774 5463 im-

2157 5488 2247 5558 pio
2269 5487 2578 5559 Babyloniae
2606 5504 2732 5560 rege
2761 5488 2898 5546 facta
2927 5502 3030 5559 est,
3057 5504 3324 5550 venerunt
3352 5505 3540 5569 gentes
3566 5499 3619 5553 in
3637 5497 3774 5555 ἣκ-

2304 5624 2374 5679 Ει
2401 5622 2513 5693 jam
2545 5624 2795 5681 terriﬁcis
2834 5625 3123 5684 diﬁ‘uderat
3142 5628 3308 5685 Attila
3338 5633 3533 5689 turmis

2302 5695 2364 5751 In
2384 5710 2606 5766 campos
2655 5711 2737 5763 se,
2769 5695 2950 5769 Belga,
2981 5705 3123 5756 tuos.
3199 5701 3362 5759 BOLL.
