4044 6340
276 359 385 417 6T5

1214 346 1803 441 HAGIOGRAPHICA.
1843 340 2115 422 -ζἾΙΤΑ
2151 346 2212 405 S.
2249 343 2567 404 VEDASTI.

3425 340 3534 399 674

276 472 563 532 reditatem
616 468 744 535 Dei,
782 474 837 523 et
886 466 1106 537 pollutis
1154 468 1405 522 manibus
1438 466 1863 537 profanaverunt
1886 470 1933 526 Α
1962 464 2165 521 Christi
2187 463 2662 536 secutusvestigia,
2690 460 2991 533 potentium
3018 458 3263 516 convivia
3280 472 3387 515 non
3406 475 3536 516 con-

277 561 519 619 sacraria
544 558 785 624 Christi,
813 557 1147 613 eﬁ‘undentes
1193 571 1472 613 servorum
1508 556 1602 611 Dei
1644 555 1860 627 sangui-

278 669 405 709 nem
433 653 579 708 circa
605 650 796 705 altaria
826 649 1073 703 altissimi
1106 649 1248 720 regis
1280 646 1388 721 (IV
1416 648 1543 719 Reg.
1561 646 1859 721 xxv).-Non

279 747 396 805 haec
422 760 755 817 paganorum
778 741 906 798 fecit
934 741 1214 807 fortitudo,
1245 742 1338 796 sed
1361 742 1542 812 p0puli
1570 740 1860 796 Christiani

277 844 694 909 promeruerunt
718 841 957 905 peccata.
1014 832 1221 887 Invenit
1252 848 1384 887 vero
1406 831 1639 887 famulus
1658 830 1861 886 Christi

279 932 518 1000 antiquae
578 928 763 982 ruinas
806 925 1046 982 ecclesia:
1073 966 1088 991 ,
1144 926 1288 979 inter
1332 938 1714 993 murorumque
1748 921 1859 975 fra-

280 1030 499 1097 gmenta
533 1020 774 1091 veprium
806 1035 1056 1076 crescere
1082 1019 1405 1074 densitates:
1460 1018 1553 1072 ubi
1591 1016 1862 1087 quondam

278 1114 623 1186 psallentium
660 1112 833 1177 chori,
888 1110 961 1166 ibi
1008 1111 1181 1165 lustra
1224 1118 1279 1166 et
1342 1109 1565 1163 latibula
1621 1106 1864 1163 ferarum

279 1206 397 1259 visa
434 1212 579 1267 sunt,
608 1202 936 1258 stercoribus
962 1210 1018 1256 et
1068 1200 1424 1255 immunditiis
1464 1199 1643 1254 omnia
1680 1198 1859 1267 plena,

281 1297 357 1352 ita
381 1305 438 1350 ut
466 1297 555 1349 vix
578 1295 863 1365 vestigium
903 1294 1117 1363 aliquod
1169 1292 1518 1347 remansisset
1561 1304 1858 1344 murorum.

281 1388 411 1443 Haec
438 1402 685 1452 cernens,
711 1387 901 1441 intimo
928 1386 1107 1441 cordis
1130 1385 1310 1439 dolore
1339 1382 1619 1454 ingemuit,
1645 1382 1858 1436 dicens:

281 1479 326 1536 Ο
356 1480 597 1544 Domine,
628 1480 743 1533 haec
765 1478 945 1532 omnia
975 1483 1237 1530 venerunt
1264 1489 1425 1543 super
1447 1488 1563 1537 nos,
1604 1472 1725 1541 quia
1749 1488 1865 1542 pec-

283 1574 516 1626 cavimus
542 1589 658 1626 cum
679 1572 913 1643 patribus
951 1570 1164 1633 nostris,
1191 1568 1383 1637 injuste
1418 1567 1636 1637 egimus,
1669 1566 1865 1635 iniqui-

278 1670 439 1716 tatem
461 1663 698 1733 fecimus.
729 1660 831 1717 Sed
854 1661 1187 1725 tu,Domine,
1214 1674 1412 1712 memor
1439 1667 1545 1710 esto
1568 1656 1867 1708 misericor-

278 1754 388 1808 dia:
409 1764 535 1818 tuae,
564 1763 613 1807 et
638 1754 828 1807 nostris
866 1767 1021 1822 parce
1074 1750 1317 1820 peccatis,
1344 1758 1393 1801 et
1439 1764 1501 1801 ne
1546 1746 1867 1800 obliviscaris

277 1859 573 1915 pauperum
593 1852 804 1895 tuorum
826 1842 882 1894 in
907 1840 1063 1909 ﬁnem
1090 1837 1260 1911 (Psal.
1294 1854 1380 1903 cv,
1408 1838 1483 1909 6).

353 1934 473 1988 XV.
510 1936 648 1989 Dum
674 1936 789 1989 haec
810 1934 991 2001 itaque
1018 1932 1330 2002 lacrymosis
1358 1934 1717 1984 murmuraret
1739 1941 1869 1997 que-

282 2032 437 2096 relis,
466 2046 594 2086 ecce
633 2031 811 2084 subito
838 2046 905 2085 ex
934 2030 1167 2084 ruinosis
1199 2029 1468 2099 speluncis
1507 2042 1667 2081 ursus
1698 2025 1871 2095 prosi-

280 2126 406 2180 luit.
480 2122 578 2178 Cui
606 2126 688 2178 vir
711 2126 804 2178 Dei
828 2141 949 2179 cum
972 2126 1338 2195 indignatione
1365 2124 1622 2193 prmcepit
1653 2163 1668 2186 ,
1709 2129 1769 2175 ut
1816 2121 1873 2174 in

285 2221 503 2275 deserta
526 2218 801 2273 secederet
829 2217 965 2281 loca,
1026 2224 1080 2270 et
1103 2217 1205 2270 sibi
1244 2216 1525 2271 commoda
1571 2215 1711 2267 inter
1740 2226 1873 2266 con—

284 2310 457 2365 densa
485 2310 739 2365 silvarum
767 2317 1032 2378 quaereret
1056 2307 1382 2370 habitacula,
1437 2321 1537 2360 nec
1560 2304 1702 2358 ultra
1730 2303 1873 2356 illius

284 2401 528 2456 ﬂuminis
558 2402 704 2471 ripas
730 2403 1005 2457 transiret.
1060 2399 1161 2465 Qui
1183 2415 1306 2454 mox
1333 2397 1426 2451 tali
1458 2397 1682 2451 territus
1709 2394 1876 2449 mina—

286 2494 440 2550 tione
470 2494 623 2565 fugit,
648 2510 747 2550 nec
779 2508 1015 2563 unquam
1046 2500 1232 2562 postea
1260 2491 1367 2545 illis
1396 2490 1545 2544 visus
1567 2497 1652 2544 est
1676 2488 1727 2541 in
1752 2502 1878 2557 par-

289 2584 458 2641 tibus.
522 2585 566 2640 Ο
592 2586 725 2639 mira
754 2585 1138 2655 omnipotentis
1181 2583 1276 2637 Dei
1306 2582 1361 2637 in
1394 2582 1595 2637 sanctis
1644 2580 1756 2634 suis
1783 2595 1877 2648 po-

286 2676 485 2741 tentia,
514 2676 708 2746 quibus
731 2675 920 2731 bestite
949 2674 1298 2729 ferocissimae
1324 2673 1543 2727 obedire
1579 2671 1788 2725 sciunt!
1835 2669 1878 2725 Ο

286 2769 621 2827 miserabilis
646 2769 924 2825 hominum
952 2768 1195 2832 audacia,
1251 2766 1343 2836 qui
1372 2763 1661 2820 salutiferae
1686 2762 1880 2832 praedi-

292 2862 529 2921 cationis
554 2863 738 2927 verba,
781 2876 810 2914 a
843 2860 1046 2915 sanctis
1064 2859 1274 2929 prolata
1300 2856 1611 2911 doctoribus
1641 2862 1882 2909 contem-

290 2972 429 3013 nere
472 2955 631 3027 169
676 2970 783 3009 non
812 2959 1077 3007 metuunt.
1158 2949 1545 3005 lrrationabilis
1581 2948 1773 3012 bestia,
1825 2947 1883 3001 in

289 3048 718 3118 obtemperando
737 3055 1047 3107 sanctorum
1061 3045 1345 3115 praeceptis
1371 3041 1767 3113 quodammodo
1790 3056 1881 3094 ra-

292 3140 447 3195 tione
476 3139 644 3193 utitur
663 3140 924 3194 humana:
974 3138 1135 3191 homo
1162 3150 1291 3191 vero
1338 3135 1405 3188 ad
1456 3132 1747 3203 imaginem
1784 3130 1883 3185 Dei

296 3326 567 3396 telligens,
606 3330 935 3394 Comparatus
957 3330 1033 3377 est
1049 3321 1304 3392 jumentis
1326 3317 1706 3389 insipientibus,
1733 3324 1781 3371 et
1814 3317 1887 3370 .ςῖ-

296 3418 441 3471 milis
473 3416 643 3488 factus
667 3424 742 3470 est
764 3413 872 3468 illis
899 3411 1072 3486 (Psal.
1106 3428 1301 3479 XLVIII,
1330 3411 1441 3482 15).

380 3528 517 3583 XVI.
580 3528 718 3583 Dum
771 3543 902 3583 vero
949 3527 1303 3596 comperisset
1359 3524 1442 3578 vir
1480 3523 1576 3578 Dei
1629 3522 1888 3578 ecclesias

302 3621 505 3678 Christi
532 3623 788 3684 desertas,
824 3636 919 3676 cor
954 3619 1135 3690 populi
1172 3617 1489 3673 idololatriae
1507 3614 1788 3670 erroribus
1814 3614 1892 3668 in-

303 3715 528 3781 fectum,
567 3716 879 3786 ignorantia:
901 3714 1140 3769 tenebris
1161 3713 1514 3775 obcaecatum,
1570 3712 1783 3780 gemino
1833 3721 1892 3763 sa

301 3810 525 3881 pietatis
549 3810 786 3864 subdidit
808 3809 999 3863 labori.
1081 3809 1343 3879 Populum
1371 3805 1556 3861 sedula
1591 3804 1893 3859 intentione

304 3903 376 3957 ad
414 3902 741 3973 agnitionem
772 3901 886 3956 veri
919 3900 1135 3955 luminis
1185 3897 1452 3969 perduxit,
1506 3897 1769 3952 ecclesias
1827 3895 1895 3950 ad

307 3993 525 4049 culmen
548 3992 743 4048 summi
774 3992 995 4047 honoris
1022 3991 1213 4054 erexit,
1264 3990 1611 4059 presbyteros
1633 3995 1688 4041 et
1715 3987 1899 4041 diaco-

309 4100 413 4140 nos
443 4084 547 4139 sibi
576 4085 628 4137 in
664 4084 988 4154 adjutorium
1018 4098 1114 4152 per
1145 4083 1358 4137 diversa
1388 4081 1751 4137 Ecclesiarum
1784 4080 1897 4134 dis-

308 4176 496 4248 posuit
522 4175 675 4240 loca;
701 4187 756 4228 et
776 4175 867 4229 ubi
896 4175 1046 4244 prius
1069 4173 1341 4243 speluncae
1359 4172 1577 4227 fuerunt
1605 4172 1896 4235 latronum,

312 4270 389 4325 ibi
411 4268 715 4323 orationum
737 4266 925 4321 domos
947 4266 1264 4329 construxit,
1290 4266 1567 4335 magisque
1595 4263 1793 4319 divinis
1819 4264 1904 4317 in-

313 4360 492 4415 tendit
520 4374 615 4413 eas
643 4373 837 4413 ornare
864 4358 1129 4422 laudibus,
1163 4373 1323 4427 quam
1354 4357 1675 4427 pompaticis
1721 4354 1903 4411 saeculi

315 4450 523 4505 divitiis
550 4465 781 4505 comere.
845 4448 969 4502 Fuit
1007 4465 1135 4503 vero
1164 4449 1492 4519 pauperibus
1534 4449 1734 4519 largus,
1768 4448 1904 4503 divi-

316 4541 465 4597 tibus
494 4541 742 4605 affabilis,
799 4549 1067 4611 quatenus
1096 4556 1286 4595 omnes
1322 4542 1405 4596 vel
1428 4541 1675 4611 largitate
1710 4556 1902 4596 mune-

320 4651 461 4695 rum,
493 4634 579 4689 vel
628 4635 963 4706 iucunditate
998 4635 1288 4689 verborum
1354 4635 1406 4689 in
1440 4636 1584 4689 viam
1614 4634 1904 4690 deduceret

317 4728 586 4785 veritatis.
638 4726 826 4781 Sciens
876 4726 1373 4795 itaquenullatenus
1397 4727 1623 4796 superba
1653 4726 1907 4795 potentiae

322 4820 458 4877 colla
486 4819 554 4874 ad
584 4817 904 4873 Christianae
926 4819 1199 4889 religionis
1244 4818 1601 4873 humilitatem
1645 4819 1909 4873 inclinare

326 4910 515 4984 [Boll.,
546 4911 787 4966 converti
815 4910 900 4964 vel
927 4909 1196 4981 inclinari]
1236 4925 1417 4981 posse,
1447 4911 1550 4965 nisi
1582 4926 1679 4981 per
1709 4912 1911 4967 suavis—

325 5006 493 5061 simas
518 5005 735 5076 pietatis
800 5004 1231 5069 admonitiones,
1274 5003 1569 5074 apostolico
1613 5005 1911 5061 instructus

327 5096 597 5167 exemplo,
626 5095 876 5152 omnibus
923 5096 1100 5150 omnia
1134 5095 1328 5162 factus,
1391 5105 1452 5150 ut
1475 5112 1666 5152 omnes
1693 5096 1914 5153 lucrifa-

330 5195 481 5245 ρει-ει
506 5186 558 5258 (Ι
577 5185 700 5242 Cor.
731 5204 809 5252 Ix,
839 5187 947 5258 12),
973 5187 1214 5242 seniores
1239 5188 1534 5243 honoribus
1553 5189 1910 5258 praeveniens,

322 5279 574 5351 juniores
605 5287 832 5348 paterna
871 5277 1159 5332 diiectione
1197 5278 1515 5344 admonens,
1563 5280 1763 5350 ubique
1815 5295 1914 5349 per

333 5370 509 5427 ofﬁcia
525 5370 808 5427 charitatis
829 5385 934 5425 non
961 5384 1059 5425 sua
1082 5384 1353 5439 quaerens,
1384 5370 1479 5425 sed
1506 5386 1625 5441 quae
1644 5371 1740 5426 Dei
1768 5380 1911 5438 sunt,

407 5541 435 5569 ι
477 5526 670 5598 Regem
698 5527 1009 5583 Clotarium.
1080 5525 1348 5582 Clodoveo
1384 5542 1526 5581 anno
1555 5526 1678 5591 509,
1734 5528 1822 5584 die
1845 5528 1912 5584 27

334 5595 628 5655 Novembr.
658 5599 911 5655 defuncto
933 5606 1309 5668 successerunt
1331 5607 1563 5668 quatuor
1602 5598 1718 5665 ﬁlii,
1775 5600 1918 5657 inter

336 5684 482 5752 quos
507 5670 1033 5752 primusClotarius‘,
1050 5671 1191 5740 apud
1212 5666 1530 5725 Suessionas
1553 5670 1681 5725 sede
1716 5672 1911 5740 posita,

338 5740 557 5811 praefuit
581 5740 943 5797 Atrebatibus.
994 5742 1157 5797 BOLL.

416 5812 443 5852 ι)
478 5810 846 5882 Optimatibus.
901 5812 1091 5869 Plures
1123 5827 1190 5869 ex
1210 5813 1296 5870 his
1332 5828 1572 5885 paganos
1591 5811 1780 5879 fuisse,
1803 5812 1915 5871 eis-

1959 558 2212 629 tempsit,
2275 575 2379 614 non
2418 559 2643 614 luxuriae
2664 573 2847 621 causa,
2888 556 2984 613 sed
3004 554 3403 627 praedicationis
3428 555 3530 611 ob-

1957 655 2133 712 tentu,
2184 655 2246 702 ut
2266 647 2630 704 familiaritate
2650 649 2951 705 concordiae
2976 646 3165 720 [Boll.,
3195 646 3533 705 familiarita-

1959 740 2031 795 tis
2052 739 2385 812 concordia],
2418 739 2628 797 facilius
2654 742 2875 798 verbum
2910 741 3006 797 Dei
3034 741 3432 799 convivantium
3456 741 3540 800 iu-

1960 831 2212 887 funderet
2233 832 2505 889 cordibus.

2031 923 2191 979 XVII.
2249 924 2415 995 Igitur
2470 922 2687 992 quidam
2737 924 2928 980 nobilis
2963 923 3244 991 Francus,
3301 923 3543 995 potentia

1962 1015 2164 1080 clarus,
2192 1014 2394 1071 Ocinus
2423 1015 2657 1080 nomine,
2699 1030 2880 1086 regem
2919 1015 3214 1071 Clotarium
3239 1028 3266 1056 α
3300 1015 3543 1087 praedicti

1963 1108 2109 1179 regis
2147 1106 2398 1163 Clodovei
2430 1106 2621 1173 ﬁlium,
2674 1108 2764 1177 qui
2796 1115 2923 1163 tunc
2972 1109 3230 1179 temporis
3265 1109 3417 1179 regni
3450 1124 3544 1165 no-

1962 1199 2143 1254 biliter
2190 1209 2406 1255 rexerat
2452 1209 2664 1271 sceptra
2719 1200 2905 1273 [Boll.,
2960 1205 3180 1275 regebat
3226 1201 3547 1276 sceptrum],

1964 1294 2177 1347 vocavit
2206 1293 2273 1347 ad
2295 1294 2600 1363 prandium,
2631 1296 2774 1364 quod
2801 1310 2995 1366 magno
3018 1304 3277 1365 apparatu
3300 1298 3353 1351 in
3385 1297 3547 1351 domo

1965 1400 2063 1440 sua
2094 1384 2206 1454 regi
2254 1392 2310 1438 et
2357 1386 2469 1439 suis
2517 1394 2803 1453 paraverat
2833 1384 3183 1454 optimatibus
3212 1386 3259 1439 b.
3310 1386 3552 1457 Rogatus

1967 1490 2180 1545 quoque
2228 1484 2311 1529 est
2340 1483 2559 1529 sanctus
2595 1475 2662 1530 ad
2711 1477 3017 1531 convivium
3067 1475 3354 1531 Vedastus.
3446 1477 3552 1543 Qui

1967 1564 2184 1619 domum
2216 1566 2449 1631 intrans,
2481 1582 2631 1622 more
2680 1568 2781 1622 sibi
2813 1569 2990 1631 solito,
3040 1569 3261 1625 dextera
3312 1576 3549 1635 extenta,

1969 1656 2150 1709 omnia
2183 1666 2385 1710 sanctre
2415 1659 2593 1713 crucis
2616 1659 2813 1715 vexillo
2840 1660 3093 1731 signavit.
3139 1662 3394 1729 Quaedam
3424 1678 3554 1718 vero

1970 1748 2186 1802 vascula
2215 1748 2287 1802 ibi
2327 1750 2553 1804 cervisia
2590 1751 2876 1806 adstabant
2912 1753 3089 1822 plena,
3144 1756 3241 1809 sed
3264 1755 3403 1810 male
3426 1771 3555 1826 gen-

1894 1833 1943 1894 B
1971 1835 2051 1890 tili
2082 1851 2271 1891 errore
2297 1837 2640 1894 dtemoniacis
2678 1840 3131 1897 incantationibus
3156 1844 3372 1899 infecta.
3426 1844 3558 1911 Quae

1970 1944 2095 1982 mox
2135 1929 2204 1983 ob
2232 1931 2534 1998 potentiam
2562 1940 2762 1986 sancte
2806 1934 2985 1989 crucis
3022 1933 3299 1990 destructa
3329 1950 3557 2004 crepue-

1970 2030 2118 2086 runt,
2182 2030 2237 2077 et
2276 2023 2533 2092 quidquid
2556 2024 2783 2094 liquoris
2810 2026 3135 2092 habuerunt,
3168 2027 3222 2081 in
3249 2036 3449 2082 terram
3482 2027 3561 2082 ef-

1971 2109 2243 2166 fuderunt.
2297 2111 2544 2168 Territus
2574 2130 2702 2169 vero
2752 2132 2844 2170 rex
2872 2125 2928 2171 et
2956 2118 3242 2188 optimates
3296 2118 3440 2174 illius
3463 2120 3562 2174 hu-

1966 2199 2057 2269 jus
2084 2202 2292 2256 visione
2337 2204 2606 2269 miraculi,
2665 2206 3045 2262 sciscitabatur
3080 2209 3388 2278 pontiﬁcem
3435 2226 3564 2267 cau-

1974 2308 2092 2346 sam
2115 2294 2379 2364 repentini
2405 2296 2655 2367 prodigii.
2698 2297 2793 2351 Cui
2818 2308 3037 2354 sanctus
3059 2302 3335 2369 respondit
3356 2302 3565 2371 episco-

1972 2399 2108 2453 pus:
2160 2385 2265 2439 Per
2296 2388 2560 2456 quasdam
2616 2388 2983 2445 maleﬁcorum
3028 2392 3445 2461 incantationes,
3498 2396 3568 2452 ad

1976 2476 2321 2546 decipiendas
2356 2479 2704 2536 convivarum
2760 2484 3008 2547 animas,
3063 2485 3329 2541 diabolica
3382 2486 3435 2541 in
3482 2487 3568 2543 bis

1975 2567 2137 2624 latuit
2160 2571 2461 2641 liquoribus
2488 2576 2722 2644 potentia
2750 2594 2763 2629 :
2796 2578 2889 2631 sed
2912 2578 3113 2633 virtute
3154 2580 3333 2635 crucis
3358 2580 3563 2636 Christi

1977 2662 2189 2729 territa,
2221 2663 2299 2718 sic
2325 2664 2669 2721 invisibiliter
2705 2668 2773 2722 de
2813 2669 2973 2723 domo
3023 2668 3209 2738 elI‘ugit
3238 2671 3375 2735 ista,
3430 2672 3572 2727 sicut

1978 2751 2265 2808 visibiliter
2290 2755 2675 2810 considerastis
2710 2757 2972 2827 liquorem
3025 2758 3223 2814 effundi
3260 2760 3314 2814 in
3345 2769 3565 2815 terram.

1980 2843 2105 2900 Haec
2142 2860 2272 2901 vero
2294 2862 2384 2902 res
2440 2848 2625 2903 multis
2650 2848 2966 2919 proﬁciebat
3010 2850 3065 2905 in
3108 2851 3354 2907 salutem.
3432 2851 3566 2908 Nam

1979 2936 2221 3006 plurimi,
2267 2938 2493 2994 occultis
2518 2939 2796 2996 diabolicae
2834 2941 3040 2997 fraudis
3078 2944 3287 2998 catenis
3316 2944 3571 3010 absoluti,

1982 3031 2331 3100 auguriorum
2354 3032 2590 3085 vanitate
2625 3041 2830 3102 spreta,
2878 3034 3307 3090 incantationum
3348 3052 3576 3092 consue-

1984 3122 2170 3177 tudine
2225 3124 2452 3189 relicta,
2530 3126 2596 3179 ad
2656 3140 2799 3180 verte
2855 3125 3130 3196 religionis
3188 3128 3578 3184 convaluerunt

293 3231 568 3297 conditus,
612 3231 821 3285 ratione
854 3228 1134 3300 praeditus,
1158 3227 1422 3282 honorem
1454 3190 1613 3280 δυυῶ
1650 3238 1759 3279 non
1793 3224 1881 3278 in-
1911 3190 1956 3253 CI
1991 3213 2177 3286 [Boll.,
2208 3208 2655 3287 convolaverunt]
2708 3217 3019 3287 puritatem,
3076 3218 3437 3290 intelligentes
3494 3220 3575 3274 di-

1984 3306 2123 3361 vinae
2161 3308 2417 3375 potentiae
2458 3306 2694 3363 etlicacia
2732 3308 2788 3362 in
2826 3324 2923 3363 suo
2970 3309 3168 3365 famulo
3218 3312 3395 3377 iacere
3426 3312 3577 3384 signa

1988 3397 2177 3470 [Boll.,
2201 3398 2499 3454 efﬁcaciam
2530 3441 2542 3454 .
2579 3440 2593 3453 .
2624 3440 2636 3453 .
2657 3400 2840 3456 facere
2866 3402 3064 3475 signa],
3107 3404 3348 3475 nihilque
3388 3415 3578 3463 contra

1985 3487 2101 3557 ejus
2127 3492 2472 3546 sanctitatem
2520 3493 2729 3563 antiqui
2757 3496 3023 3563 serpentis
3089 3496 3275 3553 valere
3303 3499 3580 3554 machina-

1988 3592 2190 3639 menta.
2252 3586 2321 3640 Et
2361 3586 2505 3655 quod
2532 3586 2620 3640 ille
2646 3587 2714 3640 ad
2742 3588 3100 3656 perditionem
3141 3599 3427 3659 paraverat
3475 3592 3573 3647 ali-
3596 3613 3609 3624 -

1990 3693 2243 3749 quorum,
2268 3678 2370 3732 hoc
2397 3676 2604 3733 Christi
2620 3678 2793 3747 gratia
2814 3680 2881 3735 ad
2909 3681 3334 3750 redemptionem
3358 3697 3585 3740 conver-

1991 3773 2057 3828 tit
2084 3772 2461 3843 plurimorum.

2605 3869 2833 3928 CAPUT
2874 3871 2963 3927 IV.

2314 3962 2497 4019 Sancti
2530 3961 2737 4017 Vedasti
2764 3964 2953 4029 obitus,
2972 3964 3256 4035 sepultura.

2068 4075 2251 4132 XVIII.
2292 4076 2457 4131 Rexit
2490 4074 2789 4149 [Bolland.,
2819 4078 3075 4151 Rexerat]
3130 4080 3295 4149 igitur
3325 4081 3587 4151 praefatus

1998 4168 2095 4223 Dei
2148 4168 2401 4223 sacerdos
2442 4167 2741 4223 Ecclesiam
2791 4168 3015 4236 Christi,
3056 4171 3237 4227 divina
3290 4175 3588 4232 auxiliante

2001 4260 2195 4332 gratia,
2219 4260 2375 4315 annis
2399 4260 2616 4314 circiter
2635 4261 2993 4331 quadraginta
3019 4274 3065 4326 ο,
3091 4266 3190 4319 sub
3210 4280 3403 4335 magna
3425 4282 3589 4321 evan-

2002 4352 2119 4407 licae
2156 4354 2559 4422 prredicationis
2604 4353 2889 4408 devotione
2918 4394 2933 4419 ,
2983 4354 3084 4409 sub
3132 4371 3327 4428 magno
3363 4357 3587 4427 pietatis

2004 4458 2220 4501 amore:
2256 4460 2321 4499 ae
2345 4460 2445 4514 per
2469 4445 2524 4499 id
2547 4446 2804 4516 temporis
2862 4446 3260 4502 multitudinem
3288 4450 3468 4519 populi
3502 4467 3590 4505 ca-

1933 4569 1983 4630 D
2007 4537 2207 4592 tholico
2238 4538 2488 4607 dogmate
2513 4538 2578 4591 ad
2594 4535 2915 4592 Christiana:
2945 4537 3065 4592 ﬁdei
3098 4541 3363 4593 convertit
3387 4541 3589 4596 sancti-

2009 4639 2193 4686 tatem.
2244 4630 2452 4685 Claruit
2481 4631 2681 4701 ubique
2700 4631 2895 4685 divinae
2924 4632 3159 4701 cognitio
3181 4633 3335 4702 legis,
3362 4636 3594 4691 sanctis-

2010 4724 2206 4779 simum
2228 4722 2431 4779 Christi
2458 4739 2652 4780 nomen
2683 4734 3001 4780 cunctorum
3032 4727 3351 4783 audiebatur
3381 4730 3433 4784 in
3472 4746 3589 4797 ore,

2010 4815 2191 4871 ﬂoruit
2223 4815 2278 4870 in
2310 4816 2549 4872 moribus
2571 4816 2887 4871 castissimae
2902 4817 3025 4873 vitte
3066 4820 3340 4886 honestas,
3368 4821 3595 4878 ardebat

2012 4911 2065 4966 in
2094 4909 2403 4979 pectoribus
2416 4909 2747 4981 singulorum
2778 4912 2937 4982 17o
2948 4912 3184 4969 ccelestis
3203 4916 3393 4983 patriae
3419 4931 3595 4983 amor,

2011 5003 2241 5075 populus
2290 5002 2506 5057 statutis
2541 5001 2731 5057 diebus
2774 5002 2839 5056 ad
2882 5003 3162 5058 ecclesiam
3216 5006 3593 5073 concurrebat,

2013 5093 2151 5151 festa
2179 5110 2301 5150 cum
2331 5108 2529 5165 magno
2553 5094 2749 5164 gaudio
2795 5096 2965 5151 nostri
2994 5096 3291 5153 Salvatoris
3339 5108 3598 5169 opportu-

2015 5189 2100 5243 nis
2142 5188 2558 5243 celebrabantur
2579 5187 2789 5253 diebus,
2838 5188 3191 5261 eleemosynaa
3227 5190 3372 5245 circa
3401 5190 3594 5248 domos

2016 5279 2289 5335 uberrime
2322 5276 2647 5349 pauperibus
2694 5278 3151 5349 dispertiebantur
3174 5322 3188 5345 ,
3230 5282 3452 5337 verbum
3501 5283 3598 5338 Dei

2019 5373 2256 5446 quotidie
2281 5388 2378 5445 per
2392 5373 2509 5428 loca
2531 5372 2738 5445 singula
2764 5372 2978 5445 populis
2997 5374 3412 5445 prtedicabatur,
3444 5376 3600 5448 hym-

2020 5544 2124 5602 que
2145 5528 2537 5655 poculagentili
2560 5528 2939 5612 superstitione
2960 5536 3170 5584 sacrata
3187 5528 3376 5599 fuisse,
3398 5532 3603 5591 indicat

2021 5602 2125 5655 alia
2156 5603 2304 5655 orior
2382 5610 2455 5655 ita
2480 5600 2536 5655 S.
2572 5598 2810 5655 Vedastt.
2850 5598 2926 5655 In.

2021 5598 2125 5657 alia
2148 5598 2304 5673 prior
2335 5598 2455 5656 Vita
2480 5600 2536 5656 S.
2572 5598 2810 5673 Vedasti.
2850 5598 2926 5655 In.

2095 5684 2117 5712 ο
2146 5670 2314 5727 Annis
2360 5673 2569 5725 circiter
2598 5670 2687 5725 40.
2735 5671 2817 5725 Ab
2840 5686 2981 5727 anno
3007 5672 3225 5730 circiter
3250 5672 3357 5733 500
3380 5677 3450 5735 ad
3491 5675 3603 5734 540

2020 5744 2131 5801 vid.
2158 5743 2446 5800 Bollandus
2484 5741 2538 5797 in
2564 5741 2866 5801 Comment.
2896 5755 3087 5815 prtem,
3113 5744 3144 5818 5
3177 5747 3233 5804 5.

3588 5820 3624 5901 vi
