4044 6340
238 329 346 391 677

1202 329 1788 392 HAGIOGRAPHICA.
1829 361 1901 374 -—
1939 332 2100 389 VlTA
2143 333 2201 390 S.
2245 331 2567 390 VEDASTI.

3412 339 3517 400 678

238 449 398 504 berto
424 456 481 504 et
517 447 826 505 Audomaro
855 449 1126 522 episcopis
1153 447 1295 506 felici
1335 450 1634 506 mutatione
1661 457 1838 504 trans-
1863 447 1912 510 Α
2017 441 2174 520 1'72
2215 451 2404 505 XXIV.
2433 449 2602 505 Porro
2637 457 2819 506 autem
2848 451 3132 518 miracula,
3162 467 3281 523 quae
3309 462 3365 510 et
3392 466 3523 513 tunc

241 542 406 597 latus.

313 631 477 690 XXII.
517 633 672 692 Nunc
702 637 902 702 autem,
934 631 1063 708 quid
1107 639 1161 694 in
1200 640 1390 695 eodem
1430 640 1683 711 episcopo
1711 639 1834 710 post

241 729 358 799 ejus
379 741 662 787 excessum
679 731 854 787 visum
871 735 955 788 est
975 733 1192 803 dignum
1215 735 1516 800 memor-lie,
1541 731 1829 788 referatur.

241 821 670 892 Superveniente
721 825 884 896 igitur"
931 829 1204 896 tempore,
1234 820 1575 891 domuncula,
1624 826 1677 880 in
1727 835 1831 895 qua

238 915 352 969 Deo
375 913 604 971 dilectus
626 915 768 970 diem
796 916 951 982 obiit,
981 917 1212 973 ﬂammis
1251 923 1464 989 arrepta
1497 915 1689 974 ardere
1723 933 1835 972 caa-

233 1009 340 1077 pit.
369 1007 476 1062 Sed
508 1007 731 1065 vidente
771 1011 1004 1080 quadam
1036 1011 1284 1080 religiosa
1321 1007 1516 1066 femina
1549 1009 1707 1065 Abita
1739 1025 1833 1065 no-

235 1101 408 1165 mine,
440 1103 659 1157 Sanctus
707 1102 1000 1157 adveniens
1030 1103 1320 1169 Vedastns,
1345 1097 1589 1158 flammas
1619 1107 1648 1156 a
1674 1104 1833 1157 domo

233 1195 514 1259 discussit,
545 1201 601 1250 et
629 1196 700 1249 ita
747 1191 1032 1250 incolumis
1060 1197 1326 1250 remansit
1357 1203 1481 1252 cum
1531 1193 1748 1257 lectulo,
1777 1194 1831 1247 in

232 1303 351 1359 quo
377 1288 461 1343 vir
491 1287 702 1344 Domini
734 1298 980 1345 sanctam
1011 1290 1077 1344 ad
1109 1292 1353 1346 coelestia
1386 1305 1548 1362 regna
1595 1289 1830 1344 animam

229 1382 423 1437 emisit
464 1399 477 1436 ε
514 1389 569 1436 111
608 1395 797 1439 omnes
839 1381 1194 1454 agnoscerent
1235 1392 1436 1454 quanta
1491 1377 1633 1438 illius
1690 1385 1832 1436 esset

227 1473 520 1529 beatitudo
549 1473 600 1528 in
633 1469 805 1540 ccelis,
833 1474 987 1544 cuius
1006 1476 1189 1532 lectuli
1221 1469 1557 1532 domicilium
1588 1476 1643 1530 in
1675 1473 1834 1529 terris

227 1567 434 1627 ardere
472 1575 577 1626 non
607 1563 802 1642 potuit.

845 1657 1074 1722 CAPUT
1125 1667 1193 1720 ν.

505 1749 807 1810 Translatio
847 1757 1080 1821 corporis
1115 1755 1284 1810 sancti
1324 1751 1554 1810 Vedasti.

1921 535 2083 614 gesta
2105 543 2480 612 perhibentur,
2505 551 2560 596 et
2581 551 2700 612 quae
2715 544 2828 614 jam
2857 557 2952 614 per
2991 557 3162 599 annos
3200 544 3371 601 ferme
3395 563 3524 603 cen-

1937 645 2049 690 tum
2104 636 2386 706 sexaginta
2446 645 2544 706 per
2597 637 2790 690 merita
2843 638 2987 694 lenti
3039 638 3256 692 Vedasti
3307 649 3522 710 patrata

1934 733 2078 792 sunt,
2127 726 2273 781 nullo
2329 735 2458 780 sunt
2502 727 2644 795 ston
2692 728 2968 781 memorim
3021 729 3246 793 tradita,
3297 740 3525 800 excepto

1934 820 2076 890 quod
2115 819 2340 872 vocibus
2367 825 2650 872 cantorum
2675 819 2978 888 liujttsmodi
3020 821 3233 874 cauiuu-
3259 822 3524 891 Antipho-

1934 928 2001 965 na
2031 929 2042 964 :
2077 909 2179 963 Hic
2228 919 2301 964 est
2345 909 2525 962 beatus
2586 907 2864 974 Vedasma,
2895 911 2979 963 cui
3013 910 3259 982 ternplum
3301 911 3418 980 ﬁeri
3457 910 3522 964 ab

1933 1003 2132 1074 angelis
2157 1004 2365 1075 iussum
2396 1012 2471 1057 est
2519 1003 2832 1057 hominibus.
2868 1004 2964 1058 Est
3002 1015 3186 1068 autem
3229 1005 3379 1060 locus
3410 1005 3524 1074 ipse

1932 1111 2040 1151 non
2089 1096 2245 1169 longe
2284 1097 2352 1152 ab
2399 1097 2588 1151 eadem
2639 1098 2790 1161 urbe,
2822 1098 2914 1166 qui
2960 1111 3058 1166 pro
3109 1098 3389 1154 nobilitate
3431 1099 3517 1156 sui

1933 1187 2240 1243 Nohiliacus
2270 1189 2296 1228 ιι
2327 1190 2503 1260 primo
2542 1195 2625 1244 est
2675 1190 2974 1260 appellatus
3009 1207 3021 1243 :
3057 1193 3152 1247 sed
3196 1197 3358 1262 proce
3381 1194 3524 1248 lente

1936 1287 2177 1350 tempore
2202 1287 2310 1336 tam
2339 1282 2565 1353 insignis
2586 1280 2833 1348 ellectus,
2868 1290 2926 1336 ut
2954 1283 3103 1338 nr‘his
3128 1286 3362 1349 nomine,
3404 1300 3528 1356 qute

1928 1373 2042 1444 jam
2069 1375 2240 1427 ruinis
2279 1374 2652 1428 crebrioribus
2687 1388 2824 1442 pene
2852 1375 3214 1440 obsoleVerat,
3237 1378 3521 1432 vocitetur.

1933 1467 2028 1520 Est
2075 1481 2306 1536 namque
2344 1473 2399 1520 et
2440 1466 2727 1537 largitione
2778 1465 3014 1522 fidelium
3068 1467 3420 1530 sublimatus,
3472 1475 3528 1524 et

1936 1561 2147 1632 agmine
2206 1559 2621 1624 monachorum,
2654 1569 2711 1616 et
2760 1561 2992 1615 aliorum
3050 1559 3163 1615 Deo
3205 1562 3523 1616 devotorum

1934 1667 2094 1722 grege
2133 1663 2154 1687 ο
2187 1651 2416 1706 refertus
2467 1669 2478 1704 :
2525 1649 2614 1706 ubi
2668 1651 3003 1708 incessanter
3045 1651 3288 1722 quotidie
3345 1652 3527 1707 divina

1935 1739 2281 1796 celebrantur
2325 1742 2612 1810 przeconia,
2650 1751 2704 1795 et
2744 1741 3056 1811 frequenter
3095 1741 3334 1797 coelestia
3386 1739 3526 1804 facta

307 1845 493 1903 XXI“.
521 1846 700 1902 Jacuit
728 1855 908 1902 autem
939 1816 999 1902 in
1036 1848 1156 1902 loco
1184 1849 1371 1902 colem
1401 1863 1571 1918 usque
1592 1835 1658 1902 ad
1689 1853 1826 1904 tem-
1857 1816 1904 1876 Β
1934 1843 2060 1888 sum
2087 1841 2140 1887 θί
2165 1833 2296 1886 “uni
2325 1833 2709 1886 Nir3‘3l'lmum
2734 1835 2913 1902 είῧηθν
2941 1834 3185 1903 ψιωὶκηι
3219 1835 3390 1903 magis
3409 1849 3531 1889 00"

219 1951 336 2007 pus
376 1935 526 1990 beati
559 1933 830 2002 Anthcrti,
862 1937 952 2006 qui
995 1939 1255 2007 septimus
1309 1938 1358 1991 ei
1406 1938 1457 1991 in
1491 1935 1616 1991 sede
1654 1941 1830 2009 ponti-

219 2028 377 2084 ﬁcali
404 2027 671 2085 successit
697 2030 1001 2100 episcopus.
1031 2027 1082 2086 is
1111 2040 1315 2095 autem,
1347 2037 1407 2084 ut
1448 2029 1712 2097 majorum
1746 2049 1829 2085 rc-

217 2124 438 2180 latione
458 2125 830 2196 cognovimus,
860 2123 914 2176 et
938 2132 995 2177 ut
1027 2121 1502 2178 innumerabilium
1550 2123 1828 2178 hominum

220 2231 328 2274 ore
359 2223 638 2279 verSatur,
672 2221 725 2271 et
756 2213 898 2284 quod
947 2215 1117 2270 oculis
1169 2217 1333 2270 etiam
1386 2215 1587 2271 factum
1635 2221 1828 2285 proba—

219 2323 377 2372 mus,
407 2307 529 2362 dum
575 2307 809 2377 quadam
857 2306 944 2361 die
995 2311 1116 2377 post
1164 2307 1394 2378 hymnos
1444 2311 1741 2362 matutinos
1773 2310 1824 2363 in

219 2400 489 2457 humanis
538 2399 740 2472 [Bo!l..
789 2399 841 2453 in
895 2399 1212 2463 mmnianis;
1263 2395 1548 2454 Fnlberlus
1602 2400 1654 2454 in
1707 2397 1826 2454 Vita

223 2489 292 2548 S.
329 2490 592 2554 Autberti,
621 2491 770 2545 stans
803 2491 854 2544 in
895 2487 1186 2560 mmnihus]
1220 2490 1546 2554 consistens,
1601 2489 1827 2543 rubente

222 2599 464 2644 aurora,
518 2577 794 2637 Orientem
827 2597 1014 2635 versus
1053 2581 1388 2644 intenderet;
1434 2582 1569 2635 vidit
1615 2582 1826 2634 eminus

225 2685 392 2730 trans
412 2673 705 2738 lluviolum,
739 2674 830 2744 qui
859 2669 1045 2728 Crient
1066 2683 1098 2726 o
1120 2683 1365 2737 vocatur,
1404 2674 1576 2726 virum
1606 2672 1827 2742 pra-ful-

225 2765 419 2836 gidum
449 2765 656 2835 virgam
697 2780 860 2819 manu
909 2772 1214 2826 tenentem,
1245 2761 1482 2817 basilica:
1511 2753 1686 2816 locum
1719 2779 1827 2816 me-

227 2859 348 2914 ti'ri.
399 2849 547 2924 Quod
578 2857 666 2912 ille
699 2871 946 2917 cernens,
980 2856 1251 2911 revelante
1283 2857 1410 2921 Deo,
1447 2857 1707 2910 visionem
1737 2873 1828 2911 co-

227 2953 424 3023 gnovit
453 2949 750 3020 angelicam
785 2967 797 3004 :
843 2937 1230 3019 ostensumque
1265 2957 1349 3004 est
1393 2947 1466 3002 illi
1497 2949 1713 3004 beatum
1767 2947 1829 3002 il-

227 3045 322 3099 luc
355 3043 669 3106 Vedastum,
707 3051 980 3099 annuente
1025 3043 1264 3108 Christo,
1297 3044 1414 3098 sine
1442 3044 1603 3098 dubio
1651 3051 1828 3099 trans-

225 3135 537 3193 ferendum.
582 3136 694 3204 Qua
738 3137 1065 3192 revelatione
1103 3137 1304 3191 certior
1351 3137 1546 3201 l‘actus,
1579 3137 1827 3190 invitavit

226 3229 300 3285 ad
333 3239 544 3285 tantum
591 3245 728 3300 opus
777 3229 996 3286 beatum
1041 3230 1433 3298 Audomarum,
1465 3233 1555 3302 qui
1585 3248 1646 3288 ea
1695 3241 1830 3286 tem-

225 3331 446 3396 pestate
469 3311 770 3379 'i'arvennre
793 3321 1122 3378 Morinorum
1153 3325 1302 3379 urbis
1325 3325 1628 3394 episcopus,
1658 3327 1709 3380 in
1735 3325 1830 3380 Dei

228 3415 401 3470 rebus
449 3414 768 3485 magniﬁcus
823 3415 1144 3469 habebatur.
1195 3415 1295 3482 Q'll
1343 3415 1469 3470 licet
1511 3414 1625 3484 jam
1674 3416 1832 3470 senio

226 3517 487 3576 pressus,
539 3514 595 3560 et
634 3506 925 3562 amissione
972 3506 1236 3560 luminum
1288 3501 1564 3560 videretur
1603 3507 1832 3560 debilior

229 3599 433 3660 factus,
482 3598 721 3652 animmn
764 3607 950 3653 tamen
1001 3605 1059 3651 ut
1109 3601 1293 3652 arcum
1347 3597 1559 3651 habens
1598 3597 1828 3668 spiritali

230 3687 416 3746 studio
458 3689 749 3755 intentum,
800 3687 944 3745 illico
992 3699 1295 3762 promptus,
1345 3677 1562 3744 Christo
1611 3705 1832 3760 gressus

231 3789 494 3852 tegente,
551 3781 778 3836 festinus
833 3783 898 3836 al
947 3779 1315 3835 venerabilem
1391 3783 1641 3850 perverft
1699 3780 1832 3836 Aut-

230 3876 474 3931 bertum.
503 3871 572 3928 At
606 3871 693 3928 ille
720 3865 849 3946 quid
893 3875 1075 3928 aniMo
1105 3882 1336 3944 gereret,
1368 3873 1423 3928 et
1455 3873 1582 3944 quid
1614 3875 1713 3928 sibi
1749 3873 1830 3928 di-

231 3965 439 4020 vinittB
477 3974 624 4021 esset
660 3969 968 4030 ostensum,
1019 3967 1276 4028 referens,
1339 3967 1453 4036 pari
1505 3973 1628 4019 voto
1682 3980 1831 4019 com-

232 4062 500 4131 munique
559 4060 787 4114 consilio
836 4075 960 4114 cum
1016 4076 1212 4132 magno
1244 4053 1560 4130 populorum
1595 4060 1826 4131 gaudio,

233 4152 326 4220 qui
383 4151 624 4222 undique
668 4141 1079 4216 conﬂuxerant,
1143 4143 1207 4205 azi
1255 4152 1427 4207 locum
1488 4151 1827 4224 designatum

151 4295 154 4297 _
233 4242 614 4298 beatissimum
643 4237 1039 4298 transtulerunt
1064 4241 1376 4298 Vedastum.
1409 4243 1464 4296 in
1497 4259 1602 4312 qua
1652 4259 1830 4299 trans-

233 4333 440 4390 latione
471 4335 786 4404 perhibetur
837 4335 1027 4390 beatus
1081 4325 1422 4390 Analoma‘rus
1471 4335 1651 4389 lumen
1683 4351 1830 4390 rece-

233 4428 382 4498 pisse
415 4426 719 4492 oculorum,
753 4427 846 4482 sed
893 4429 1035 4482 illico
1065 4429 1316 4498 precibus
1363 4429 1632 4493 eamdem,
1665 4446 1828 4498 quam

1855 3173 1904 3236 C

1932 1927 2175 1981 nentium
2211 1941 2307 1980 ore
2357 1931 2674 1991 narrantur,
2725 1935 2888 1994 quam
2934 1924 3192 1978 dictantis
3220 1925 3359 1995 stylo
3388 1926 3524 1980 seris

1930 2019 2147 2074 bantur.
2177 2017 2332 2074 Felix
2361 2019 2613 2089 equidcm
2645 2016 2967 2073 Atrebatum
3002 2019 3195 2072 civitas
3223 2057 3238 2084 ,
3291 2023 3399 2072 tam
3428 2033 3528 2073 ex-

1932 2111 2144 2167 cellenti
2177 2111 2382 2166 munita
2436 2119 2693 2181 patrano,
2747 2111 2848 2166 etsi
2904 2126 3182 2165 taurorum
3229 2111 3402 2165 ruinis
3456 2109 3533 2166 vi-

1932 2204 2122 2268 lescat,
2155 2204 2298 2257 illius
2350 2213 2531 2256 tamen
2563 2203 2878 2256 meritorum
2925 2201 3210 2256 nobilitate
3253 2201 3527 2258 clarescit.

1932 2297 2204 2366 Totusque
2232 2311 2332 2365 pro
2361 2295 2477 2363 ejus
2507 2295 2820 2348 sanctitatis
2864 2293 3252 2348 intercessione
3292 2294 3528 2363 gaudeat

1931 2389 2183 2457 populus,
2208 2386 2675 2454 ontnipotentique
2705 2383 2814 2438 Deo
2835 2391 3064 2440 :eternas
3093 2381 3294 2440 referat
3321 2383 3526 2451 laudes,-

1931 2481 2021 2550 qui
2049 2487 2156 2534 tam
2195 2477 2401 2534 clarum
2426 2470 2501 2533 illi
2526 2479 2843 2548 pcrdonavit
2871 2481 3170 2542 doctorem,
3202 2476 3356 2546 cujus
3384 2489 3522 2548 prte-

1931 2574 2202 2628 dicatione
2227 2572 2370 2624 viam
2413 2571 2633 2642 agnovit
2672 2571 2939 2624 veritath.
2973 2569 3138 2640 Cujus
3169 2569 3444 2640 precibus,
3479 2567 3528 2624 si

1931 2665 1984 2719 in
2039 2664 2159 2719 fidei
2203 2664 2458 2717 firmitate
2504 2669 2559 2717 et
2609 2659 2734 2716 vitae
2776 2663 3065 2716 sanctitate
3114 2661 3402 2726 consistit,
3459 2661 3530 2717 ab

1931 2757 2077 2811 omni
2132 2753 2462 2812 adversitate
2513 2769 2704 2808 secura
2750 2751 3109 2822 permanebit,
3138 2761 3192 2806 et
3241 2759 3411 2824 nsque
3460 2745 3531 2806 ad

1930 2847 2224 2920 perfectam
2246 2846 2599 2901 beatitudinis
2639 2845 2863 2914 gloriam
2907 2843 3204 2914 perveniet,
3236 2843 3532 2912 przestante

1932 2939 2162 2993 Domino
2208 2947 2395 2992 nostro
2423 2936 2548 2991 .lesu
2570 2935 2809 3001 Christo,
2847 2935 2938 3006 qui
2970 2952 3091 2990 cum
3122 2934 3284 2990 Patre
3315 2943 3368 2990 et
3401 2934 3524 3005 Spiai

1933 3032 2037 3086 ritu
2069 3040 2258 3086 sancto
2303 3032 2436 3085 vivit
2471 3041 2523 3085 et
2574 3040 2761 3101 regnat
2802 3027 2964 3097 Deus,
2990 3041 3086 3102 per
3113 3028 3296 3084 omnia
3325 3026 3524 3083 sarcula!

1934 3125 2276 3181 saeculorum.
2319 3122 2491 3178 Amen
2521 3121 2571 3176 δ.

2349 3251 2372 3280 ⁸
2403 3246 3080 3329 ADHORTATIO

2019 3403 2101 3446 AD
2161 3403 2504 3445 IMITANDAS
2562 3399 2874 3445 VIBTUTES
2917 3397 3137 3442 SANCTI
3187 3393 3454 3442 νιξωετι

2425 3501 2475 3539 IN
2516 3499 2669 3539 ACTIS
2707 3497 3047 3547 DESCRIPTAS,

2178 3597 2552 3658 AUC'I‘ORE
2595 3591 2874 3656 EODEM
2925 3591 3275 3656 ALCUlNO

2093 3722 2198 3782 Ex
2231 3741 2376 3782 mss.
2415 3719 2741 3782 Vedastina
2775 3727 2832 3782 et
2860 3717 3336 3798 Antwcrpt'ensi.

2003 3843 2043 3900 l.
2074 3845 2338 3910 Gaudete,
2367 3844 2700 3899 dilectissimi
2731 3843 2928 3897 fratres
2958 3843 3012 3896 in
3057 3842 3308 3903 Domino,-
3333 3839 3423 3910 qtti
3451 3841 3519 3896 ad

1935 3938 2266 3994 sanctissimi
2299 3937 2477 3992 Patris
2503 3945 2555 3992 et
2603 3937 2930 4008 protectoris
2977 3936 3172 4000 nostri,
3203 3935 3374 3990 sancti
3416 3935 3523 3989 sci-

1933 4032 2057 4086 licet
2091 4029 2325 4096 Vcdxsti,
2381 4030 2642 4087 Solemuia
2687 4031 3040 4095 convenistis,
3090 4035 3144 4083 et
3189 4027 3417 4098 spiritali
3439 4027 3529 4095 ju-

1933 4123 2209 4178 cunditate
2249 4123 2522 4187 hetamini,
2557 4131 2612 4178 et
2633 4139 2700 4178 ex
2741 4123 2932 4178 intimo
2957 4123 3140 4176 coriis
3182 4120 3376 4175 ali'ectu
3417 4120 3526 4174 cie-

1933 4221 2190 4275 mentiam
2245 4219 2455 4276 Domini
2513 4222 2681 4275 nostri
2733 4217 2864 4275 'Jesu
2922 4217 3124 4276 Christi
3175 4196 3526 4284 collaudate:

1934 4313 2022 4382 qui
2063 4325 2161 4367 nos
2203 4315 2269 4367 ab
2303 4305 2624 4367 idololatria:
2655 4313 2934 4368 erroribus
2965 4309 3030 4367 ad
3080 4313 3410 4368 aznitionem
3441 4310 3524 4366 sui

1933 4402 2104 4457 sancti
2137 4403 2372 4457 nominis
2401 4417 2498 4472 per
2526 4403 2688 4472 hujus
2733 4403 2904 4458 sancti
2937 4401 3235 4457 sacerdotis
3261 4399 3525 4470 prredica-

233 4517 520 4572 ultroneus
569 4517 798 4580 ferebat,
853 4519 1231 4587 rcimpetrasse
1279 4519 1600 4573 czecitatem.
1635 4519 1827 4573 Parvi-

1936 4497 2134 4550 tionem
2164 4497 2458 4566 perdurere
2499 4493 2750 4564 dignatus
2784 4503 2886 4550 est.
2919 4495 3225 4565 Seq'ramur
3255 4491 3524 4548 111111111ῐηὶ-

233 4625 338 4680 pen
363 4599 508 4662 lebat
545 4609 742 4678 (ιιιίρυρ
793 4607 973 4662 lumen
1029 4607 1327 4662 carnalium
1372 4609 1684 4678 oculorum,
1733 4597 1825 4681 qui

233 4700 422 4755 lumen
452 4701 649 4754 meruit
677 4701 872 4753 'civium
920 4715 1279 4770 supernorum
1316 4713 1362 4754 δ.

311 4826 336 4854 ι
363 4811 655 4868 Bollandus
676 4813 977 4868 Comment.
1012 4815 1211 4884 praevio
1239 4832 1387 4868 nu'n.
1416 4815 1484 4868 56
1519 4815 1826 4884 suspicatur

236 4897 303 4937 ea
335 4889 456 4954 quae
481 4900 644 4955 seque
672 4883 1059 4938 ,111111111011124
1092 4886 1415 4948 referuntur,
1452 4883 1627 4939 addita
1665 4887 1826 4942 fixisse

235 4965 362 5022 post
390 4959 438 5008 θ’
466 4957 597 5026 itum
624 4955 856 5016 Alcuiui,
902 4955 1115 5026 obihzec
1143 4958 1328 5016 verba,
1360 4973 1480 5026 qua:
1530 4958 1600 5011 ibi
1643 4957 1827 5020 legun-

237 5034 370 5078 tur:
413 5043 431 5075 1
474 5025 641 5080 Porro
671 5036 726 5080 et
768 5025 1044 5086 miracula,
1073 5043 1204 5097 quae
1229 5038 1278 5080 et
1315 5025 1440 5081 tunc
1485 5027 1560 5092 (in
1600 5030 1827 5082 frzmsla-

237 5098 406 5168 tione)
447 5109 596 5168 gesta
628 5105 771 5159 sunt,
813 5105 866 5150 et
904 5113 1023 5166 quze
1063 5096 1174 5164 jam
1205 5098 1290 5168 (ab
1334 5116 1392 5151 eo
1439 5105 1697 5168 tempore)
1732 5115 1826 5168 per

235 5157 414 5221 annos
441 5157 610 5222 ferme
641 5157 855 5223 centum
887 5157 1164 5237 sexaginta
1204 5157 1298 5237 per
1331 5169 1518 5223 merita
1545 5157 1698 5223 'beati
1729 5157 1826 5225 Ve-

237 5238 379 5292 dasti
415 5248 626 5312 patrata
672 5249 819 5312 sunt,
844 5248 947 5292 etc.
993 5259 1033 5312 )_
1061 5239 1162 5312 Qui
1193 5240 1339 5302 anni,
1391 5241 1466 5294 ait
1514 5239 1822 5304 Bollandus,

236 5313 309 5362 ab
333 5325 398 5363 ea
439 5309 810 5373 translatione,
845 5321 984 5362 anno
1007 5310 1104 5362 667
1140 5309 1300 5370 facta,
1355 5312 1420 5363 ad
1451 5325 1648 5364 annum
1697 5313 1823 5376 804,

235 5395 352 5450 quo
379 5382 516 5436 obiit
539 5381 834 5443 Alcuinus,
875 5396 978 5433 non
1020 5381 1377 5444 intercedunt.
1431 5381 1613 5450 Neque
1660 5383 1826 5438 etiam

235 5451 314 5504 ab
344 5452 496 5506 obitu
557 5453 726 5507 sancti
773 5451 992 5522 V’eflasti
1027 5451 1208 5522 iidem
1238 5451 1362 5522 anni
1396 5453 1670 5504 numerari
1709 5471 1828 5522 pos-

233 5529 393 5586 sunt,
416 5523 560 5594 quod
587 5526 654 5577 ab
685 5538 824 5576 anno
849 5521 953 5574 540
981 5522 1146 5590 elapsi
1171 5521 1280 5574 sint
1306 5521 1521 5594 duc-mi
1549 5521 1824 5590 sexaginta

233 5596 405 5656 anni,
443 5593 519 5648 ut
568 5609 741 5648 cintus
792 5593 1624 5664 octingentesimus_habeatur,
1679 5597 1826 5650 circa

232 5679 406 5734 quem
436 5666 545 5720 vita
578 5667 694 5721 haec
723 5664 933 5720 videtur
954 5662 1253 5720 emendata
1282 5662 1468 5724 fuisse.

317 5735 346 5776 δ
381 5735 711 5792 Nobiliacus.
743 5734 859 5792 Hoc
903 5735 1276 5807 Nobiliacense
1319 5735 1706 5807 monasterium
1737 5753 1826 5807 po-

240 5810 369 5862 stea
420 5807 640 5863 nomine
698 5807 872 5864 sancti
922 5805 1146 5864 Vedasti
1208 5805 1309 5862 fuit
1359 5805 1708 5882 insignitum,
1739 5805 1828 5866 'aé

1934 4595 2016 4639 ter
2047 4594 2154 4640 tam
2203 4588 2373 4641 sancti
2426 4587 2663 4641 doctoris
2693 4586 2920 4657 vestigia
2956 4602 2970 4639 :
3003 4597 3108 4642 non
3169 4585 3339 4640 simus
3385 4584 3522 4640 tanti

1927 4679 2106 4734 Patris
2163 4681 2458 4751 degeneres
2494 4679 2617 4745 lilii;
2675 4679 2768 4734 sed
2820 4680 3162 4734 sanctitatem
3205 4679 3328 4732 vita:
3375 4678 3521 4732 illius

1929 4818 2226 4872 etiamnum
2257 4818 2667 4873 celeberrimum
2695 4835 2708 4870 :
2754 4815 2908 4884 cujus
2939 4817 3318 4887 inscriptiones
3362 4804 3517 4872 dabi-

1930 4905 2052 4944 mus
2082 4891 2222 4945 inter
2261 4889 2364 4942 alia
2397 4889 2536 4942 beati
2569 4888 2779 4941 Alcuini
2814 4898 3085 4955 poemata.

2002 4973 2023 4999 ε
2067 4959 2134 5013 El
2163 4959 2393 5012 aliorum
2443 4961 2745 5011 deuotarum
2776 4973 2944 5027 grege.
3002 4957 3266 5012 Nimirum
3317 4967 3518 5027 praeter

1929 5033 2243 5085 monachos.
2276 5031 2518 5083 Notanda
2551 5037 2676 5082 sunt
2723 5030 2838 5083 haec
2866 5028 3079 5084 Alcuini
3119 5030 3285 5082 verba
3306 5059 3322 5092 ς
3351 5034 3514 5099 prout

1929 5111 2111 5157 monet
2139 5101 2335 5156 Mahill.
2393 5110 2522 5155 tom.
2548 5100 2568 5154 l
2598 5100 2789 5154 Annal.
2827 5100 2881 5154 li'
2907 5118 2952 5154 r.
2979 5117 3067 5164 xv,
3110 5117 3260 5154 nttm.
3289 5099 3380 5162 49,
3411 5113 3520 5166 quo

1929 5173 2148 5226 nomine
2189 5186 2354 5226 secun
2381 5173 2412 5226 'i
2460 5171 2666 5226 ordinis
2726 5172 2874 5236 religi
2916 5188 3004 5226 sos
3059 5173 3202 5236 viros
3245 5170 3515 5235 intelligit,

1927 5244 2114 5311 quales
2136 5251 2319 5310 postea
2348 5242 2494 5296 fnere
2526 5241 2724 5298 fratres
2749 5231 2912 5296 ob'ali
2937 5257 3030 5297 seu
3056 5231 3258 5304 donati,
3284 5242 3374 5309 qui
3402 5231 3519 5293 mo;-

1929 5317 2230 5370 nachorum
2264 5315 2481 5366 nomine
2503 5329 2842 5382 nequaquam
2883 5313 3266 5368 censebantur.

2004 5384 2030 5424 ἀ
2058 5384 2214 5452 Apud
2243 5385 2560 5438 Hollandum
2592 5386 2664 5438 ita
2699 5387 2812 5440 inec
2848 5386 2964 5439 Vita
2997 5384 3268 5452 clauditur
3299 5397 3312 5434 :
3343 5398 3522 5451 pert-e-i

1931 5456 2054 5508 nict.
2074 5451 2214 5507 Obiit
2246 5467 2418 5508 rmlem
2443 5457 2580 5509 idem
2604 5456 2847 5510 sacerdos
2877 5455 3074 5510 Christi
3110 5451 3367 5507 Vedastus
3416 5469 3518 5507 vm

1927 5525 2060 5580 Idus
2097 5521 2394 5598 Februarii,
2437 5538 2683 5598 regnante
2721 5517 2945 5581 Domino
2994 5535 3172 5579 nostro
3203 5519 3333 5578 Iesu
3362 5521 3519 5578 Chri-

1927 5607 2030 5659 sto,
2063 5603 2195 5660 etc.,
2225 5597 2282 5651 ut
2312 5601 2498 5666 supra.

2004 5680 2028 5708 ε
2057 5669 2112 5723 ln
2163 5669 2281 5723 cod.
2333 5663 2559 5724 Vindob.
2603 5669 2744 5738 apud
2794 5663 3140 5738 Lambeciurn
3358 5666 3518 5734 edit,

1928 5739 2133 5824 tom."l
2167 5739 2386 5824 Annali.)-
2422 5757 2558 5824 lpag.
2613 5737 2756 5824 εἶδέἒ
2795 5737 2988 5824 titulas
3016 5753 3030 5792 z
3062 5737 3386 5824 Hgmilianin
3433 5738 3520 5824 die

1929 5809 2097 5868 natali
2121 5811 2291 5868 sancti
2331 5807 2540 5866 Vadasti
2571 5809 2832 5881 pontiﬁcis
2872 5807 2942 5864 ad
2987 5807 3238 5884 populum
3271 5808 3516 5873 dicenda.
