4044 6340
492 392 493 395 “
529 392 635 449 679

1360 392 1423 447 Β.
1463 390 1526 449 r.
1565 392 1791 451 ALBINI
1830 394 1961 452 seu
2001 390 2277 452 ALCUINI
2315 370 2597 451 bennam
2636 392 2813 450 rans
2850 393 2917 449 v.

3680 396 3783 454 680

528 512 741 569 nierum
794 508 1080 567 nobilitate
1142 509 1433 567 imitemur.
1487 511 1815 581 Abjiciamus
1864 528 1895 566 a
1943 511 2097 567 nobis
2123 514 2172 572 Α
2198 510 2262 565 ab
2288 525 2463 564 errore
2490 510 2589 563 vice
2634 526 2779 575 sure,
2824 508 3091 579 cooperuit
3117 508 3505 566 multitudinem
3545 524 3787 583 peccato-

528 621 691 675 opera
720 607 1084 673 tenebrarum,
1117 613 1173 660 et
1208 605 1492 661 induamus
1520 620 1619 660 nos
1632 610 1795 660 ‘arma
1841 606 1996 669 lucis,
2028 606 2101 659 si-

2202 618 2310 656 rem
2334 619 2547 656 suorum
2576 602 2718 673 (Jac.
2741 616 2797 668 v,
2823 602 2936 670 20).
2966 600 3119 658 Scire
3168 602 3449 669 debemus,
3478 605 3787 663 charissimi

530 709 622 755 cut
651 701 704 755 in
728 699 816 756 die
835 700 1059 756 honeste
1086 700 1422 755 ambulemus
1458 717 1472 753 :
1496 701 1623 770 quia
1657 715 1762 755 nox
1785 698 2102 770 ignorantiae
2200 692 2421 761 fratres,
2445 697 2588 764 quod
2615 704 2846 766 quantas
2868 696 3080 752 animas
3099 697 3326 768 quisque
3351 699 3594 755 lucratus
3624 700 3790 756 fuerit

531 793 777 859 recessit,
812 802 866 848 et
909 808 1049 849 vera:
1098 793 1338 849 scientiae
1392 792 1548 849 nobis
1589 792 1768 847 lumen
1816 792 2009 855 illuxit,
2043 798 2103 845 ut

530 884 626 939 ﬁlii
674 883 808 939 lucis
837 884 890 938 in
918 884 1064 940 omni
1112 884 1370 940 castitate
1412 891 1466 939 et
1513 884 1713 955 pietate
1745 884 2099 938 ambulemus.

527 975 644 1032 Non
677 976 786 1031 sint
825 977 1051 1051 alicujus
1104 977 1355 1046 nequitiae
1397 976 1486 1031 vel
1527 975 1746 1031 malitia:
1795 974 2007 1031 occulta
2048 975 2104 1028 in

529 1068 783 1124 cordibus
808 1068 1010 1122 nostris
1031 1068 1235 1123 semina
1268 1086 1280 1119 :
1308 1068 1433 1136 quia
1456 1066 1618 1122 homo
1638 1066 1784 1120 videt
1811 1066 1866 1119 in
1887 1064 2102 1130 faciem,

529 1157 671 1215 Deus
723 1168 902 1215 autem
957 1160 1117 1214 corda
1169 1159 1512 1225 considerat,
1572 1174 1672 1214 nec
1722 1158 1923 1226 aliquid
1966 1156 2104 1211 illius

526 1251 931 1320 omnipotentiae
981 1250 1152 1305 oculis
1201 1250 1462 1305 occultari
1490 1257 1685 1319 potest.
1730 1249 2107 1318 Praeparemus

526 1359 624 1400 nos
654 1345 707 1399 in
734 1346 880 1401 omni
904 1345 1174 1409 bonitate,
1225 1354 1284 1398 ut
1314 1344 1606 1413 praeclarus
1633 1343 1875 1413 pontifex
1904 1351 1958 1397 et
1986 1344 2106 1412 pius

524 1435 848 1505 praedicator
870 1443 1053 1488 noster
1077 1435 1339 1489 Vedastus
1380 1435 1617 1502 gaudens
1642 1450 1741 1488 nos
1784 1442 1906 1488 ante
1936 1435 2108 1488 tribu-

527 1523 614 1577 nal
645 1524 840 1578 summi
863 1522 1062 1591 judicis
1093 1524 1146 1577 in
1175 1524 1262 1579 die
1291 1524 1479 1577 ultimo
1509 1524 1759 1588 deducat,
1790 1523 1945 1592 173
1977 1538 2108 1592 qua-

528 1622 689 1669 tenus
719 1631 787 1669 ex
810 1616 1200 1670 numerositate
1220 1616 1447 1670 ﬁliorum
1468 1615 1611 1669 illius
1633 1615 1968 1669 cumulemur
1995 1616 2109 1684 glo-

525 1704 627 1771 ria,
661 1713 715 1758 et
745 1720 843 1759 nos
867 1720 989 1759 cum
1013 1704 1103 1759 illo
1133 1705 1541 1759 desiderabilem
1587 1705 1773 1760 audire
1803 1719 2109 1759 mereamur

525 1802 847 1856 sententiam
887 1819 900 1854 :
948 1800 1142 1865 Venite,
1174 1802 1428 1854 benedicti
1470 1798 1653 1855 Patris
1695 1802 1830 1865 mei,
1863 1801 2108 1871 percipite

2202 785 2333 853 Deo,
2366 794 2545 843 tantas
2572 797 2893 859 accepturus
2941 791 3046 845 erit
3075 794 3350 848 mercedes
3375 809 3405 847 a
3431 794 3559 849 Deo.
3614 794 3790 862 Quan-

2205 885 2315 931 tam
2346 878 2572 951 gloriam
2618 880 2817 937 habere
2844 882 3047 951 putatis
3093 893 3337 940 sanctum
3389 887 3685 942 Vedastum
3735 889 3790 943 in

2205 970 2415 1026 caelesti
2443 986 2607 1043 regno
2629 988 2751 1027 cum
2787 972 3028 1039 Christo,
3065 977 3156 1046 qui
3195 984 3305 1032 tam
3336 979 3791 1034 innumerabilem

2204 1064 2460 1132 populum
2484 1065 2665 1120 sedula
2686 1068 3067 1137 praedicatione
3093 1069 3312 1125 Christo
3342 1070 3398 1125 in
3423 1072 3589 1126 terris
3610 1073 3793 1142 acqui-

2208 1152 2370 1207 sivit?
2386 1155 2480 1209 νει
2502 1165 2704 1225 quanta
2730 1159 2802 1212 sit
2826 1158 2994 1230 gloria
3018 1161 3211 1216 animze
3229 1161 3372 1217 illius
3394 1164 3629 1231 speratis
3652 1163 3794 1219 inter

2210 1246 2448 1314 angelos,
2483 1248 2606 1301 dum
2636 1257 2844 1304 tantum
2875 1252 3135 1307 honorem
3180 1254 3345 1308 habet
3393 1270 3591 1325 corpus
3648 1255 3792 1312 illius

2209 1336 2355 1392 inter
2375 1339 2656 1395 homines?
2686 1343 2777 1397 Vel
2806 1344 2935 1413 quid
2957 1362 3063 1399 non
3089 1354 3270 1415 potest
3295 1348 3516 1417 pietatis
3536 1351 3793 1419 precibus

2211 1428 2505 1498 impetrare
2533 1432 2587 1485 in
2611 1434 2785 1500 cmlis,
2814 1437 2905 1504 qui
2944 1439 3111 1492 tantis
3154 1439 3208 1493 in
3240 1441 3441 1495 mundo
3477 1441 3675 1495 claruit
3700 1443 3795 1496 mi-

2211 1522 2441 1575 raculis?
2469 1521 2572 1578 Sed
2594 1526 2844 1581 omnibus
2866 1530 3138 1585 miraculis
3166 1532 3337 1602 major
3363 1540 3447 1587 est
3469 1534 3794 1606 evangelicae

2210 1614 2606 1682 praedicationis
2636 1618 2919 1685 instantia,
2936 1631 2990 1676 et
3016 1632 3217 1677 sancta:
3244 1624 3529 1679 charitatis
3552 1626 3607 1680 in
3633 1628 3795 1682 corde

2213 1704 2530 1776 fragrantia.
2567 1710 2731 1766 Valde
2771 1714 2915 1768 enim
2959 1716 3192 1770 viriliter
3240 1727 3459 1787 accepta
3499 1718 3795 1777 Dominicae

2211 1800 2452 1865 pecuniae
2482 1801 2682 1856 talenta
2730 1806 3090 1872 multiplicare
3119 1810 3353 1876 studuit;
3395 1811 3515 1867 ideo
3564 1811 3795 1869 feliciter

525 1908 740 1961 regnum
767 1934 780 1957 ,
830 1892 969 1963 quod
1005 1892 1144 1945 vobis
1177 1902 1422 1962 paratum
1466 1904 1541 1946 est
1569 1892 1634 1947 ab
1688 1894 1888 1961 origine
1924 1892 2105 1945 mundi
2142 1871 2184 1929 Β
2215 1890 2316 1945 sibi
2344 1891 2625 1948 Dominum
2657 1896 2839 1950 audiet
2867 1871 3133 1954 dicentem
3164 1920 3175 1953 :
3211 1871 3358 1972 Fuge
3392 1920 3535 1957 serve
3568 1905 3699 1958 bone
3747 1917 3793 1960 et

525 1981 739 2050 (Matth.
764 2000 891 2048 xxv,
916 1984 1028 2055 54).
1052 1985 1143 2039 Ille
1172 1986 1237 2039 de
1261 1986 1467 2040 caelesti
1509 1985 1685 2054 patria
1712 1986 1814 2055 piis
1847 1984 2108 2039 orationi-

521 2074 621 2131 bus
648 2084 891 2131 nostrum
913 2077 1155 2146 quotidie
1182 2092 1407 2146 agonem
1431 2075 1685 2144 adjuvare
1732 2092 1839 2131 non
1870 2076 2104 2140 desistit,

523 2168 834 2225 desiderans
846 2184 944 2223 nos
961 2168 1044 2240 [Μ
1046 2187 1116 2233 8.,
1139 2167 1379 2233 Vedast.°,
1394 2168 1704 2222 desiderans
1734 2165 1882 2237 suos]
1903 2168 2107 2219 charis-

522 2258 692 2313 simos
719 2259 879 2323 ﬁlios,
895 2274 1028 2327 quos
1044 2266 1269 2327 paterna
1292 2259 1494 2326 pietate
1514 2258 1699 2328 genuit
1714 2258 1768 2310 in
1786 2256 2020 2319 Christo,
2040 2256 2108 2309 ad

524 2348 751 2418 gloriam
797 2357 1069 2417 perpetua:
1114 2349 1298 2402 venire
1346 2348 1717 2407 beatitudinis.
1750 2347 2102 2416 Quapropter,

524 2440 834 2495 charissimi
856 2439 1074 2505 fratres,
1103 2439 1473 2509 unusquisque
1499 2440 1551 2493 in
1580 2454 1678 2494 suo
1706 2439 1893 2493 ordine
1915 2454 2106 2491 secun-

523 2530 650 2584 dum
687 2530 882 2583 virium
934 2530 1266 2594 facultatem,
1320 2530 1534 2585 fortiter
1569 2530 1850 2584 diabolicis
1893 2530 2109 2584 resistat

523 2621 978 2689 suggestionibus,
1012 2630 1070 2675 ut
1111 2629 1366 2675 aeternam
1396 2621 1651 2690 triumphi
1700 2636 1954 2675 coronam
1983 2636 2107 2675 cum

522 2713 613 2782 pio
642 2720 865 2781 parente
892 2721 1080 2768 nostro
1123 2713 1371 2781 accipere
1415 2713 1610 2783 dignus
1656 2712 1939 2767 efﬁciatur.
1983 2712 2107 2766 Non

520 2814 641 2859 sunt
658 2805 794 2859 enim
826 2806 1117 2875 condigme,
1140 2813 1201 2860 ut
1226 2807 1304 2860 ait
1321 2807 1631 2876 Apostolus,
1654 2808 1921 2876 passiones
1947 2806 2109 2876 hujus

521 2896 768 2964 temporis
797 2895 865 2949 ad
909 2905 1338 2965 superventuram
1366 2895 1610 2965 gloriam,
1636 2912 1753 2967 gnte
1796 2895 2107 2949 revelabitur

518 2988 577 3042 in
623 2989 769 3043 nobis
817 2987 995 3060 (Rom.
1025 3004 1145 3049 VIII.
1198 2987 1307 3058 l8).
1340 2988 1507 3059 Igitur
1535 2988 1699 3043 breve
1728 2989 1926 3043 laboris
1969 2996 2106 3043 tem—

518 3096 620 3155 pus
642 3081 819 3135 divina
844 3080 1000 3135 nobis
1042 3080 1210 3135 voluit
1236 3096 1356 3135 esse
1391 3082 1585 3151 pietas,
1613 3090 1667 3135 et
1697 3081 1884 3151 agonis
1931 3081 2102 3135 nostri

525 3174 939 3228 retributionem
962 3188 1080 3228 esse
1108 3182 1445 3242 perpetuam,
1474 3180 1528 3227 et
1555 3189 1653 3243 pro
1693 3173 1973 3243 temporali
2007 3174 2105 3228 tri-

522 3264 831 3330 bulatione,
874 3267 1240 3336 permanentis
1283 3266 1467 3336 gloria:
1492 3265 1741 3320 mercede
1773 3266 2027 3336 gaudere.

588 3356 653 3410 ll.
694 3355 887 3410 Audivi
912 3356 1238 3425 uusitaque,
1275 3372 1397 3411 cum
1440 3356 1551 3411 Deo
1581 3356 1763 3411 dilecti
1808 3356 2107 3413 sacerdotis

520 3444 643 3500 Vita
673 3447 963 3517 legeretur,
988 3455 1246 3517 quantam
1279 3447 1333 3501 in
1357 3448 1503 3503 omni
1539 3448 1783 3503 bonitate
1810 3449 1996 3503 habuit
2021 3450 2110 3505 de-

518 3538 789 3593 votionem
818 3578 832 3603 ,
896 3537 1162 3607 quomodo
1191 3552 1291 3606 per
1322 3536 1664 3591 abstinentiae
1688 3538 1921 3607 rigorem
1951 3554 2107 3593 suum

516 3627 803 3697 castigavit
828 3644 1046 3697 corpus,
1076 3627 1307 3696 qualiter
1356 3643 1455 3696 per
1482 3627 1767 3683 charitatis
1795 3627 1968 3682 oflicia
1995 3645 2108 3683 om-

517 3720 677 3774 nibus
704 3720 959 3789 prodesse
990 3721 1288 3775 contendit.
1323 3720 1640 3775 lncedamus
1667 3737 1788 3776 cum
1815 3722 1962 3776 omni
2004 3724 2110 3777 ala-

516 3812 712 3867 critate
751 3812 971 3877 mentis,
1014 3820 1069 3866 et
1117 3819 1232 3867 tota
1276 3812 1472 3867 virium
1507 3812 1766 3869 facultate
1804 3814 1946 3869 illius
1982 3815 2140 3870 vitae

516 3904 765 3975 vestigia,
796 3912 855 3958 ut
877 3903 1255 3970 beatitudinis,
1278 3905 1333 3959 in
1364 3922 1469 3975 qua
1501 3914 1691 3977 regnat
1718 3922 1839 3961 cum
1862 3907 2105 3973 Christo,

514 4002 796 4052 consortes
824 3994 967 4050 eﬁici
996 4009 1319 4050 mereamur.
1361 3995 1516 4051 Nulla
1570 3997 1806 4051 carnalis
1859 3998 2108 4067 concupi-

516 4089 747 4155 scentia,
780 4088 924 4142 nulla
987 4089 1263 4144 saecularis
1299 4090 1549 4155 ambitio,
1586 4091 1846 4160 impediat
1877 4092 1983 4147 iter
2018 4108 2108 4146 no-

516 4183 709 4234 s‘trum.
740 4177 1033 4235 Curramus
1059 4195 1157 4249 per
1192 4196 1355 4251 opera
1383 4180 1604 4251 pietatis
1635 4182 1702 4235 ad
1733 4181 1973 4237 caelestis
2019 4199 2109 4253 pa-

518 4272 636 4326 triae
666 4280 873 4342 portas.
898 4271 1229 4340 Exspectant
1275 4288 1374 4328 nos
1402 4273 1550 4328 cives
1578 4280 1798 4327 aeterna:
1826 4273 2103 4342 civitatis,

445 4428 458 4442 _
517 4369 573 4416 et
632 4378 727 4416 rex
762 4362 901 4430 ipse,
932 4362 1025 4431 qui
1057 4363 1171 4416 vult
1216 4378 1405 4417 omnes
1437 4363 1683 4418 homines
1733 4363 1910 4419 salvos
1943 4364 2060 4419 ﬁeri
2088 4407 2102 4431 ,

441 4453 453 4503 ἐ
516 4458 759 4507 nostram
786 4467 909 4505 cum
932 4453 1136 4506 sanctis
1162 4453 1276 4506 suis
1306 4453 1654 4507 vehementer
1702 4453 1977 4509 desiderat
2026 4470 2108 4508 sa-

514 4541 702 4595 lutem.
728 4540 890 4595 Decet
912 4541 1056 4595 enim
1086 4557 1185 4596 nos
1211 4542 1354 4596 illius
1375 4556 1496 4597 esse
1524 4554 1906 4612 cooperatores
1936 4545 1991 4598 in
2021 4561 2103 4599 sa-

516 4635 628 4691 lute
658 4646 865 4703 nostra,
892 4637 985 4708 qui
1026 4652 1122 4693 nos
1148 4637 1204 4691 in
1252 4645 1462 4693 tantum
1491 4639 1716 4705 dilexit,
1774 4648 1833 4693 ut
1880 4641 2099 4710 proprio

516 4728 654 4783 Filio
680 4744 779 4783 suo
806 4745 911 4783 non
936 4737 1210 4798 parceret,
1242 4731 1336 4785 sed
1370 4745 1469 4800 pro
1508 4732 1663 4786 nobis
1713 4731 1964 4787 omnibus
1992 4740 2101 4786 tra-

515 4820 655 4876 didit
678 4820 847 4875 illum.
874 4820 1170 4892 Diligamus
1189 4837 1312 4877 eum
1340 4863 1355 4889 ,
1400 4824 1527 4893 quia
1579 4823 1666 4876 ille
1700 4824 1852 4891 prior
1909 4823 2098 4879 dilexit

514 4927 613 4967 nos
640 4926 654 4964 :
685 4911 942 4967 faciamus
968 4912 1111 4968 illius
1135 4912 1489 4979 voluntatem,
1518 4914 1645 4984 quia
1681 4915 1926 4969 voluntas
1954 4916 2098 4973 illius

512 5000 746 5060 felicitas
769 5012 852 5060 est
869 5013 1072 5061 nostra.
1092 5006 1399 5062 Habeamus
1425 5021 1637 5075 semper
1664 5007 1717 5061 in
1741 5015 1919 5063 mente
1958 5010 2100 5078 quod

513 5096 631 5167 ipsa
658 5096 874 5154 Veritas
922 5098 1135 5153 cuidam
1166 5097 1319 5152 diviti
1369 5099 1649 5168 respondit
1690 5100 1746 5154 in
1776 5098 2095 5171 Evangelia:

515 5185 577 5242 Si
603 5189 680 5242 vis
702 5189 859 5243 vitam
886 5188 1111 5260 ingredi,
1140 5203 1291 5242 serva
1323 5188 1576 5244 mandata
1597 5187 1812 5262 (Matth.
1840 5206 1956 5255 xxx,
1986 5190 2093 5261 l7).

515 5277 648 5346 Quae
710 5290 838 5336 sunt
893 5280 1169 5347 mandata,
1222 5283 1329 5338 nisi
1390 5283 1629 5338 Charitas
1658 5283 1753 5338 Dei
1784 5292 1839 5339 et
1881 5284 2102 5353 dilectio

512 5371 783 5441 proximi?
815 5373 871 5427 In
892 5373 978 5427 his
1023 5374 1229 5428 duobus
1288 5376 1571 5445 praeceptis
1621 5382 1730 5430 tota
1774 5375 1860 5432 lex
1899 5378 2100 5447 pendet

513 5467 570 5516 et
619 5462 914 5532 prophetae.
973 5462 1197 5519 Dilectio
1268 5464 1449 5534 itaque
1518 5465 1749 5533 proximi
1802 5466 1855 5518 in
1917 5466 2097 5534 operi-

513 5554 616 5609 bus
670 5553 1061 5610 misericordiae
1105 5556 1523 5625 comprobatur:
1556 5556 1646 5623 qui
1700 5554 1881 5611 saeculi
1930 5555 2095 5612 habet

515 5645 878 5703 substantiam
918 5689 933 5715 ,
999 5648 1292 5704 auxilietur
1366 5664 1473 5703 non
1533 5646 1775 5703 habenti.
1843 5648 1947 5715 Qui
1999 5649 2094 5704 do-

516 5736 705 5792 ctrinae
759 5737 921 5793 habet
980 5737 1265 5793 scientiam
1291 5778 1306 5805 ,
1358 5738 1597 5809 corrigat
1635 5746 1911 5795 errantem
1948 5776 1963 5805 ,
2014 5738 2094 5794 di-

517 5837 671 5885 cente
700 5830 942 5899 apostolo
995 5829 1195 5890 Iacobo
1225 5850 1239 5886 :
1272 5829 1377 5898 Qui
1434 5831 1739 5889 converterit
1767 5840 2092 5905 peccatorem

2127 3221 2177 3283 C

2212 1984 2403 2053 ﬁdelis,
2426 1989 2549 2057 quia
2579 2006 2734 2058 super
2754 2008 2922 2061 pauca
2963 1994 3107 2057 fuisti
3134 1994 3326 2063 ﬁdelis,
3348 2015 3505 2068 super
3548 1998 3719 2052 multa
3749 2010 3795 2054 te

2211 2080 2543 2143 constituam,
2572 2081 2712 2135 intra
2736 2083 2789 2135 in
2815 2085 3065 2154 gaudium
3092 2085 3305 2141 Domini
3326 2091 3404 2141 tui
3422 2088 3638 2159 (Matth.
3665 2107 3793 2157 xxv,

2210 2168 2321 2240 25).
2354 2168 2527 2225 Parva
2565 2181 2690 2227 sunt
2726 2177 3008 2243 przcsentis
3064 2177 3188 2232 vitae
3233 2178 3373 2233 bona
3421 2180 3473 2232 in
3515 2196 3797 2251 compara-

2213 2261 2360 2316 tione
2388 2261 2688 2317 futurorum
2716 2266 2996 2321 bonorum.
3028 2267 3131 2323 Sed
3155 2271 3245 2339 qui
3273 2271 3329 2323 in
3350 2271 3436 2327 his
3462 2272 3695 2330 ﬁdeliter
3722 2275 3797 2329 la-

2210 2351 2389 2418 borat,
2426 2352 2478 2406 in
2510 2354 2614 2408 illis
2641 2354 2871 2410 ﬁdeliter
2899 2360 3222 2428 requiescet.

2280 2443 2365 2496 Ill.
2404 2443 2512 2498 lste
2552 2455 2794 2515 sanctus,
2832 2449 2896 2501 ad
2918 2449 3071 2517 cujus
3092 2467 3417 2512 concurrere
3444 2455 3583 2513 festa
3626 2459 3799 2515 volui-

2211 2532 2334 2597 stis,
2362 2548 2463 2602 pro
2486 2535 2779 2591 multorum
2808 2538 3075 2594 laboravit
3124 2542 3295 2599 salute
3315 2585 3329 2609 ,
3366 2545 3487 2602 ideo
3532 2547 3795 2616 plurimo-

2210 2640 2330 2679 rum
2360 2628 2579 2695 praemia
2607 2628 2661 2683 in
2691 2630 2777 2685 die
2796 2630 2984 2701 judicii
3016 2643 3366 2705 suscepturus
3396 2639 3520 2693 erit.
3546 2638 3797 2709 Seipsum

2208 2733 2307 2787 per
2326 2719 2669 2775 abstinentia:
2688 2724 2982 2778 maceravit
3011 2725 3263 2797 rigorem,
3303 2730 3425 2783 aliis
3451 2732 3795 2800 praedicatio-

2208 2808 2295 2862 nis
2349 2810 2551 2879 profuit
2588 2813 2896 2880 sedulitate,
2927 2816 3047 2871 ideo
3105 2817 3386 2874 laudabilis
3412 2823 3669 2878 omnibus
3710 2841 3799 2879 ex-

2208 2907 2341 2965 stat,
2367 2900 2524 2969 juxta
2561 2919 2747 2960 vocem
2796 2906 3184 2975 sapientissimi
3237 2908 3576 2967 Salomonis:
3607 2914 3800 2969 Memo-

2209 2995 2291 3047 ria
2328 2994 2466 3063 justi
2503 3013 2620 3049 cum
2678 2998 2922 3052 laudibus
2952 3040 2967 3063 ,
3026 3009 3074 3053 et
3128 3018 3312 3057 nomen
3367 3005 3651 3075 impiorum
3701 3024 3796 3078 pu-

2207 3094 2391 3139 trescet
2418 3083 2601 3158 (Prov.
2635 3105 2691 3153 x,
2722 3088 2795 3159 7).
2846 3088 2981 3144 Dum
3022 3091 3132 3145 vita
3172 3092 3443 3163 justorum
3503 3097 3793 3167 laudatur,

2207 3175 2468 3246 iniquitas
2501 3178 2787 3247 impiorum
2817 3180 2973 3248 quasi
3013 3191 3221 3237 stercus
3248 3185 3552 3240 detestatur
3596 3189 3665 3242 ab
3684 3205 3797 3244 om-

2209 3268 2389 3323 nibus.
2440 3268 2581 3336 Quid
2626 3278 2709 3326 est
2748 3270 2957 3327 felicius
3009 3288 3172 3342 quam
3218 3276 3274 3330 in
3320 3278 3460 3333 bona
3501 3295 3794 3335 conversa-

2210 3361 2357 3417 tione
2386 3378 2416 3415 a
2459 3361 2567 3415 Deo
2612 3372 2887 3432 perpetua:
2941 3368 3239 3433 promereri
3298 3368 3657 3426 beatitudinis
3697 3374 3801 3443 glo-

2209 3451 2368 3517 riam,
2386 3460 2456 3507 'et
2481 3454 2723 3507 omnium
2744 3469 2838 3509 ore
2864 3454 3106 3511 laudari?
3155 3458 3468 3531 Cogitemus
3514 3464 3758 3532 quotidie
3780 3503 3795 3529 ,

2207 3560 2314 3614 qua
2344 3546 2538 3600 ﬁducia
2569 3546 2851 3602 veniamus
2897 3557 3022 3602 ante
3053 3551 3288 3605 tribunal
3319 3553 3519 3606 summi
3560 3553 3797 3622 judicis,

2208 3635 2335 3704 quid
2361 3635 2487 3689 boni
2515 3636 2696 3704 operis
2718 3637 2998 3692 nobiscum
3026 3638 3353 3697 deferamus.
3382 3624 3643 3712 Equitas
3659 3646 3811 3702 illius

2207 3729 2407 3783 nullius
2445 3730 2676 3798 accipiet
2702 3745 3021 3800 personam;
3054 3734 3147 3787 sed
3187 3734 3480 3805 unicuique
3506 3739 3698 3793 reddet
3724 3756 3800 3795 se.

2207 3821 2440 3875 cundum
2460 3836 2625 3891 opera
2654 3837 2750 3877 sua
2777 3841 2789 3875 :
2822 3830 2877 3877 et
2907 3822 2999 3893 qui
3028 3822 3161 3891 plus-
3177 3824 3387 3879 laborat
3409 3826 3464 3880 in
3487 3842 3655 3897 opere
3678 3828 3798 3897 Dei,

2207 3912 2327 3983 plus
2359 3914 2626 3969 mercedis
2674 3915 2907 3985 accipiet
2941 3914 2998 3969 in
3027 3932 3192 3988 regno
3240 3917 3355 3973 Dei.
3413 3918 3799 3995 Unusqu'ﬁque

2208 4006 2262 4060 in
2290 4022 2397 4076 qua
2422 4008 2711 4063 vocatione
2739 4016 2962 4064 vocatus
2997 4018 3102 4075 est,
3136 4010 3190 4064 in
3245 4027 3307 4066 ea
3361 4011 3602 4068 viriliter
3645 4030 3800 4071 suam

2206 4106 2462 4167 operetur
2500 4099 2747 4153 salutem.
2775 4099 3039 4156 Omnibus
3066 4102 3306 4158 etelestis
3336 4106 3491 4176 regni
3510 4106 3683 4177 janua
3706 4122 3800 4179 pa-

2208 4190 2389 4255 tescit,
2425 4190 2583 4263 174Ι
2611 4192 2707 4248 sed
2756 4194 3077 4260 meritorum
3107 4195 3337 4265 qualitas
3363 4196 3526 4251 alium
3557 4198 3801 4256 introdu-

2206 4282 2303 4346 cit,
2328 4282 2494 4336 alium
2534 4274 2785 4353 expellit.
2834 4283 3005 4351 Quam
3036 4284 3293 4342 miserum
3323 4295 3407 4341 est
3452 4287 3735 4345 hominem
3770 4307 3799 4346 a

2207 4378 2375 4448 gloria
2406 4378 2616 4433 excludi
2656 4387 2968 4436 sanctorum
2997 4422 3010 4445 ,
3065 4388 3117 4435 et
3151 4382 3369 4436 aeternis
3412 4398 3535 4437 cum
3584 4384 3797 4439 diabolo

2208 4472 2453 4539 deputari
2484 4470 2748 4526 ﬂammis!
2778 4471 3133 4526 Peccatorum
3161 4475 3378 4527 sarcina
3410 4474 3653 4529 animam
3678 4477 3797 4530 sub-

2133 4595 2180 4653 D
2208 4566 2404 4635 mergit
2427 4565 2481 4619 in
2509 4572 2713 4618 tartara
2740 4583 2752 4618 :
2779 4563 3009 4632 iustitia:
3060 4566 3391 4620 abundantia
3420 4567 3488 4621 ad
3516 4567 3795 4622 caelestem

2204 4657 2384 4711 evehit
2443 4656 2691 4728 gloriam.
2751 4655 3184 4724 Frequentemus
3238 4657 3437 4726 saepius
3504 4658 3795 4713 ecclesiam

2203 4747 2443 4814 Christi;
2488 4748 2770 4802 audiamus
2806 4747 2859 4801 in
2906 4762 2971 4801 ea
3017 4747 3328 4819 diligentius
3372 4749 3534 4803 verba
3576 4750 3706 4815 Dei;
3742 4758 3795 4805 et

2203 4840 2347 4909 quod
2368 4856 2498 4895 aure
2519 4838 2852 4909 percipimus
2878 4879 2893 4903 ,
2939 4837 3041 4893 hoc
3091 4840 3251 4893 corde
3298 4839 3635 4895 retineamus
3663 4882 3678 4905 ,
3739 4848 3797 4894 ut

2204 4929 2435 4985 fructum
2466 4931 2590 4985 boni
2616 4931 2798 4999 operis
2824 4928 3059 4983 feramus
3082 4930 3136 4983 in
3153 4929 3438 4999 patientia,
3467 4938 3522 4983 et
3554 4929 3795 4984 fraterno

2205 5036 2389 5075 amore
2418 5020 2787 5088 unusquisque
2814 5018 2980 5071 alium
3026 5018 3280 5088 adjuvare
3324 5018 3563 5073 studeat.
3621 5018 3795 5073 Habe-

2204 5130 2325 5167 mus
2346 5113 2603 5181 prazclara
2629 5110 2961 5166 sanctissimi
3006 5108 3184 5163 Patris
3236 5110 3408 5163 nostri
3455 5111 3795 5165 abundanter

2203 5204 2449 5273 exempla
2481 5204 2535 5257 in
2558 5203 2705 5257 omni
2748 5201 3036 5257 charitatis
3061 5200 3259 5267 ofﬁcio,
3292 5203 3348 5255 in
3382 5201 3504 5256 ﬁdei
3538 5201 3753 5257 fervore
3776 5243 3793 5267 ,

2203 5297 2258 5352 in
2279 5296 2395 5368 spei
2425 5296 2859 5365 longanimitate,
2879 5294 2933 5348 in
2951 5293 3361 5364 perseverantia
3387 5293 3556 5349 totius
3590 5295 3798 5350 bonita-

2201 5392 2273 5445 tis
2299 5391 2461 5443 illius.
2493 5389 2661 5455 Quem
2695 5396 2844 5443 tanta
2872 5388 3211 5444 celebramus
3246 5388 3423 5451 laude,
3450 5395 3507 5443 et
3529 5396 3687 5443 tanto
3721 5386 3798 5443 di-

2203 5480 2415 5551 ligimus
2438 5495 2643 5547 amore,
2690 5488 2799 5536 tota
2833 5480 3032 5535 mentis
3066 5480 3368 5535 intentione
3398 5481 3453 5534 in
3490 5481 3639 5535 omni
3667 5495 3796 5534 cou-

2202 5573 2509 5627 versatione
2557 5581 2744 5627 sancta
2782 5587 3074 5642 sequamur
3098 5572 3323 5642 vestigia
3352 5570 3489 5639 ejus,
3521 5580 3797 5641 quatenus

2200 5669 2344 5723 viam
2369 5670 2495 5724 vita:
2514 5668 2657 5723 illius
2679 5675 2964 5723 currentes
3002 5675 3222 5722 mterna:
3272 5665 3631 5721 beatitudinis
3665 5680 3795 5720 cum

2200 5759 2291 5814 illo
2309 5759 2536 5830 gloriam
2566 5759 2809 5829 accipere
2850 5773 3177 5824 mereamur,
3210 5757 3505 5813 auxiliante
3531 5773 3630 5812 nos
3662 5771 3794 5826 rege

2199 5858 2403 5909 aeterno
2430 5849 2660 5908 Domino
2688 5858 2877 5908 nostro
2898 5848 3026 5907 Jesu
3053 5850 3271 5908 Christo
3289 5891 3304 5917 ,
3343 5850 3435 5921 qui
3469 5865 3592 5906 cum
3621 5847 3792 5934 Patre
