  <div class='ocr_page' id='page_1' title='image "/cluster/home/n/w/nwhite01/storage/ocr_20150623/101/hvd.32044004824769/346.png"; bbox 0 0 4044 6340; ppageno 0'>
   <div class='ocr_carea' id='block_1_1' title="bbox 248 384 2543 451">
    <p class='ocr_par' dir='ltr' id='par_1_1' title="bbox 248 384 2543 451">
     <span class='ocr_line' id='line_1_1' title="bbox 248 384 2543 451; baseline -0.003 0"><span class='ocrx_word' id='word_1_1' title='bbox 248 393 335 451; x_wconf 70' lang='grc'><strong>681</strong></span> <span class='ocrx_word' id='word_1_2' title='bbox 1186 384 1766 446; x_wconf 77' lang='lat' dir='ltr'><strong>HAGIOGRAPHICA.</strong></span> <span class='ocrx_word' id='word_1_3' title='bbox 1802 416 1873 427; x_wconf 92' lang='lat'><strong>—-</strong></span> <span class='ocrx_word' id='word_1_4' title='bbox 1915 386 2072 443; x_wconf 83' lang='lat' dir='ltr'><strong>VITA</strong></span> <span class='ocrx_word' id='word_1_5' title='bbox 2115 390 2171 444; x_wconf 91' lang='lat' dir='ltr'><strong>S.</strong></span> <span class='ocrx_word' id='word_1_6' title='bbox 2217 389 2543 447; x_wconf 84' lang='lat' dir='ltr'><strong>RICHARlI.</strong></span> 
     </span>
    </p>
   </div>
   <div class='ocr_carea' id='block_1_2' title="bbox 240 508 1897 583">
    <p class='ocr_par' dir='ltr' id='par_1_2' title="bbox 240 508 1897 583">
     <span class='ocr_line' id='line_1_2' title="bbox 240 508 1897 583; baseline -0.005 -14"><span class='ocrx_word' id='word_1_7' title='bbox 240 522 292 569; x_wconf 90' lang='lat' dir='ltr'><strong>et</strong></span> <span class='ocrx_word' id='word_1_8' title='bbox 327 510 534 583; x_wconf 80' lang='lat' dir='ltr'><strong>Spiritu</strong></span> <span class='ocrx_word' id='word_1_9' title='bbox 561 518 750 568; x_wconf 89' lang='lat' dir='ltr'><strong>sancto</strong></span> <span class='ocrx_word' id='word_1_10' title='bbox 765 511 898 566; x_wconf 90' lang='lat' dir='ltr'><strong>vivit</strong></span> <span class='ocrx_word' id='word_1_11' title='bbox 920 518 975 567; x_wconf 92' lang='lat' dir='ltr'><strong>et</strong></span> <span class='ocrx_word' id='word_1_12' title='bbox 995 518 1184 582; x_wconf 92' lang='lat' dir='ltr'><strong>regnat</strong></span> <span class='ocrx_word' id='word_1_13' title='bbox 1212 509 1355 564; x_wconf 90' lang='lat' dir='ltr'><strong>Deus</strong></span> <span class='ocrx_word' id='word_1_14' title='bbox 1380 524 1477 580; x_wconf 85' lang='lat' dir='ltr'><strong>per</strong></span> <span class='ocrx_word' id='word_1_15' title='bbox 1509 508 1690 564; x_wconf 91' lang='lat' dir='ltr'><strong>omnia</strong></span> <span class='ocrx_word' id='word_1_16' title='bbox 1719 522 1820 562; x_wconf 76' lang='lat' dir='ltr'><strong>sze-</strong></span> <span class='ocrx_word' id='word_1_17' title='bbox 1844 514 1897 571; x_wconf 71' lang='grc' dir='ltr'>Α</span> 
     </span>
    </p>
   </div>
   <div class='ocr_carea' id='block_1_3' title="bbox 240 604 935 662">
    <p class='ocr_par' dir='ltr' id='par_1_3' title="bbox 240 604 935 662">
     <span class='ocr_line' id='line_1_3' title="bbox 240 604 935 662; baseline -0.006 -1"><span class='ocrx_word' id='word_1_18' title='bbox 240 604 356 661; x_wconf 81' lang='lat' dir='ltr'><strong>cula</strong></span> <span class='ocrx_word' id='word_1_19' title='bbox 383 604 719 662; x_wconf 70' lang='lat' dir='ltr'><strong>smculorum.</strong></span> <span class='ocrx_word' id='word_1_20' title='bbox 746 604 935 659; x_wconf 83' lang='lat' dir='ltr'><strong>Amen.</strong></span> 
     </span>
    </p>
   </div>
   <div class='ocr_carea' id='block_1_4' title="bbox 3392 389 3501 451">
    <p class='ocr_par' dir='ltr' id='par_1_4' title="bbox 3392 389 3501 451">
     <span class='ocr_line' id='line_1_4' title="bbox 3392 389 3501 451; baseline -0.018 0"><span class='ocrx_word' id='word_1_21' title='bbox 3392 389 3501 451; x_wconf 66' lang='lat'><strong>683</strong></span> 
     </span>
    </p>
   </div>
   <div class='ocr_carea' id='block_1_5' title="bbox 2067 511 2935 579">
    <p class='ocr_par' dir='ltr' id='par_1_5' title="bbox 2067 511 2935 579">
     <span class='ocr_line' id='line_1_5' title="bbox 2067 511 2935 579; baseline 0.002 -15"><span class='ocrx_word' id='word_1_22' title='bbox 2067 511 2279 566; x_wconf 89' lang='lat' dir='ltr'><strong>Debiles</strong></span> <span class='ocrx_word' id='word_1_23' title='bbox 2304 514 2513 579; x_wconf 79' lang='lat' dir='ltr'><strong>turbas,</strong></span> <span class='ocrx_word' id='word_1_24' title='bbox 2552 513 2709 569; x_wconf 87' lang='lat' dir='ltr'><strong>solita</strong></span> <span class='ocrx_word' id='word_1_25' title='bbox 2741 512 2935 577; x_wconf 88' lang='lat' dir='ltr'><strong>salute,</strong></span> 
     </span>
    </p>
   </div>
   <div class='ocr_carea' id='block_1_6' title="bbox 2074 603 3027 675">
    <p class='ocr_par' dir='ltr' id='par_1_6' title="bbox 2074 603 3027 675">
     <span class='ocr_line' id='line_1_6' title="bbox 2074 603 3027 675; baseline 0.003 -19"><span class='ocrx_word' id='word_1_26' title='bbox 2074 603 2324 659; x_wconf 80' lang='lat' dir='ltr'><strong>Reddidit</strong></span> <span class='ocrx_word' id='word_1_27' title='bbox 2358 622 2519 660; x_wconf 86' lang='lat' dir='ltr'><strong>sanas</strong></span> <span class='ocrx_word' id='word_1_28' title='bbox 2552 605 2749 675; x_wconf 92' lang='lat' dir='ltr'><strong>populo</strong></span> <span class='ocrx_word' id='word_1_29' title='bbox 2781 606 3027 668; x_wconf 80' lang='lat' dir='ltr'><strong>vidente;</strong></span> 
     </span>
    </p>
   </div>
   <div class='ocr_carea' id='block_1_7' title="bbox 2071 690 3082 762">
    <p class='ocr_par' dir='ltr' id='par_1_7' title="bbox 2071 690 3082 762">
     <span class='ocr_line' id='line_1_7' title="bbox 2071 690 3082 762; baseline 0.003 -18"><span class='ocrx_word' id='word_1_30' title='bbox 2071 690 2233 746; x_wconf 84' lang='lat' dir='ltr'><strong>Multa</strong></span> <span class='ocrx_word' id='word_1_31' title='bbox 2257 694 2539 762; x_wconf 77' lang='lat' dir='ltr'><strong>praeclara,</strong></span> <span class='ocrx_word' id='word_1_32' title='bbox 2571 693 2799 749; x_wconf 91' lang='lat' dir='ltr'><strong>Domino</strong></span> <span class='ocrx_word' id='word_1_33' title='bbox 2835 692 3082 759; x_wconf 81' lang='lat' dir='ltr'><strong>favente,</strong></span> 
     </span>
    </p>
   </div>
   <div class='ocr_carea' id='block_1_8' title="bbox 2276 784 2666 854">
    <p class='ocr_par' dir='ltr' id='par_1_8' title="bbox 2276 784 2666 854">
     <span class='ocr_line' id='line_1_8' title="bbox 2276 784 2666 854; baseline 0 -17"><span class='ocrx_word' id='word_1_34' title='bbox 2276 784 2512 839; x_wconf 84' lang='lat' dir='ltr'><strong>Fortiter</strong></span> <span class='ocrx_word' id='word_1_35' title='bbox 2536 784 2666 854; x_wconf 89' lang='lat' dir='ltr'><strong>egit.</strong></span> 
     </span>
    </p>
   </div>
   <div class='ocr_carea' id='block_1_9' title="bbox 2067 872 3032 940">
    <p class='ocr_par' dir='ltr' id='par_1_9' title="bbox 2067 872 3032 940">
     <span class='ocr_line' id='line_1_9' title="bbox 2067 872 3032 940; baseline 0.002 -14"><span class='ocrx_word' id='word_1_36' title='bbox 2067 872 2316 929; x_wconf 86' lang='lat' dir='ltr'><strong>Mortifer</strong></span> <span class='ocrx_word' id='word_1_37' title='bbox 2344 890 2503 929; x_wconf 90' lang='lat' dir='ltr'><strong>ursus</strong></span> <span class='ocrx_word' id='word_1_38' title='bbox 2529 876 2753 931; x_wconf 90' lang='lat' dir='ltr'><strong>timidus</strong></span> <span class='ocrx_word' id='word_1_39' title='bbox 2784 876 3032 940; x_wconf 87' lang='lat' dir='ltr'><strong>recessit,</strong></span> 
     </span>
    </p>
   </div>
   <div class='ocr_carea' id='block_1_10' title="bbox 2066 964 3025 1036">
    <p class='ocr_par' dir='ltr' id='par_1_10' title="bbox 2066 964 3025 1036">
     <span class='ocr_line' id='line_1_10' title="bbox 2066 964 3025 1036; baseline 0.003 -18"><span class='ocrx_word' id='word_1_40' title='bbox 2066 964 2209 1018; x_wconf 84' lang='lat' dir='ltr'><strong>Voce</strong></span> <span class='ocrx_word' id='word_1_41' title='bbox 2240 965 2459 1020; x_wconf 91' lang='lat' dir='ltr'><strong>Vedasti</strong></span> <span class='ocrx_word' id='word_1_42' title='bbox 2488 966 2848 1036; x_wconf 88' lang='lat' dir='ltr'><strong>prohibentis,</strong></span> <span class='ocrx_word' id='word_1_43' title='bbox 2881 968 3025 1021; x_wconf 84' lang='lat' dir='ltr'><strong>ultra</strong></span> 
     </span>
    </p>
   </div>
   <div class='ocr_carea' id='block_1_11' title="bbox 2065 1056 3187 1129">
    <p class='ocr_par' dir='ltr' id='par_1_11' title="bbox 2065 1056 3187 1129">
     <span class='ocr_line' id='line_1_11' title="bbox 2065 1056 3187 1129; baseline 0.005 -19"><span class='ocrx_word' id='word_1_44' title='bbox 2065 1056 2380 1111; x_wconf 90' lang='lat' dir='ltr'><strong>Terminum</strong></span> <span class='ocrx_word' id='word_1_45' title='bbox 2401 1059 2662 1128; x_wconf 90' lang='lat' dir='ltr'><strong>scriptum</strong></span> <span class='ocrx_word' id='word_1_46' title='bbox 2693 1068 2980 1129; x_wconf 87' lang='lat' dir='ltr'><strong>penetrare</strong></span> <span class='ocrx_word' id='word_1_47' title='bbox 3010 1060 3187 1115; x_wconf 82' lang='lat' dir='ltr'><strong>dirum</strong></span> 
     </span>
    </p>
   </div>
   <div class='ocr_carea' id='block_1_12' title="bbox 2272 1149 2797 1221">
    <p class='ocr_par' dir='ltr' id='par_1_12' title="bbox 2272 1149 2797 1221">
     <span class='ocr_line' id='line_1_12' title="bbox 2272 1149 2797 1221; baseline 0 -15"><span class='ocrx_word' id='word_1_48' title='bbox 2272 1149 2443 1207; x_wconf 90' lang='lat' dir='ltr'><strong>Omne</strong></span> <span class='ocrx_word' id='word_1_49' title='bbox 2471 1167 2567 1221; x_wconf 92' lang='lat' dir='ltr'><strong>per</strong></span> <span class='ocrx_word' id='word_1_50' title='bbox 2602 1168 2797 1207; x_wconf 60' lang='lat' dir='ltr'><strong>aevum.</strong></span> 
     </span>
    </p>
   </div>
   <div class='ocr_carea' id='block_1_13' title="bbox 2063 1226 2914 1315">
    <p class='ocr_par' dir='ltr' id='par_1_13' title="bbox 2063 1226 2914 1315">
     <span class='ocr_line' id='line_1_13' title="bbox 2063 1226 2914 1315; baseline 0.005 -19"><span class='ocrx_word' id='word_1_51' title='bbox 2063 1226 2288 1299; x_wconf 81' lang='lat' dir='ltr'><strong>Pectore</strong></span> <span class='ocrx_word' id='word_1_52' title='bbox 2322 1260 2457 1315; x_wconf 88' lang='lat' dir='ltr'><strong>puro</strong></span> <span class='ocrx_word' id='word_1_53' title='bbox 2481 1246 2569 1315; x_wconf 90' lang='lat' dir='ltr'><strong>pia</strong></span> <span class='ocrx_word' id='word_1_54' title='bbox 2601 1247 2763 1300; x_wconf 85' lang='lat' dir='ltr'><strong>verba</strong></span> <span class='ocrx_word' id='word_1_55' title='bbox 2787 1261 2914 1300; x_wconf 92' lang='lat' dir='ltr'><strong>vera</strong></span> 
     </span>
    </p>
   </div>
   <div class='ocr_carea' id='block_1_14' title="bbox 2056 1336 2906 1408">
    <p class='ocr_par' dir='ltr' id='par_1_14' title="bbox 2056 1336 2906 1408">
     <span class='ocr_line' id='line_1_14' title="bbox 2056 1336 2906 1408; baseline 0.002 -19"><span class='ocrx_word' id='word_1_56' title='bbox 2056 1336 2293 1391; x_wconf 84' lang='lat' dir='ltr'><strong>Auribus</strong></span> <span class='ocrx_word' id='word_1_57' title='bbox 2317 1336 2454 1392; x_wconf 89' lang='lat' dir='ltr'><strong>fudit</strong></span> <span class='ocrx_word' id='word_1_58' title='bbox 2483 1338 2663 1408; x_wconf 84' lang='lat' dir='ltr'><strong>populi</strong></span> <span class='ocrx_word' id='word_1_59' title='bbox 2693 1337 2865 1393; x_wconf 83' lang='lat' dir='ltr'><strong>ﬁdelis</strong></span> <span class='ocrx_word' id='word_1_60' title='bbox 2893 1356 2906 1391; x_wconf 92' lang='lat'><strong>:</strong></span> 
     </span>
    </p>
   </div>
   <div class='ocr_carea' id='block_1_15' title="bbox 2056 1426 3004 1499">
    <p class='ocr_par' dir='ltr' id='par_1_15' title="bbox 2056 1426 3004 1499">
     <span class='ocr_line' id='line_1_15' title="bbox 2056 1426 3004 1499; baseline 0 -17"><span class='ocrx_word' id='word_1_61' title='bbox 2056 1426 2299 1482; x_wconf 81' lang='lat' dir='ltr'><strong>Auxerat</strong></span> <span class='ocrx_word' id='word_1_62' title='bbox 2330 1428 2452 1483; x_wconf 89' lang='lat' dir='ltr'><strong>inde</strong></span> <span class='ocrx_word' id='word_1_63' title='bbox 2479 1443 2762 1483; x_wconf 87' lang='lat' dir='ltr'><strong>numerum</strong></span> <span class='ocrx_word' id='word_1_64' title='bbox 2791 1429 3004 1499; x_wconf 90' lang='lat' dir='ltr'><strong>piorum</strong></span> 
     </span>
    </p>
   </div>
   <div class='ocr_carea' id='block_1_16' title="bbox 2064 1500 2665 1573">
    <p class='ocr_par' dir='ltr' id='par_1_16' title="bbox 2064 1500 2665 1573">
     <span class='ocr_line' id='line_1_16' title="bbox 2064 1500 2665 1573; baseline -0.003 0"><span class='ocrx_word' id='word_1_65' title='bbox 2064 1500 2067 1505; x_wconf 37' lang='grc'><em>’</em></span> <span class='ocrx_word' id='word_1_66' title='bbox 2267 1517 2499 1573; x_wconf 79' lang='lat' dir='ltr'><strong>Sedibus</strong></span> <span class='ocrx_word' id='word_1_67' title='bbox 2522 1519 2665 1573; x_wconf 87' lang='lat' dir='ltr'><strong>altis.</strong></span> 
     </span>
    </p>
   </div>
   <div class='ocr_carea' id='block_1_17' title="bbox 448 754 1606 817">
    <p class='ocr_par' dir='ltr' id='par_1_17' title="bbox 448 754 1606 817">
     <span class='ocr_line' id='line_1_17' title="bbox 448 754 1606 817; baseline -0.006 -1"><span class='ocrx_word' id='word_1_68' title='bbox 448 757 722 817; x_wconf 80' lang='lat' dir='ltr'><strong>VERSUS</strong></span> <span class='ocrx_word' id='word_1_69' title='bbox 756 758 848 813; x_wconf 86' lang='lat' dir='ltr'><strong>AD</strong></span> <span class='ocrx_word' id='word_1_70' title='bbox 885 755 1217 813; x_wconf 83' lang='lat' dir='ltr'><strong>RADONEM</strong></span> <span class='ocrx_word' id='word_1_71' title='bbox 1264 754 1606 811; x_wconf 83' lang='lat' dir='ltr'><strong>ABBA&#39;I‘EM.</strong></span> 
     </span>
    </p>
   </div>
   <div class='ocr_carea' id='block_1_18' title="bbox 305 870 1743 943">
    <p class='ocr_par' dir='ltr' id='par_1_18' title="bbox 305 870 1743 943">
     <span class='ocr_line' id='line_1_18' title="bbox 305 870 1743 943; baseline -0.002 -17"><span class='ocrx_word' id='word_1_72' title='bbox 305 871 449 937; x_wconf 83' lang='lat' dir='ltr'><strong>Noli,</strong></span> <span class='ocrx_word' id='word_1_73' title='bbox 478 871 874 943; x_wconf 75' lang='lat' dir='ltr'><strong>qua:so,Pater,</strong></span> <span class='ocrx_word' id='word_1_74' title='bbox 892 870 1211 926; x_wconf 90' lang='lat' dir='ltr'><strong>munuscula</strong></span> <span class='ocrx_word' id='word_1_75' title='bbox 1233 885 1487 940; x_wconf 85' lang='lat' dir='ltr'><strong>spernere</strong></span> <span class='ocrx_word' id='word_1_76' title='bbox 1516 878 1703 926; x_wconf 91' lang='lat' dir='ltr'><strong>nostra</strong></span> <span class='ocrx_word' id='word_1_77' title='bbox 1730 888 1743 923; x_wconf 88' lang='lat'><strong>:</strong></span> 
     </span>
    </p>
   </div>
   <div class='ocr_carea' id='block_1_19' title="bbox 306 964 1674 1037">
    <p class='ocr_par' dir='ltr' id='par_1_19' title="bbox 306 964 1674 1037">
     <span class='ocr_line' id='line_1_19' title="bbox 306 964 1674 1037; baseline -0.004 -14"><span class='ocrx_word' id='word_1_78' title='bbox 306 967 537 1023; x_wconf 75' lang='lat' dir='ltr'><strong>Parvula</strong></span> <span class='ocrx_word' id='word_1_79' title='bbox 568 969 614 1022; x_wconf 90' lang='lat' dir='ltr'><strong>si</strong></span> <span class='ocrx_word' id='word_1_80' title='bbox 642 968 849 1033; x_wconf 85' lang='lat' dir='ltr'><strong>videas,</strong></span> <span class='ocrx_word' id='word_1_81' title='bbox 879 981 1071 1037; x_wconf 90' lang='lat' dir='ltr'><strong>magna</strong></span> <span class='ocrx_word' id='word_1_82' title='bbox 1100 965 1216 1019; x_wconf 59' lang='lat' dir='ltr'><strong>hac</strong></span> <span class='ocrx_word' id='word_1_83' title='bbox 1247 964 1465 1019; x_wconf 89' lang='lat' dir='ltr'><strong>dilectio</strong></span> <span class='ocrx_word' id='word_1_84' title='bbox 1486 964 1674 1018; x_wconf 91' lang='lat' dir='ltr'><strong>mittit.</strong></span> 
     </span>
    </p>
   </div>
   <div class='ocr_carea' id='block_1_20' title="bbox 424 1053 1625 1115">
    <p class='ocr_par' dir='ltr' id='par_1_20' title="bbox 424 1053 1625 1115">
     <span class='ocr_line' id='line_1_20' title="bbox 424 1053 1625 1115; baseline -0.003 -2"><span class='ocrx_word' id='word_1_85' title='bbox 424 1059 697 1115; x_wconf 78' lang='lat' dir='ltr'><strong>ALCUINI</strong></span> <span class='ocrx_word' id='word_1_86' title='bbox 735 1056 1024 1114; x_wconf 82' lang='lat' dir='ltr'><strong>HYMNUS</strong></span> <span class='ocrx_word' id='word_1_87' title='bbox 1059 1056 1146 1110; x_wconf 85' lang='lat' dir='ltr'><strong>DE</strong></span> <span class='ocrx_word' id='word_1_88' title='bbox 1187 1053 1625 1112; x_wconf 77' lang='lat' dir='ltr'><strong>S..VEDASTO.</strong></span> 
     </span>
    </p>
   </div>
   <div class='ocr_carea' id='block_1_21' title="bbox 505 1144 1542 1221">
    <p class='ocr_par' dir='ltr' id='par_1_21' title="bbox 505 1144 1542 1221">
     <span class='ocr_line' id='line_1_21' title="bbox 505 1144 1542 1221; baseline -0.004 -17"><span class='ocrx_word' id='word_1_89' title='bbox 505 1150 612 1221; x_wconf 77' lang='lat' dir='ltr'><strong>(Ea:</strong></span> <span class='ocrx_word' id='word_1_90' title='bbox 649 1149 946 1214; x_wconf 85' lang='lat' dir='ltr'><strong>Lambecio,</strong></span> <span class='ocrx_word' id='word_1_91' title='bbox 977 1148 1076 1202; x_wconf 85' lang='lat' dir='ltr'><strong>loc.</strong></span> <span class='ocrx_word' id='word_1_92' title='bbox 1105 1150 1221 1213; x_wconf 84' lang='lat' dir='ltr'><strong>cit.,</strong></span> <span class='ocrx_word' id='word_1_93' title='bbox 1246 1163 1367 1217; x_wconf 85' lang='lat' dir='ltr'><strong>pag.</strong></span> <span class='ocrx_word' id='word_1_94' title='bbox 1391 1144 1542 1219; x_wconf 68' lang='lat'><strong>“3.)</strong></span> 
     </span>
    </p>
   </div>
   <div class='ocr_carea' id='block_1_22' title="bbox 380 1239 1351 1297">
    <p class='ocr_par' dir='ltr' id='par_1_22' title="bbox 380 1239 1351 1297">
     <span class='ocr_line' id='line_1_22' title="bbox 380 1239 1351 1297; baseline -0.003 -1"><span class='ocrx_word' id='word_1_95' title='bbox 380 1240 597 1297; x_wconf 89' lang='lat' dir='ltr'><strong>Christe</strong></span> <span class='ocrx_word' id='word_1_96' title='bbox 621 1241 871 1295; x_wconf 84' lang='lat' dir='ltr'><strong>Salvator</strong></span> <span class='ocrx_word' id='word_1_97' title='bbox 894 1240 1129 1295; x_wconf 87' lang='lat' dir='ltr'><strong>hominis</strong></span> <span class='ocrx_word' id='word_1_98' title='bbox 1150 1239 1220 1295; x_wconf 89' lang='lat' dir='ltr'><strong>ab</strong></span> <span class='ocrx_word' id='word_1_99' title='bbox 1254 1251 1351 1293; x_wconf 90' lang='lat' dir='ltr'><strong>ore</strong></span> 
     </span>
    </p>
   </div>
   <div class='ocr_carea' id='block_1_23' title="bbox 376 1329 1390 1400">
    <p class='ocr_par' dir='ltr' id='par_1_23' title="bbox 376 1329 1390 1400">
     <span class='ocr_line' id='line_1_23' title="bbox 376 1329 1390 1400; baseline -0.003 -16"><span class='ocrx_word' id='word_1_100' title='bbox 376 1329 561 1384; x_wconf 86' lang='lat' dir='ltr'><strong>Hostis</strong></span> <span class='ocrx_word' id='word_1_101' title='bbox 596 1331 807 1400; x_wconf 88' lang='lat' dir='ltr'><strong>antiqui</strong></span> <span class='ocrx_word' id='word_1_102' title='bbox 839 1330 1148 1400; x_wconf 87' lang='lat' dir='ltr'><strong>superantis</strong></span> <span class='ocrx_word' id='word_1_103' title='bbox 1181 1329 1354 1383; x_wconf 85' lang='lat' dir='ltr'><strong>Adam</strong></span> <span class='ocrx_word' id='word_1_104' title='bbox 1374 1368 1390 1393; x_wconf 90' lang='lat'><strong>,</strong></span> 
     </span>
    </p>
   </div>
   <div class='ocr_carea' id='block_1_24' title="bbox 374 1422 1539 1493">
    <p class='ocr_par' dir='ltr' id='par_1_24' title="bbox 374 1422 1539 1493">
     <span class='ocr_line' id='line_1_24' title="bbox 374 1422 1539 1493; baseline -0.002 -16"><span class='ocrx_word' id='word_1_105' title='bbox 374 1422 570 1478; x_wconf 89' lang='lat' dir='ltr'><strong>Nostra</strong></span> <span class='ocrx_word' id='word_1_106' title='bbox 604 1424 921 1486; x_wconf 85' lang='lat' dir='ltr'><strong>clementer,</strong></span> <span class='ocrx_word' id='word_1_107' title='bbox 952 1424 1200 1488; x_wconf 87' lang='lat' dir='ltr'><strong>Domine,</strong></span> <span class='ocrx_word' id='word_1_108' title='bbox 1221 1435 1539 1493; x_wconf 85' lang='lat' dir='ltr'><strong>precamur,</strong></span> 
     </span>
    </p>
   </div>
   <div class='ocr_carea' id='block_1_25' title="bbox 578 1514 979 1586">
    <p class='ocr_par' dir='ltr' id='par_1_25' title="bbox 578 1514 979 1586">
     <span class='ocr_line' id='line_1_25' title="bbox 578 1514 979 1586; baseline -0.005 -17"><span class='ocrx_word' id='word_1_109' title='bbox 578 1514 807 1586; x_wconf 89' lang='lat' dir='ltr'><strong>Suscipe</strong></span> <span class='ocrx_word' id='word_1_110' title='bbox 834 1523 979 1569; x_wconf 86' lang='lat' dir='ltr'><strong>vota.</strong></span> 
     </span>
    </p>
   </div>
   <div class='ocr_carea' id='block_1_26' title="bbox 375 1604 1249 1661">
    <p class='ocr_par' dir='ltr' id='par_1_26' title="bbox 375 1604 1249 1661">
     <span class='ocr_line' id='line_1_26' title="bbox 375 1604 1249 1661; baseline 0.003 -5"><span class='ocrx_word' id='word_1_111' title='bbox 375 1604 537 1659; x_wconf 87' lang='lat' dir='ltr'><strong>Multa</strong></span> <span class='ocrx_word' id='word_1_112' title='bbox 574 1605 749 1661; x_wconf 83' lang='lat' dir='ltr'><strong>fecisti</strong></span> <span class='ocrx_word' id='word_1_113' title='bbox 789 1606 998 1660; x_wconf 90' lang='lat' dir='ltr'><strong>meritis</strong></span> <span class='ocrx_word' id='word_1_114' title='bbox 1033 1614 1249 1660; x_wconf 89' lang='lat' dir='ltr'><strong>tuorum</strong></span> 
     </span>
    </p>
   </div>
   <div class='ocr_carea' id='block_1_27' title="bbox 374 1693 1318 1768">
    <p class='ocr_par' dir='ltr' id='par_1_27' title="bbox 374 1693 1318 1768">
     <span class='ocr_line' id='line_1_27' title="bbox 374 1693 1318 1768; baseline 0.001 -20"><span class='ocrx_word' id='word_1_115' title='bbox 374 1693 542 1762; x_wconf 92' lang='lat' dir='ltr'><strong>Dona,</strong></span> <span class='ocrx_word' id='word_1_116' title='bbox 569 1697 806 1753; x_wconf 86' lang='lat' dir='ltr'><strong>Vedasto</strong></span> <span class='ocrx_word' id='word_1_117' title='bbox 841 1698 1057 1768; x_wconf 89' lang='lat' dir='ltr'><strong>propria</strong></span> <span class='ocrx_word' id='word_1_118' title='bbox 1099 1695 1318 1760; x_wconf 87' lang='lat' dir='ltr'><strong>dedisti,</strong></span> 
     </span>
    </p>
   </div>
   <div class='ocr_carea' id='block_1_28' title="bbox 370 1782 1334 1858">
    <p class='ocr_par' dir='ltr' id='par_1_28' title="bbox 370 1782 1334 1858">
     <span class='ocr_line' id='line_1_28' title="bbox 370 1782 1334 1858; baseline 0.002 -21"><span class='ocrx_word' id='word_1_119' title='bbox 370 1782 478 1841; x_wconf 86' lang='lat' dir='ltr'><strong>Nos</strong></span> <span class='ocrx_word' id='word_1_120' title='bbox 504 1787 581 1841; x_wconf 91' lang='lat' dir='ltr'><strong>tui</strong></span> <span class='ocrx_word' id='word_1_121' title='bbox 605 1787 748 1842; x_wconf 88' lang='lat' dir='ltr'><strong>servi</strong></span> <span class='ocrx_word' id='word_1_122' title='bbox 778 1794 870 1841; x_wconf 90' lang='lat' dir='ltr'><strong>tua</strong></span> <span class='ocrx_word' id='word_1_123' title='bbox 897 1787 1068 1858; x_wconf 87' lang='lat' dir='ltr'><strong>larga,</strong></span> <span class='ocrx_word' id='word_1_124' title='bbox 1095 1785 1334 1850; x_wconf 86' lang='lat' dir='ltr'><strong>Christe,</strong></span> 
     </span>
    </p>
   </div>
   <div class='ocr_carea' id='block_1_29' title="bbox 588 1875 1053 1947">
    <p class='ocr_par' dir='ltr' id='par_1_29' title="bbox 588 1875 1053 1947">
     <span class='ocr_line' id='line_1_29' title="bbox 588 1875 1053 1947; baseline -0.004 -16"><span class='ocrx_word' id='word_1_125' title='bbox 588 1875 761 1931; x_wconf 89' lang='lat' dir='ltr'><strong>Corde</strong></span> <span class='ocrx_word' id='word_1_126' title='bbox 782 1892 1053 1947; x_wconf 77' lang='lat' dir='ltr'><strong>rogamus.</strong></span> 
     </span>
    </p>
   </div>
   <div class='ocr_carea' id='block_1_30' title="bbox 367 1965 1457 2023">
    <p class='ocr_par' dir='ltr' id='par_1_30' title="bbox 367 1965 1457 2023">
     <span class='ocr_line' id='line_1_30' title="bbox 367 1965 1457 2023; baseline 0.004 -4"><span class='ocrx_word' id='word_1_127' title='bbox 367 1965 539 2020; x_wconf 86' lang='lat' dir='ltr'><strong>Terra</strong></span> <span class='ocrx_word' id='word_1_128' title='bbox 573 1966 904 2021; x_wconf 87' lang='lat' dir='ltr'><strong>Francorum</strong></span> <span class='ocrx_word' id='word_1_129' title='bbox 948 1966 1200 2021; x_wconf 87' lang='lat' dir='ltr'><strong>tenebras</strong></span> <span class='ocrx_word' id='word_1_130' title='bbox 1226 1967 1457 2023; x_wconf 82' lang='lat' dir='ltr'><strong>habebat</strong></span> 
     </span>
    </p>
   </div>
   <div class='ocr_carea' id='block_1_31' title="bbox 369 2055 1351 2127">
    <p class='ocr_par' dir='ltr' id='par_1_31' title="bbox 369 2055 1351 2127">
     <span class='ocr_line' id='line_1_31' title="bbox 369 2055 1351 2127; baseline 0.003 -16"><span class='ocrx_word' id='word_1_131' title='bbox 369 2055 663 2122; x_wconf 82' lang='lat' dir='ltr'><strong>Horridas;</strong></span> <span class='ocrx_word' id='word_1_132' title='bbox 692 2057 923 2127; x_wconf 91' lang='lat' dir='ltr'><strong>dempsit</strong></span> <span class='ocrx_word' id='word_1_133' title='bbox 950 2058 1131 2112; x_wconf 89' lang='lat' dir='ltr'><strong>radios</strong></span> <span class='ocrx_word' id='word_1_134' title='bbox 1163 2058 1351 2114; x_wconf 88' lang='lat' dir='ltr'><strong>salutis</strong></span> 
     </span>
    </p>
   </div>
   <div class='ocr_carea' id='block_1_32' title="bbox 370 2146 1331 2216">
    <p class='ocr_par' dir='ltr' id='par_1_32' title="bbox 370 2146 1331 2216">
     <span class='ocr_line' id='line_1_32' title="bbox 370 2146 1331 2216; baseline 0 -14"><span class='ocrx_word' id='word_1_135' title='bbox 370 2146 590 2202; x_wconf 78' lang='lat' dir='ltr'><strong>Viscera</strong></span> <span class='ocrx_word' id='word_1_136' title='bbox 629 2155 817 2201; x_wconf 89' lang='lat' dir='ltr'><strong>nostra</strong></span> <span class='ocrx_word' id='word_1_137' title='bbox 840 2159 866 2187; x_wconf 80' lang='grc' dir='ltr'>ιι</span> <span class='ocrx_word' id='word_1_138' title='bbox 902 2148 1105 2216; x_wconf 89' lang='lat' dir='ltr'><strong>pietate</strong></span> <span class='ocrx_word' id='word_1_139' title='bbox 1128 2146 1331 2214; x_wconf 87' lang='lat' dir='ltr'><strong>Patris,</strong></span> 
     </span>
    </p>
   </div>
   <div class='ocr_carea' id='block_1_33' title="bbox 579 2239 1071 2311">
    <p class='ocr_par' dir='ltr' id='par_1_33' title="bbox 579 2239 1071 2311">
     <span class='ocr_line' id='line_1_33' title="bbox 579 2239 1071 2311; baseline -0.002 -15"><span class='ocrx_word' id='word_1_140' title='bbox 579 2239 818 2306; x_wconf 91' lang='lat' dir='ltr'><strong>Christe,</strong></span> <span class='ocrx_word' id='word_1_141' title='bbox 844 2240 1071 2311; x_wconf 86' lang='lat' dir='ltr'><strong>refulge.</strong></span> 
     </span>
    </p>
   </div>
   <div class='ocr_carea' id='block_1_34' title="bbox 366 2332 1242 2402">
    <p class='ocr_par' dir='ltr' id='par_1_34' title="bbox 366 2332 1242 2402">
     <span class='ocr_line' id='line_1_34' title="bbox 366 2332 1242 2402; baseline -0.001 -14"><span class='ocrx_word' id='word_1_142' title='bbox 366 2332 618 2388; x_wconf 87' lang='lat' dir='ltr'><strong>Vultibus</strong></span> <span class='ocrx_word' id='word_1_143' title='bbox 640 2332 799 2388; x_wconf 66' lang='lat' dir='ltr'><strong>caecis</strong></span> <span class='ocrx_word' id='word_1_144' title='bbox 832 2333 1037 2402; x_wconf 89' lang='lat' dir='ltr'><strong>pietate</strong></span> <span class='ocrx_word' id='word_1_145' title='bbox 1064 2343 1242 2387; x_wconf 91' lang='lat' dir='ltr'><strong>motus</strong></span> 
     </span>
    </p>
   </div>
   <div class='ocr_carea' id='block_1_35' title="bbox 370 2422 1361 2493">
    <p class='ocr_par' dir='ltr' id='par_1_35' title="bbox 370 2422 1361 2493">
     <span class='ocr_line' id='line_1_35' title="bbox 370 2422 1361 2493; baseline 0.004 -17"><span class='ocrx_word' id='word_1_146' title='bbox 370 2422 596 2478; x_wconf 89' lang='lat' dir='ltr'><strong>Lumina</strong></span> <span class='ocrx_word' id='word_1_147' title='bbox 621 2424 765 2478; x_wconf 89' lang='lat' dir='ltr'><strong>clara</strong></span> <span class='ocrx_word' id='word_1_148' title='bbox 792 2424 939 2479; x_wconf 88' lang='lat' dir='ltr'><strong>dedit</strong></span> <span class='ocrx_word' id='word_1_149' title='bbox 973 2424 1088 2493; x_wconf 91' lang='lat' dir='ltr'><strong>ipse</strong></span> <span class='ocrx_word' id='word_1_150' title='bbox 1118 2431 1361 2491; x_wconf 88' lang='lat' dir='ltr'><strong>sanctus,</strong></span> 
     </span>
    </p>
   </div>
   <div class='ocr_carea' id='block_1_36' title="bbox 366 2511 1228 2569">
    <p class='ocr_par' dir='ltr' id='par_1_36' title="bbox 366 2511 1228 2569">
     <span class='ocr_line' id='line_1_36' title="bbox 366 2511 1228 2569; baseline 0.002 -2"><span class='ocrx_word' id='word_1_151' title='bbox 366 2512 566 2568; x_wconf 85' lang='lat' dir='ltr'><strong>Lucida</strong></span> <span class='ocrx_word' id='word_1_152' title='bbox 599 2511 727 2568; x_wconf 83' lang='lat' dir='ltr'><strong>fecit</strong></span> <span class='ocrx_word' id='word_1_153' title='bbox 754 2515 1041 2569; x_wconf 88' lang='lat' dir='ltr'><strong>tenebrosa</strong></span> <span class='ocrx_word' id='word_1_154' title='bbox 1070 2514 1228 2569; x_wconf 89' lang='lat' dir='ltr'><strong>corda</strong></span> 
     </span>
    </p>
   </div>
   <div class='ocr_carea' id='block_1_37' title="bbox 571 2606 905 2679">
    <p class='ocr_par' dir='ltr' id='par_1_37' title="bbox 571 2606 905 2679">
     <span class='ocr_line' id='line_1_37' title="bbox 571 2606 905 2679; baseline 0.003 -17"><span class='ocrx_word' id='word_1_155' title='bbox 571 2606 771 2679; x_wconf 87' lang='lat' dir='ltr'><strong>Ignifer</strong></span> <span class='ocrx_word' id='word_1_156' title='bbox 797 2608 905 2664; x_wconf 91' lang='lat' dir='ltr'><strong>ille.</strong></span> 
     </span>
    </p>
   </div>
   <div class='ocr_carea' id='block_1_38' title="bbox 2055 1606 2965 1673">
    <p class='ocr_par' dir='ltr' id='par_1_38' title="bbox 2055 1606 2965 1673">
     <span class='ocr_line' id='line_1_38' title="bbox 2055 1606 2965 1673; baseline 0.001 -11"><span class='ocrx_word' id='word_1_157' title='bbox 2055 1606 2223 1662; x_wconf 85' lang='lat' dir='ltr'><strong>Obvia</strong></span> <span class='ocrx_word' id='word_1_158' title='bbox 2254 1608 2403 1664; x_wconf 90' lang='lat' dir='ltr'><strong>venit</strong></span> <span class='ocrx_word' id='word_1_159' title='bbox 2439 1609 2659 1664; x_wconf 84' lang='lat' dir='ltr'><strong>radians</strong></span> <span class='ocrx_word' id='word_1_160' title='bbox 2694 1610 2965 1673; x_wconf 88' lang='lat' dir='ltr'><strong>columna,</strong></span> 
     </span>
    </p>
   </div>
   <div class='ocr_carea' id='block_1_39' title="bbox 2049 1700 2971 1772">
    <p class='ocr_par' dir='ltr' id='par_1_39' title="bbox 2049 1700 2971 1772">
     <span class='ocr_line' id='line_1_39' title="bbox 2049 1700 2971 1772; baseline 0.004 -19"><span class='ocrx_word' id='word_1_161' title='bbox 2049 1700 2340 1770; x_wconf 87' lang='lat' dir='ltr'><strong>Splendida</strong></span> <span class='ocrx_word' id='word_1_162' title='bbox 2358 1702 2479 1757; x_wconf 65' lang='lat' dir='ltr'><strong>caeli</strong></span> <span class='ocrx_word' id='word_1_163' title='bbox 2508 1703 2766 1758; x_wconf 86' lang='lat' dir='ltr'><strong>comitata</strong></span> <span class='ocrx_word' id='word_1_164' title='bbox 2795 1702 2971 1772; x_wconf 89' lang='lat' dir='ltr'><strong>plebe,</strong></span> 
     </span>
    </p>
   </div>
   <div class='ocr_carea' id='block_1_40' title="bbox 2054 1788 3066 1861">
    <p class='ocr_par' dir='ltr' id='par_1_40' title="bbox 2054 1788 3066 1861">
     <span class='ocr_line' id='line_1_40' title="bbox 2054 1788 3066 1861; baseline 0.003 -18"><span class='ocrx_word' id='word_1_165' title='bbox 2054 1788 2319 1861; x_wconf 85' lang='lat' dir='ltr'><strong>Spiritum</strong></span> <span class='ocrx_word' id='word_1_166' title='bbox 2343 1806 2539 1859; x_wconf 89' lang='lat' dir='ltr'><strong>purum</strong></span> <span class='ocrx_word' id='word_1_167' title='bbox 2565 1792 2796 1846; x_wconf 91' lang='lat' dir='ltr'><strong>Domino</strong></span> <span class='ocrx_word' id='word_1_168' title='bbox 2817 1799 3066 1857; x_wconf 86' lang='lat' dir='ltr'><strong>vocante,</strong></span> 
     </span>
    </p>
   </div>
   <div class='ocr_carea' id='block_1_41' title="bbox 2265 1880 2598 1937">
    <p class='ocr_par' dir='ltr' id='par_1_41' title="bbox 2265 1880 2598 1937">
     <span class='ocr_line' id='line_1_41' title="bbox 2265 1880 2598 1937; baseline 0.006 -4"><span class='ocrx_word' id='word_1_169' title='bbox 2265 1880 2400 1936; x_wconf 85' lang='lat' dir='ltr'><strong>Fine</strong></span> <span class='ocrx_word' id='word_1_170' title='bbox 2422 1882 2598 1937; x_wconf 91' lang='lat' dir='ltr'><strong>beato.</strong></span> 
     </span>
    </p>
   </div>
   <div class='ocr_carea' id='block_1_42' title="bbox 2055 1970 3001 2030">
    <p class='ocr_par' dir='ltr' id='par_1_42' title="bbox 2055 1970 3001 2030">
     <span class='ocr_line' id='line_1_42' title="bbox 2055 1970 3001 2030; baseline 0.005 -6"><span class='ocrx_word' id='word_1_171' title='bbox 2055 1970 2083 2008; x_wconf 68' lang='grc' dir='ltr'>δ</span> <span class='ocrx_word' id='word_1_172' title='bbox 2115 1971 2317 2027; x_wconf 87' lang='lat' dir='ltr'><strong>Zabulo</strong></span> <span class='ocrx_word' id='word_1_173' title='bbox 2349 1973 2498 2027; x_wconf 89' lang='lat' dir='ltr'><strong>victo</strong></span> <span class='ocrx_word' id='word_1_174' title='bbox 2528 1973 2633 2028; x_wconf 87' lang='lat' dir='ltr'><strong>ﬁde</strong></span> <span class='ocrx_word' id='word_1_175' title='bbox 2661 1990 2784 2029; x_wconf 90' lang='lat' dir='ltr'><strong>cum</strong></span> <span class='ocrx_word' id='word_1_176' title='bbox 2814 1974 3001 2030; x_wconf 89' lang='lat' dir='ltr'><strong>labore</strong></span> 
     </span>
    </p>
   </div>
   <div class='ocr_carea' id='block_1_43' title="bbox 2046 2062 2993 2135">
    <p class='ocr_par' dir='ltr' id='par_1_43' title="bbox 2046 2062 2993 2135">
     <span class='ocr_line' id='line_1_43' title="bbox 2046 2062 2993 2135; baseline 0.007 -20"><span class='ocrx_word' id='word_1_177' title='bbox 2046 2062 2278 2133; x_wconf 77' lang='lat' dir='ltr'><strong>Belliger</strong></span> <span class='ocrx_word' id='word_1_178' title='bbox 2300 2064 2465 2119; x_wconf 80' lang='lat' dir='ltr'><strong>miles</strong></span> <span class='ocrx_word' id='word_1_179' title='bbox 2481 2067 2785 2135; x_wconf 84' lang='lat' dir='ltr'><strong>penetravit</strong></span> <span class='ocrx_word' id='word_1_180' title='bbox 2816 2075 2993 2134; x_wconf 88' lang='lat' dir='ltr'><strong>astra;</strong></span> 
     </span>
    </p>
   </div>
   <div class='ocr_carea' id='block_1_44' title="bbox 2049 2155 2931 2226">
    <p class='ocr_par' dir='ltr' id='par_1_44' title="bbox 2049 2155 2931 2226">
     <span class='ocr_line' id='line_1_44' title="bbox 2049 2155 2931 2226; baseline 0.006 -17"><span class='ocrx_word' id='word_1_181' title='bbox 2049 2155 2276 2211; x_wconf 63' lang='lat' dir='ltr'><strong>Praemia</strong></span> <span class='ocrx_word' id='word_1_182' title='bbox 2304 2155 2469 2226; x_wconf 82' lang='lat' dir='ltr'><strong>digno</strong></span> <span class='ocrx_word' id='word_1_183' title='bbox 2494 2158 2705 2213; x_wconf 90' lang='lat' dir='ltr'><strong>obtinet</strong></span> <span class='ocrx_word' id='word_1_184' title='bbox 2726 2160 2931 2214; x_wconf 87' lang='lat' dir='ltr'><strong>honore</strong></span> 
     </span>
    </p>
   </div>
   <div class='ocr_carea' id='block_1_45' title="bbox 2263 2245 2687 2316">
    <p class='ocr_par' dir='ltr' id='par_1_45' title="bbox 2263 2245 2687 2316">
     <span class='ocr_line' id='line_1_45' title="bbox 2263 2245 2687 2316; baseline 0.009 -17"><span class='ocrx_word' id='word_1_185' title='bbox 2263 2245 2427 2316; x_wconf 81' lang='lat' dir='ltr'><strong>Regis</strong></span> <span class='ocrx_word' id='word_1_186' title='bbox 2456 2248 2510 2301; x_wconf 91' lang='lat' dir='ltr'><strong>in</strong></span> <span class='ocrx_word' id='word_1_187' title='bbox 2546 2249 2687 2303; x_wconf 89' lang='lat' dir='ltr'><strong>aula.</strong></span> 
     </span>
    </p>
   </div>
   <div class='ocr_carea' id='block_1_46' title="bbox 2051 2337 2896 2397">
    <p class='ocr_par' dir='ltr' id='par_1_46' title="bbox 2051 2337 2896 2397">
     <span class='ocr_line' id='line_1_46' title="bbox 2051 2337 2896 2397; baseline 0.007 -6"><span class='ocrx_word' id='word_1_188' title='bbox 2051 2337 2233 2392; x_wconf 88' lang='lat' dir='ltr'><strong>Gloria</strong></span> <span class='ocrx_word' id='word_1_189' title='bbox 2268 2337 2443 2393; x_wconf 89' lang='lat' dir='ltr'><strong>laudis</strong></span> <span class='ocrx_word' id='word_1_190' title='bbox 2466 2348 2684 2396; x_wconf 87' lang='lat' dir='ltr'><strong>resonet</strong></span> <span class='ocrx_word' id='word_1_191' title='bbox 2718 2342 2773 2395; x_wconf 92' lang='lat' dir='ltr'><strong>in</strong></span> <span class='ocrx_word' id='word_1_192' title='bbox 2802 2357 2896 2397; x_wconf 92' lang='lat' dir='ltr'><strong>ore</strong></span> 
     </span>
    </p>
   </div>
   <div class='ocr_carea' id='block_1_47' title="bbox 2049 2428 3107 2503">
    <p class='ocr_par' dir='ltr' id='par_1_47' title="bbox 2049 2428 3107 2503">
     <span class='ocr_line' id='line_1_47' title="bbox 2049 2428 3107 2503; baseline 0.005 -19"><span class='ocrx_word' id='word_1_193' title='bbox 2049 2428 2305 2484; x_wconf 90' lang='lat' dir='ltr'><strong>Omnium</strong></span> <span class='ocrx_word' id='word_1_194' title='bbox 2331 2428 2535 2497; x_wconf 90' lang='lat' dir='ltr'><strong>Patris,</strong></span> <span class='ocrx_word' id='word_1_195' title='bbox 2573 2432 2874 2503; x_wconf 66' lang='lat' dir='ltr'><strong>genitmque</strong></span> <span class='ocrx_word' id='word_1_196' title='bbox 2909 2432 3107 2500; x_wconf 91' lang='lat' dir='ltr'><strong>Prolis,</strong></span> 
     </span>
    </p>
   </div>
   <div class='ocr_carea' id='block_1_48' title="bbox 2052 2519 3001 2592">
    <p class='ocr_par' dir='ltr' id='par_1_48' title="bbox 2052 2519 3001 2592">
     <span class='ocr_line' id='line_1_48' title="bbox 2052 2519 3001 2592; baseline 0.004 -16"><span class='ocrx_word' id='word_1_197' title='bbox 2052 2519 2290 2591; x_wconf 83' lang='lat' dir='ltr'><strong>Spiritus</strong></span> <span class='ocrx_word' id='word_1_198' title='bbox 2327 2522 2503 2576; x_wconf 91' lang='lat' dir='ltr'><strong>sancti</strong></span> <span class='ocrx_word' id='word_1_199' title='bbox 2532 2523 2748 2592; x_wconf 83' lang='lat' dir='ltr'><strong>pariter</strong></span> <span class='ocrx_word' id='word_1_200' title='bbox 2774 2524 3001 2580; x_wconf 89' lang='lat' dir='ltr'><strong>resultet</strong></span> 
     </span>
    </p>
   </div>
   <div class='ocr_carea' id='block_1_49' title="bbox 2261 2611 2929 2682">
    <p class='ocr_par' dir='ltr' id='par_1_49' title="bbox 2261 2611 2929 2682">
     <span class='ocr_line' id='line_1_49' title="bbox 2261 2611 2929 2682; baseline 0.003 -15"><span class='ocrx_word' id='word_1_201' title='bbox 2261 2611 2444 2667; x_wconf 86' lang='lat' dir='ltr'><strong>Laude</strong></span> <span class='ocrx_word' id='word_1_202' title='bbox 2466 2615 2713 2682; x_wconf 87' lang='lat' dir='ltr'><strong>perenni.</strong></span> <span class='ocrx_word' id='word_1_203' title='bbox 2738 2616 2929 2671; x_wconf 83' lang='lat' dir='ltr'><strong>Amen.</strong></span> 
     </span>
    </p>
   </div>
   <div class='ocr_carea' id='block_1_50' title="bbox 282 2742 1798 2814">
    <p class='ocr_par' dir='ltr' id='par_1_50' title="bbox 282 2742 1798 2814">
     <span class='ocr_line' id='line_1_50' title="bbox 282 2742 1798 2814; baseline 0.001 -18"><span class='ocrx_word' id='word_1_204' title='bbox 282 2756 311 2784; x_wconf 86' lang='grc' dir='ltr'>ιι</span> <span class='ocrx_word' id='word_1_205' title='bbox 358 2743 435 2797; x_wconf 89' lang='lat' dir='ltr'><strong>Ita</strong></span> <span class='ocrx_word' id='word_1_206' title='bbox 467 2743 679 2814; x_wconf 86' lang='lat' dir='ltr'><strong>quidem</strong></span> <span class='ocrx_word' id='word_1_207' title='bbox 711 2745 765 2799; x_wconf 90' lang='lat' dir='ltr'><strong>in</strong></span> <span class='ocrx_word' id='word_1_208' title='bbox 792 2743 1289 2814; x_wconf 47' lang='lat' dir='ltr'><strong>codiceascriptnm</strong></span> <span class='ocrx_word' id='word_1_209' title='bbox 1314 2751 1419 2806; x_wconf 86' lang='lat' dir='ltr'><strong>est,</strong></span> <span class='ocrx_word' id='word_1_210' title='bbox 1450 2742 1547 2801; x_wconf 87' lang='lat' dir='ltr'><strong>sed</strong></span> <span class='ocrx_word' id='word_1_211' title='bbox 1592 2744 1659 2798; x_wconf 90' lang='lat' dir='ltr'><strong>de</strong></span> <span class='ocrx_word' id='word_1_212' title='bbox 1707 2759 1798 2814; x_wconf 88' lang='lat' dir='ltr'><strong>ge-</strong></span> 
     </span>
    </p>
   </div>
   <div class='ocr_carea' id='block_1_51' title="bbox 214 2813 1804 2886">
    <p class='ocr_par' dir='ltr' id='par_1_51' title="bbox 214 2813 1804 2886">
     <span class='ocr_line' id='line_1_51' title="bbox 214 2813 1804 2886; baseline -0.001 -17"><span class='ocrx_word' id='word_1_213' title='bbox 214 2814 386 2869; x_wconf 91' lang='lat' dir='ltr'><strong>nuina</strong></span> <span class='ocrx_word' id='word_1_214' title='bbox 416 2813 574 2886; x_wconf 87' lang='lat' dir='ltr'><strong>hujus</strong></span> <span class='ocrx_word' id='word_1_215' title='bbox 628 2813 734 2870; x_wconf 93' lang='lat' dir='ltr'><strong>loci</strong></span> <span class='ocrx_word' id='word_1_216' title='bbox 781 2815 1013 2871; x_wconf 88' lang='lat' dir='ltr'><strong>lectione</strong></span> <span class='ocrx_word' id='word_1_217' title='bbox 1048 2816 1287 2871; x_wconf 91' lang='lat' dir='ltr'><strong>nondum</strong></span> <span class='ocrx_word' id='word_1_218' title='bbox 1335 2814 1468 2870; x_wconf 90' lang='lat' dir='ltr'><strong>mihi</strong></span> <span class='ocrx_word' id='word_1_219' title='bbox 1513 2814 1649 2871; x_wconf 85' lang='lat' dir='ltr'><strong>satis</strong></span> <span class='ocrx_word' id='word_1_220' title='bbox 1675 2813 1804 2869; x_wconf 78' lang='lat' dir='ltr'><strong>cnn-</strong></span> 
     </span>
    </p>
   </div>
   <div class='ocr_carea' id='block_1_52' title="bbox 928 3046 2767 3164">
    <p class='ocr_par' dir='ltr' id='par_1_52' title="bbox 928 3046 2767 3164">
     <span class='ocr_line' id='line_1_52' title="bbox 928 3046 2767 3164; baseline 0.004 -13"><span class='ocrx_word' id='word_1_221' title='bbox 928 3078 1087 3151; x_wconf 82' lang='lat'><strong>175</strong></span> <span class='ocrx_word' id='word_1_222' title='bbox 1143 3046 1583 3164; x_wconf 86' lang='lat' dir='ltr'><strong>OPUSC</strong></span> <span class='ocrx_word' id='word_1_223' title='bbox 1601 3047 1990 3164; x_wconf 90' lang='lat' dir='ltr'><strong>ULUM</strong></span> <span class='ocrx_word' id='word_1_224' title='bbox 2078 3047 2767 3162; x_wconf 87' lang='lat' dir='ltr'><strong>TERTIUM.</strong></span> 
     </span>
    </p>
   </div>
   <div class='ocr_carea' id='block_1_53' title="bbox 783 3264 2914 3351">
    <p class='ocr_par' dir='ltr' id='par_1_53' title="bbox 783 3264 2914 3351">
     <span class='ocr_line' id='line_1_53' title="bbox 783 3264 2914 3351; baseline -0.001 0"><span class='ocrx_word' id='word_1_225' title='bbox 783 3268 1036 3351; x_wconf 80' lang='lat' dir='ltr'><strong>VITA</strong></span> <span class='ocrx_word' id='word_1_226' title='bbox 1092 3264 1685 3347; x_wconf 81' lang='lat' dir='ltr'><strong>BEATISSIMI</strong></span> <span class='ocrx_word' id='word_1_227' title='bbox 1738 3266 2199 3348; x_wconf 81' lang='lat' dir='ltr'><strong>RICHARII</strong></span> <span class='ocrx_word' id='word_1_228' title='bbox 2260 3267 2914 3349; x_wconf 84' lang='lat' dir='ltr'><strong>PRESBYTERI.</strong></span> 
     </span>
    </p>
   </div>
   <div class='ocr_carea' id='block_1_54' title="bbox 1911 2741 3397 2815">
    <p class='ocr_par' dir='ltr' id='par_1_54' title="bbox 1911 2741 3397 2815">
     <span class='ocr_line' id='line_1_54' title="bbox 1911 2741 3397 2815; baseline 0.002 -17"><span class='ocrx_word' id='word_1_229' title='bbox 1911 2741 2328 2815; x_wconf 46' lang='grc' dir='ltr'><strong>βψω-Μυῖα.</strong></span> <span class='ocrx_word' id='word_1_230' title='bbox 2387 2743 2548 2815; x_wconf 82' lang='lat' dir='ltr'><strong>Forte</strong></span> <span class='ocrx_word' id='word_1_231' title='bbox 2575 2744 2856 2815; x_wconf 89' lang='lat' dir='ltr'><strong>legendum</strong></span> <span class='ocrx_word' id='word_1_232' title='bbox 2882 2762 2895 2800; x_wconf 91' lang='lat'><strong>:</strong></span> <span class='ocrx_word' id='word_1_233' title='bbox 2927 2745 3186 2802; x_wconf 76' lang='lat' dir='ltr'><strong>Miseram</strong></span> <span class='ocrx_word' id='word_1_234' title='bbox 3215 2750 3397 2803; x_wconf 74' lang='lat' dir='ltr'><strong>nostri.</strong></span> 
     </span>
    </p>
   </div>
   <div class='ocr_carea' id='block_1_55' title="bbox 1981 2812 3484 2886">
    <p class='ocr_par' dir='ltr' id='par_1_55' title="bbox 1981 2812 3484 2886">
     <span class='ocr_line' id='line_1_55' title="bbox 1981 2812 3484 2886; baseline 0.007 -20"><span class='ocrx_word' id='word_1_235' title='bbox 1981 2813 2010 2853; x_wconf 71' lang='grc' dir='ltr'>δ</span> <span class='ocrx_word' id='word_1_236' title='bbox 2048 2812 2251 2867; x_wconf 88' lang='lat' dir='ltr'><strong>Zabulo</strong></span> <span class='ocrx_word' id='word_1_237' title='bbox 2280 2814 2421 2883; x_wconf 88' lang='lat' dir='ltr'><strong>apud</strong></span> <span class='ocrx_word' id='word_1_238' title='bbox 2446 2812 2657 2870; x_wconf 76' lang='lat' dir='ltr'><strong>veteres</strong></span> <span class='ocrx_word' id='word_1_239' title='bbox 2697 2832 2794 2886; x_wconf 86' lang='lat' dir='ltr'><strong>pro</strong></span> <span class='ocrx_word' id='word_1_240' title='bbox 2828 2816 3056 2872; x_wconf 82' lang='lat' dir='ltr'><strong>diabolo.</strong></span> <span class='ocrx_word' id='word_1_241' title='bbox 3087 2818 3207 2874; x_wconf 88' lang='lat' dir='ltr'><strong>Vid.</strong></span> <span class='ocrx_word' id='word_1_242' title='bbox 3235 2818 3484 2876; x_wconf 66' lang='lat' dir='ltr'><strong>Lambet‘.</strong></span> 
     </span>
    </p>
   </div>
   <div class='ocr_carea' id='block_1_56' title="bbox 281 3493 3486 3590">
    <p class='ocr_par' dir='ltr' id='par_1_56' title="bbox 281 3493 3486 3590">
     <span class='ocr_line' id='line_1_56' title="bbox 281 3493 3486 3590; baseline 0.008 -35"><span class='ocrx_word' id='word_1_243' title='bbox 281 3498 658 3561; x_wconf 64' lang='lat' dir='ltr'><strong>PREFATIO</strong></span> <span class='ocrx_word' id='word_1_244' title='bbox 684 3498 778 3554; x_wconf 74' lang='lat' dir='ltr'><strong>AD</strong></span> <span class='ocrx_word' id='word_1_245' title='bbox 814 3496 1145 3555; x_wconf 77' lang='lat' dir='ltr'><strong>CABOLUM</strong></span> <span class='ocrx_word' id='word_1_246' title='bbox 1185 3493 1705 3551; x_wconf 64' lang='lat' dir='ltr'><strong>IMPERATOREM-</strong></span> <span class='ocrx_word' id='word_1_247' title='bbox 1819 3496 1866 3560; x_wconf 71' lang='lat' dir='ltr'>c</span> <span class='ocrx_word' id='word_1_248' title='bbox 1896 3514 2072 3570; x_wconf 91' lang='lat' dir='ltr'><strong>lorum</strong></span> <span class='ocrx_word' id='word_1_249' title='bbox 2120 3518 2423 3586; x_wconf 88' lang='lat' dir='ltr'><strong>patratione</strong></span> <span class='ocrx_word' id='word_1_250' title='bbox 2461 3525 2582 3587; x_wconf 88' lang='lat' dir='ltr'><strong>post</strong></span> <span class='ocrx_word' id='word_1_251' title='bbox 2605 3519 2750 3588; x_wconf 87' lang='lat' dir='ltr'><strong>ipsos</strong></span> <span class='ocrx_word' id='word_1_252' title='bbox 2791 3522 3061 3590; x_wconf 90' lang='lat' dir='ltr'><strong>apostolos</strong></span> <span class='ocrx_word' id='word_1_253' title='bbox 3095 3523 3227 3579; x_wconf 90' lang='lat' dir='ltr'><strong>nulli</strong></span> <span class='ocrx_word' id='word_1_254' title='bbox 3275 3525 3486 3585; x_wconf 84' lang='lat' dir='ltr'><strong>ferebat</strong></span> 
     </span>
    </p>
   </div>
   <div class='ocr_carea' id='block_1_57' title="bbox 282 3605 3480 3685">
    <p class='ocr_par' dir='ltr' id='par_1_57' title="bbox 282 3605 3480 3685">
     <span class='ocr_line' id='line_1_57' title="bbox 282 3605 3480 3685; baseline 0.001 -14"><span class='ocrx_word' id='word_1_255' title='bbox 282 3614 516 3671; x_wconf 86' lang='lat' dir='ltr'><strong>Domino</strong></span> <span class='ocrx_word' id='word_1_256' title='bbox 542 3610 1064 3683; x_wconf 89' lang='lat' dir='ltr'><strong>sempervenerabili</strong></span> <span class='ocrx_word' id='word_1_257' title='bbox 1080 3623 1402 3678; x_wconf 89' lang='lat' dir='ltr'><strong>semperque</strong></span> <span class='ocrx_word' id='word_1_258' title='bbox 1424 3605 1791 3671; x_wconf 90' lang='lat' dir='ltr'><strong>desiderabili,</strong></span> <span class='ocrx_word' id='word_1_259' title='bbox 1894 3608 2213 3672; x_wconf 89' lang='lat' dir='ltr'><strong>secundum,</strong></span> <span class='ocrx_word' id='word_1_260' title='bbox 2239 3616 2348 3662; x_wconf 89' lang='lat' dir='ltr'><strong>tam</strong></span> <span class='ocrx_word' id='word_1_261' title='bbox 2372 3609 2583 3663; x_wconf 90' lang='lat' dir='ltr'><strong>modico</strong></span> <span class='ocrx_word' id='word_1_262' title='bbox 2598 3618 2873 3679; x_wconf 86' lang='lat' dir='ltr'><strong>gestorum</strong></span> <span class='ocrx_word' id='word_1_263' title='bbox 2902 3614 3173 3670; x_wconf 89' lang='lat' dir='ltr'><strong>volumine</strong></span> <span class='ocrx_word' id='word_1_264' title='bbox 3188 3618 3480 3685; x_wconf 57' lang='lat' dir='ltr'><strong>potiretur.</strong></span> 
     </span>
    </p>
   </div>
   <div class='ocr_carea' id='block_1_58' title="bbox 206 3697 3479 3779">
    <p class='ocr_par' dir='ltr' id='par_1_58' title="bbox 206 3697 3479 3779">
     <span class='ocr_line' id='line_1_58' title="bbox 206 3697 3479 3779; baseline 0.001 -17"><span class='ocrx_word' id='word_1_265' title='bbox 206 3708 460 3779; x_wconf 87' lang='lat' dir='ltr'><strong>piissimo</strong></span> <span class='ocrx_word' id='word_1_266' title='bbox 487 3712 689 3759; x_wconf 72' lang='lat' dir='ltr'><strong>sancta:</strong></span> <span class='ocrx_word' id='word_1_267' title='bbox 720 3701 977 3757; x_wconf 70' lang='lat' dir='ltr'><strong>Ecclesia:</strong></span> <span class='ocrx_word' id='word_1_268' title='bbox 1006 3700 1197 3764; x_wconf 89' lang='lat' dir='ltr'><strong>tutori,</strong></span> <span class='ocrx_word' id='word_1_269' title='bbox 1224 3699 1397 3769; x_wconf 89' lang='lat' dir='ltr'><strong>gratia</strong></span> <span class='ocrx_word' id='word_1_270' title='bbox 1445 3697 1540 3751; x_wconf 88' lang='lat' dir='ltr'><strong>Dei</strong></span> <span class='ocrx_word' id='word_1_271' title='bbox 1582 3711 1795 3766; x_wconf 85' lang='lat' dir='ltr'><strong>semper</strong></span> <span class='ocrx_word' id='word_1_272' title='bbox 1893 3698 2057 3768; x_wconf 84' lang='lat' dir='ltr'><strong>quue</strong></span> <span class='ocrx_word' id='word_1_273' title='bbox 2078 3699 2209 3753; x_wconf 91' lang='lat' dir='ltr'><strong>mihi</strong></span> <span class='ocrx_word' id='word_1_274' title='bbox 2236 3701 2563 3769; x_wconf 89' lang='lat' dir='ltr'><strong>stupesccnti</strong></span> <span class='ocrx_word' id='word_1_275' title='bbox 2598 3701 2832 3757; x_wconf 86' lang='lat' dir='ltr'><strong>innotuit</strong></span> <span class='ocrx_word' id='word_1_276' title='bbox 2856 3704 2968 3772; x_wconf 87' lang='lat' dir='ltr'><strong>jam</strong></span> <span class='ocrx_word' id='word_1_277' title='bbox 3002 3705 3177 3760; x_wconf 89' lang='lat' dir='ltr'><strong>dictus</strong></span> <span class='ocrx_word' id='word_1_278' title='bbox 3208 3724 3479 3765; x_wconf 64' lang='lat' dir='ltr'><strong>mmora-</strong></span> 
     </span>
    </p>
   </div>
   <div class='ocr_carea' id='block_1_59' title="bbox 207 3786 3478 3871">
    <p class='ocr_par' dir='ltr' id='par_1_59' title="bbox 207 3786 3478 3871">
     <span class='ocr_line' id='line_1_59' title="bbox 207 3786 3478 3871; baseline 0.002 -18"><span class='ocrx_word' id='word_1_279' title='bbox 207 3800 459 3871; x_wconf 78' lang='lat' dir='ltr'><strong>Augusto</strong></span> <span class='ocrx_word' id='word_1_280' title='bbox 484 3794 699 3862; x_wconf 90' lang='lat' dir='ltr'><strong>Carolo,</strong></span> <span class='ocrx_word' id='word_1_281' title='bbox 719 3802 917 3850; x_wconf 82' lang='lat' dir='ltr'><strong>vestrae</strong></span> <span class='ocrx_word' id='word_1_282' title='bbox 962 3791 1155 3849; x_wconf 87' lang='lat' dir='ltr'><strong>salutis</strong></span> <span class='ocrx_word' id='word_1_283' title='bbox 1182 3804 1376 3861; x_wconf 90' lang='lat' dir='ltr'><strong>perpes</strong></span> <span class='ocrx_word' id='word_1_284' title='bbox 1400 3788 1607 3844; x_wconf 88' lang='lat' dir='ltr'><strong>amicus</strong></span> <span class='ocrx_word' id='word_1_285' title='bbox 1646 3786 1795 3844; x_wconf 82' lang='lat' dir='ltr'><strong>Albi-</strong></span> <span class='ocrx_word' id='word_1_286' title='bbox 1892 3788 2017 3843; x_wconf 90' lang='lat' dir='ltr'><strong>bilis</strong></span> <span class='ocrx_word' id='word_1_287' title='bbox 2040 3790 2123 3842; x_wconf 86' lang='lat' dir='ltr'><strong>vir</strong></span> <span class='ocrx_word' id='word_1_288' title='bbox 2151 3789 2524 3859; x_wconf 85' lang='lat' dir='ltr'><strong>Angilbertus,</strong></span> <span class='ocrx_word' id='word_1_289' title='bbox 2571 3808 2635 3846; x_wconf 88' lang='lat' dir='ltr'><strong>ac</strong></span> <span class='ocrx_word' id='word_1_290' title='bbox 2666 3793 2975 3861; x_wconf 87' lang='lat' dir='ltr'><strong>spirituales</strong></span> <span class='ocrx_word' id='word_1_291' title='bbox 3005 3795 3199 3852; x_wconf 64' lang='lat' dir='ltr'><strong>fratres</strong></span> <span class='ocrx_word' id='word_1_292' title='bbox 3230 3798 3478 3867; x_wconf 63' lang='lat' dir='ltr'><strong>ejurdem</strong></span> 
     </span>
    </p>
   </div>
   <div class='ocr_carea' id='block_1_60' title="bbox 209 3879 3478 3956">
    <p class='ocr_par' dir='ltr' id='par_1_60' title="bbox 209 3879 3478 3956">
     <span class='ocr_line' id='line_1_60' title="bbox 209 3879 3478 3956; baseline 0 -10"><span class='ocrx_word' id='word_1_293' title='bbox 209 3907 333 3946; x_wconf 91' lang='lat' dir='ltr'><strong>nus.</strong></span> <span class='ocrx_word' id='word_1_294' title='bbox 1895 3880 2071 3934; x_wconf 84' lang='lat' dir='ltr'><strong>sancti</strong></span> <span class='ocrx_word' id='word_1_295' title='bbox 2098 3879 2224 3943; x_wconf 92' lang='lat' dir='ltr'><strong>loci,</strong></span> <span class='ocrx_word' id='word_1_296' title='bbox 2253 3880 2439 3935; x_wconf 84' lang='lat' dir='ltr'><strong>haberi</strong></span> <span class='ocrx_word' id='word_1_297' title='bbox 2463 3882 2600 3949; x_wconf 87' lang='lat' dir='ltr'><strong>apud</strong></span> <span class='ocrx_word' id='word_1_298' title='bbox 2633 3898 2707 3941; x_wconf 88' lang='lat' dir='ltr'><strong>se,</strong></span> <span class='ocrx_word' id='word_1_299' title='bbox 2738 3884 2867 3951; x_wconf 91' lang='lat' dir='ltr'><strong>quin</strong></span> <span class='ocrx_word' id='word_1_300' title='bbox 2921 3885 3084 3939; x_wconf 88' lang='lat' dir='ltr'><strong>etiam</strong></span> <span class='ocrx_word' id='word_1_301' title='bbox 3118 3888 3258 3956; x_wconf 89' lang='lat' dir='ltr'><strong>apud</strong></span> <span class='ocrx_word' id='word_1_302' title='bbox 3294 3890 3478 3948; x_wconf 42' lang='lat' dir='ltr'><strong>diverc</strong></span> 
     </span>
    </p>
   </div>
   <div class='ocr_carea' id='block_1_61' title="bbox 278 3970 3486 4051">
    <p class='ocr_par' dir='ltr' id='par_1_61' title="bbox 278 3970 3486 4051">
     <span class='ocr_line' id='line_1_61' title="bbox 278 3970 3486 4051; baseline 0.001 -16"><span class='ocrx_word' id='word_1_303' title='bbox 278 3980 614 4035; x_wconf 88' lang='lat' dir='ltr'><strong>Remorante</strong></span> <span class='ocrx_word' id='word_1_304' title='bbox 638 3985 832 4033; x_wconf 66' lang='lat' dir='ltr'><strong>vestra:</strong></span> <span class='ocrx_word' id='word_1_305' title='bbox 858 3974 1190 4031; x_wconf 60' lang='lat' dir='ltr'><strong>excellentiae</strong></span> <span class='ocrx_word' id='word_1_306' title='bbox 1212 3972 1412 4044; x_wconf 88' lang='lat' dir='ltr'><strong>pietate</strong></span> <span class='ocrx_word' id='word_1_307' title='bbox 1435 3972 1488 4026; x_wconf 90' lang='lat' dir='ltr'><strong>in</strong></span> <span class='ocrx_word' id='word_1_308' title='bbox 1527 3970 1646 4026; x_wconf 87' lang='lat' dir='ltr'><strong>loco</strong></span> <span class='ocrx_word' id='word_1_309' title='bbox 1672 3985 1796 4026; x_wconf 88' lang='lat' dir='ltr'><strong>san-</strong></span> <span class='ocrx_word' id='word_1_310' title='bbox 1896 3989 1985 4029; x_wconf 89' lang='lat' dir='ltr'><strong>sas</strong></span> <span class='ocrx_word' id='word_1_311' title='bbox 2030 3973 2307 4037; x_wconf 86' lang='lat' dir='ltr'><strong>ecclesias,</strong></span> <span class='ocrx_word' id='word_1_312' title='bbox 2330 3974 2570 4028; x_wconf 88' lang='lat' dir='ltr'><strong>codicem</strong></span> <span class='ocrx_word' id='word_1_313' title='bbox 2604 3974 2766 4028; x_wconf 91' lang='lat' dir='ltr'><strong>alium</strong></span> <span class='ocrx_word' id='word_1_314' title='bbox 2803 3986 2824 4013; x_wconf 75' lang='grc' dir='ltr'>ο</span> <span class='ocrx_word' id='word_1_315' title='bbox 2875 3977 3179 4047; x_wconf 84' lang='lat' dir='ltr'><strong>grandioris</strong></span> <span class='ocrx_word' id='word_1_316' title='bbox 3214 3983 3486 4051; x_wconf 88' lang='lat' dir='ltr'><strong>quantita-</strong></span> 
     </span>
    </p>
   </div>
   <div class='ocr_carea' id='block_1_62' title="bbox 210 4063 3483 4142">
    <p class='ocr_par' dir='ltr' id='par_1_62' title="bbox 210 4063 3483 4142">
     <span class='ocr_line' id='line_1_62' title="bbox 210 4063 3483 4142; baseline -0 -13"><span class='ocrx_word' id='word_1_317' title='bbox 210 4082 298 4130; x_wconf 91' lang='lat' dir='ltr'><strong>cto</strong></span> <span class='ocrx_word' id='word_1_318' title='bbox 330 4082 391 4129; x_wconf 88' lang='lat' dir='ltr'><strong>et</strong></span> <span class='ocrx_word' id='word_1_319' title='bbox 420 4074 615 4129; x_wconf 89' lang='lat' dir='ltr'><strong>merito</strong></span> <span class='ocrx_word' id='word_1_320' title='bbox 634 4070 931 4128; x_wconf 86' lang='lat' dir='ltr'><strong>venerabili</strong></span> <span class='ocrx_word' id='word_1_321' title='bbox 966 4069 1191 4126; x_wconf 90' lang='lat' dir='ltr'><strong>Centula</strong></span> <span class='ocrx_word' id='word_1_322' title='bbox 1215 4082 1263 4134; x_wconf 73' lang='grc' dir='ltr'><strong>α,</strong></span> <span class='ocrx_word' id='word_1_323' title='bbox 1297 4084 1420 4125; x_wconf 92' lang='lat' dir='ltr'><strong>cum</strong></span> <span class='ocrx_word' id='word_1_324' title='bbox 1475 4076 1532 4124; x_wconf 90' lang='lat' dir='ltr'><strong>et</strong></span> <span class='ocrx_word' id='word_1_325' title='bbox 1557 4082 1657 4137; x_wconf 87' lang='lat' dir='ltr'><strong>ego</strong></span> <span class='ocrx_word' id='word_1_326' title='bbox 1703 4082 1798 4122; x_wconf 87' lang='lat' dir='ltr'><strong>ve-</strong></span> <span class='ocrx_word' id='word_1_327' title='bbox 1896 4065 1987 4129; x_wconf 89' lang='lat' dir='ltr'><strong>tis,</strong></span> <span class='ocrx_word' id='word_1_328' title='bbox 2010 4065 2064 4119; x_wconf 92' lang='lat' dir='ltr'><strong>in</strong></span> <span class='ocrx_word' id='word_1_329' title='bbox 2089 4080 2194 4135; x_wconf 88' lang='lat' dir='ltr'><strong>quo</strong></span> <span class='ocrx_word' id='word_1_330' title='bbox 2216 4063 2420 4119; x_wconf 89' lang='lat' dir='ltr'><strong>scilicet</strong></span> <span class='ocrx_word' id='word_1_331' title='bbox 2472 4064 2559 4118; x_wconf 90' lang='lat' dir='ltr'><strong>illa</strong></span> <span class='ocrx_word' id='word_1_332' title='bbox 2604 4065 2861 4120; x_wconf 88' lang='lat' dir='ltr'><strong>miracula</strong></span> <span class='ocrx_word' id='word_1_333' title='bbox 2910 4066 3248 4137; x_wconf 85' lang='lat' dir='ltr'><strong>legebantur,</strong></span> <span class='ocrx_word' id='word_1_334' title='bbox 3287 4073 3483 4142; x_wconf 90' lang='lat' dir='ltr'><strong>quibus</strong></span> 
     </span>
    </p>
   </div>
   <div class='ocr_carea' id='block_1_63' title="bbox 210 4155 3486 4237">
    <p class='ocr_par' dir='ltr' id='par_1_63' title="bbox 210 4155 3486 4237">
     <span class='ocr_line' id='line_1_63' title="bbox 210 4155 3486 4237; baseline 0 -17"><span class='ocrx_word' id='word_1_335' title='bbox 210 4174 337 4221; x_wconf 72' lang='lat' dir='ltr'><strong>stne</strong></span> <span class='ocrx_word' id='word_1_336' title='bbox 372 4165 555 4237; x_wconf 68' lang='lat' dir='ltr'><strong>gloriae</strong></span> <span class='ocrx_word' id='word_1_337' title='bbox 584 4178 792 4228; x_wconf 91' lang='lat' dir='ltr'><strong>servus,</strong></span> <span class='ocrx_word' id='word_1_338' title='bbox 830 4169 1025 4216; x_wconf 82' lang='lat' dir='ltr'><strong>vestrae</strong></span> <span class='ocrx_word' id='word_1_339' title='bbox 1052 4159 1274 4231; x_wconf 91' lang='lat' dir='ltr'><strong>pietatis</strong></span> <span class='ocrx_word' id='word_1_340' title='bbox 1318 4158 1543 4229; x_wconf 89' lang='lat' dir='ltr'><strong>vestigia</strong></span> <span class='ocrx_word' id='word_1_341' title='bbox 1596 4155 1794 4211; x_wconf 89' lang='lat' dir='ltr'><strong>ibidem</strong></span> <span class='ocrx_word' id='word_1_342' title='bbox 1896 4172 2004 4211; x_wconf 90' lang='lat' dir='ltr'><strong>non</strong></span> <span class='ocrx_word' id='word_1_343' title='bbox 2030 4155 2301 4211; x_wconf 90' lang='lat' dir='ltr'><strong>immerito</strong></span> <span class='ocrx_word' id='word_1_344' title='bbox 2343 4163 2592 4211; x_wconf 89' lang='lat' dir='ltr'><strong>sanctum</strong></span> <span class='ocrx_word' id='word_1_345' title='bbox 2636 4156 2835 4212; x_wconf 87' lang='lat' dir='ltr'><strong>Christi</strong></span> <span class='ocrx_word' id='word_1_346' title='bbox 2886 4160 3253 4217; x_wconf 80' lang='lat' dir='ltr'><strong>confessorem</strong></span> <span class='ocrx_word' id='word_1_347' title='bbox 3307 4168 3486 4221; x_wconf 90' lang='lat' dir='ltr'><strong>omnis</strong></span> 
     </span>
    </p>
   </div>
   <div class='ocr_carea' id='block_1_64' title="bbox 208 4246 3479 4331">
    <p class='ocr_par' dir='ltr' id='par_1_64' title="bbox 208 4246 3479 4331">
     <span class='ocr_line' id='line_1_64' title="bbox 208 4246 3479 4331; baseline -0.001 -16"><span class='ocrx_word' id='word_1_348' title='bbox 208 4269 533 4331; x_wconf 84' lang='lat' dir='ltr'><strong>prosecutus</strong></span> <span class='ocrx_word' id='word_1_349' title='bbox 560 4301 575 4324; x_wconf 93' lang='lat'><strong>,</strong></span> <span class='ocrx_word' id='word_1_350' title='bbox 630 4256 1018 4327; x_wconf 88' lang='lat' dir='ltr'><strong>aliquantisper</strong></span> <span class='ocrx_word' id='word_1_351' title='bbox 1083 4267 1487 4317; x_wconf 90' lang='lat' dir='ltr'><strong>commorarer;</strong></span> <span class='ocrx_word' id='word_1_352' title='bbox 1546 4257 1798 4306; x_wconf 89' lang='lat' dir='ltr'><strong>oraverat</strong></span> <span class='ocrx_word' id='word_1_353' title='bbox 1896 4247 2068 4303; x_wconf 88' lang='lat' dir='ltr'><strong>Gallia</strong></span> <span class='ocrx_word' id='word_1_354' title='bbox 2113 4246 2410 4302; x_wconf 86' lang='lat' dir='ltr'><strong>attollebat.</strong></span> <span class='ocrx_word' id='word_1_355' title='bbox 2450 4246 2614 4317; x_wconf 88' lang='lat' dir='ltr'><strong>Cujus</strong></span> <span class='ocrx_word' id='word_1_356' title='bbox 2648 4249 2876 4317; x_wconf 81' lang='lat' dir='ltr'><strong>simplex</strong></span> <span class='ocrx_word' id='word_1_357' title='bbox 2916 4260 2969 4305; x_wconf 92' lang='lat' dir='ltr'><strong>et</strong></span> <span class='ocrx_word' id='word_1_358' title='bbox 3000 4252 3178 4308; x_wconf 91' lang='lat' dir='ltr'><strong>minus</strong></span> <span class='ocrx_word' id='word_1_359' title='bbox 3207 4255 3372 4324; x_wconf 88' lang='lat' dir='ltr'><strong>polita</strong></span> <span class='ocrx_word' id='word_1_360' title='bbox 3402 4257 3479 4311; x_wconf 87' lang='lat' dir='ltr'><strong>lo-</strong></span> 
     </span>
    </p>
   </div>
   <div class='ocr_carea' id='block_1_65' title="bbox 208 4338 3486 4424">
    <p class='ocr_par' dir='ltr' id='par_1_65' title="bbox 208 4338 3486 4424">
     <span class='ocr_line' id='line_1_65' title="bbox 208 4338 3486 4424; baseline -0.001 -18"><span class='ocrx_word' id='word_1_361' title='bbox 208 4367 392 4409; x_wconf 89' lang='lat' dir='ltr'><strong>meam</strong></span> <span class='ocrx_word' id='word_1_362' title='bbox 421 4352 739 4424; x_wconf 89' lang='lat' dir='ltr'><strong>parvitatem</strong></span> <span class='ocrx_word' id='word_1_363' title='bbox 764 4350 849 4405; x_wconf 90' lang='lat' dir='ltr'><strong>vir</strong></span> <span class='ocrx_word' id='word_1_364' title='bbox 874 4364 1097 4419; x_wconf 87' lang='lat' dir='ltr'><strong>magnus</strong></span> <span class='ocrx_word' id='word_1_365' title='bbox 1125 4347 1177 4401; x_wconf 91' lang='lat' dir='ltr'><strong>in</strong></span> <span class='ocrx_word' id='word_1_366' title='bbox 1216 4344 1432 4401; x_wconf 89' lang='lat' dir='ltr'><strong>Christo</strong></span> <span class='ocrx_word' id='word_1_367' title='bbox 1463 4344 1711 4399; x_wconf 89' lang='lat' dir='ltr'><strong>dominus</strong></span> <span class='ocrx_word' id='word_1_368' title='bbox 1740 4350 1797 4397; x_wconf 92' lang='lat' dir='ltr'><strong>et</strong></span> <span class='ocrx_word' id='word_1_369' title='bbox 1897 4342 2047 4396; x_wconf 89' lang='lat' dir='ltr'><strong>cutio</strong></span> <span class='ocrx_word' id='word_1_370' title='bbox 2075 4340 2199 4409; x_wconf 88' lang='lat' dir='ltr'><strong>quia</strong></span> <span class='ocrx_word' id='word_1_371' title='bbox 2224 4338 2482 4393; x_wconf 90' lang='lat' dir='ltr'><strong>fratribus</strong></span> <span class='ocrx_word' id='word_1_372' title='bbox 2530 4340 2596 4393; x_wconf 88' lang='lat' dir='ltr'><strong>ad</strong></span> <span class='ocrx_word' id='word_1_373' title='bbox 2626 4341 2960 4395; x_wconf 87' lang='lat' dir='ltr'><strong>recitandum</strong></span> <span class='ocrx_word' id='word_1_374' title='bbox 2999 4344 3052 4397; x_wconf 87' lang='lat' dir='ltr'><strong>in</strong></span> <span class='ocrx_word' id='word_1_375' title='bbox 3082 4346 3277 4414; x_wconf 93' lang='lat' dir='ltr'><strong>populo</strong></span> <span class='ocrx_word' id='word_1_376' title='bbox 3306 4350 3486 4417; x_wconf 87' lang='lat' dir='ltr'><strong>aptior</strong></span> 
     </span>
    </p>
   </div>
   <div class='ocr_carea' id='block_1_66' title="bbox 207 4432 3485 4516">
    <p class='ocr_par' dir='ltr' id='par_1_66' title="bbox 207 4432 3485 4516">
     <span class='ocr_line' id='line_1_66' title="bbox 207 4432 3485 4516; baseline -0.006 -8"><span class='ocrx_word' id='word_1_377' title='bbox 207 4447 537 4507; x_wconf 84' lang='lat' dir='ltr'><strong>venerabilis</strong></span> <span class='ocrx_word' id='word_1_378' title='bbox 563 4447 728 4501; x_wconf 88' lang='lat' dir='ltr'><strong>abbas</strong></span> <span class='ocrx_word' id='word_1_379' title='bbox 755 4444 1097 4516; x_wconf 82' lang='lat' dir='ltr'><strong>Angilbertus</strong></span> <span class='ocrx_word' id='word_1_380' title='bbox 1125 4441 1176 4507; x_wconf 72' lang='grc' dir='ltr'><strong>δ,</strong></span> <span class='ocrx_word' id='word_1_381' title='bbox 1205 4455 1312 4510; x_wconf 91' lang='lat' dir='ltr'><strong>quo</strong></span> <span class='ocrx_word' id='word_1_382' title='bbox 1341 4440 1394 4493; x_wconf 91' lang='lat' dir='ltr'><strong>in</strong></span> <span class='ocrx_word' id='word_1_383' title='bbox 1416 4438 1629 4493; x_wconf 91' lang='lat' dir='ltr'><strong>laudem</strong></span> <span class='ocrx_word' id='word_1_384' title='bbox 1650 4435 1793 4492; x_wconf 89' lang='lat' dir='ltr'><strong>Con—</strong></span> <span class='ocrx_word' id='word_1_385' title='bbox 1899 4433 2034 4506; x_wconf 82' lang='lat' dir='ltr'><strong>[Al.,</strong></span> <span class='ocrx_word' id='word_1_386' title='bbox 2064 4434 2117 4487; x_wconf 93' lang='lat' dir='ltr'><strong>in</strong></span> <span class='ocrx_word' id='word_1_387' title='bbox 2144 4433 2397 4503; x_wconf 90' lang='lat' dir='ltr'><strong>populum</strong></span> <span class='ocrx_word' id='word_1_388' title='bbox 2440 4432 2701 4506; x_wconf 88' lang='lat' dir='ltr'><strong>apertior]</strong></span> <span class='ocrx_word' id='word_1_389' title='bbox 2744 4435 3027 4490; x_wconf 89' lang='lat' dir='ltr'><strong>videbatur</strong></span> <span class='ocrx_word' id='word_1_390' title='bbox 3078 4437 3328 4495; x_wconf 82' lang='lat' dir='ltr'><strong>sufﬁcere</strong></span> <span class='ocrx_word' id='word_1_391' title='bbox 3381 4444 3485 4500; x_wconf 78' lang='lat' dir='ltr'><strong>sibi</strong></span> 
     </span>
    </p>
   </div>
   <div class='ocr_carea' id='block_1_67' title="bbox 208 4523 3487 4607">
    <p class='ocr_par' dir='ltr' id='par_1_67' title="bbox 208 4523 3487 4607">
     <span class='ocr_line' id='line_1_67' title="bbox 208 4523 3487 4607; baseline 0.001 -21"><span class='ocrx_word' id='word_1_392' title='bbox 208 4540 426 4602; x_wconf 69' lang='lat' dir='ltr'><strong>dimi-is,</strong></span> <span class='ocrx_word' id='word_1_393' title='bbox 453 4536 545 4607; x_wconf 91' lang='lat' dir='ltr'><strong>qui</strong></span> <span class='ocrx_word' id='word_1_394' title='bbox 570 4533 833 4589; x_wconf 90' lang='lat' dir='ltr'><strong>mirabilis</strong></span> <span class='ocrx_word' id='word_1_395' title='bbox 859 4546 1072 4601; x_wconf 90' lang='lat' dir='ltr'><strong>semper</strong></span> <span class='ocrx_word' id='word_1_396' title='bbox 1102 4537 1324 4600; x_wconf 90' lang='lat' dir='ltr'><strong>apparet</strong></span> <span class='ocrx_word' id='word_1_397' title='bbox 1359 4529 1412 4583; x_wconf 91' lang='lat' dir='ltr'><strong>in</strong></span> <span class='ocrx_word' id='word_1_398' title='bbox 1454 4527 1638 4583; x_wconf 89' lang='lat' dir='ltr'><strong>electis</strong></span> <span class='ocrx_word' id='word_1_399' title='bbox 1663 4527 1793 4590; x_wconf 88' lang='lat' dir='ltr'><strong>suis,</strong></span> <span class='ocrx_word' id='word_1_400' title='bbox 1898 4524 2140 4580; x_wconf 88' lang='lat' dir='ltr'><strong>eamdem</strong></span> <span class='ocrx_word' id='word_1_401' title='bbox 2172 4523 2585 4593; x_wconf 85' lang='lat' dir='ltr'><strong>descriptionem</strong></span> <span class='ocrx_word' id='word_1_402' title='bbox 2618 4536 3025 4582; x_wconf 86' lang='lat' dir='ltr'><strong>consenserunt.</strong></span> <span class='ocrx_word' id='word_1_403' title='bbox 3064 4528 3308 4598; x_wconf 85' lang='lat' dir='ltr'><strong>Dumque</strong></span> <span class='ocrx_word' id='word_1_404' title='bbox 3344 4533 3396 4587; x_wconf 92' lang='lat' dir='ltr'><strong>in</strong></span> <span class='ocrx_word' id='word_1_405' title='bbox 3419 4535 3487 4591; x_wconf 89' lang='lat' dir='ltr'><strong>iis</strong></span> 
     </span>
    </p>
   </div>
   <div class='ocr_carea' id='block_1_68' title="bbox 210 4611 3489 4702">
    <p class='ocr_par' dir='ltr' id='par_1_68' title="bbox 210 4611 3489 4702">
     <span class='ocr_line' id='line_1_68' title="bbox 210 4611 3489 4702; baseline -0.002 -16"><span class='ocrx_word' id='word_1_406' title='bbox 210 4631 505 4702; x_wconf 88' lang='lat' dir='ltr'><strong>quemdam</strong></span> <span class='ocrx_word' id='word_1_407' title='bbox 532 4625 770 4681; x_wconf 90' lang='lat' dir='ltr'><strong>libellum</strong></span> <span class='ocrx_word' id='word_1_408' title='bbox 822 4623 965 4694; x_wconf 88' lang='lat' dir='ltr'><strong>stylo</strong></span> <span class='ocrx_word' id='word_1_409' title='bbox 1019 4620 1335 4691; x_wconf 90' lang='lat' dir='ltr'><strong>simpliciori</strong></span> <span class='ocrx_word' id='word_1_410' title='bbox 1378 4619 1683 4691; x_wconf 89' lang='lat' dir='ltr'><strong>digestum,</strong></span> <span class='ocrx_word' id='word_1_411' title='bbox 1730 4620 1797 4673; x_wconf 87' lang='lat' dir='ltr'><strong>de</strong></span> <span class='ocrx_word' id='word_1_412' title='bbox 1897 4630 2017 4685; x_wconf 64' lang='lat' dir='ltr'><strong>quae</strong></span> <span class='ocrx_word' id='word_1_413' title='bbox 2040 4614 2299 4683; x_wconf 81' lang='lat' dir='ltr'><strong>rogabant</strong></span> <span class='ocrx_word' id='word_1_414' title='bbox 2322 4611 2688 4683; x_wconf 72' lang='lat' dir='ltr'><strong>prienotandis</strong></span> <span class='ocrx_word' id='word_1_415' title='bbox 2719 4613 3049 4687; x_wconf 89' lang='lat' dir='ltr'><strong>jamjamque</strong></span> <span class='ocrx_word' id='word_1_416' title='bbox 3092 4621 3302 4676; x_wconf 92' lang='lat' dir='ltr'><strong>animos</strong></span> <span class='ocrx_word' id='word_1_417' title='bbox 3324 4623 3489 4693; x_wconf 85' lang='lat' dir='ltr'><strong>appli-</strong></span> 
     </span>
    </p>
   </div>
   <div class='ocr_carea' id='block_1_69' title="bbox 208 4706 3486 4782">
    <p class='ocr_par' dir='ltr' id='par_1_69' title="bbox 208 4706 3486 4782">
     <span class='ocr_line' id='line_1_69' title="bbox 208 4706 3486 4782; baseline -0.006 -6"><span class='ocrx_word' id='word_1_418' title='bbox 208 4723 322 4776; x_wconf 87' lang='lat' dir='ltr'><strong>vita</strong></span> <span class='ocrx_word' id='word_1_419' title='bbox 353 4717 685 4775; x_wconf 89' lang='lat' dir='ltr'><strong>sanctissimi</strong></span> <span class='ocrx_word' id='word_1_420' title='bbox 727 4730 792 4769; x_wconf 90' lang='lat' dir='ltr'><strong>ac</strong></span> <span class='ocrx_word' id='word_1_421' title='bbox 838 4728 966 4767; x_wconf 91' lang='lat' dir='ltr'><strong>vere</strong></span> <span class='ocrx_word' id='word_1_422' title='bbox 1016 4710 1288 4782; x_wconf 83' lang='lat' dir='ltr'><strong>magnifici</strong></span> <span class='ocrx_word' id='word_1_423' title='bbox 1350 4708 1680 4765; x_wconf 87' lang='lat' dir='ltr'><strong>confessoris</strong></span> <span class='ocrx_word' id='word_1_424' title='bbox 1710 4707 1800 4761; x_wconf 81' lang='lat' dir='ltr'><strong>Ri-</strong></span> <span class='ocrx_word' id='word_1_425' title='bbox 1898 4721 2101 4770; x_wconf 85' lang='lat' dir='ltr'><strong>carem,</strong></span> <span class='ocrx_word' id='word_1_426' title='bbox 2131 4714 2351 4774; x_wconf 88' lang='lat' dir='ltr'><strong>repente</strong></span> <span class='ocrx_word' id='word_1_427' title='bbox 2383 4712 2580 4782; x_wconf 63' lang='lat' dir='ltr'><strong>vestrae</strong></span> <span class='ocrx_word' id='word_1_428' title='bbox 2605 4706 2822 4775; x_wconf 89' lang='lat' dir='ltr'><strong>pietatis</strong></span> <span class='ocrx_word' id='word_1_429' title='bbox 2874 4709 3066 4762; x_wconf 91' lang='lat' dir='ltr'><strong>nuntio</strong></span> <span class='ocrx_word' id='word_1_430' title='bbox 3097 4726 3217 4765; x_wconf 89' lang='lat' dir='ltr'><strong>sum</strong></span> <span class='ocrx_word' id='word_1_431' title='bbox 3247 4727 3486 4768; x_wconf 54' lang='lat' dir='ltr'><strong>conire“-</strong></span> 
     </span>
    </p>
   </div>
   <div class='ocr_carea' id='block_1_70' title="bbox 210 4778 3488 4871">
    <p class='ocr_par' dir='ltr' id='par_1_70' title="bbox 210 4778 3488 4871">
     <span class='ocr_line' id='line_1_70' title="bbox 210 4778 3488 4871; baseline -0.003 -5"><span class='ocrx_word' id='word_1_432' title='bbox 210 4811 388 4866; x_wconf 80' lang='lat' dir='ltr'><strong>cbarii</strong></span> <span class='ocrx_word' id='word_1_433' title='bbox 418 4808 616 4864; x_wconf 88' lang='lat' dir='ltr'><strong>cultius</strong></span> <span class='ocrx_word' id='word_1_434' title='bbox 654 4806 991 4861; x_wconf 88' lang='lat' dir='ltr'><strong>adnotarem.</strong></span> <span class='ocrx_word' id='word_1_435' title='bbox 1055 4802 1299 4871; x_wconf 88' lang='lat' dir='ltr'><strong>Dumque</strong></span> <span class='ocrx_word' id='word_1_436' title='bbox 1334 4800 1600 4854; x_wconf 80' lang='lat' dir='ltr'><strong>exauditis</strong></span> <span class='ocrx_word' id='word_1_437' title='bbox 1626 4800 1799 4854; x_wconf 91' lang='lat' dir='ltr'><strong>conti-</strong></span> <span class='ocrx_word' id='word_1_438' title='bbox 1830 4857 1873 4871; x_wconf 51' lang='grc' dir='ltr'><strong>λ</strong></span> <span class='ocrx_word' id='word_1_439' title='bbox 1902 4806 2009 4863; x_wconf 90' lang='lat' dir='ltr'><strong>tus,</strong></span> <span class='ocrx_word' id='word_1_440' title='bbox 2042 4799 2122 4852; x_wconf 92' lang='lat' dir='ltr'><strong>uti</strong></span> <span class='ocrx_word' id='word_1_441' title='bbox 2157 4812 2221 4851; x_wconf 91' lang='lat' dir='ltr'><strong>ea</strong></span> <span class='ocrx_word' id='word_1_442' title='bbox 2242 4811 2362 4867; x_wconf 74' lang='lat' dir='ltr'><strong>qua:</strong></span> <span class='ocrx_word' id='word_1_443' title='bbox 2389 4778 2695 4851; x_wconf 58' lang='lat' dir='ltr'><strong>tractabam</strong></span> <span class='ocrx_word' id='word_1_444' title='bbox 2720 4798 2799 4851; x_wconf 91' lang='lat' dir='ltr'><strong>sic</strong></span> <span class='ocrx_word' id='word_1_445' title='bbox 2826 4806 3094 4865; x_wconf 88' lang='lat' dir='ltr'><strong>notarem,</strong></span> <span class='ocrx_word' id='word_1_446' title='bbox 3126 4802 3268 4858; x_wconf 90' lang='lat' dir='ltr'><strong>sicut</strong></span> <span class='ocrx_word' id='word_1_447' title='bbox 3298 4819 3488 4860; x_wconf 83' lang='lat' dir='ltr'><strong>revera</strong></span> 
     </span>
    </p>
   </div>
   <div class='ocr_carea' id='block_1_71' title="bbox 211 4857 3488 4973">
    <p class='ocr_par' dir='ltr' id='par_1_71' title="bbox 211 4857 3488 4973">
     <span class='ocr_line' id='line_1_71' title="bbox 211 4857 3488 4973; baseline -0.005 -15"><span class='ocrx_word' id='word_1_448' title='bbox 211 4920 321 4958; x_wconf 90' lang='lat' dir='ltr'><strong>nuo</strong></span> <span class='ocrx_word' id='word_1_449' title='bbox 347 4902 603 4973; x_wconf 89' lang='lat' dir='ltr'><strong>precibus</strong></span> <span class='ocrx_word' id='word_1_450' title='bbox 626 4898 765 4968; x_wconf 88' lang='lat' dir='ltr'><strong>ejus,</strong></span> <span class='ocrx_word' id='word_1_451' title='bbox 791 4912 911 4968; x_wconf 63' lang='lat' dir='ltr'><strong>qua</strong></span> <span class='ocrx_word' id='word_1_452' title='bbox 940 4896 1040 4966; x_wconf 86' lang='lat' dir='ltr'><strong>ipsi</strong></span> <span class='ocrx_word' id='word_1_453' title='bbox 1067 4895 1261 4950; x_wconf 67' lang='lat' dir='ltr'><strong>divina:</strong></span> <span class='ocrx_word' id='word_1_454' title='bbox 1284 4890 1552 4959; x_wconf 80' lang='lat' dir='ltr'><strong>maiestati</strong></span> <span class='ocrx_word' id='word_1_455' title='bbox 1579 4891 1799 4945; x_wconf 78' lang='lat' dir='ltr'><strong>exaudi-</strong></span> <span class='ocrx_word' id='word_1_456' title='bbox 1829 4857 1878 4918; x_wconf 67' lang='grc' dir='ltr'><strong>Β</strong></span> <span class='ocrx_word' id='word_1_457' title='bbox 1903 4890 2180 4960; x_wconf 64' lang='lat' dir='ltr'><strong>sapientiae</strong></span> <span class='ocrx_word' id='word_1_458' title='bbox 2206 4895 2401 4943; x_wconf 85' lang='lat' dir='ltr'><strong>vestrae</strong></span> <span class='ocrx_word' id='word_1_459' title='bbox 2423 4888 2641 4941; x_wconf 89' lang='lat' dir='ltr'><strong>auribus</strong></span> <span class='ocrx_word' id='word_1_460' title='bbox 2665 4877 2963 4942; x_wconf 73' lang='lat' dir='ltr'><strong>inferenda.</strong></span> <span class='ocrx_word' id='word_1_461' title='bbox 2991 4889 3129 4945; x_wconf 86' lang='lat' dir='ltr'><strong>Hinc</strong></span> <span class='ocrx_word' id='word_1_462' title='bbox 3174 4908 3273 4963; x_wconf 88' lang='lat' dir='ltr'><strong>ego</strong></span> <span class='ocrx_word' id='word_1_463' title='bbox 3295 4903 3488 4950; x_wconf 78' lang='lat' dir='ltr'><strong>vocato</strong></span> 
     </span>
    </p>
   </div>
   <div class='ocr_carea' id='block_1_72' title="bbox 209 4978 3483 5054">
    <p class='ocr_par' dir='ltr' id='par_1_72' title="bbox 209 4978 3483 5054">
     <span class='ocr_line' id='line_1_72' title="bbox 209 4978 3483 5054; baseline -0.003 -5"><span class='ocrx_word' id='word_1_464' title='bbox 209 4994 351 5050; x_wconf 86' lang='lat' dir='ltr'><strong>biles</strong></span> <span class='ocrx_word' id='word_1_465' title='bbox 377 5003 432 5050; x_wconf 88' lang='lat' dir='ltr'><strong>et</strong></span> <span class='ocrx_word' id='word_1_466' title='bbox 456 4995 636 5048; x_wconf 69' lang='lat' dir='ltr'><strong>chara:</strong></span> <span class='ocrx_word' id='word_1_467' title='bbox 658 4998 973 5053; x_wconf 88' lang='lat' dir='ltr'><strong>noscuntur,</strong></span> <span class='ocrx_word' id='word_1_468' title='bbox 1000 4987 1249 5043; x_wconf 91' lang='lat' dir='ltr'><strong>eumdem</strong></span> <span class='ocrx_word' id='word_1_469' title='bbox 1299 4986 1431 5040; x_wconf 89' lang='lat' dir='ltr'><strong>mibi</strong></span> <span class='ocrx_word' id='word_1_470' title='bbox 1460 4984 1702 5040; x_wconf 74' lang='lat' dir='ltr'><strong>exhiberi</strong></span> <span class='ocrx_word' id='word_1_471' title='bbox 1743 4983 1802 5038; x_wconf 93' lang='lat' dir='ltr'><strong>li-</strong></span> <span class='ocrx_word' id='word_1_472' title='bbox 1904 4984 2140 5047; x_wconf 88' lang='lat' dir='ltr'><strong>notario,</strong></span> <span class='ocrx_word' id='word_1_473' title='bbox 2170 4990 2226 5036; x_wconf 90' lang='lat' dir='ltr'><strong>et</strong></span> <span class='ocrx_word' id='word_1_474' title='bbox 2255 4981 2361 5034; x_wconf 75' lang='lat' dir='ltr'><strong>ﬁxo</strong></span> <span class='ocrx_word' id='word_1_475' title='bbox 2382 4996 2494 5049; x_wconf 67' lang='lat' dir='ltr'><strong>pra:</strong></span> <span class='ocrx_word' id='word_1_476' title='bbox 2525 4978 2696 5033; x_wconf 89' lang='lat' dir='ltr'><strong>oculis</strong></span> <span class='ocrx_word' id='word_1_477' title='bbox 2725 4978 2839 5048; x_wconf 85' lang='lat' dir='ltr'><strong>jam</strong></span> <span class='ocrx_word' id='word_1_478' title='bbox 2870 4980 3014 5036; x_wconf 90' lang='lat' dir='ltr'><strong>dicto</strong></span> <span class='ocrx_word' id='word_1_479' title='bbox 3048 4981 3253 5049; x_wconf 90' lang='lat' dir='ltr'><strong>libello,</strong></span> <span class='ocrx_word' id='word_1_480' title='bbox 3280 5000 3345 5039; x_wconf 91' lang='lat' dir='ltr'><strong>ea</strong></span> <span class='ocrx_word' id='word_1_481' title='bbox 3368 5000 3483 5054; x_wconf 70' lang='lat' dir='ltr'><strong>quae</strong></span> 
     </span>
    </p>
   </div>
   <div class='ocr_carea' id='block_1_73' title="bbox 210 5069 3486 5155">
    <p class='ocr_par' dir='ltr' id='par_1_73' title="bbox 210 5069 3486 5155">
     <span class='ocr_line' id='line_1_73' title="bbox 210 5069 3486 5155; baseline -0.003 -16"><span class='ocrx_word' id='word_1_482' title='bbox 210 5084 416 5140; x_wconf 89' lang='lat' dir='ltr'><strong>bellum</strong></span> <span class='ocrx_word' id='word_1_483' title='bbox 442 5083 751 5155; x_wconf 88' lang='lat' dir='ltr'><strong>petiissem;</strong></span> <span class='ocrx_word' id='word_1_484' title='bbox 793 5094 898 5133; x_wconf 92' lang='lat' dir='ltr'><strong>non</strong></span> <span class='ocrx_word' id='word_1_485' title='bbox 918 5094 1107 5150; x_wconf 91' lang='lat' dir='ltr'><strong>parum</strong></span> <span class='ocrx_word' id='word_1_486' title='bbox 1138 5076 1368 5131; x_wconf 88' lang='lat' dir='ltr'><strong>miratus</strong></span> <span class='ocrx_word' id='word_1_487' title='bbox 1402 5089 1521 5130; x_wconf 93' lang='lat' dir='ltr'><strong>sum</strong></span> <span class='ocrx_word' id='word_1_488' title='bbox 1545 5088 1641 5128; x_wconf 88' lang='lat' dir='ltr'><strong>cur</strong></span> <span class='ocrx_word' id='word_1_489' title='bbox 1665 5073 1800 5127; x_wconf 88' lang='lat' dir='ltr'><strong>tanti</strong></span> <span class='ocrx_word' id='word_1_490' title='bbox 1905 5073 2107 5129; x_wconf 85' lang='lat' dir='ltr'><strong>referre</strong></span> <span class='ocrx_word' id='word_1_491' title='bbox 2138 5073 2419 5127; x_wconf 87' lang='lat' dir='ltr'><strong>videbatur</strong></span> <span class='ocrx_word' id='word_1_492' title='bbox 2438 5069 2504 5125; x_wconf 91' lang='lat' dir='ltr'><strong>de</strong></span> <span class='ocrx_word' id='word_1_493' title='bbox 2539 5070 2891 5125; x_wconf 89' lang='lat' dir='ltr'><strong>conversione</strong></span> <span class='ocrx_word' id='word_1_494' title='bbox 2917 5113 2932 5137; x_wconf 95' lang='lat'><strong>,</strong></span> <span class='ocrx_word' id='word_1_495' title='bbox 2988 5073 3054 5127; x_wconf 89' lang='lat' dir='ltr'><strong>de</strong></span> <span class='ocrx_word' id='word_1_496' title='bbox 3090 5074 3361 5137; x_wconf 88' lang='lat' dir='ltr'><strong>moribus,</strong></span> <span class='ocrx_word' id='word_1_497' title='bbox 3419 5074 3486 5128; x_wconf 89' lang='lat' dir='ltr'><strong>de</strong></span> 
     </span>
    </p>
   </div>
   <div class='ocr_carea' id='block_1_74' title="bbox 209 5161 3485 5242">
    <p class='ocr_par' dir='ltr' id='par_1_74' title="bbox 209 5161 3485 5242">
     <span class='ocr_line' id='line_1_74' title="bbox 209 5161 3485 5242; baseline -0.004 -9"><span class='ocrx_word' id='word_1_498' title='bbox 209 5178 454 5233; x_wconf 86' lang='lat' dir='ltr'><strong>nominis</strong></span> <span class='ocrx_word' id='word_1_499' title='bbox 485 5175 779 5241; x_wconf 80' lang='lat' dir='ltr'><strong>confessor,</strong></span> <span class='ocrx_word' id='word_1_500' title='bbox 815 5186 975 5242; x_wconf 91' lang='lat' dir='ltr'><strong>quem</strong></span> <span class='ocrx_word' id='word_1_501' title='bbox 1008 5179 1280 5225; x_wconf 90' lang='lat' dir='ltr'><strong>tantarum</strong></span> <span class='ocrx_word' id='word_1_502' title='bbox 1332 5169 1593 5224; x_wconf 90' lang='lat' dir='ltr'><strong>virtutum</strong></span> <span class='ocrx_word' id='word_1_503' title='bbox 1620 5170 1804 5236; x_wconf 78' lang='lat' dir='ltr'><strong>opera-</strong></span> <span class='ocrx_word' id='word_1_504' title='bbox 1907 5162 2241 5218; x_wconf 88' lang='lat' dir='ltr'><strong>continentia</strong></span> <span class='ocrx_word' id='word_1_505' title='bbox 2275 5169 2329 5217; x_wconf 90' lang='lat' dir='ltr'><strong>et</strong></span> <span class='ocrx_word' id='word_1_506' title='bbox 2350 5161 2641 5216; x_wconf 87' lang='lat' dir='ltr'><strong>sanctitate</strong></span> <span class='ocrx_word' id='word_1_507' title='bbox 2672 5177 2797 5217; x_wconf 91' lang='lat' dir='ltr'><strong>vere</strong></span> <span class='ocrx_word' id='word_1_508' title='bbox 2828 5161 3485 5233; x_wconf 90' lang='lat' dir='ltr'><strong>incomparabili,necnon</strong></span> 
     </span>
    </p>
   </div>
   <div class='ocr_carea' id='block_1_75' title="bbox 212 5253 3488 5333">
    <p class='ocr_par' dir='ltr' id='par_1_75' title="bbox 212 5253 3488 5333">
     <span class='ocr_line' id='line_1_75' title="bbox 212 5253 3488 5333; baseline -0.004 -7"><span class='ocrx_word' id='word_1_509' title='bbox 212 5276 399 5327; x_wconf 84' lang='lat' dir='ltr'><strong>torem</strong></span> <span class='ocrx_word' id='word_1_510' title='bbox 422 5282 543 5323; x_wconf 87' lang='lat' dir='ltr'><strong>esse</strong></span> <span class='ocrx_word' id='word_1_511' title='bbox 565 5265 866 5329; x_wconf 84' lang='lat' dir='ltr'><strong>constabat,</strong></span> <span class='ocrx_word' id='word_1_512' title='bbox 890 5277 1158 5333; x_wconf 89' lang='lat' dir='ltr'><strong>quemque</strong></span> <span class='ocrx_word' id='word_1_513' title='bbox 1184 5260 1362 5331; x_wconf 88' lang='lat' dir='ltr'><strong>prisca</strong></span> <span class='ocrx_word' id='word_1_514' title='bbox 1388 5259 1529 5314; x_wconf 90' lang='lat' dir='ltr'><strong>fama</strong></span> <span class='ocrx_word' id='word_1_515' title='bbox 1570 5258 1802 5314; x_wconf 87' lang='lat' dir='ltr'><strong>miracu-</strong></span> <span class='ocrx_word' id='word_1_516' title='bbox 1908 5256 1975 5312; x_wconf 90' lang='lat' dir='ltr'><strong>de</strong></span> <span class='ocrx_word' id='word_1_517' title='bbox 1999 5255 2231 5325; x_wconf 85' lang='lat' dir='ltr'><strong>glorioso</strong></span> <span class='ocrx_word' id='word_1_518' title='bbox 2258 5254 2490 5310; x_wconf 88' lang='lat' dir='ltr'><strong>transitu</strong></span> <span class='ocrx_word' id='word_1_519' title='bbox 2528 5253 2644 5324; x_wconf 85' lang='lat' dir='ltr'><strong>ejus</strong></span> <span class='ocrx_word' id='word_1_520' title='bbox 2674 5255 2742 5310; x_wconf 92' lang='lat' dir='ltr'><strong>ad</strong></span> <span class='ocrx_word' id='word_1_521' title='bbox 2772 5254 3045 5312; x_wconf 90' lang='lat' dir='ltr'><strong>Christum</strong></span> <span class='ocrx_word' id='word_1_522' title='bbox 3070 5297 3086 5323; x_wconf 91' lang='lat'><strong>,</strong></span> <span class='ocrx_word' id='word_1_523' title='bbox 3139 5272 3233 5311; x_wconf 89' lang='lat' dir='ltr'><strong>seu</strong></span> <span class='ocrx_word' id='word_1_524' title='bbox 3261 5257 3329 5313; x_wconf 91' lang='lat' dir='ltr'><strong>de</strong></span> <span class='ocrx_word' id='word_1_525' title='bbox 3355 5257 3488 5313; x_wconf 87' lang='lat' dir='ltr'><strong>rela-</strong></span> 
     </span>
    </p>
   </div>
   <div class='ocr_carea' id='block_1_76' title="bbox 287 5387 3487 5465">
    <p class='ocr_par' dir='ltr' id='par_1_76' title="bbox 287 5387 3487 5465">
     <span class='ocr_line' id='line_1_76' title="bbox 287 5387 3487 5465; baseline -0.003 -7"><span class='ocrx_word' id='word_1_526' title='bbox 287 5416 320 5448; x_wconf 75' lang='grc' dir='ltr'>ι</span> <span class='ocrx_word' id='word_1_527' title='bbox 359 5403 654 5458; x_wconf 82' lang='lat' dir='ltr'><strong>Accessum</strong></span> <span class='ocrx_word' id='word_1_528' title='bbox 681 5397 857 5453; x_wconf 88' lang='lat' dir='ltr'><strong>Caroli</strong></span> <span class='ocrx_word' id='word_1_529' title='bbox 889 5394 1064 5465; x_wconf 82' lang='lat' dir='ltr'><strong>Magni</strong></span> <span class='ocrx_word' id='word_1_530' title='bbox 1091 5390 1802 5465; x_wconf 76' lang='lat' dir='ltr'><strong>admonasteriumCentu—</strong></span> <span class='ocrx_word' id='word_1_531' title='bbox 1908 5388 2099 5465; x_wconf 60' lang='lat' dir='ltr'><strong>laudas</strong></span> <span class='ocrx_word' id='word_1_532' title='bbox 2140 5387 2400 5465; x_wconf 30' lang='lat' dir='ltr'><strong>adﬁdiem</strong></span> <span class='ocrx_word' id='word_1_533' title='bbox 2434 5388 2497 5443; x_wconf 86' lang='lat' dir='ltr'><strong>l8</strong></span> <span class='ocrx_word' id='word_1_534' title='bbox 2527 5387 2686 5465; x_wconf 68' lang='lat' dir='ltr'><strong>Febr.</strong></span> <span class='ocrx_word' id='word_1_535' title='bbox 2739 5389 3178 5465; x_wconf 39' lang='lat' dir='ltr'><strong>ethMabillonius</strong></span> <span class='ocrx_word' id='word_1_536' title='bbox 3232 5390 3283 5465; x_wconf 86' lang='lat' dir='ltr'><strong>in</strong></span> <span class='ocrx_word' id='word_1_537' title='bbox 3334 5391 3487 5465; x_wconf 63' lang='lat' dir='ltr'><strong>Actis</strong></span> 
     </span>
    </p>
   </div>
   <div class='ocr_carea' id='block_1_77' title="bbox 205 5458 3488 5536">
    <p class='ocr_par' dir='ltr' id='par_1_77' title="bbox 205 5458 3488 5536">
     <span class='ocr_line' id='line_1_77' title="bbox 205 5458 3488 5536; baseline -0.004 -11"><span class='ocrx_word' id='word_1_538' title='bbox 205 5475 389 5536; x_wconf 65' lang='lat' dir='ltr'><strong>lenae,</strong></span> <span class='ocrx_word' id='word_1_539' title='bbox 417 5472 595 5536; x_wconf 90' lang='lat' dir='ltr'><strong>ibique</strong></span> <span class='ocrx_word' id='word_1_540' title='bbox 623 5470 691 5523; x_wconf 87' lang='lat' dir='ltr'><strong>ab</strong></span> <span class='ocrx_word' id='word_1_541' title='bbox 712 5484 777 5527; x_wconf 88' lang='lat' dir='ltr'><strong>eo</strong></span> <span class='ocrx_word' id='word_1_542' title='bbox 806 5458 1013 5521; x_wconf 72' lang='lat' dir='ltr'><strong>Pascha</strong></span> <span class='ocrx_word' id='word_1_543' title='bbox 1036 5464 1392 5536; x_wconf 65' lang='lat' dir='ltr'><strong>celebratum</strong></span> <span class='ocrx_word' id='word_1_544' title='bbox 1415 5479 1504 5536; x_wconf 86' lang='lat' dir='ltr'><strong>an.</strong></span> <span class='ocrx_word' id='word_1_545' title='bbox 1528 5462 1670 5536; x_wconf 85' lang='lat'><strong>_8_00_,</strong></span> <span class='ocrx_word' id='word_1_546' title='bbox 1725 5468 1805 5515; x_wconf 88' lang='lat' dir='ltr'><strong>te-</strong></span> <span class='ocrx_word' id='word_1_547' title='bbox 1914 5458 2013 5536; x_wconf 87' lang='lat' dir='ltr'><strong>SS__.</strong></span> <span class='ocrx_word' id='word_1_548' title='bbox 2041 5459 2105 5536; x_wconf 73' lang='grc' dir='ltr'><strong>ρ.</strong></span> <span class='ocrx_word' id='word_1_549' title='bbox 2138 5458 2355 5536; x_wconf 77' lang='lat' dir='ltr'><strong>S._Be_n.</strong></span> <span class='ocrx_word' id='word_1_550' title='bbox 2374 5475 2506 5536; x_wconf 54' lang='lat' dir='ltr'><strong>saec.</strong></span> <span class='ocrx_word' id='word_1_551' title='bbox 2550 5460 3009 5536; x_wconf 47' lang='lat' dir='ltr'><strong>rv1Angilbertus</strong></span> <span class='ocrx_word' id='word_1_552' title='bbox 3028 5460 3488 5536; x_wconf 29' lang='lat' dir='ltr'><strong>coronation‘iﬂa-</strong></span> 
     </span>
    </p>
   </div>
   <div class='ocr_carea' id='block_1_78' title="bbox 209 5527 3488 5607">
    <p class='ocr_par' dir='ltr' id='par_1_78' title="bbox 209 5527 3488 5607">
     <span class='ocr_line' id='line_1_78' title="bbox 209 5527 3488 5607; baseline -0.004 -9"><span class='ocrx_word' id='word_1_553' title='bbox 209 5527 442 5603; x_wconf 64' lang='grc' dir='ltr'><strong>ὲὶξίῐιὶίη</strong></span> <span class='ocrx_word' id='word_1_554' title='bbox 487 5527 720 5594; x_wconf 65' lang='lat' dir='ltr'><strong>Annales</strong></span> <span class='ocrx_word' id='word_1_555' title='bbox 756 5534 1327 5607; x_wconf 74' lang='lat' dir='ltr'><strong>Eginhardi,Tiliani_,</strong></span> <span class='ocrx_word' id='word_1_556' title='bbox 1372 5531 1715 5607; x_wconf 80' lang='lat' dir='ltr'><strong>Loiseliani_,_</strong></span> <span class='ocrx_word' id='word_1_557' title='bbox 1755 5537 1811 5585; x_wconf 93' lang='lat' dir='ltr'><strong>et</strong></span> <span class='ocrx_word' id='word_1_558' title='bbox 1911 5529 2011 5607; x_wconf 78' lang='lat' dir='ltr'><strong>roli</strong></span> <span class='ocrx_word' id='word_1_559' title='bbox 2041 5530 2215 5599; x_wconf 86' lang='lat' dir='ltr'><strong>Magni</strong></span> <span class='ocrx_word' id='word_1_560' title='bbox 2243 5527 2582 5607; x_wconf 80' lang='lat' dir='ltr'><strong>adfuit__anno</strong></span> <span class='ocrx_word' id='word_1_561' title='bbox 2603 5527 2789 5607; x_wconf 59' lang='lat' dir='ltr'><strong>soon.</strong></span> <span class='ocrx_word' id='word_1_562' title='bbox 2842 5529 3107 5586; x_wconf 87' lang='lat' dir='ltr'><strong>Natalitiis</strong></span> <span class='ocrx_word' id='word_1_563' title='bbox 3154 5528 3385 5596; x_wconf 87' lang='lat' dir='ltr'><strong>Christi,</strong></span> <span class='ocrx_word' id='word_1_564' title='bbox 3432 5538 3488 5586; x_wconf 89' lang='lat' dir='ltr'><strong>et</strong></span> 
     </span>
    </p>
   </div>
   <div class='ocr_carea' id='block_1_79' title="bbox 247 5600 3169 5730">
    <p class='ocr_par' dir='ltr' id='par_1_79' title="bbox 247 5600 3169 5730">
     <span class='ocr_line' id='line_1_79' title="bbox 247 5600 2767 5678; baseline -0.006 -8"><span class='ocrx_word' id='word_1_565' title='bbox 247 5600 429 5670; x_wconf 71' lang='lat' dir='ltr'><strong>assim</strong></span> <span class='ocrx_word' id='word_1_566' title='bbox 487 5611 575 5665; x_wconf 86' lang='lat' dir='ltr'><strong>alii</strong></span> <span class='ocrx_word' id='word_1_567' title='bbox 638 5600 946 5678; x_wconf 73' lang='lat' dir='ltr'><strong>scriptores.</strong></span> <span class='ocrx_word' id='word_1_568' title='bbox 1004 5606 1110 5661; x_wconf 89' lang='lat' dir='ltr'><strong>Sed</strong></span> <span class='ocrx_word' id='word_1_569' title='bbox 1157 5604 1332 5675; x_wconf 89' lang='lat' dir='ltr'><strong>potuit</strong></span> <span class='ocrx_word' id='word_1_570' title='bbox 1419 5612 1566 5659; x_wconf 89' lang='lat' dir='ltr'><strong>ostea</strong></span> <span class='ocrx_word' id='word_1_571' title='bbox 1609 5601 1806 5657; x_wconf 89' lang='lat' dir='ltr'><strong>ibidem</strong></span> <span class='ocrx_word' id='word_1_572' title='bbox 1912 5600 1980 5656; x_wconf 90' lang='lat' dir='ltr'><strong>ad</strong></span> <span class='ocrx_word' id='word_1_573' title='bbox 2014 5617 2072 5655; x_wconf 90' lang='lat' dir='ltr'><strong>su</strong></span> <span class='ocrx_word' id='word_1_574' title='bbox 2115 5616 2236 5655; x_wconf 91' lang='lat' dir='ltr'><strong>eros</strong></span> <span class='ocrx_word' id='word_1_575' title='bbox 2258 5601 2471 5656; x_wconf 90' lang='lat' dir='ltr'><strong>transiit</strong></span> <span class='ocrx_word' id='word_1_576' title='bbox 2500 5616 2640 5655; x_wconf 89' lang='lat' dir='ltr'><strong>anno</strong></span> <span class='ocrx_word' id='word_1_577' title='bbox 2664 5602 2767 5656; x_wconf 77' lang='lat' dir='ltr'><strong>8M</strong></span> 
     </span>
     <span class='ocr_line' id='line_1_80' title="bbox 254 5618 3169 5730; baseline -0.003 0"><span class='ocrx_word' id='word_1_578' title='bbox 254 5688 420 5730; x_wconf 57' lang='lat' dir='ltr'><strong>nime-</strong></span> <span class='ocrx_word' id='word_1_579' title='bbox 449 5697 570 5730; x_wconf 85' lang='lat' dir='ltr'><strong>cum</strong></span> <span class='ocrx_word' id='word_1_580' title='bbox 602 5680 711 5730; x_wconf 84' lang='lat' dir='ltr'><strong>iam</strong></span> <span class='ocrx_word' id='word_1_581' title='bbox 748 5687 893 5730; x_wconf 88' lang='lat' dir='ltr'><strong>esset</strong></span> <span class='ocrx_word' id='word_1_582' title='bbox 915 5678 972 5730; x_wconf 91' lang='lat' dir='ltr'><strong>in</strong></span> <span class='ocrx_word' id='word_1_583' title='bbox 1007 5676 1308 5730; x_wconf 68' lang='lat' dir='ltr'><strong>Augustum</strong></span> <span class='ocrx_word' id='word_1_584' title='bbox 1352 5619 1621 5730; x_wconf 59' lang='lat' dir='ltr'><strong>(Pwsarem</strong></span> <span class='ocrx_word' id='word_1_585' title='bbox 1654 5687 1808 5728; x_wconf 89' lang='lat' dir='ltr'><strong>coro-</strong></span> <span class='ocrx_word' id='word_1_586' title='bbox 1987 5682 2007 5710; x_wconf 77' lang='grc' dir='ltr'><strong>ο</strong></span> <span class='ocrx_word' id='word_1_587' title='bbox 2051 5618 2291 5726; x_wconf 50' lang='lat' dir='ltr'><strong>abdicem</strong></span> <span class='ocrx_word' id='word_1_588' title='bbox 2310 5672 2721 5726; x_wconf 80' lang='lat' dir='ltr'><strong>alium.Excidit</strong></span> <span class='ocrx_word' id='word_1_589' title='bbox 2743 5671 2908 5726; x_wconf 86' lang='lat' dir='ltr'><strong>codex</strong></span> <span class='ocrx_word' id='word_1_590' title='bbox 2935 5671 3056 5730; x_wconf 88' lang='lat' dir='ltr'><strong>iste,</strong></span> <span class='ocrx_word' id='word_1_591' title='bbox 3081 5668 3169 5730; x_wconf 87' lang='lat' dir='ltr'><strong>qui</strong></span> 
     </span>
    </p>
   </div>
   <div class='ocr_carea' id='block_1_80' title="bbox 207 5634 3488 5750">
    <p class='ocr_par' dir='ltr' id='par_1_80' title="bbox 207 5634 3488 5750">
     <span class='ocr_line' id='line_1_81' title="bbox 247 5634 2767 5678; baseline -0.006 -8"><span class='ocrx_word' id='word_1_592' title='bbox 247 5634 429 5670; x_wconf 70' lang='lat'><strong>39311.11</strong></span> <span class='ocrx_word' id='word_1_593' title='bbox 487 5634 575 5665; x_wconf 73' lang='lat' dir='ltr'><strong>all!</strong></span> <span class='ocrx_word' id='word_1_594' title='bbox 638 5634 946 5678; x_wconf 68' lang='lat' dir='ltr'><strong>SCI‘Iplurca.</strong></span> <span class='ocrx_word' id='word_1_595' title='bbox 1004 5634 1110 5661; x_wconf 67' lang='grc' dir='ltr'><strong>πυ</strong></span> <span class='ocrx_word' id='word_1_596' title='bbox 1158 5634 1332 5675; x_wconf 78' lang='grc' dir='ltr'><strong>γυιιιιι</strong></span> <span class='ocrx_word' id='word_1_597' title='bbox 1419 5634 1566 5659; x_wconf 63' lang='lat' dir='ltr'><strong>unum</strong></span> <span class='ocrx_word' id='word_1_598' title='bbox 1609 5634 1806 5657; x_wconf 72' lang='lat' dir='ltr'><strong>unum&quot;</strong></span> <span class='ocrx_word' id='word_1_599' title='bbox 1912 5634 1980 5656; x_wconf 77' lang='lat' dir='ltr'><strong>au</strong></span> <span class='ocrx_word' id='word_1_600' title='bbox 2014 5634 2071 5655; x_wconf 73' lang='lat' dir='ltr'><strong>au</strong></span> <span class='ocrx_word' id='word_1_601' title='bbox 2115 5634 2236 5655; x_wconf 71' lang='grc' dir='ltr'><strong>υιυο</strong></span> <span class='ocrx_word' id='word_1_602' title='bbox 2260 5634 2471 5656; x_wconf 69' lang='lat' dir='ltr'><strong>uallat“</strong></span> <span class='ocrx_word' id='word_1_603' title='bbox 2500 5634 2640 5655; x_wconf 80' lang='grc' dir='ltr'><strong>αιιιιυ</strong></span> <span class='ocrx_word' id='word_1_604' title='bbox 2664 5634 2767 5656; x_wconf 71' lang='lat' dir='ltr'><strong>or!</strong></span> 
     </span>
     <span class='ocr_line' id='line_1_82' title="bbox 207 5634 3488 5750; baseline -0.004 -10"><span class='ocrx_word' id='word_1_605' title='bbox 207 5634 421 5748; x_wconf 47' lang='lat' dir='ltr'><strong>guisse,</strong></span> <span class='ocrx_word' id='word_1_606' title='bbox 449 5697 570 5737; x_wconf 88' lang='lat' dir='ltr'><strong>cum</strong></span> <span class='ocrx_word' id='word_1_607' title='bbox 596 5680 711 5750; x_wconf 85' lang='lat' dir='ltr'><strong>jam</strong></span> <span class='ocrx_word' id='word_1_608' title='bbox 748 5687 893 5734; x_wconf 87' lang='lat' dir='ltr'><strong>esset</strong></span> <span class='ocrx_word' id='word_1_609' title='bbox 915 5678 972 5732; x_wconf 90' lang='lat' dir='ltr'><strong>in</strong></span> <span class='ocrx_word' id='word_1_610' title='bbox 1007 5676 1308 5749; x_wconf 84' lang='lat' dir='ltr'><strong>Augustum</strong></span> <span class='ocrx_word' id='word_1_611' title='bbox 1352 5634 1621 5730; x_wconf 51' lang='lat' dir='ltr'><strong>Caesarem</strong></span> <span class='ocrx_word' id='word_1_612' title='bbox 1654 5687 1808 5728; x_wconf 91' lang='lat' dir='ltr'><strong>coro-</strong></span> <span class='ocrx_word' id='word_1_613' title='bbox 1971 5634 2291 5750; x_wconf 38' lang='lat' dir='ltr'><strong>_¢“Codic_e_m</strong></span> <span class='ocrx_word' id='word_1_614' title='bbox 2310 5671 2908 5750; x_wconf 39' lang='lat' dir='ltr'><strong>aliitm._Exc_idi_t.codex</strong></span> <span class='ocrx_word' id='word_1_615' title='bbox 2935 5671 3056 5734; x_wconf 88' lang='lat' dir='ltr'><strong>iste,</strong></span> <span class='ocrx_word' id='word_1_616' title='bbox 3081 5668 3343 5750; x_wconf 43' lang='lat' dir='ltr'><strong>qui‘gesta</strong></span> <span class='ocrx_word' id='word_1_617' title='bbox 3362 5686 3488 5750; x_wconf 76' lang='lat' dir='ltr'><strong>san-</strong></span> 
     </span>
    </p>
   </div>
   <div class='ocr_carea' id='block_1_81' title="bbox 208 5740 3487 5813">
    <p class='ocr_par' dir='ltr' id='par_1_81' title="bbox 208 5740 3487 5813">
     <span class='ocr_line' id='line_1_83' title="bbox 208 5740 3487 5813; baseline -0.003 -8"><span class='ocrx_word' id='word_1_618' title='bbox 208 5740 418 5813; x_wconf 52' lang='lat' dir='ltr'><strong>natus.</strong></span> <span class='ocrx_word' id='word_1_619' title='bbox 596 5740 615 5750; x_wconf 85' lang='grc'><em>’</em></span> <span class='ocrx_word' id='word_1_620' title='bbox 1093 5740 1120 5749; x_wconf 66' lang='grc'>⁷</span> <span class='ocrx_word' id='word_1_621' title='bbox 1914 5743 1983 5798; x_wconf 90' lang='lat' dir='ltr'><strong>cti</strong></span> <span class='ocrx_word' id='word_1_622' title='bbox 2008 5742 2271 5807; x_wconf 86' lang='lat' dir='ltr'><strong>Ricbarii,</strong></span> <span class='ocrx_word' id='word_1_623' title='bbox 2303 5742 2504 5797; x_wconf 90' lang='lat' dir='ltr'><strong>rudiori</strong></span> <span class='ocrx_word' id='word_1_624' title='bbox 2529 5742 2663 5813; x_wconf 82' lang='lat' dir='ltr'><strong>stylo</strong></span> <span class='ocrx_word' id='word_1_625' title='bbox 2683 5741 2887 5813; x_wconf 75' lang='lat' dir='ltr'><strong>digesta</strong></span> <span class='ocrx_word' id='word_1_626' title='bbox 2916 5781 2930 5805; x_wconf 92' lang='lat'><strong>,</strong></span> <span class='ocrx_word' id='word_1_627' title='bbox 2977 5756 3099 5795; x_wconf 90' lang='lat' dir='ltr'><strong>cum</strong></span> <span class='ocrx_word' id='word_1_628' title='bbox 3131 5740 3272 5797; x_wconf 76' lang='lat' dir='ltr'><strong>libro</strong></span> <span class='ocrx_word' id='word_1_629' title='bbox 3322 5742 3487 5805; x_wconf 54' lang='lat' dir='ltr'><strong>miraw</strong></span> 
     </span>
    </p>
   </div>
   <div class='ocr_carea' id='block_1_82' title="bbox 289 5811 3061 5892">
    <p class='ocr_par' dir='ltr' id='par_1_82' title="bbox 289 5811 3061 5892">
     <span class='ocr_line' id='line_1_84' title="bbox 289 5811 3061 5892; baseline -0.006 -11"><span class='ocrx_word' id='word_1_630' title='bbox 289 5826 323 5871; x_wconf 64' lang='grc' dir='ltr'>δ</span> <span class='ocrx_word' id='word_1_631' title='bbox 365 5822 539 5881; x_wconf 66' lang='lat' dir='ltr'><strong>Abba;</strong></span> <span class='ocrx_word' id='word_1_632' title='bbox 566 5819 918 5892; x_wconf 73' lang='lat' dir='ltr'><strong>Angilbertus.</strong></span> <span class='ocrx_word' id='word_1_633' title='bbox 942 5816 1104 5887; x_wconf 86' lang='lat' dir='ltr'><strong>Cujus</strong></span> <span class='ocrx_word' id='word_1_634' title='bbox 1132 5818 1309 5875; x_wconf 86' lang='lat' dir='ltr'><strong>Vitam</strong></span> <span class='ocrx_word' id='word_1_635' title='bbox 1334 5816 1673 5875; x_wconf 87' lang='lat' dir='ltr'><strong>illustrarunt</strong></span> <span class='ocrx_word' id='word_1_636' title='bbox 1686 5815 1807 5873; x_wconf 89' lang='lat' dir='ltr'><strong>Bol-</strong></span> <span class='ocrx_word' id='word_1_637' title='bbox 1914 5814 2158 5872; x_wconf 88' lang='lat' dir='ltr'><strong>culorum</strong></span> <span class='ocrx_word' id='word_1_638' title='bbox 2187 5814 2514 5870; x_wconf 84' lang='lat' dir='ltr'><strong>continebat.</strong></span> <span class='ocrx_word' id='word_1_639' title='bbox 2536 5811 2802 5869; x_wconf 65' lang='lat' dir='ltr'><strong>Burman.</strong></span> <span class='ocrx_word' id='word_1_640' title='bbox 2836 5811 3061 5868; x_wconf 63' lang='lat' dir='ltr'><strong>Mum.</strong></span> 
     </span>
    </p>
   </div>
   <div class='ocr_carea' id='block_1_83' title="bbox 626 5908 2223 6023">
    <p class='ocr_par' dir='ltr' id='par_1_83' title="bbox 626 5913 1044 5982">
     <span class='ocr_line' id='line_1_85' title="bbox 626 5913 1044 5982; baseline -0.012 0"><span class='ocrx_word' id='word_1_641' title='bbox 626 5920 906 5982; x_wconf 68' lang='lat' dir='ltr'><strong>Punon.</strong></span> <span class='ocrx_word' id='word_1_642' title='bbox 944 5913 1044 5978; x_wconf 85' lang='lat' dir='ltr'><strong>Cl.</strong></span> 
     </span>
    </p>
   </div>
   <div class='ocr_carea' id='block_1_84' title="bbox 1878 5908 3475 6023">
    <p class='ocr_par' dir='ltr' id='par_1_84' title="bbox 3046 5908 3475 6023">
     <span class='ocr_line' id='line_1_86' title="bbox 3046 5908 3475 6023; baseline 0 0"><span class='ocrx_word' id='word_1_643' title='bbox 3046 5908 3126 5969; x_wconf 61' lang='grc'>22</span> <span class='ocrx_word' id='word_1_644' title='bbox 3404 5982 3475 6023; x_wconf 63' lang='grc' dir='ltr'><strong><em>ν</em></strong></span> 
     </span>
    </p>
   </div>
   <div class='ocr_carea' id='block_1_85' title="bbox 3530 5972 3625 6009">
    <p class='ocr_par' dir='ltr' id='par_1_85' title="bbox 3530 5972 3625 6009">
     <span class='ocr_line' id='line_1_87' title="bbox 3530 5972 3625 6009; baseline 0 0"><span class='ocrx_word' id='word_1_645' title='bbox 3530 5976 3539 5981; x_wconf 81' lang='grc'><em>“</em></span> <span class='ocrx_word' id='word_1_646' title='bbox 3566 5972 3625 6009; x_wconf 69' lang='lat'><strong><em>\</em></strong></span> 
     </span>
    </p>
   </div>
  </div>
