4044 6340
305 272 410 332 685

1263 265 1846 322 HAGIOGRAPHICA.
1889 297 1960 306 —
1998 267 2158 321 \‘l'l‘A
2198 269 2255 323 S.
2299 269 2624 326 RlCHARli.

3468 276 3574 336 686

303 410 410 450 non
437 392 670 460 deesset.
716 389 888 457 Quem
927 391 1187 446 honorem
1207 429 1221 452 ,
1262 396 1320 440 ut
1348 386 1582 441 famulus
1608 387 1736 452 Dei,
1769 403 1882 442 ma-
1910 391 1964 452 Α
1985 389 2080 445 Dei
2110 401 2163 448 et
2187 393 2555 464 proximorum
2585 397 2868 452 dilectione
2898 395 3120 466 plenus,
3148 397 3330 452 omnia
3356 397 3412 452 in
3437 413 3571 470 pau-

305 503 406 560 gna
446 484 750 540 humilitate
789 483 1031 546 ornavit,
1062 490 1117 538 et
1156 496 1282 535 vera
1313 480 1578 534 charitate
1617 481 1886 547 excoluit,

307 587 362 635 et
389 577 541 634 verbi
570 576 664 633 Dei
691 575 1070 646 praedicatione
1097 573 1400 642 ampliavit,
1435 579 1596 642 atque
1625 574 1770 628 velut
1796 575 1890 628 bo-

307 688 408 728 nus
453 668 718 741 agricola,
767 667 950 738 spinas
994 676 1343 736 peccatorum
1389 667 1453 722 de
1498 681 1627 737 agro
1676 667 1888 722 Domini

305 764 618 837 evangelico
639 777 859 818 vomere
878 760 1195 826 eradicavit,
1218 767 1274 814 et
1297 760 1448 816 arida
1471 761 1633 815 corda
1657 776 1888 831 superno

301 866 576 930 perpetuae
615 855 805 912 salutis
845 870 970 910 rore
1009 854 1274 925 irrigavit.
1317 852 1424 909 Sed
1464 862 1519 908 et
1561 855 1740 910 divina
1783 855 1890 910 cle-

303 949 506 1018 mentia
525 990 540 1014 ,
568 956 693 1022 post
720 948 836 1019 ejus
865 946 1233 1018 irrigationem
1254 985 1270 1010 ,
1304 945 1360 1002 in
1388 946 1494 1001 isto
1532 945 1729 1014 populo
1767 944 1888 1016 plu-

302 1041 442 1098 rima
477 1039 599 1096 ﬁdei
638 1039 787 1093 dedit
827 1038 1180 1094 incrementa.
1215 1035 1369 1092 Unde
1399 1044 1451 1092 et
1480 1034 1729 1090 omnibus
1754 1050 1889 1104 prae-

299 1134 479 1190 dictus
523 1132 606 1186 vir
649 1131 746 1185 Dei
793 1129 1080 1185 Richarius
1121 1127 1452 1186 honorabilis
1497 1127 1675 1181 factus
1717 1133 1800 1182 est
1835 1133 1890 1181 et

297 1227 542 1290 Charus:
572 1225 696 1298 quia
725 1222 870 1293 quod
898 1236 990 1275 ore
1033 1221 1376 1293 praedicavit,
1422 1219 1669 1290 exen'iplo
1707 1228 1887 1274 osten-

296 1319 381 1374 dit
408 1329 463 1376 et
500 1318 644 1374 viam
686 1316 840 1378 vitae,
884 1330 1044 1382 quam
1084 1313 1202 1370 aliis
1244 1328 1491 1370 sermone
1530 1311 1885 1378 monstravit,

293 1409 416 1479 ipse
445 1409 592 1480 prior
619 1415 742 1462 actu
772 1405 1146 1476 prcccucurrit.

368 1500 458 1574 iV.
495 1500 767 1578 Quidquid
794 1516 926 1556 vero
954 1499 1002 1553 ei
1033 1499 1260 1570 populus
1289 1498 1344 1553 in
1387 1498 1652 1569 stipendia
1694 1498 1888 1570 praedi-

291 1591 529 1650 cationis
559 1599 748 1662 sponte
788 1589 1011 1655 obtulit,
1057 1590 1238 1646 omnia
1281 1591 1608 1660 pauperibus
1647 1591 1888 1646 dividere

286 1682 611 1740 festinavit:
646 1685 1031 1753 indignumque
1073 1683 1123 1737 ei
1168 1683 1342 1736 visum
1389 1681 1492 1736 fuit
1536 1683 1602 1736 de
1645 1684 1885 1737 crastino

1990 498 2180 552 perum
2229 486 2487 558 clargitus
2530 498 2613 544 est
2661 489 2883 556 solatia,
2925 488 3086 560 178
3129 489 3471 562 maximeque
3519 490 3572 546 in

1991 578 2327 647 captivorum
2358 581 2612 650 expendit
2647 580 3090 650 redemptionem.
3137 579 3274 634 Nam
3319 581 3454 636 alios
3482 598 3575 640 oc-

1991 669 2148 724 cultis
2174 671 2436 724 diabolica
2461 671 2650 736 t‘raudc
2667 680 3013 742 peccatorum
3036 671 3264 727 vinculis
3288 672 3570 744 obligatos,

1989 775 2088 832 per
2111 762 2310 824 sedula:
2337 765 2738 834 praedicationis
2762 765 3104 820 hortamenta
3129 763 3372 834 solvebat
3396 783 3410 832 ;
3439 766 3575 832 alios

1992 854 2237 910 saeculari
2273 855 2586 926 captivitate
2619 872 2943 927 oppressos,
2995 858 3238 928 pecuniae
3289 857 3575 930 largitione

1992 948 2224 1002 redemit
2250 963 2263 1000 :
2294 957 2352 1004 ut
2377 948 2452 1004 illi
2480 949 2795 1019 spiritaliter
2819 951 3050 1006 absoluti
3065 950 3495 1022 jucundarentur
3519 953 3575 1016 in
3599 1006 3602 1008 .

1991 1037 2262 1105 Domino;
2301 1047 2356 1094 et
2389 1041 2476 1095 isti
2513 1041 2718 1096 carnali
2754 1043 3011 1098 servitute
3045 1043 3260 1100 liberati
3293 1053 3577 1104 converte—

1992 1138 2182 1184 rentur
2213 1131 2282 1186 ad
2317 1131 2506 1186 Deum.

2064 1221 2151 1276 Vl.
2187 1223 2258 1278 Et
2293 1239 2399 1278 non
2434 1223 2606 1279 solum
2643 1224 2696 1278 in
2733 1225 2820 1280 his
2859 1225 3173 1296 regionibus
3213 1241 3314 1298 per
3359 1229 3605 1299 pietatis.

1991 1330 2155 1384 opera
2178 1357 2194 1381 ,
2231 1315 2313 1371 vel
2347 1333 2446 1388 per
2485 1317 2886 1388 praedicationis
2925 1319 3126 1376 lumina
3169 1322 3462 1390 praedictus
3491 1325 3579 1382 vir

1991 1405 2206 1460 Domini
2263 1405 2444 1461 clarus
2495 1406 2734 1464 effulsit:
2791 1408 2886 1465 sed
2936 1419 2998 1464 ut
3033 1409 3250 1468 Lucifer
3296 1429 3577 1484 aequoreos

1991 1494 2192 1552 Oceani
2223 1511 2443 1568 campos
2473 1499 2803 1565 transiliens,
2828 1515 3004 1570 praeco
3031 1502 3211 1558 diurni
3238 1503 3458 1564 luminis
3479 1523 3576 1564 no.

1993 1596 2080 1644 ctu
2088 1605 2212 1644 rnas
2223 1604 2320 1644 suo
2333 1599 2528 1646 exortu
2544 1591 2764 1647 discutit
2784 1595 3004 1652 umbras
3021 1612 3032 1648 :
3053 1595 3132 1652 sic
3144 1596 3235 1652 ille
3247 1597 3302 1654 in
3317 1598 3576 1657 ultrama—

1993 1679 2143 1736 rinas
2163 1681 2456 1738 Britanniae
2481 1683 2730 1753 regiones
2746 1724 2760 1749 ,
2787 1684 2854 1740 ad
2880 1686 3229 1754 expellendas
3253 1688 3576 1760 ignorantia

285 1776 581 1846 praesentis
625 1777 749 1832 vitae
790 1776 1062 1846 cogitare,
1108 1776 1202 1844 qui
1244 1775 1459 1830 divitias
1499 1783 1715 1830 aeternae
1762 1776 1888 1832 vitae
1921 1758 1968 1826 Β
1994 1774 2268 1840 tenebras,
2294 1773 2473 1830 lumen
2505 1775 2750 1830 veritatis
2776 1792 2874 1834 suo
2899 1778 3100 1846 sparsit
3130 1758 3401 1836 adventu:
3430 1783 3578 1840 scili-

284 1868 546 1940 accipere
575 1868 885 1926 anhelabat.
930 1868 1052 1924 Ideo
1078 1867 1256 1924 oblata
1299 1867 1367 1922 ab
1408 1869 1659 1924 omnibus
1703 1869 1888 1924 distri-

282 1960 442 2026 buit,
476 1969 537 2016 ut
563 1961 829 2032 promissa
871 1975 901 2013 a
941 1960 1052 2014 Deo
1093 1960 1382 2028 acciperet.
1427 1959 1582 2014 Felix
1621 1976 1888 2016 commer-

281 2053 469 2116 cium,
516 2061 576 2105 ut
622 2052 713 2120 qui
755 2066 922 2120 parva
969 2065 1032 2104 ac
1073 2051 1386 2104 transitoria
1429 2050 1679 2114 hilariter
1707 2051 1888 2110 distri—

279 2145 516 2210 buerat,
546 2159 741 2213 magna
772 2151 825 2196 et
853 2149 1056 2196 mterna
1087 2139 1315 2196 feliciter
1357 2149 1501 2196 esset
1541 2151 1881 2212 accepturus.

280 2235 430 2289 Nam
456 2233 882 2290 studiosissimus
912 2231 1014 2288 fuit
1041 2248 1340 2302 pauperum
1371 2231 1700 2297 consolatq',
1729 2249 1885 2302 pere-

280 2329 571 2399 grinorum
603 2334 901 2395 susceptor,
936 2325 1222 2379 viduarum
1254 2323 1525 2390 defensor,
1555 2324 1881 2395 pupillorum

279 2431 340 2476 et
372 2421 740 2490 orphanorum
769 2427 944 2488 pater,
977 2418 1050 2470 ita
1081 2424 1141 2470 ut
1166 2415 1447 2470 verissime
1474 2416 1540 2468 de
1565 2431 1630 2470 eo
1656 2417 1884 2471 sanctis-

281 2513 414 2570 simi
441 2511 542 2567 Job
574 2511 940 2566 testimonium
968 2508 1074 2564 dici
1101 2508 1338 2579 potuerit
1369 2505 1585 2560 :Oculus
1615 2507 1692 2576 fui
1721 2525 1879 2576 ca’co,

279 2621 378 2676 pes
407 2589 621 2666 claudo,
648 2611 694 2656 et
720 2613 870 2672 pater
897 2601 1170 2671 orphano:
1196 2608 1242 2653 et
1268 2614 1482 2651 causam
1505 2611 1662 2668 quam
1688 2600 1882 2653 nescie-

281 2695 410 2749 bam
437 2694 833 2764 diiigentissime
856 2691 1227 2763 perscrutabor
1253 2691 1377 2762 (Job
1399 2707 1525 2746 XXIX
1551 2731 1566 2757 ,
1591 2691 1709 2763 15).
1741 2693 1883 2758 Qua-

279 2795 512 2858 propter
550 2785 786 2854 undique
827 2784 894 2837 ad
936 2799 1060 2837 eum
1101 2781 1302 2836 inﬁrmi
1331 2781 1714 2838 conﬂuebant:
1748 2799 1883 2852 quos

279 2881 415 2936 laeto
459 2879 760 2949 suscipiens
803 2879 1015 2943 animo,
1061 2877 1327 2932 medelam
1371 2878 1450 2931 eis
1489 2877 1880 2946 consolationis

235 2977 240 2980 “
278 2988 387 3044 per
425 2981 642 3028 sanctas
691 2972 966 3027 orationes
1006 2969 1302 3039 przebebat.
1352 2969 1462 3028 Nec
1508 2970 1751 3041 leprosos
1795 2970 1881 3023 vel

279 3067 656 3136 elephanticos
697 3064 1012 3129 exhorruit,
1056 3063 1151 3117 sed
1196 3063 1350 3133 quasi
1381 3061 1577 3117 fratres
1606 3063 1881 3132 amplexa-

1992 1872 2080 1919 cet
2097 1905 2114 1928 ,
2143 1873 2203 1918 ut
2229 1865 2371 1920 sicut
2400 1865 2453 1920 in
2479 1865 2603 1920 istis
2631 1856 2961 1940 regionibus,
2983 1867 3063 1926 sic
3086 1877 3143 1924 et
3172 1869 3227 1924 in
3253 1871 3360 1927 illis
3384 1872 3519 1929 alios
3543 1890 3575 1929 a

1993 1957 2254 2012 servitute
2281 1956 2567 2023 diabolica,
2587 1958 2722 2016 alios
2752 1976 2782 2016 a
2813 1960 3127 2036 captivitate
3155 1965 3357 2020 carnali
3379 1965 3578 2022 libem-

1988 2056 2093 2102 ret.
2122 2048 2231 2104 iliis
2256 2048 2481 2104 verbum
2507 2050 2603 2106 Dei
2631 2049 2856 2117 infudit,
2889 2053 3008 2110 istis
3034 2055 3320 2113 cbaritatis
3342 2061 3576 2128 pretium

1987 2138 2280 2208 impendit,
2306 2148 2366 2196 ut
2389 2156 2488 2210 pro
2509 2143 2794 2212 temporali
2819 2145 3186 2214 redemptione
3207 2156 3465 2205 aeternam
3492 2167 3578 2206 re-

1988 2230 2231 2300 ciperent
2258 2230 2581 2294 libertatem.
2625 2231 2717 2295 Sic
2742 2247 2872 2304 ergo
2896 2235 3071 2296 bonus
3095 2237 3388 2295 Dominicae
3411 2256 3577 2313 pecu-

1987 2323 2092 2378 nim
2115 2324 2436 2394 negotiator,
2461 2324 2570 2380 duo
2585 2325 2850 2394 simplicis
2867 2326 3266 2404 [Al.,dupiicis]
3292 2333 3580 2393 charitatis

1986 2413 2083 2469 Dei
2112 2423 2168 2468 et
2199 2416 2434 2485 proximi
2469 2416 2672 2471 talenta
2703 2417 3062 2489 multiplicare
3093 2423 3304 2479 studuit
3331 2440 3346 2478 :
3383 2439 3577 2497 quate-

1985 2521 2090 2572 nus
2109 2523 2233 2562 cum
2257 2508 2538 2578 multiplici
2565 2509 2770 2566 laboris
2793 2513 2878 2568 sui
2901 2511 3084 2569 fructu
3108 2515 3336 2572 Domino
3358 2533 3458 2575 suo
3481 2521 3578 2577 ob-

1984 2598 2135 2654 viare
2159 2608 2374 2668 posset,
2403 2610 2458 2654 et
2489 2602 2627 2657 hanc
2658 2618 2846 2660 vocem
2876 2605 3062 2661 audire
3081 2608 3531 2678 jucundissimam
3557 2632 3572 2670 :

1983 2688 2164 2760 Euge,
2202 2707 2346 2748 serve
2381 2694 2510 2746 bone
2546 2704 2595 2746 et
2628 2693 2802 2762 fidelis
2823 2736 2838 2761 ,
2875 2697 3002 2766 quia
3037 2715 3196 2769 super
3223 2717 3394 2771 pauca
3424 2703 3577 2774 fuisti

1982 2780 2156 2849 ﬁdelis
2175 2821 2190 2848 ,
2219 2798 2382 2852 supra
2411 2783 2578 2840 multa
2606 2793 2655 2839 te
2685 2787 3002 2842 constituam
3024 2803 3044 2843 :
3071 2789 3214 2844 intra
3240 2791 3296 2844 in
3320 2793 3576 2863 gaudium

1982 2870 2184 2928 domini
2219 2874 2297 2926 tui
2329 2871 2562 2944 (Matth.
2591 2891 2722 2940 xxv,
2748 2872 2811 2930 21
2836 2877 2880 2949 ).

2054 2960 2164 3016 Vli.
2202 2961 2402 3018 Fertur
2425 2979 2578 3031 vero,
2607 2967 2734 3020 dum
2761 2983 2928 3023 causa
2951 2970 3354 3040 praedicationis
3379 2973 3433 3030 in
3458 2974 3576 3031 Bri-

1982 3053 2170 3108 tannia
2195 3053 2398 3110 diutius
2429 3067 2757 3127 moraretur,
2791 3061 2970 3116 subito
2995 3061 3071 3116 illi
3095 3063 3310 3118 venisse
3333 3065 3392 3119 in
3417 3083 3571 3122 men-

279 3158 467 3222 bamr,
504 3155 819 3226 balneisque
853 3169 1040 3208 eorum
1093 3154 1337 3207 membra
1386 3154 1571 3208 saucia
1619 3155 1872 3209 fovebat;
1907 3131 1956 3196 Ο
1984 3154 2127 3212 tem,
2159 3148 2367 3217 aliquos
2393 3150 2475 3203 sui
2502 3150 2643 3219 juris
2668 3151 2770 3206 sub
2806 3154 3066 3209 servitute
3099 3169 3164 3210 se
3194 3155 3479 3227 reliquisse
3519 3159 3576 3217 in

280 3252 586 3319 eademque
613 3258 734 3320 post
765 3250 911 3319 ipsos
937 3249 1216 3318 ingressus
1243 3257 1330 3302 est
1347 3289 1361 3314 ,
1392 3250 1564 3319 magis
1589 3265 1652 3303 ea
1681 3251 1882 3319 pietate

280 3345 410 3400 illos
452 3343 787 3407 emundans,
841 3356 1004 3410 quam
1051 3355 1112 3393 se
1155 3341 1597 3406 commaculans;
1644 3343 1878 3410 prophe-

285 3436 385 3491 tici
435 3434 703 3490 sermonis
751 3448 858 3487 non
906 3432 1101 3488 surdus
1153 3433 1384 3498 auditor,
1439 3434 1706 3488 dicentis:
1738 3435 1878 3505 Ege-

282 3545 382 3582 nos
409 3543 666 3597 uagosque
691 3525 849 3590 induc
875 3526 933 3578 in
961 3524 1175 3577 domum
1205 3531 1351 3576 tuam
1370 3564 1385 3590 ,
1417 3533 1466 3578 et
1497 3526 1696 3579 nudum
1727 3528 1880 3581 uesti-

279 3619 473 3674 mentis
519 3618 621 3672 tuis
671 3617 904 3686 cooperi,
951 3624 999 3670 et
1049 3630 1261 3668 carnem
1292 3625 1438 3669 tuam
1470 3633 1534 3670 ne
1579 3617 1876 3688 despexeris

282 3709 441 3782 (Isa.
473 3726 602 3764 Lvnt
626 3751 640 3774 ,
667 3708 766 3779 7).

353 3804 422 3859 ν.
462 3803 571 3858 Nec
617 3802 790 3858 solum
825 3800 1031 3858 carnali
1060 3799 1354 3856 refectione
1394 3800 1462 3854 ad
1500 3815 1560 3856 se
1591 3801 1874 3858 venientes

280 3900 536 3963 fovebat,
565 3897 659 3952 sed
689 3896 850 3952 etiam
881 3893 1108 3964 spiritali
1137 3901 1337 3948 sancta:
1361 3894 1762 3962 praedicationis
1789 3909 1878 3949 so-

1985 3237 2175 3294 Gailia.
2200 3239 2389 3310 Itaque
2415 3240 2602 3298 dolore
2626 3258 2946 3313 percussus,
2972 3246 3108 3301 dixit
3132 3246 3201 3300 ad
3223 3263 3387 3306 suos:
3415 3250 3567 3307 Heu!

1982 3340 2198 3387 nostros
2261 3333 2360 3388 sub
2415 3334 2677 3389 servitute
2729 3335 3036 3392 dimisimus
3079 3338 3136 3392 in
3177 3341 3393 3408 patria,
3441 3343 3572 3398 dum

1981 3423 2088 3478 huc
2116 3422 2326 3492 aliquos
2349 3424 2630 3480 liberatori
2654 3427 2932 3493 venimus,
2960 3429 3305 3501 maximeque
3340 3433 3454 3489 seio
3477 3447 3576 3491 eos

1982 3518 2096 3574 cito
2129 3534 2250 3575 esse
2286 3521 2601 3577 morituros.
2641 3521 2749 3579 Sed
2785 3524 2858 3580 ite
2891 3524 3232 3593 festinanter,
3271 3543 3574 3603 namque

1981 3614 2360 3681 conscendite,
2388 3623 2443 3668 ct
2475 3631 2570 3672 eos
2606 3615 3054 3690 faciteingenuos
3074 3662 3088 3686 ,
3116 3621 3431 3692 priusquam
3460 3639 3574 3680 mo-

1979 3706 2212 3760 riantur.
2253 3707 2333 3760 illi
2365 3707 2508 3762 haud
2547 3710 2782 3779 segniter
2815 3720 3144 3784 praeceptum
3184 3713 3354 3769 secuti
3392 3726 3574 3786 pater-

1978 3813 2110 3852 num
2126 3837 2142 3862 ,
2171 3797 2226 3851 in
2249 3798 2479 3868 patriam
2500 3809 2801 3867 venerunt;
2829 3803 3226 3872 praedictaeque
3249 3819 3434 3861 servos
3465 3809 3572 3864 viri

1978 3887 2078 3943 Dei
2119 3888 2300 3944 salvos
2339 3897 2394 3944 et
2435 3889 2730 3946 incolumes
2767 3892 3124 3958 invenerunt,
3169 3907 3369 3966 eosque
3404 3897 3570 3954 veluti

280 3991 414 4046 latio
445 3990 667 4044 reﬁcere
697 4003 790 4043 eos
818 4003 925 4042 non
967 3988 1219 4041 cessavit.
1265 3986 1334 4040 Et
1373 3987 1512 4040 sicut
1552 3987 1874 4042 miscrorum
1972 3979 2112 4050 jussi
2148 3988 2310 4036 erant
2338 3981 2812 4048 manumittentes,
2848 3982 3100 4039 fecerunt
3134 3986 3434 4057 ingenuos:
3477 3992 3569 4061 qui

281 4083 514 4140 idoneus
541 4081 740 4150 ubique
769 4079 870 4133 fuit
900 4078 1228 4144 consolator,
1263 4078 1338 4131 ita
1381 4078 1737 4148 superborum
1779 4079 1878 4133 du-

281 4190 382 4232 rus
425 4175 723 4244 castigator
771 4187 891 4226 esse
935 4186 1042 4226 non
1087 4171 1282 4225 timuit.
1331 4170 1456 4223 illos
1499 4171 1720 4239 pietatis
1765 4171 1875 4226 cle-

280 4269 490 4324 mentia
539 4265 820 4331 elevebat,
875 4265 975 4319 hos
1023 4278 1223 4319 severa:
1275 4264 1592 4318 invectienis
1645 4279 1874 4320 censura

280 4362 641 4434 deprimebat.
695 4359 805 4414 Nec
859 4365 1092 4412 terrente
1145 4357 1430 4428 potestatis
1480 4357 1618 4410 iram
1674 4356 1873 4412 furoris

281 4453 415 4528 [ΑΙ.
441 4497 455 4521 ,
489 4452 661 4526 foris]
693 4451 1000 4515 metuebat,
1033 4465 1194 4520 quem
1225 4450 1390 4503 timor
1416 4449 1644 4504 interius
1675 4449 1871 4503 divina:

279 4547 541 4620 potentiae
569 4554 736 4602 totum
764 4540 1154 4599 corroborabat
1178 4559 1190 4594 :
1224 4540 1621 4610 parvipcndens
1645 4539 1872 4595 divitum

278 4644 462 4700 minas
480 4683 494 4708 ,
525 4653 586 4695 ut
609 4655 788 4712 praeco
815 4635 1065 4691 veritatis
1091 4635 1368 4690 existeret.
1403 4633 1511 4686 Nec
1539 4631 1641 4687 fuit
1669 4634 1874 4688 arundo

277 4745 444 4791 vento
489 4735 720 4805 agitata,
764 4739 824 4784 ut
862 4744 986 4785 eum
1026 4742 1158 4782 aura
1200 4727 1449 4780 humanae
1476 4724 1559 4779 vel
1589 4724 1762 4778 laudis
1790 4725 1876 4778 vel

280 4827 638 4884 detractionis
677 4828 1042 4879 commoveret
1076 4837 1088 4874 :
1132 4818 1225 4874 sed
1267 4818 1321 4872 in
1362 4832 1489 4872 arce
1516 4816 1700 4872 solidae
1728 4817 1873 4872 veri-

277 4921 412 4976 tatis
442 4919 772 4978 consistens,
806 4915 872 4969 al)
902 4916 1137 4968 humano
1166 4926 1262 4966 ore
1293 4909 1418 4982 [ΑΙ.
1441 4951 1456 4975 ,
1484 4909 1647 4982 die],
1682 4924 1874 4964 secun—

277 5014 411 5068 dum
440 5008 754 5080 Apostolum
782 5004 847 5079 (Ι
872 5003 994 5059 Cor.
1023 5019 1101 5069 iv,
1128 5001 1195 5075 5)
1215 5043 1230 5067 ,
1255 4999 1486 5071 judicari
1516 5001 1868 5071 contempsit,

275 5107 536 5174 viamque
587 5103 790 5174 regiam
842 5099 1129 5162 incedens,
1175 5111 1278 5150 nec
1324 5111 1355 5150 a
1401 5095 1606 5150 dextris
1653 5103 1874 5164 propter

277 5208 524 5254 terrores
542 5193 842 5264 potentium
861 5233 874 5257 ,
902 5204 1002 5244 nec
1030 5205 1059 5242 a
1086 5188 1322 5243 sinistris
1341 5193 1562 5258 propter
1581 5185 1871 5255 blanditias

275 5288 622 5344 adulantium
654 5283 982 5340 declinabat.
1013 5281 1354 5350 Quapropter
1377 5295 1629 5350 magnam
1655 5280 1867 5349 plebem

274 5381 522 5436 Domino-
545 5379 658 5433 Deo
689 5393 787 5433 suo
817 5378 868 5432 in
901 5377 1006 5431 hac
1036 5375 1288 5446 praesenti
1316 5373 1594 5444 provincia
1633 5371 1870 5441 acquisi-

271 5475 362 5527 vit
391 5513 405 5537 ,
443 5479 500 5526 et
533 5471 634 5525 sibi
668 5470 936 5524 honorem
975 5474 1296 5536 perpetuum
1343 5464 1661 5534 promeruit.
1721 5463 1872 5518 Unde

274 5565 514 5636 populus
544 5564 658 5632 ejus
689 5579 915 5619 cernens
946 5563 1000 5616 in
1031 5560 1246 5616 Christo
1280 5561 1614 5614 devotionem
1651 5557 1870 5628 religio-

276 5671 408 5712 sam
427 5697 444 5721 ,
473 5657 638 5726 coepit
661 5673 788 5710 eum
817 5655 1074 5710 attentius
1099 5655 1389 5716 honorare,
1420 5659 1474 5704 et
1505 5650 1668 5704 multa
1695 5650 1744 5703 ei
1776 5664 1872 5718 pro

163 5765 176 5776 ο
274 5749 753 5819 eleemosynarum
785 5747 1068 5817 largitione
1099 5744 1326 5800 adferre:
1362 5759 1480 5814 quae
1516 5743 1630 5808 ille,
1666 5750 1726 5798 ut
1757 5748 1874 5798 erat

1977 4086 2086 4124 non
2124 4078 2248 4140 post
2286 4071 2516 4126 multum
2554 4074 2842 4142 temporis,
2888 4075 3052 4134 sicuti
3091 4085 3310 4133 sanctus
3351 4080 3436 4136 vir
3472 4080 3568 4138 Dei

1975 4164 2340 4233 praedixerat,
2383 4165 2622 4220 defuncti
2665 4175 2809 4220 sunt.
2852 4166 2897 4222 0
2928 4176 3131 4238 quanta
3165 4170 3449 4228 clementia
3485 4181 3570 4229 est

1976 4256 2074 4312 Dei
2109 4256 2344 4324 Christi,
2388 4259 2480 4327 qui
2519 4256 2721 4313 famulo
2755 4273 2856 4316 suo
2882 4261 3102 4329 pietatis
3139 4261 3392 4318 enectum
3427 4263 3569 4320 inse-

1976 4350 2121 4415 ruit,
2163 4357 2219 4404 et
2257 4364 2541 4404 servorum
2581 4347 2697 4416 ejus
2739 4359 2970 4406 mortem
3013 4351 3248 4409 futuram
3289 4355 3562 4410 ostendit:

1976 4448 2246 4510 quatenus
2280 4441 2354 4494 illi
2391 4442 2778 4497 misericordia:
2812 4459 3024 4499 meroes
3059 4445 3126 4502 de
3152 4445 3266 4501 suis
3289 4459 3397 4502 non
3421 4448 3568 4519 peri-

1899 4506 1954 4570 Β
1978 4506 2090 4598 ret,
2138 4542 2192 4589 et
2236 4533 2356 4589 illos
2397 4535 2695 4589 morientes
2739 4535 3022 4590 servitutis
3051 4536 3242 4610 jugum
3285 4553 3395 4595 non
3424 4506 3567 4614 ἐι-δ.

1975 4634 2169 4690 varet;
2217 4626 2310 4696 qui
2354 4634 2409 4680 et
2454 4626 2526 4680 ob
2566 4625 2774 4680 alienos
2815 4625 3126 4688 liberandos
3173 4629 3310 4686 tanti
3351 4629 3568 4688 itineris

1972 4719 2272 4789 periculum
2303 4719 2480 4774 subire
2511 4733 2618 4774 non
2645 4719 2858 4785 timuit,
2889 4726 2948 4774 et
2981 4734 3046 4774 ex
3087 4735 3156 4777 eo
3191 4729 3438 4793 tempore
3470 4741 3566 4782 ne-

1976 4811 2178 4866 minem
2207 4810 2290 4864 sui
2323 4807 2462 4878 juris
2488 4810 2589 4865 sub
2616 4809 2893 4864 servitutis
2933 4808 3068 4882 iugo
3091 4813 3334 4870 retinere
3352 4816 3561 4885 vehit;

1976 4902 2070 4957 sed
2094 4902 2292 4970 ubique
2319 4916 2507 4956 omnes
2535 4900 2610 4954 ad
2629 4914 2688 4956 se
2712 4899 3050 4972 pertinentes
3069 4901 3322 4961 libertate
3343 4909 3562 4980 propria

1978 4997 2330 5068 perdonavit;
2377 5011 2444 5049 ne
2487 4995 2540 5049 in
2585 4996 2834 5066 proprios
2875 4996 3062 5053 durior
3101 5009 3222 5054 esse
3263 5001 3558 5069 videretur,

1977 5093 2070 5162 qui
2120 5092 2178 5145 in
2222 5089 2426 5144 alienos
2468 5089 2790 5146 mitissimus
2837 5105 3104 5162 apparere
3146 5093 3454 5163 gestiebat;
3506 5102 3562 5148 et

1975 5182 2277 5236 mercedem
2297 5221 2310 5244 ,
2356 5194 2523 5250 quam.
2554 5194 2624 5234 ex
2666 5179 2792 5235 aliis
2827 5182 3202 5255 congregavit,
3230 5182 3300 5237 de
3319 5181 3438 5236 suis
3469 5195 3560 5237 ao-

1975 5274 2224 5329 mularet.

2597 5363 2824 5422 CAPUT
2853 5365 2918 5420 11.
2953 5429 2956 5432 _

2046 5457 2203 5514 Gesta
2241 5474 2358 5512 cum
2392 5466 2573 5512 sancta
2603 5456 2888 5511 Richtrude
2921 5463 2969 5509 et
3004 5471 3118 5524 rege
3144 5451 3443 5522 Dagoberto
3465 5468 3488 5507 :

2263 5547 2490 5586 secessus
2528 5531 2584 5584 in
2622 5529 2807 5582 silvam
2838 5526 3266 5580 Crisciacensem.

2043 5642 2173 5700 Vill.
2212 5643 2376 5714 igitur
2403 5639 2800 5712 praedicationis
2825 5635 2998 5691 oﬁlcio
3031 5636 3082 5689 in
3114 5633 3391 5688 Britannia
3432 5649 3556 5704 per-

1973 5747 2124 5806 acto,
2159 5753 2279 5793 eum
2312 5734 2590 5804 multiplici
2619 5733 2769 5788 verbi
2798 5731 2892 5785 Dei
2921 5729 3094 5783 fructu
3118 5744 3366 5785 reversus
3391 5727 3554 5782 estin
