4044 6340
448 259 552 323 687

1308 277 1367 331 Β.
1407 276 1467 331 F.
1507 276 1736 333 ALBINI
1777 278 1910 334 SEU
1946 279 2223 337 ALCUlNl
2261 280 2543 337 OPERUM
2584 282 2767 339 PARS
2804 282 2869 338 V.

3615 291 3725 351 688

442 380 719 449 patriam:
755 394 857 445 ne,
907 384 1033 437 dum
1077 384 1130 439 in
1167 386 1341 442 aliena
1381 404 1559 445 messe
1596 399 1864 461 quaereret
1890 406 2035 446 mer—
2057 398 2111 456 Α
2135 393 2418 448 cadentem
2448 396 2780 462 sublevahat,
2828 410 2896 451 ne
2925 395 3239 454 allideretur
3275 398 3330 455 in
3358 400 3544 459 terris.
3588 403 3729 462 Nam

438 469 664 533 cedem,
698 468 750 525 in
783 474 1000 542 propria
1041 477 1307 544 perderet.
1358 479 1427 533 Et
1466 486 1615 535 tanto
1659 498 1719 537 se
1758 484 2033 539 ardentius

437 561 692 615 servituti
736 562 829 617 Dei
876 566 1122 636 subegit,
1170 577 1371 636 quanto
1413 570 1729 626 viciniorem
1765 572 1867 628 sibi
1891 573 2036 628 diem

438 655 904 711 remunerationis
950 671 1069 713 esse
1094 662 1392 729 praesensit.
1422 661 1557 717 Nam
1586 664 1823 735 seipsum
1852 666 2033 736 quoti-

434 742 619 798 dianis
652 745 877 815 jejuniis
904 751 1229 816 maceravit,
1257 754 1676 810 mortiﬁcatione
1701 757 1880 812 carnis
1905 772 2035 812 con-

410 836 663 925 ;strinxit
682 879 696 903 ,
725 839 924 909 vigiliis
951 840 1140 897 amisit
1159 884 1172 908 ,
1201 845 1538 901 orationibus
1568 848 1824 912 munivit,
1853 849 2034 903 chari-

410 934 555 1004 ἶῐειιεε
581 929 955 997 conﬁrmavit,
993 950 1087 1003 spe
1124 937 1433 1003 roboravit,
1464 939 1567 995 fide
1601 942 1868 1009 armavit;
1899 942 2031 997 nulli

402 1069 413 1089 ,
438 1018 642 1073 malum
669 1035 766 1089 pro
791 1023 936 1077 malo
962 1025 1210 1092 reddens,
1239 1027 1437 1083 nullius
1464 1030 1729 1096 adulator,
1761 1033 2032 1087 neminem

399 1100 794 1165 lcontemnens
820 1128 834 1177 ;
864 1121 923 1166 ut
961 1114 1105 1168 viam
1132 1119 1377 1173 veritatis
1402 1119 1551 1188 prior
1579 1122 1693 1191 ipse
1720 1121 2028 1187 incederet,

404 1193 603 1270 'quam
633 1204 843 1258 caneris
869 1206 1212 1273 praedicando
1238 1220 1653 1267 monstraverat.
1692 1212 1783 1269 Sic
1819 1215 1901 1267 vir
1934 1215 2031 1270 Dei

433 1291 590 1361 galea
618 1294 807 1349 salutis
833 1295 1076 1350 induitur
1101 1296 1247 1369 [Al.,
1280 1301 1566 1375 indutus],
1595 1312 1650 1359 et
1676 1304 1851 1373 gladio
1881 1290 2030 1361 verbi

434 1380 533 1435 Dei
557 1384 852 1449 accinctus,
877 1396 931 1441 et
952 1388 1118 1443 lorica
1139 1388 1364 1457 justitiae
1386 1394 1623 1466 undique
1645 1398 2026 1465 circumdatus,

432 1481 604 1542 atque
635 1486 789 1531 scuto
819 1478 942 1534 fidei
970 1491 1241 1549 armatus,
1274 1485 1649 1557 calceatusque
1678 1489 1733 1542 in
1761 1503 2031 1559 praepara-

436 1562 638 1618 tionem
690 1567 969 1639 Evangelii
1019 1572 1170 1639 pacis
1221 1573 1452 1643 (Ephes.
1488 1576 1613 1650 vi),
1665 1578 1929 1646 processit
1975 1577 2029 1633 in

429 1654 679 1722 praelium
709 1659 981 1728 publicum
1012 1672 1201 1716 contra
1237 1665 1519 1735 antiquum
1557 1668 1797 1733 hostem,
1847 1669 2027 1724 omnia

433 1745 542 1799 tela
590 1745 707 1814 ejus
750 1750 905 1820 ignea
950 1752 1247 1809 fortissimo
1289 1756 1409 1811 ﬁdei
1453 1759 1684 1814 umbone
1713 1759 2016 1829 repellens:
2050 1750 2099 1812 Β

433 1838 872 1910 quotidiauisque
922 1843 1213 1914 triumphis
1247 1846 1416 1917 spolia
1459 1847 1629 1903 multa
1676 1851 1820 1905 victo
1868 1851 2023 1907 hoste

437 1934 771 2000 reportavit,
805 1935 858 1988 in
889 1935 1133 1991 Ecclesia
1163 1936 1294 2010 [Al.,
1326 1938 1649 2017 Ecclesiam]
1678 1941 1884 1996 Christi
1910 1951 2022 1998 tam

432 2028 759 2103 metuendus
798 2029 1021 2085 humani
1056 2034 1273 2101 generis
1304 2035 1559 2102 inimico,
1591 2052 1753 2106 quam
1783 2038 2020 2095 humano

428 2118 616 2185 generi
661 2124 1141 2190 pernecessarius;
1184 2134 1245 2178 ut
1288 2134 1411 2196 pote
1447 2128 1542 2197 qui
1583 2144 1689 2184 non
1716 2144 1869 2184 suam
1896 2138 2019 2185 tan-

430 2213 544 2259 tum
567 2248 582 2271 ,
612 2210 705 2263 sed
734 2211 1023 2267 multorum
1070 2216 1319 2284 quazsivit
1362 2218 1611 2274 salutem.
1654 2219 1777 2276 Ideo
1814 2218 2021 2288 justum

431 2304 513 2350 est
551 2308 610 2351 ut
650 2300 942 2355 multorum
978 2318 1072 2357 ore
1103 2305 1155 2358 in
1181 2305 1400 2363 Christo
1429 2309 1698 2375 laudetur,
1729 2312 2019 2367 multorum

429 2399 530 2452 pro
570 2386 788 2442 Christo
825 2389 970 2461 [Αι..
1001 2408 1098 2462 per
1123 2393 1440 2471 Christum]
1480 2402 1825 2473 redemptor:
1867 2404 2020 2475 cujus

430 2491 537 2529 non
564 2479 699 2531 tanti
727 2488 810 2533 est
840 2482 1100 2537 miracula
1128 2502 1355 2543 narrare
1375 2505 1495 2559 qua:
1522 2493 1588 2546 ab
1611 2507 1676 2547 eo
1699 2501 1847 2564 gesta
1870 2504 2016 2562 sunt,

428 2570 617 2638 quanti
654 2572 1044 2649 miraculorum
1083 2594 1414 2649 cognoscere
1440 2584 1731 2651 virtutem,
1764 2603 1871 2657 qua
1909 2604 2019 2644 coe-

427 2657 546 2714 lesti
584 2660 715 2732 Regi
758 2663 811 2717 in
852 2665 1041 2722 diebus
1082 2670 1196 2725 suis
1242 2673 1470 2728 multum
1526 2678 1685 2747 179
1727 2680 2017 2749 acquisivit

424 2750 700 2819 populum.
729 2753 865 2808 Nam
884 2756 1125 2813 cilicium
1147 2762 1548 2829 prmdicationis
1569 2768 1809 2823 omnium
1838 2769 2018 2840 signo-

424 2855 544 2895 rum
579 2846 891 2902 ostensione
922 2850 1099 2921 majus
1143 2868 1263 2909 esse
1302 2872 1407 2911 non
1451 2860 1674 2915 dubium
1721 2870 1842 2927 est;
1890 2864 2018 2921 licet

423 2947 533 2987 non
576 2934 828 3000 defuerit,
867 2954 967 3007 pro
1017 2949 1317 3011 temporum
1354 2947 1436 3001 vel
1474 2964 1657 3005 rerum
1692 2955 2017 3009 convenien-

419 3023 496 3077 tia
514 3065 529 3089 ,
563 3026 841 3095 signorum
870 3033 1224 3101 perpetratio,
1256 3050 1377 3104 quae
1406 3051 1502 3106 per
1530 3054 1655 3095 eum
1684 3042 1865 3098 divina
1887 3058 2012 3113 per-

420 3115 534 3184 egit
571 3115 876 3173 clementia.

492 3205 581 3260 IK.
648 3207 893 3273 Quodam
941 3230 1175 3285 namque
1224 3227 1465 3288 tempore
1510 3222 1731 3292 maligni
1785 3225 2008 3294 spiritus

420 3301 647 3353 tentatio
678 3303 751 3357 'ad
770 3308 1150 3363 verecundiam
1196 3311 1393 3366 accidit
1431 3312 1536 3367 viri
1566 3314 1684 3379 Dei,
1715 3331 1878 3385 quam
1911 3317 2006 3372 Dei

422 3392 796 3449 misericordia
823 3398 889 3451 ad
915 3398 1126 3455 Iaudem
1162 3402 1212 3456 ei
1240 3406 1511 3461 concessit
1537 3408 1774 3462 evenire.
1810 3410 2008 3465 Visita-

417 3482 497 3535 vit
522 3484 666 3539 enim
717 3488 1011 3556 equitando
1058 3496 1349 3562 quamdam
1395 3497 1505 3553 Deo
1555 3499 1804 3555 devotam
1853 3502 2007 3556 femi-

419 3576 564 3637 nam,
592 3586 616 3613 α
650 3574 963 3633 Rictrudem
990 3583 1209 3639 nomine
1241 3603 1252 3637 :
1285 3595 1339 3639 et
1368 3602 1489 3640 cum
1519 3585 1633 3654 jam
1662 3597 1785 3657 post
1822 3590 2006 3646 dulces

417 3664 543 3718 vitae
563 3667 768 3734 epulas,
817 3678 872 3724 et
898 3681 1017 3741 post
1044 3675 1316 3746 colloquia
1345 3678 1602 3744 salubria,
1634 3680 1748 3749 ipse
1775 3682 1860 3735 vir
1885 3683 2002 3750 Dei,

424 3768 651 3812 ascenso
699 3775 870 3828 equo,
921 3764 989 3818 ad
1036 3766 1255 3836 propria
1309 3784 1556 3825 remeare
1604 3772 2001 3841 disposuisset:

416 3842 618 3901 femina
659 3851 941 3918 praedicta,
981 3853 1136 3923 juxta
1187 3872 1414 3925 morem,
1464 3861 1758 3929 equitantis
1781 3862 2005 3933 vestigia

415 3936 594 3993 Patris
624 3953 811 3997 secuta
841 3953 945 4010 est,
992 3946 1019 3984 b
1047 3947 1254 4004 habens
1281 3950 1334 4003 in
1382 3951 1526 4006 ulnis
1568 3952 1735 4006 (ilium
1775 3952 1908 4025 [Al.,
1941 3954 2004 4008 [i-

415 4028 624 4103 liolum]
655 4049 834 4100 suum,
878 4043 936 4089 ut
964 4039 1221 4107 parvulus
1251 4058 1467 4113 quoque
1492 4045 1870 4102 benedictione
1908 4048 2005 4101 ho-

348 4114 353 4123 ί
415 4120 577 4175 minis
606 4121 700 4177 Dei
724 4124 1093 4194 roboraretur,
1139 4145 1299 4199 quem
1325 4132 1440 4202 ipse
1466 4142 1593 4189 ante
1619 4150 1775 4189 sacro
1802 4136 2005 4206 baptis-

418 4221 563 4268 mate
616 4228 1052 4284 regeneraverat.
1109 4224 1423 4293 Accipiente
1493 4226 1677 4296 itaque
1742 4227 2003 4284 infantem

414 4306 597 4373 equite
631 4312 960 4377 venerando,
990 4328 1084 4368 seu
1116 4315 1184 4368 ad
1213 4317 1665 4383 benedicendum,
1691 4334 1788 4374 seu
1817 4320 1885 4375 ad
1914 4336 2005 4375 os-

414 4396 724 4461 culandum,
757 4402 1012 4470 antiquus
1040 4406 1232 4470 hostis,
1260 4408 1512 4462 omnibus
1546 4409 1704 4464 bonis
1725 4410 1999 4475 inimicus,

415 4488 644 4545 immisit
669 4505 809 4562 equo
840 4493 1177 4550 ferocitatem
1210 4518 1222 4551 :
1256 4501 1346 4568 qui
1372 4501 1475 4556 huc
1502 4501 1734 4572 illucque
1754 4504 2004 4559 dentibus

413 4580 694 4649 frendens,
724 4586 1060 4657 pedibusque
1089 4589 1401 4657 calcitrans,
1437 4602 1492 4647 et
1519 4601 1634 4650 toto
1663 4610 1890 4667 corpore
1921 4597 2005 4651 in-

414 4675 653 4741 saniens,
683 4677 1003 4735 inconsueto
1039 4680 1244 4752 impetu
1277 4700 1375 4755 per
1407 4700 1656 4757 campum
1695 4687 2003 4745 discurrere

413 4766 597 4836 rapit.
627 4766 779 4835 Quod
816 4772 1011 4840 pavida
1051 4788 1281 4829 cernens
1328 4785 1522 4843 mater,
1564 4779 1750 4834 oculos
1779 4782 2001 4848 avertit,

413 4873 483 4913 ne
510 4859 828 4916 morientem
858 4863 1069 4920 videret
1096 4865 1289 4932 ﬁlium,
1317 4884 1480 4938 quem
1511 4885 1704 4926 servus
1743 4871 1862 4936 Dei,
1895 4888 1999 4928 sae-

411 4950 593 5007 viente
621 4969 784 5024 equo,
816 4971 977 5011 manu
1011 4960 1252 5015 tenebat.
1280 4961 1507 5018 Familia
1534 4980 1665 5019 vero
1690 4981 1787 5036 pro
1826 4976 2004 5023 morte

411 5043 584 5109 pueri,
611 5045 698 5100 vel
732 5055 859 5102 caSu
891 5049 995 5105 viri
1026 5050 1143 5117 Dei,
1176 5060 1440 5121 strepere,
1485 5054 1762 5125 plangere,
1794 5058 2002 5129 ejulare

411 5149 518 5189 non
546 5135 773 5193 destitit.
805 5138 912 5194 Sed
938 5141 1162 5197 dextera
1184 5142 1410 5210 Christi,
1438 5161 1557 5216 qua:
1582 5146 1802 5204 Petrum
1834 5150 2001 5220 trepi-

413 5226 632 5285 dantem
681 5230 903 5298 levavit,
949 5247 1018 5287 ne
1066 5244 1405 5307 mergeretur
1451 5239 1506 5293 in
1543 5239 1725 5306 undis,
1773 5256 1999 5311 puerum

484 5375 509 5403 α
549 5362 853 5419 Rictrudem
902 5368 1129 5422 nomine.
1170 5370 1379 5425 Colitur
1422 5372 1490 5426 12
1523 5372 1666 5427 Maii.
1721 5373 1994 5429 Bonum).

412 5462 484 5473 —
505 5432 635 5500 Quae
660 5451 728 5490 an
768 5438 956 5491 eadem
983 5440 1053 5492 sit
1076 5456 1196 5494 cum
1226 5451 1408 5497 sancta
1439 5443 1697 5498 Rictrude
1726 5445 2000 5500 abbatissa

414 5504 771 5577 Marcianensi
800 5508 855 5561 in
888 5510 1054 5577 ipsius
1082 5510 1359 5568 Rictrudis
1390 5514 1512 5568 Vita
1541 5513 1763 5569 discutit
1793 5513 1994 5569 Mabill.

414 5576 534 5651 Act.
559 5592 683 5651 saec.
716 5594 789 5642 ιι,
822 5576 960 5651 part.
987 5598 1036 5642 ι,
1072 5597 1192 5651 pag.
1233 5583 1339 5638 946
1380 5592 1493 5638 not.

488 5645 513 5682 ι)
576 5645 787 5701 llabens
823 5645 889 5721 in
934 5645 1271 5721 ulnis-[ilium
1322 5670 1495 5707 suum.
1539 5653 1637 5709 Hic
1664 5663 1746 5708 est
1777 5665 1999 5711 sanctus

420 5713 751 5782 Maurontus,
786 5720 874 5787 qui
917 5713 1114 5777 colitur
1142 5723 1175 5776 5
1208 5723 1326 5777 Μιιὶἰ
1356 5743 1366 5777 :
1418 5739 1577 5795 quem
1620 5742 1649 5779 a
1688 5735 1875 5782 sancto
1900 5726 1995 5783 Ri-

2136 493 2383 549 oratione
2408 509 2437 547 a
2480 495 2686 549 famulo
2732 495 2826 550 Dei
2854 495 3017 562 facta,
3064 514 3200 568 puer
3248 499 3537 559 incolumis
3566 507 3727 574 quasi

2135 585 2347 641 avicula
2388 587 2638 656 pervenit
2666 588 2733 643 ad
2776 595 3003 655 terram,
3051 599 3107 645 et
3152 608 3326 663 equus
3354 595 3601 651 redditus
3641 606 3730 652 est

2134 680 2535 735 mansuetudini
2583 696 2713 735 sum.
2755 671 2836 735 'Et
2879 689 3055 738 mater
3097 684 3315 753 quidem
3358 687 3529 742 filium
3565 704 3728 744 suum

2135 786 2298 842 super
2342 781 2547 829 terram
2589 789 2780 829 sanum
2829 783 2883 831 et
2911 777 3177 832 ridentem
3214 780 3454 849 suscepit
3480 781 3535 835 in
3566 782 3727 838 ulnas

2132 875 2278 918 suas.
2310 863 2428 934 Ipse
2453 872 2634 920 tamen
2663 867 2918 922 sacerdos
2943 866 3039 922 Dei
3079 884 3185 923 non
3222 885 3363 940 equo
3400 871 3507 925 iter
3534 887 3723 943 agere,

2133 957 2227 1011 sed
2254 957 2421 1011 asello
2459 959 2899 1015 mansuetissimo
2936 976 3005 1015 ex
3046 976 3110 1017 eo
3140 970 3383 1033 tempore
3404 964 3596 1019 voluit.
3629 965 3726 1022 Sic

2132 1061 2262 1117 ergo
2287 1048 2580 1103 miserante
2601 1049 2734 1115 Deo,
2760 1052 2987 1107 tentatio
3013 1052 3233 1125 maligni
3262 1054 3433 1110 hostis
3461 1055 3537 1110 illi
3562 1072 3726 1114 versa

2130 1149 2213 1196 est
2248 1141 2301 1195 in
2342 1141 2517 1198 laudis
2544 1144 2845 1201 honorem:
2896 1154 2953 1201 et
2991 1148 3243 1217 superbia
3290 1149 3415 1217 equi
3458 1149 3606 1206 facta
3634 1159 3726 1208 est

2132 1233 2454 1289 humilitatis
2483 1236 2657 1306 gratia
2684 1245 2739 1291 et
2762 1237 3043 1309 magistra.
3078 1237 3214 1293 Nam
3254 1254 3360 1293 non
3388 1250 3505 1294 erat
3527 1241 3726 1298 imme-

2130 1339 2253 1380 mor
2293 1324 2582 1381 Dominum
2630 1326 2943 1394 Christum,
2988 1328 3117 1383 dum
3171 1330 3241 1384 ad
3288 1330 3723 1402 redemptionem

2128 1426 2447 1486 properaret
2465 1419 2685 1474 humani
2707 1421 2940 1491 generis,
2971 1421 3136 1477 asello
3157 1421 3262 1477 iter
3289 1423 3464 1495 egisse
3494 1423 3720 1495 (Manli.

2128 1510 2270 1580 ιιι),
2302 1526 2410 1565 non
2454 1527 2640 1581 equo:
2694 1513 2774 1567 sic
2821 1522 2876 1568 et
2926 1514 3062 1584 ipse,
3111 1524 3334 1586 propter
3382 1517 3724 1573 salutiferam

2127 1602 2587 1671 prmdicationcm,
2623 1604 2751 1659 dum
2795 1621 2893 1676 per
2936 1608 3105 1662 multa
3146 1609 3391 1679 quotidie
3435 1609 3725 1666 festinaret

2128 1693 2271 1759 loca,
2303 1695 2528 1750 asellum
2592 1697 2697 1752 sibi
2752 1698 3076 1767 portitorem
3130 1699 3378 1757 sufﬁcere
3429 1703 3718 1772 judicavit.

2277 1802 2457 1856 unque
2482 1796 2663 1842 autem
2689 1788 2796 1843 iter
2819 1791 3032 1860 agebat,
3057 1798 3153 1846 aut
3185 1792 3377 1861 psalmi
3406 1794 3457 1847 in
3481 1808 3578 1849 ore
3599 1793 3720 1863 ejus

2123 1880 2465 1942 resonabant,
2501 1889 2595 1935 aut
2634 1880 2823 1937 salutis
2863 1896 2931 1936 ex
2959 1897 3055 1938 ore
3102 1880 3218 1951 ejus
3257 1883 3574 1954 praedicatio
3615 1900 3717 1940 au-

2120 1974 2385 2030 diebatur.
2410 1973 2521 2029 Nec
2548 1974 2746 2029 mirum
2776 1975 2818 2029 si
2846 1973 3122 2031 Christum
3144 1991 3355 2046 semper
3385 1977 3717 2047 praedicaret

2120 2066 2325 2139 lingua,
2371 2082 2533 2137 quem
2580 2083 2794 2137 semper
2833 2069 3058 2137 gerebat
3085 2069 3139 2123 in
3170 2058 3348 2133 corde,
3406 2085 3506 2139 per
3551 2086 3716 2140 quem

2118 2159 2240 2229 pius
2266 2158 2577 2214 consolator
2600 2158 2816 2213 miseris
2839 2157 2942 2213 fuit
2960 2168 3015 2214 et
3045 2160 3212 2214 durus
3239 2159 3484 2214 invector
3519 2170 3715 2230 poten-

2121 2254 2305 2309 tibus:
2356 2244 2571 2307 morum
2612 2253 2845 2323 inopiam
2889 2252 3143 2309 clementi
3188 2254 3541 2309 miseratione
3578 2256 3717 2311 rele-

2117 2361 2268 2409 vans,
2302 2344 2530 2399 istorum
2570 2343 2883 2415 superbiam
2912 2359 3101 2400 severa
3144 2343 3503 2413 castigatione
3533 2346 3710 2415 repri-

2119 2456 2294 2496 mens.

2188 2580 2257 2635 X.
2298 2580 2433 2635 Nam
2463 2580 2696 2651 quodam
2735 2587 2977 2652 tempore
3018 2595 3116 2636 rex
3160 2580 3579 2649 potentissimus
3609 2579 3717 2633 Da-

2120 2670 2401 2740 gobertus,
2447 2677 2674 2739 rogante
2712 2669 2831 2725 viro
2873 2670 3070 2726 illustri
3117 2669 3441 2735 Gislemaro,
3490 2670 3711 2726 easdem

2116 2763 2302 2818 venire
2332 2761 2467 2834 [Al.,
2493 2761 2662 2835 venit]
2694 2763 2748 2817 in
2778 2751 2980 2832 partes,
3013 2772 3068 2818 et
3089 2764 3269 2818 virum
3298 2765 3412 2830 Dei,
3442 2772 3503 2818 ut
3525 2779 3587 2818 se
3614 2778 3703 2817 sa-

2116 2855 2418 2910 crosanctis
2463 2852 2579 2923 ejus
2625 2854 2965 2911 orationibus
2993 2857 3423 2919 commendaret,
3472 2857 3712 2912 invisere

2117 2948 2363 3019 contigit.
2394 2946 2563 3015 Quem
2594 2947 2709 3017 ipse
2749 2946 2984 3003 famulus
3013 2948 3106 3002 Dei
3148 2956 3203 3002 et
3244 2948 3552 3005 sanctitatis
3600 2963 3713 3003 sua:

2116 3040 2494 3096 benedictione
2524 3038 2824 3105 roboravit,
2854 3048 2908 3095 et
2937 3038 3260 3095 sacerdotali
3292 3039 3620 3095 auctoritate
3640 3040 3710 3094 li-

2113 3129 2243 3185 hera
2281 3144 2413 3184 voce
2460 3127 2764 3198 castigavit,
2812 3128 3137 3185 denuntians
3162 3129 3213 3185 ei
3254 3145 3322 3184 ne
3353 3129 3408 3183 in
3454 3129 3711 3185 saeculari

2114 3221 2421 3291 superbiret
2444 3220 2707 3291 potentia,
2740 3235 2808 3274 ne
2838 3220 2893 3274 in
2921 3219 3163 3292 fugitivis
3206 3229 3454 3291 speraret
3485 3220 3711 3289 divitiis,

2111 3326 2179 3365 ne
2206 3310 2362 3365 vanis
2389 3310 2727 3365 adulantium
2757 3309 3111 3367 extolleretur
3147 3311 3481 3386 rumoribus,
3521 3327 3593 3366 ne
3620 3329 3713 3367 ca-

2111 3402 2265 3457 ducis
2315 3401 2576 3473 gauderet
2626 3401 2954 3469 honoribus;
3010 3403 3105 3459 sed
3151 3403 3327 3473 magis
3358 3403 3452 3458 Dei
3496 3404 3715 3459 timeret

2109 3498 2435 3568 potentiam,
2485 3497 2737 3569 illiusque
2775 3499 3096 3553 immensam
3146 3498 3394 3555 laudaret
3440 3500 3708 3570 gloriam;

2109 3588 2403 3643 humanam
2429 3603 2559 3643 vero
2587 3588 2886 3658 potentiam
2911 3589 2994 3645 vel
3038 3590 3268 3661 gloriam
3304 3591 3507 3645 nullam
3553 3600 3712 3662 puta-

2109 3690 2215 3747 ret,
2261 3698 2383 3751 quze
2422 3683 2605 3737 subito
2641 3682 2790 3737 velut
2829 3683 3065 3739 volatilis
3112 3685 3302 3739 umbra
3358 3683 3601 3748 recedat,
3657 3692 3713 3740 et

2106 3784 2366 3845 tanquam
2395 3790 2584 3844 spuma
2607 3790 2770 3845 super
2790 3791 3007 3847 aquam,
3032 3776 3347 3831 tentationis
3370 3774 3533 3830 ﬂante
3569 3792 3703 3831 ven-

2107 3874 2180 3930 to,
2210 3874 2535 3921 evanescat:
2578 3874 2742 3937 atque
2772 3867 2877 3922 hoc
2902 3867 3081 3937 potius
3128 3866 3365 3921 timendo
3410 3867 3700 3937 cogitaret,

2106 3955 2233 4026 quia
2247 3964 2478 4025 potentes
2500 3964 2739 4026 potenter
2758 3965 3017 4011 tormenta
3032 3954 3469 4027 patientur(Sap.
3497 3973 3579 4026 vt,
3608 3958 3640 4011 7
3664 3956 3710 4029 ),

2104 4054 2179 4112 et,
2213 4048 2299 4101 cui
2324 4045 2441 4117 plus
2467 4046 2647 4111 datur,
2680 4045 2798 4117 plus
2821 4048 3050 4118 exigitur
3069 4047 3133 4101 ab
3163 4064 3222 4101 eo
3255 4047 3405 4118 (Luc.
3434 4065 3511 4103 xu
3534 4090 3549 4108 .
3592 4050 3706 4120 48).

2106 4136 2209 4204 Qui
2243 4147 2424 4192 autem
2453 4138 2542 4191 vix
2573 4136 2773 4192 suilicit
2794 4154 2893 4208 pro
2923 4155 2982 4194 se
3027 4139 3141 4193 solo
3168 4140 3436 4195 rationem
3470 4141 3704 4196 reddere

2106 4228 2220 4284 Deo
2250 4228 2304 4282 in
2337 4229 2425 4284 die
2450 4228 2663 4299 judicii,
2694 4229 2825 4300 quid
2851 4228 3018 4286 faciet
3044 4245 3143 4300 pro
3172 4238 3251 4285 tot
3275 4232 3559 4286 hominum
3588 4232 3711 4287 mil-

2104 4319 2244 4375 libus
2276 4320 2377 4389 ipsi
2407 4320 2714 4375 commissis
2741 4320 2876 4393 [Αι.,
2914 4321 3188 4391 quomodo
3217 4321 3425 4391 poterit
3477 4337 3712 4392 suppor-

2106 4424 2226 4468 tare
2256 4414 2523 4469 rationem
2550 4414 2780 4469 reddere
2810 4429 2910 4483 pro
2940 4414 3109 4469 tantis
3132 4413 3370 4469 millibus
3386 4415 3574 4484 populi
3603 4416 3710 4472 sibi

2108 4505 2446 4579 commissi]?
2499 4506 2727 4572 Idcirco,
2780 4508 3012 4578 quisque
3062 4508 3239 4579 magis
3283 4508 3479 4563 timere
3525 4518 3711 4580 potest

2104 4612 2365 4667 pneesse,
2389 4613 2552 4669 quam
2588 4598 2845 4655 subesse:
2872 4599 2999 4671 quia
3025 4600 3117 4670 qui
3142 4601 3351 4667 subest,
3379 4616 3480 4670 pro
3506 4617 3569 4657 se
3592 4601 3711 4659 solo

2106 4690 2377 4746 rationem
2412 4692 2601 4747 reddet
2627 4693 2740 4747 Deo
2766 4710 2779 4747 :
2830 4693 2925 4763 qui
2956 4704 3140 4749 autem
3169 4702 3431 4765 praesunt,
3465 4710 3567 4765 pro
3589 4712 3710 4751 om-

2104 4781 2266 4837 nibus
2301 4784 2564 4839 reddituri
2603 4794 2751 4851 sunt,
2775 4786 2869 4857 qui
2908 4785 3008 4841 sub
3033 4801 3220 4842 eorum
3266 4796 3392 4842 sunt
3432 4797 3709 4858 potestate

2103 4875 2405 4931 constituti.
2437 4875 2554 4944 Qua
2583 4878 2942 4949 castigatione
2970 4895 3087 4943 rex,
3128 4888 3187 4935 ut
3217 4880 3317 4934 fuit
3346 4882 3698 4951 sapientissi-

2107 4986 2250 5034 mus,
2276 4971 2509 5043 benigne
2537 4981 2809 5043 suscepta,
2840 4974 3082 5045 gaudens
3106 4973 3223 5043 ejus
3249 4975 3421 5032 libera
3449 4978 3705 5033 veritatis

2100 5062 2321 5129 ﬁducia,
2357 5064 2517 5135 180
2563 5066 2900 5122 sacerdotem
2941 5066 3145 5123 Christi
3186 5082 3369 5124 secum
3397 5070 3467 5124 ad
3508 5071 3703 5126 convi-

2103 5156 2250 5212 vium
2281 5157 2472 5212 venire
2506 5158 2734 5229 rogavit.
2770 5156 2873 5227 Qui
2904 5157 3107 5216 Christi
3137 5160 3477 5218 confortatus
3515 5178 3705 5219 exem-

2103 5245 2213 5316 plo,
2241 5245 2584 5303 saecularium
2624 5263 2733 5305 non
2759 5250 3064 5321 respuentis
3089 5251 3359 5317 convivia,
3404 5261 3467 5307 ut
3491 5254 3703 5323 pradi-

2104 5378 2290 5457 chario
2319 5393 2450 5457 _per_
2483 5395 2700 5457 sacrum
2758 5383 3038 5457 baptism};
3096 5384 3263 5441 fuisse
3316 5397 3704 5457 regeneratum

2104 5448 2293 5503 scribit
2318 5448 2626 5506 Hucbaldus
2652 5448 2953 5510 monachus
2982 5455 3304 5511 Elnonensis
3329 5448 3536 5512 ianita
3566 5475 3703 5514 san-

2103 5526 2203 5573 ctze
2233 5520 2526 5576 Rictrudis.
2568 5523 2665 5579 Est
2689 5532 2871 5580 autem
2909 5526 3049 5581 alius
3074 5542 3104 5580 a
3145 5526 3390 5582 Maronto
3430 5528 3703 5585 silvarum

2104 5589 2250 5671 regis
2298 5600 2428 5671 tunc
2470 5596 2889 5671 servatore_,__de
2930 5612 3038 5671 quo
3065 5596 3390 5671 Amorginfra
3436 5615 3588 5653 num.
3632 5599 3697 5671 il

2103 5661 2594 5789 agigrzgquann.
2622 5696 2691 5706 --
2716 5665 2850 5723 Vide
2872 5661 3038 5724 etiam
3065 5667 3263 5725 Mabill.
3295 5668 3414 5726 loco
3438 5671 3491 5725 in
3522 5670 3703 5741 priori

2104 5747 2174 5785 no
2267 5747 2315 5788 Cl
2402 5749 2454 5789 ο.
2548 5752 2551 5755 ·

2104 5747 2233 5787 nom
2267 5747 2454 5789 cntato.
2548 5752 2551 5755 ’
