4044 6340
299 317 405 380 689

1261 309 1842 371 HAGIOGRAPHICA.
1884 339 1954 353 -—
1992 308 2153 368 VITA
2195 310 2252 367 Β.
2295 308 2621 370 RlCHARll.
2665 362 2672 370 .

3360 318 3559 375 ‘690

296 433 531 493 cationis
581 438 822 489 sumeret
865 428 1229 495 occasionem,
1285 429 1432 483 venit
1459 443 1582 482 cum
1638 440 1763 497 rege
1811 425 1880 480 ad
1906 430 1959 491 Α
1984 426 2198 481 niorum
2245 434 2299 479 et
2338 425 2643 496 vigiliarum
2671 425 2991 482 assiduitate
3018 410 3332 494 maceravit,
3382 440 3441 485 ut
3471 434 3562 487 vix

296 542 540 584 mensam
567 524 705 595 ejus,
745 532 967 594 totaque
996 522 1083 577 die
1107 520 1197 576 illa
1239 527 1296 574 et
1319 527 1498 584 nocte,
1528 520 1668 572 inter
1694 516 1882 587 epulas

295 616 518 683 laetitiae,
549 618 777 672 verbum
808 616 903 670 Dei
941 615 1109 685 dapes
1157 610 1463 668 salutiferas
1486 611 1728 667 convivis
1770 609 1883 665 suis

295 710 646 768 ministravit.
701 708 867 778 Cujus
913 706 1217 764 constantia
1267 722 1478 761 morum
1521 713 1577 759 et
1626 704 1881 759 instantia

295 800 694 876 praedicationis
717 798 972 869 prtefatus
1001 814 1098 854 rex
1130 797 1452 862 delectatus,
1479 797 1645 866 coepit
1664 812 1784 851 eum
1815 810 1884 850 ex

297 891 479 946 animo
505 906 708 956 amare,
740 899 795 945 et
838 891 1045 945 honore
1083 888 1335 959 prosequi
1358 887 1412 941 in
1441 896 1672 952 tantum,
1716 893 1777 940 ut
1819 900 1883 941 ea

297 984 416 1053 ipsa
443 983 531 1038 die
560 982 763 1053 aliquid
792 982 857 1037 de
894 996 1060 1037 censu
1084 996 1185 1036 suo
1223 993 1249 1021 ει
1274 980 1343 1035 ad
1370 978 1659 1034 luminaria
1692 978 1884 1034 domus

295 1073 394 1130 Dei
433 1074 784 1139 condonaret,
812 1082 991 1130 ratum
1018 1072 1317 1138 aestimans,
1352 1079 1411 1126 ut
1437 1070 1576 1127 sicut
1606 1070 1721 1140 ipse
1748 1069 1886 1124 invi-

293 1165 442 1223 sibili
485 1164 886 1235 praedicationis
929 1163 1132 1219 lumine
1160 1163 1229 1217 ab
1256 1177 1323 1217 eo
1365 1161 1695 1216 illuminatus
1719 1165 1882 1225 esset,

294 1258 379 1313 sic
392 1257 593 1312 visibili
622 1256 740 1312 luce
768 1272 865 1327 per
887 1270 1009 1311 eum
1037 1254 1230 1310 domus
1250 1253 1464 1307 Domini
1488 1251 1879 1307 illustraretur:

294 1361 355 1406 et
379 1351 523 1422 quod
549 1350 695 1406 intus
722 1350 773 1405 ei
804 1348 1044 1421 fulgebat
1077 1349 1131 1403 in
1165 1347 1290 1411 ﬁde,
1329 1347 1435 1403 hoc
1463 1345 1597 1401 foris
1624 1344 1885 1416 fulgesce-

292 1449 389 1496 ret
412 1442 465 1496 in
489 1442 763 1509 Ecclesia;
792 1456 1003 1496 memor
1020 1437 1594 1512 prmeepti'Dominici,
1619 1451 1726 1506 quo
1751 1436 1886 1491 dici-

295 1541 434 1589 tur:
467 1531 556 1588 Sic
602 1532 773 1587 luceat
800 1531 893 1587 lux
940 1542 1109 1587 vestra
1152 1546 1332 1586 coram
1360 1528 1674 1593 hominibus,
1721 1536 1778 1582 ut
1808 1529 1884 1583 vi-

292 1624 460 1678 deant
476 1640 633 1694 opera
656 1634 824 1678 vestra
839 1624 993 1690 bona,
1022 1632 1070 1677 et
1089 1621 1379 1693 gloriﬁcent
1406 1619 1619 1675 Patrem
1634 1630 1882 1687 vestrum,

287 1716 389 1785 qui
412 1716 469 1768 in
494 1714 635 1770 caelis
678 1724 755 1769 est
796 1712 1013 1786 (Matth.
1046 1730 1103 1780 v,
1137 1712 1247 1784 16).
1273 1713 1515 1781 Itemque
1542 1712 1598 1766 in
1636 1712 1883 1781 psalmo:

1982 531 2106 571 ossa
2142 517 2349 571 arentia
2393 516 2669 586 dissipatis
2690 518 2965 587 juncturis
2990 520 3093 574 sibi
3121 520 3480 588 adhmrerent,
3510 534 3565 577 et

1985 608 2277 663 trementia
2299 608 2490 664 baculo
2522 618 2742 675 regente
2777 611 3002 680 vestigia
3048 612 3262 669 diﬂicile
3295 624 3560 670 moveret.

1983 699 2103 753 Jam
2146 706 2326 752 mente
2357 698 2552 753 smculo
2593 700 2784 771 major.
2819 701 2930 755 sola
2956 702 3199 758 ccelestia
3230 720 3446 774 semper
3472 719 3573 760 cos

1983 791 2207 864 gitabat,
2251 798 2622 859 quantumque
2671 793 2872 846 mundo
2917 793 3143 859 alienus,
3196 803 3405 849 tantum
3451 796 3564 852 Deo

1982 882 2262 953 proximus
2290 890 2425 945 erat,
2476 880 2624 935 illum
2668 882 2909 951 quotidie
2944 884 3168 940 vincens
3198 885 3252 939 in
3299 901 3502 950 eremo,
3531 903 3567 941 a

1985 988 2093 1045 quo
2119 972 2289 1027 Adam
2316 972 2445 1027 olim
2471 972 2647 1027 victus
2686 980 2769 1027 est
2796 973 2850 1027 in
2882 976 3133 1044 paradiso
3161 994 3173 1029 :
3217 992 3381 1046 super
3415 977 3566 1047 aspi-

1986 1067 2107 1121 dem
2134 1073 2190 1120 et
2214 1064 2527 1120 basiliscum
2556 1063 2858 1129 ambulans,
2892 1076 3052 1136 caput
3084 1068 3324 1137 quotidie
3353 1069 3567 1139 antiqui

1985 1166 2273 1215 conterens
2295 1157 2583 1228 serpentis,
2620 1156 2936 1226 temporalia
2960 1166 3331 1224 contemnens,
3362 1166 3569 1214 azterna

1986 1252 2100 1308 sola
2127 1251 2425 1321 suspirans,
2465 1248 2667 1305 scalam
2712 1248 3030 1304 somniantis
3066 1246 3230 1303 Jacob
3255 1249 3400 1303 omni
3430 1250 3570 1305 hora

1988 1343 2305 1405 ascendens,
2336 1349 2499 1410 atque
2525 1354 2623 1410 per
2655 1346 2939 1409 angustam
2981 1339 3145 1404 viam,
3175 1354 3293 1409 quae
3324 1340 3472 1395 ducit
3497 1340 3573 1395 ad

1986 1430 2179 1494 vitam,
2210 1429 2483 1494 incedens,
2511 1428 2615 1482 iter
2660 1444 2816 1482 suum
2848 1427 3081 1483 assiduis
3109 1429 3339 1483 munivit
3365 1435 3577 1487 oratio—

1988 1524 2168 1579 nibus.
2202 1522 2313 1578 Nec
2343 1523 2525 1578 clausa
2562 1530 2743 1577 tamen
2788 1523 2956 1577 eremi
3003 1527 3271 1594 angustia,
3313 1524 3447 1580 lucis
3478 1540 3579 1581 co-

1989 1616 2173 1671 lumna
2203 1615 2370 1670 latere
2406 1615 2612 1686 potuit;
2661 1616 2791 1685 quin
2820 1618 2998 1686 potius
3037 1618 3122 1672 sui
3156 1620 3309 1689 181
3345 1617 3581 1689 fulgoris

1990 1706 2157 1762 radiis
2182 1706 2339 1776 longe
2361 1706 2574 1777 lateque
2601 1707 2774 1776 magis
2800 1708 3052 1762 innotuit.
3096 1708 3436 1780 Quapropter
3467 1728 3575 1765 un.

287 1810 369 1865 In
391 1810 592 1865 lumine
612 1820 701 1865 tuo
742 1810 1030 1865 uidebimus
1060 1807 1235 1862 lumen
1270 1805 1443 1878 (Psal.
1473 1822 1639 1871 xxxv,
1672 1805 1795 1876 10);
1835 1805 1889 1860 id
1920 1788 1966 1850 Β
1991 1800 2156 1871 dique
2194 1800 2262 1854 ad
2306 1800 2581 1855 hominem
2613 1800 2708 1854 Dei
2742 1801 2969 1857 diversis
3006 1800 3214 1873 fatigati
3242 1804 3583 1861 inﬁrmitati-

285 1912 404 1968 est,
433 1904 487 1958 in
519 1903 722 1958 lumine
746 1902 892 1967 ﬁdei,
914 1902 1059 1971 quod
1088 1899 1255 1970 fulget
1292 1899 1345 1953 in
1374 1906 1576 1963 mente,
1608 1898 1790 1953 lumen
1812 1896 1891 1951 fo-

296 1993 383 2047 ris
426 1992 707 2058 scintillat,
736 1990 878 2061 quod
912 1990 1237 2060 splendescit
1275 1989 1328 2042 in
1355 2003 1537 2057 opere.

373 2082 466 2137 Xl.
507 2082 716 2136 Exinde
754 2089 936 2136 autem
974 2079 1209 2134 famulus
1252 2078 1370 2143 Dei,
1411 2078 1536 2148 quia
1565 2078 1632 2132 ab
1662 2076 1891 2131 homini-

284 2176 401 2231 bus
446 2175 834 2238 honorabatur,
878 2172 1127 2227 homines
1166 2170 1356 2242 fugere
1405 2169 1786 2242 meditabatur,
1830 2173 1893 2222 ut

286 2268 540 2323 honores
585 2262 913 2334 temporales
958 2240 1302 2325 declinando,
1341 2260 1577 2314 honores
1622 2240 1894 2327 scciperet

288 2365 631 2430 perpetuos:
680 2368 1035 2424 eremumque
1080 2350 1408 2421 concupivit,
1458 2356 1727 2420 quatenus
1758 2349 1893 2404 libe-

289 2451 418 2504 rius
467 2447 565 2503 soli
613 2447 724 2502 Deo
774 2452 1015 2510 vacaret,
1070 2451 1126 2499 et
1166 2442 1612 2513 contemplativos
1641 2450 1894 2512 carperet

288 2539 533 2605 fructus,
565 2539 655 2609 qui
686 2537 751 2592 ad
796 2538 851 2592 id
887 2551 1058 2605 usque
1083 2535 1343 2606 temporis
1382 2535 1438 2589 in
1467 2535 1702 2591 actuosis
1749 2535 1893 2589 haud

291 2634 544 2705 segniter
568 2631 861 2687 desudarat
893 2649 906 2684 :
945 2630 1124 2685 sciens
1145 2646 1175 2684 a
1202 2629 1430 2683 Domino
1453 2629 1656 2683 dictum
1684 2627 1751 2682 de
1782 2626 1892 2682 Ma-

293 2726 389 2782 ria
415 2726 638 2781 sedente
666 2739 824 2780 secus
848 2724 1015 2793 pedes
1052 2720 1188 2791 ejus,
1215 2730 1271 2775 et
1305 2722 1529 2776 verbum
1555 2720 1681 2775 vitae
1712 2727 1895 2774 atten—

294 2821 415 2877 tius
453 2819 743 2874 audiente:
796 2816 1061 2888 Optimam
1093 2824 1295 2887 partem
1342 2814 1494 2885 elegit
1542 2815 1641 2869 sibi
1694 2812 1890 2879 Maria,

294 2926 422 2984 quae
471 2927 574 2965 non
616 2909 889 2978 auferetur
934 2908 998 2961 ab
1048 2924 1110 2961 ea
1154 2906 1305 2977 (Luc.
1338 2922 1396 2970 x,
1443 2905 1556 2976 4'2).
1616 2904 1895 2975 Hujusque

294 3016 515 3057 memor
540 3001 843 3067 sententize,
868 2999 1225 3054 monasticam
1274 2997 1364 3070 [Id
1408 3007 1503 3063 est,
1531 2995 1892 3069 eremiticam]

294 3095 473 3149 vitam
500 3092 655 3163 petit,
688 3107 795 3162 quo
821 3092 1082 3146 secretius
1109 3090 1221 3145 sola
1246 3089 1491 3145 coelestia
1517 3098 1697 3143 mente
1728 3089 1893 3143 rima-

296 3196 480 3251 retur,
512 3185 766 3240 Ecclesiaa
787 3185 1029 3255 regimen
1058 3184 1086 3223 ι)
1117 3182 1272 3237 alteri
1307 3181 1545 3247 tradens,
1587 3196 1749 3251 quam
1778 3181 1893 3251 ipse

299 3281 359 3335 in
388 3279 614 3334 Centula
642 3278 762 3333 vico
791 3277 1010 3333 Christo
1049 3276 1388 3331 fundaverat.
1431 3275 1605 3331 Porro
1628 3273 1897 3330 Gislcma-

298 3392 421 3439 rus,
465 3375 550 3430 vir
598 3374 827 3429 illustris
875 3382 930 3429 et
975 3372 1298 3429 Christianae
1346 3372 1621 3443 religionis
1670 3372 1897 3427 devotus

300 3473 543 3531 amator,
571 3465 732 3521 simul
757 3473 811 3520 et
834 3464 1169 3527 Maurontus,
1213 3462 1411 3517 nobilis
1452 3462 1672 3532 quidam
1697 3462 1802 3527 vir,
1842 3469 1898 3516 et

300 3567 580 3613 terrarum
601 3558 685 3613 vel
714 3544 971 3613 silvarum
1000 3556 1068 3611 ad
1095 3570 1277 3626 regem
1300 3554 1689 3623 pertinentium
1715 3567 1897 3608 serva-

301 3658 420 3715 tor,
447 3651 799 3720 prtebuerunt
818 3649 867 3704 ei
899 3648 1076 3703 locum
1105 3647 1359 3701 manendi
1377 3658 1398 3685 ε
1427 3646 1479 3699 in
1511 3645 1643 3700 silva
1665 3642 1899 3699 Criscia-

301 3743 459 3798 censi
490 3740 686 3814 [Edit.,
734 3738 1132 3810 Tristiacensil.
1184 3737 1284 3805 Qui
1332 3744 1388 3792 et
1433 3737 1548 3807 ipse
1583 3736 1898 3790 Maurontus

300 3847 521 3910 postea,
572 3835 820 3891 szeculari
849 3834 1039 3889 habitu
1083 3833 1345 3902 deposito,
1379 3829 1679 3886 monachus
1724 3828 1900 3885 factus

300 3940 393 3986 est
425 3930 477 3983 in
513 3930 702 3983 eodem
731 3927 851 3983 loco
878 3946 891 3981 :
921 3941 1151 3996 cumque
1173 3926 1289 3980 viro
1320 3924 1412 3979 Dei
1446 3923 1783 3978 mansionem
1813 3937 1902 3977 so-

302 4021 549 4078 litariam
595 4026 972 4100 praeparasset2
1012 4016 1228 4073 Christo
1271 4014 1298 4055 ἀ
1333 4014 1723 4071 monasterium
1770 4028 1901 4068 con-

303 4122 526 4169 struere
556 4112 848 4167 inchoavit.

384 4204 497 4259 ΧΠ.
537 4204 632 4260 Vir
673 4205 836 4276 igitur
870 4203 965 4259 Dei
994 4201 1385 4259 habitationem
1415 4202 1561 4257 illam
1596 4213 1618 4241 θ
1648 4217 1769 4257 cum
1793 4216 1901 4257 uno

303 4295 430 4353 solo
454 4294 819 4351 commilitone
847 4296 1122 4366 ingressus
1147 4303 1267 4360 est,
1309 4310 1477 4366 parvo
1508 4301 1716 4349 tantum
1750 4302 1903 4365 tugu-

302 4389 584 4456 riunculo,
610 4388 874 4444 vilissimo
907 4404 1070 4459 opere
1114 4388 1278 4454 facto,
1312 4396 1602 4443 contentus
1650 4396 1713 4441 nt
1740 4386 1899 4442 habi-

301 4482 450 4537 tatio
474 4483 596 4537 vita:
626 4481 972 4545 conveniret;
1022 4479 1351 4549 superﬂuum
1391 4480 1671 4535 aestimans
1718 4478 1898 4533 smculi

302 4583 743 4646 contemptorem
787 4573 991 4645 aliquid
1031 4573 1209 4629 saeculi
1242 4573 1558 4629 deliciarum
1605 4573 1806 4628 habere
1847 4581 1905 4627 et

300 4668 503 4724 videre
531 4665 666 4740 [Al.,
692 4667 896 4721 habere
936 4665 1105 4733 velle;
1140 4666 1291 4735 forte,
1324 4665 1409 4721 vel
1454 4664 1633 4738 velle].
1671 4665 1742 4718 At
1771 4665 1901 4721 inibi

303 4768 470 4816 tanta
498 4774 555 4815 se
596 4758 1013 4815 mortiﬁcatione
1041 4758 1224 4814 carnis
1259 4758 1564 4828 castigavit,
1592 4765 1739 4812 tanta
1763 4754 1903 4827 jeju-

386 4926 419 4955 ι
457 4913 537 4967 Ad
567 4912 851 4967 luminaria
875 4913 1062 4968 domus
1090 4912 1207 4967 Dei.
1236 4912 1439 4982 Nempe
1467 4910 1711 4967 ecclesiae
1739 4926 1902 4981 quam

304 4986 368 5041 in
399 4984 521 5039 vico
565 4983 789 5039 Centula
830 4984 1164 5046 fundaverat,
1195 4992 1253 5037 ut
1280 4984 1478 5037 dicitur
1515 4999 1665 5039 num.
1699 4998 1813 5052 seq.
1844 4983 1902 5038 In

301 5057 524 5111 Chron.
555 5052 793 5119 Centul.,
822 5055 916 5109 lib.
951 5071 1022 5118 tv,
1054 5072 1173 5124 cap.
1198 5055 1259 5108 ει
1278 5096 1291 5118 ,
1316 5054 1516 5108 dicitur
1538 5054 1904 5123 Dagobertum

300 5127 554 5181 donasse
580 5134 774 5179 terram
801 5125 1048 5179 vocabulo
1075 5124 1439 5195 Campaniam.

390 5197 420 5236 ιι
460 5194 648 5250 Alteri.
690 5193 1294 5259 Ocialdovidelioet,'de
1320 5210 1427 5264 quo
1458 5193 1596 5249 infra
1626 5210 1778 5249 num.
1811 5193 1900 5260 14,

300 5282 482 5339 quem
508 5265 802 5331 Hariulfus,
830 5266 968 5339 libro
998 5284 1046 5331 ι,
1079 5281 1198 5336 cap.
1228 5266 1319 5331 l9,
1362 5265 1540 5320 virum
1566 5264 1821 5335 perfecta:
1847 5272 1904 5318 et

298 5338 563 5410 probata:
595 5338 904 5410 sanctitatis
927 5344 1101 5410 vocat.

392 5420 418 5447 ε
463 5406 532 5461 1η
560 5407 689 5461 silva
720 5407 1081 5463 Crisciacensi.
1116 5407 1312 5461 Decem
1342 5406 1577 5461 millibus
1617 5420 1899 5476 passuum,

299 5477 658 5537 occidentem
686 5496 895 5545 versus,
943 5496 971 5532 a
1006 5478 1230 5534 Centula
1272 5478 1437 5531 distat
1489 5478 1605 5531 haec
1656 5477 1809 5531 silva.
1844 5476 1903 5530 In

302 5551 485 5609 editis
532 5560 786 5619 corrupte
816 5551 1098 5619 legebatur
1143 5548 1275 5602 silva
1307 5547 1708 5619 Tristiacensis;
1754 5547 1906 5618 prior

302 5567 485 5609 θαιιιε
532 5567 786 5619 corrupte
818 5567 864 5603 ιε
905 5567 1098 5603 ευίηιιι·
1143 5567 1275 5602 suva
1312 5567 1708 5612 ινιδιιαεεηδιε;
1754 5567 1906 5618 ριίοτ

300 5622 470 5680 enim
496 5621 679 5683 lectio,
705 5629 841 5675 teste
869 5567 1109 5684 gMabilL,
1142 5620 1371 5673 habetur
1407 5620 1458 5672 in
1487 5618 1739 5673 omnibus
1779 5634 1907 5688 apo-

350 5692 564 5760 raphis.
610 5691 745 5747 Hinc
775 5689 1514 5761 corrigendusMalbrancus,
1548 5690 1645 5761 qui
1676 5688 1815 5744 libro
1842 5705 1905 5744 nt

349 5779 391 5819 ε
444 5761 685 5827 Morinis,
716 5778 837 5833 cap.
864 5760 958 5829 59’,
1001 5776 1069 5817 ex
1116 5760 1206 5817 illa
1246 5770 1502 5832 corrupta
1543 5760 1774 5817 lectione
1820 5761 1909 5823 hic

1930 4524 1983 4587 D

1990 1893 2091 1947 bus
2120 1890 2519 1957 conﬂuxerunt,
2554 1906 2689 1960 quos
2716 1898 3024 1947 sanctarum
3066 1894 3348 1949 medicinis
3370 1897 3581 1953 oratie~

1992 2003 2120 2043 num
2149 1988 2361 2042 sanavit
2380 2005 2394 2053 ;
2412 2002 2706 2056 omnesque
2733 1987 2799 2041 ad
2826 2002 2883 2042 se
2912 2003 3249 2058 quocumque
3272 1990 3463 2050 morbo
3490 1994 3579 2049 af.

1992 2076 2167 2132 ﬂictos
2200 2077 2498 2143 venientes,
2522 2075 2605 2130 vel
2628 2076 2862 2130 tristitiae
2891 2075 3180 2146 cujuslibet
3212 2096 3439 2140 rancore
3477 2098 3580 2137 au-

1994 2170 2281 2241 gustiatos,
2310 2185 2471 2224 sanos
2484 2169 2753 2223 ethilares
2775 2171 2994 2224 domum
3018 2185 3268 2227 remeare.
3289 2173 3443 2229 fecit:
3480 2189 3587 2230 nec

1994 2262 2047 2318 in
2065 2263 2224 2318 domo
2247 2261 2437 2316 salutis
2450 2261 2541 2315 diu
2558 2262 2781 2316 morbus
2802 2278 3023 2318 manere
3047 2264 3237 2329 valuit,
3264 2265 3360 2319 sed
3378 2277 3585 2338 quanto

1990 2356 2214 2429 propius
2239 2356 2458 2421 acessit,
2474 2363 2624 2409 tanto
2637 2356 2876 2411 velocius
2902 2359 3145 2415 recessit.
3178 2360 3309 2416 Mihi
3325 2379 3457 2419 vero
3473 2356 3582 2419 non

1993 2447 2234 2519 singulas
2258 2448 2520 2501 virtutum
2552 2448 2671 2518 ejus
2708 2449 2916 2521 species
2953 2451 3277 2509 nominatim
3315 2471 3585 2515 enarrare

1992 2541 2327 2612 propositum
2346 2549 2450 2604 est,
2472 2539 2566 2593 sed
2589 2539 2715 2594 vitaz
2746 2540 3088 2596 sanctitatem
3112 2548 3306 2613 paucis
3325 2547 3588 2619 perstrinv

1994 2644 2121 2701 gere
2150 2628 2352 2693 verbis,
2396 2642 2465 2681 ne
2513 2627 2712 2697 eloquii
2744 2629 2851 2685 mei
2892 2630 3150 2689 tarditate
3194 2636 3470 2705 multiplex
3514 2636 3588 2692 si-

1993 2738 2223 2794 gnorum
2249 2737 2345 2792 per
2373 2735 2500 2775 eum
2529 2728 2805 2791 gestorum
2842 2720 2986 2779 fama
3029 2727 3206 2796 magis
3244 2728 3588 2798 obscuretur,

1994 2832 2155 2888 quam
2200 2816 2468 2872 laudetur.

2610 2908 2839 2966 CAPUT
2886 2912 2972 2966 Ill.

1996 2997 2129 3052 Pius
2155 2999 2344 3053 obitus.
2369 2999 2616 3070 Corporis
2652 3000 2930 3055 translatio
2958 3000 3254 3059 Centulam.
3297 3006 3587 3066 Mimcnla.

2070 3098 2201 3153 Xlll.
2233 3100 2553 3155 Doctoribus
2596 3116 2725 3172 ergo
2768 3102 2858 3156 illa
2895 3104 3223 3175 relinquenti
3257 3106 3392 3178 [Al.,
3420 3110 3592 3165 relin—

2000 3194 2215 3267 quens],
2254 3210 2359 3264 quo
2391 3195 2499 3250 ﬁne
2534 3211 2778 3266 praesens
2822 3197 2928 3253 hoc
2977 3201 3231 3256 saeculum
3269 3215 3455 3261 sancta
3502 3207 3599 3264 illa

1997 3292 2179 3348 anima
2200 3292 2523 3359 deseruerit,
2552 3293 2727 3348 solum
2756 3296 2889 3350 mihi
2919 3297 3103 3353 dicere
3128 3299 3375 3355 suﬁiciat.
3404 3299 3596 3370 Itaque

2000 3380 2245 3453 [auctore
2272 3381 2472 3452 Spiritu
2515 3392 2726 3449 sancto,
2758 3400 2865 3453 quo
2900 3402 3115 3457 semper
3159 3399 3440 3461 vegetatus
3483 3390 3598 3463 est}

1997 3472 2257 3541 praescius
2301 3472 2407 3527 diei
2453 3474 2789 3530 evocationis
2836 3492 2970 3543 sua},
3000 3494 3105 3547 qua
3152 3479 3465 3535 felicitatem
3500 3484 3599 3538 diu

1999 3563 2361 3617 desideratam
2392 3572 2711 3634 accepturus
2737 3576 2878 3631 erat,
2927 3577 2987 3622 ut
3021 3578 3169 3624 esset
3214 3585 3428 3641 semper
3456 3587 3591 3628 conu

1989 3650 2213 3722 junctus
2254 3652 2386 3725 [Al.,
2432 3652 2828 3728 adjungendus]
2879 3656 3116 3724 Christo,
3165 3675 3325 3729 quem
3376 3676 3599 3733 semper

2000 3752 2278 3802 amaverat
2309 3765 2322 3799 :
2353 3745 2566 3799 vocavit
2593 3746 2660 3799 ad
2688 3761 2748 3801 se
2773 3746 3129 3818 Sigobardum
3168 3751 3596 3809 commilitonem

1999 3850 2178 3901 suum,
2222 3835 2465 3904 dixitque
2519 3836 2615 3890 ei:
2663 3835 2808 3901 Scio,
2866 3837 2939 3892 ﬁli
2991 3840 3084 3903 mi,
3116 3840 3229 3894 scio
3270 3842 3412 3909 quod
3466 3842 3598 3900 ﬁnis

2001 3942 2154 3982 meus
2184 3942 2290 3982 non
2322 3928 2518 3994 tardat,
2559 3937 2615 3983 et
2641 3944 2823 4000 regem
2870 3946 3069 3995 meum,
3115 3947 3276 4001 quem
3324 3935 3415 3989 diu
3460 3950 3593 3990 con.‘

2000 4018 2201 4087 cupivi,
2232 4018 2394 4072 citius
2420 4017 2615 4074 viJebo
2644 4036 2656 4073 :
2688 4029 2745 4074 et
2770 4020 2976 4074 utinam
3001 4028 3111 4073 tam
3136 4024 3426 4093 prepitium
3457 4025 3595 4082 mihi

2002 4126 2160 4167 servo
2185 4127 2283 4166 suo
2311 4111 2543 4177 videam,
2573 4126 2737 4181 quam
2763 4112 3174 4167 desiderabilem
3221 4117 3428 4171 sanctis
3455 4117 3596 4173 suis.

2004 4202 2111 4262 Sed
2142 4212 2221 4270 tu,
2246 4204 2321 4259 ﬁli
2347 4204 2440 4270 mi,
2472 4218 2716 4275 praepara
2762 4204 3040 4260 vasculum
3067 4208 3278 4277 corpori
3310 4207 3443 4278 ML,
3474 4222 3599 4263 cor-

2002 4295 2248 4369 pusculo]
2277 4311 2416 4361 meo,
2457 4311 2565 4365 quo
2608 4296 2894 4360 condatur,
2946 4312 3051 4351 non
3090 4298 3362 4368 superﬂuo
3391 4300 3596 4369 studio,

2003 4389 2097 4443 sed
2126 4387 2436 4441 necessario
2454 4402 2579 4451 usu,
2594 4395 2657 4440 ut
2678 4386 2786 4441 illic
2807 4398 3053 4442 servetur
3075 4388 3127 4442 in
3151 4390 3300 4446 illum
3324 4390 3465 4445 diem
3486 4406 3600 4460 quo

2005 4476 2307 4547 corruptela
2336 4477 2453 4531 lnec
2478 4484 2724 4531 vertatur
2753 4478 2807 4531 in
2839 4478 3321 4553 incorruptionem,
3359 4489 3414 4536 et
3452 4498 3604 4539 moro

2006 4570 2109 4625 tale
2151 4570 2255 4624 hoc
2283 4569 2536 4624 induatur
2564 4568 2970 4622 immortalitate
3011 4568 3065 4639 (I
3104 4569 3225 4623 Cor.
3271 4586 3361 4637 xv,
3387 4571 3498 4644 55).
3526 4572 3602 4630 Et

1999 4678 2131 4735 para
2155 4669 2208 4717 te
2233 4677 2356 4716 cum
2383 4661 2530 4716 omni
2581 4661 2882 4731 diligentia,
2924 4660 3234 4716 dulcissime
3283 4662 3378 4730 ﬁli,
3412 4673 3471 4719 ut
3500 4666 3602 4726 ubi

2000 4757 2115 4813 dies
2141 4757 2254 4825 illa,
2284 4772 2403 4827 qua:
2430 4755 2566 4811 mihi
2595 4755 2758 4807 modo
2779 4754 3193 4824 appropinquat,
3228 4756 3321 4811 tibi
3354 4738 3617 4821 advehe...

2002 4913 2105 4971 sibi
2132 4913 2457 4986 imaginatus
2484 4919 2569 4986 est
2595 4909 2786 4986 silvam
2810 4908 3145 4986 Nepiensem
3174 4915 3240 4969 ad
3267 4913 3478 4975 Lig’iam
3501 4919 3604 4975 nu,

2004 4986 2169 5047 vium,
2195 4970 2293 5054 ubi
2326 4983 2612 5054 Richarius
2648 4970 2955 5054 coenobium
3003 4981 3308 5054 Broilense,
3346 4970 3605 5045 Ῑὶόἱῖίειῖιῖά

2006 5054 2125 5109 viro
2150 5053 2349 5130 illustri
2400 5053 2706 5130 Mauronto,
2752 5049 3124 5121 aediﬁcaverit,
3157 5049 3493 5130 tandemque
3524 5062 3606 5115 vi-

2007 5133 2118 5178 tam
2150 5124 2221 5178 ibi
2260 5123 2477 5177 ﬁnierit.
2520 5122 2749 5176 Manna“

2077 5194 2102 5232 ἀ
2147 5192 2527 5247 Monasterium
2551 5189 2854 5256 consumere
2885 5198 3172 5253 inchoavit.
3197 5200 3350 5255 Nunc
3374 5202 3601 5256 Foreste

2006 5266 2420 5329 monasterium,
2454 5246 2743 5335 vernaculi)
2778 5246 3396 5335 Fblés'zliiéiaiéé,‘
3420 5246 3605 5328 $558

2006 5337 2201 5411 exiguo
2223 5335 2523 5406 praeditum,
2552 5335 2892 5411 multumque
2914 5341 3487 5411 detritum,proprinm
3516 5345 3607 5398 ba-
3704 5352 3712 5360 ‘

2004 5407 2097 5461 bet
2119 5408 2391 5481 abbatem,
2422 5409 2716 5481 monachos
2742 5408 2877 5481 Crit.
2910 5410 2967 5463 S.
3016 5409 3147 5481 Ben.
3174 5407 3495 5481 perpaucos.
3524 5414 3600 5469 lo.

2082 5490 2105 5517 θ
2144 5476 2275 5533 Cum
2321 5494 2423 5533 uno
2474 5477 2585 5532 solo
2634 5479 3011 5547 commilitone.
3054 5476 3387 5549 Sigobardus
3436 5486 3481 5538 is
3519 5493 3613 5540 est

2008 5549 2093 5603 cui
2131 5558 2251 5623 post
2282 5549 2865 5623 obitumgvirhsanctzis
2915 5553 3186 5618 apparuit,
3238 5563 3292 5606 et
3336 5555 3429 5622 qui
3487 5554 3606 5623 ejus

2008 5621 2294 5699 exsequias
2324 5620 2553 5699 curavit.
2587 5621 2720 5699 Vide
2747 5620 2889 5699 ing‘ra
2920 5637 3067 5699 imm.
3108 5623 3168 5676 l5
3192 5633 3245 5676 et
3270 5620 3368 5677 Mf
3387 5620 3603 5681 Hari'ul-

1996 5689 2095 5767 .fus
2147 5689 2995 5767 chronographusCentuilcnxis
3042 5692 3182 5748 hunc
3234 5694 3605 5766 Sygobardum

2011 5763 2156 5831 apice
2174 5760 2463 5818 nobilitatis
2486 5760 2751 5837 fulgidum
2771 5760 2956 5816 vocat.
3276 5760 3294 5765 ⁷
3310 5760 3327 5766 ⁷

3602 5850 3670 5921 δὶς
