4044 6340
467 363 572 422 09!

1317 353 1376 408 Β.
1415 349 1478 406 F.
1519 347 1746 404 ALBINI
1785 345 1920 404 SEU
1959 345 2238 404 ALCUINI
2279 345 2568 404 OPERUM
2605 343 2790 400 PARS
2833 341 2898 396 γ.

3649 347 3760 406 692

465 487 560 552 rit,
597 489 652 540 te
677 485 928 552 paratum
973 473 1234 532 inveniat.
1277 471 1388 542 Ego
1415 487 1548 526 vero
1597 469 1870 540 ingredior
1915 467 2060 522 viam
2085 479 2134 536 Α
2165 475 2404 538 tempore
2441 463 2673 520 vinculis
2715 473 2769 518 et
2805 459 3012 516 catenis
3063 461 3342 516 constricti
3396 461 3616 532 quidam
3661 473 3760 534 per

469 577 736 634 universa:
769 573 952 630 carnis
983 589 998 624 :
1031 575 1240 624 tantum
1293 565 1424 620 mihi
1477 563 1790 618 misericors
1825 561 1896 616 sit
1941 557 2058 614 Sal-

465 675 622 726 vator
669 663 886 730 mundi;
931 671 986 720 et
1029 677 1118 716 me
1157 657 1320 714 modo
1363 655 1616 712 defendat
1643 655 1710 710 ab
1739 655 1930 718 hoste,
1961 652 2056 722 qui

467 775 554 818 me
599 749 726 816 Olim
757 755 986 812 redemit
1019 753 1088 806 ab
1129 749 1314 816 hoste;
1343 757 1396 804 et
1425 763 1584 818 quem
1623 745 1908 818 praesentis
1933 743 2058 798 vita“:

465 851 628 910 habui
657 849 1074 910 consolatorem,
1097 851 1316 898 arteriae
1341 841 1466 894 vitae
1487 839 1616 892 mihi
1641 837 1914 892 inveniam
1947 835 2056 888 lar-

463 943 710 1018 gitorem.
751 929 878 1006 Hice
921 937 1216 1008 discipulus
1249 951 1282 988 a
1323 941 1476 1004 patre
1523 929 1768 994 audiens,
1801 925 2057 998 lacrymis

461 1021 736 1110 periimus,
765 1043 944 1092 tamen
972 1025 1236 1106 praecepta
1277 1035 1518 1090 secutus,
1545 1025 1744 1094 lignum
1773 1019 2056 1076 inveniens

463 1129 600 1198 ﬁdit,
647 1129 892 1194 cavavit,
933 1133 990 1182 et
1033 1123 1246 1196 corpori
1297 1119 1466 1192 patris
1505 1113 1799 1188 coaptavit,
1847 1113 2058 1184 piisque

463 1223 674 1280 ﬂetibus
701 1221 896 1294 rigavit
933 1217 1074 1290 quod
1105 1215 1254 1281 fecit,
1287 1229 1424 1286 pene
1473 1212 1626 1284 prius
1675 1207 1928 1278 lacrymis
1957 1205 2056 1258 im-

461 1317 616 1388 plens
644 1313 866 1378 amaris,
893 1325 1056 1382 quam
1088 1305 1330 1380 paternis
1357 1303 1614 1358 membris
1641 1319 1650 1352 :
1683 1305 2054 1368 aptatamque,

461 1417 522 1466 ut
563 1407 758 1480 potuit,
815 1403 1206 1474 sarcophagum
1261 1400 1314 1452 in
1365 1397 1480 1450 loco
1533 1391 1797 1464 pneﬁnito
1835 1405 1862 1442 a
1901 1397 2057 1458 patre

463 1501 785 1572 composuit.
817 1495 1036 1554 Interim
1063 1493 1352 1548 ‘dumcum
1381 1487 1602 1542 tristitia
1625 1483 1764 1556 patri
1793 1481 1937 1536 filius
1961 1497 2056 1552 pa-

461 1599 610 1649 raret
635 1587 952 1664 obsequium
979 1583 1116 1656 ML,
1145 1583 1272 1638 dum
1317 1579 1562 1634 tristia...
1603 1573 1906 1646 obsequia],
1957 1587 2055 1626 va-

459 1681 620 1740 lidior
647 1687 862 1750 patrem
883 1673 1150 1746 coquebat
1187 1669 1495 1736 infirmitas,
1525 1677 1581 1723 et
1613 1669 1668 1722 in
1699 1665 1894 1736 frigido
1934 1679 2056 1720 cor-

459 1773 684 1846 pusculo
719 1773 810 1826 vix
849 1769 1048 1824 halitus
1079 1766 1344 1822 remansit
1381 1771 1690 1824 extremus;
1723 1775 1824 1814 nec
1871 1767 2054 1814 tamen

459 1867 530 1921 ab
565 1863 826 1920 orationis
877 1859 1112 1916 cessavit
1157 1857 1334 1912 oﬁicio
1381 1855 1466 1910 vel
1509 1855 1704 1910 divime
1735 1852 1908 1906 laudis
1957 1851 2052 1905 ob-

459 1959 666 2028 sequio.
733 1955 802 2010 Et
853 1957 978 2012 dum
1047 1950 1328 2008 salutifero
1373 1949 1615 2018 corporis
1665 1953 1720 2000 et
1771 1944 2051 2014 sanguinis

457 2049 658 2106 Christi
689 2047 884 2103 viatico
935 2061 1092 2102 suum
1139 2045 1242 2100 iter
1267 2043 1517 2106 munivit,
1567 2041 1710 2096 inter
1753 2037 2052 2109 gratiarum

455 2146 696 2200 actiones
725 2153 780 2198 et
803 2143 970 2198 verba
1013 2139 1278 2196 orationis
1325 2155 1378 2192 vi
1411 2135 1636 2192 Kalend.
1671 2133 1794 2188 Maii
1825 2145 1850 2172 δ
1889 2131 2048 2200 spiri-

457 2247 570 2294 tum
595 2237 806 2300 emisit;
835 2235 1154 2306 positusque
1181 2240 1268 2288 est
1291 2232 1344 2286 in
1369 2229 1618 2300 sepulcro
1643 2243 1672 2280 a
1696 2223 1956 2294 discipulo
1995 2224 2050 2276 in

455 2329 578 2384 loco
615 2327 708 2380 ubi
741 2327 856 2398 ipse
883 2331 1234 2396 praeceperat.

527 2415 661 2471 ΧΠ.
706 2413 816 2470 Sed
841 2417 1036 2470 mirum
1067 2413 1238 2478 dictu,
1263 2413 1410 2466 inter
1459 2409 1748 2478 exsequias
1791 2415 2050 2476 paternas

453 2505 634 2564 subito
673 2503 968 2574 discipulus
1017 2519 1214 2575 sopore
1269 2515 1582 2572 oppressus,
1629 2499 1762 2552 vidit
1805 2497 1858 2552 in
1905 2497 2046 2561 visu,

454 2595 608 2670 quasi
639 2603 824 2666 raptus
857 2603 1002 2650 esset
1043 2595 1096 2648 in
1135 2593 1314 2646 aulam
1345 2589 1838 2662 splendidissimum
1867 2585 2046 2642 omni-

453 2701 562 2760 que
585 2687 780 2744 decore
799 2683 1256 2756 _:pulcherrimam,
1283 2683 1390 2738 imo
1415 2681 1544 2736 solis
1567 2681 1686 2736 lucc
1715 2679 2000 2734 clariorem
2031 2699 2042 2732 :

447 2783 508 2838 in
543 2795 650 2854 qua
679 2781 900 2836 beatum
945 2775 1262 2832 Richarium
1315 2775 1578 2846 praeclaro
1621 2781 1676 2828 et
1701 2771 1858 2826 hilari
1899 2769 2048 2824 vultu

453 2873 588 2928 vidit
633 2871 968 2926 habitantem
1013 2869 1225 2938 sibique
1275 2867 1587 2936 loquentem
1627 2885 1640 2918 :
1685 2863 1846 2928 Ecce,
1879 2861 2048 2916 frater

456 2961 770 3032 Sigobarde,
789 2959 1000 3028 qualem
1021 2957 1360 3012 mansionem
1375 2954 1698 3026 praeparavit
1715 2953 1848 3006 mihi
1869 2953 2042 3014 Deus;

451 3065 550 3122 pro
569 3049 686 3114 vili,
711 3063 874 3118 quam
901 3047 1062 3102 habui
1089 3049 1144 3100 in
1167 3057 1334 3110 terra,
1357 3043 1780 3114 pulcherrimam
1803 3041 1858 3094 in
1881 3039 2040 3104 ecelo,

2157 559 2422 630 publicam
2453 557 2789 612 ducebantur
2827 553 3080 624 plateam,
3121 567 3240 624 qum
3291 561 3374 608 est
3406 551 3564 620 juxta
3611 557 3760 612 beati

2159 653 2394 706 Richarii
2417 649 2702 704 ecclesiam
2731 667 2742 702 :
2769 647 2862 718 qui
2895 661 3018 701 cum
3041 647 3253 700 eminus
3281 647 3346 702 ad
3377 649 3476 702 viri
3501 647 3596 702 Dei
3625 659 3758 720 pro-

2157 757 2412 818 perarent
2435 745 2566 818 [Al.,
2595 741 3046 816 propinquarent]
3079 743 3360 814 templum,
3392 761 3526 800 voce
3561 761 3760 818 magna

2159 840 2394 894 clamare
2433 847 2752 908 coeperunt:
2789 835 2990 890 Sancte
3041 831 3278 900 liichari,
3321 835 3470 890 salva
3519 837 3652 892 nos!
3695 821 3762 892 Et

2159 931 2360 998 statim,
2387 931 2562 1002 ruptis
2591 929 2840 996 vinculis,
2873 925 3106 983 absoluti
3133 935 3279 982 sunt.
3375 963 3386 974 .

2227 1045 2364 1102 XVI.
2427 1047 2562 1100 item
2603 1043 2784 1100 clades
2833 1057 3052 1114 magna,
3101 1057 3266 1112 quam
3311 1055 3646 1098 venenosam
3685 1041 3762 1100 la-

2157 1147 2362 1194 certam
2393 1145 2622 1202 vocant,
2655 1135 2812 1206 longe
2847 1135 3064 1204 lateque
3107 1143 3282 1188 morte
3309 1149 3500 1188 amara
3545 1135 3758 1192 habita-

2159 1235 2304 1282 tores
2331 1233 2486 1280 terra:
2523 1223 2816 1292 interfecit,
2849 1233 2906 1278 et
2937 1225 3028 1278 vix
3059 1223 3126 1278 ab
3151 1239 3215 1280 ea
3249 1233 3425 1278 tactus
3451 1224 3610 1280 vivus
3635 1241 3760 1282 eva-

2157 1321 2248 1374 sit.
2299 1319 2710 1386 Percussusque
2753 1325 2840 1374 est
2871 1333 2936 1372 ea
2971 1325 3124 1386 peste
3167 1317 3386 1386 quidam
3427 1333 3462 1374 e
3499 1317 3762 1376 fratribus

2159 1411 2330 1466 sancti
2375 1409 2648 1476 ltieharii,
2697 1411 2790 1478 qui
2835 1409 2962 1464 licet
3003 1417 3234 1464 mortem
3273 1409 3488 1462 timeret
3539 1419 3762 1480 propter

2157 1503 2388 1570 cladem,
2421 1504 2588 1558 vitam
2615 1511 2798 1556 tamen
2825 1519 2934 1556 non
2963 1501 3274 1572 desperavit
3311 1511 3536 1572 propter
3577 1515 3762 1574 patro—

2157 1613 2306 1652 num.
2355 1597 2496 1668 Ergo
2545 1597 2700 1666 quasi
2749 1597 2818 1650 ad
2873 1603 3022 1650 certa
3067 1595 3324 1666 suffragia
3373 1595 3762 1652 comitantibus

2159 1687 2436 1754 fratribus,
2485 1687 2724 1742 cucurrit
2769 1685 2836 1740 ad
2869 1687 3188 1756 sepulcrum
3223 1687 3326 1742 viri
3377 1687 3474 1744 Dei
3515 1707 3528 1742 :
3577 1689 3762 1760 ibique

2159 1761 2520 1838 communiter
2561 1783 2806 1836 oratione
2845 1781 3014 1848 facta,
3065 1791 3122 1838 et
3167 1782 3284 1852 ipse
3329 1781 3590 1838 liberatus
3617 1793 3704 1838 est
3729 1799 3762 1838 a

2157 1883 2352 1936 morte,
2393 1881 2446 1926 et
2475 1887 2664 1926 omnes
2689 1869 2896 1926 defensi
2925 1879 3052 1926 sunt
3077 1887 3108 1924 a
3137 1871 3316 1942 plaga,
3345 1887 3448 1926 nec
3467 1871 3666 1942 aliquis
3689 1889 3758 1928 ex

2157 1965 2260 2018 illis
2295 1963 2552 2018 fratribus
2595 1963 2874 2016 mortifera
2915 1962 3084 2018 cladis
3121 1961 3239 2030 ejus
3285 1963 3592 2018 vastatione
3635 1979 3760 2034 per-

2155 2073 2346 2112 cussus
2371 2065 2472 2110 est.
2503 2055 2612 2110 Nec
2641 2057 2816 2110 solum
2843 2055 2916 2110 illi
2941 2055 3152 2110 liberati
3179 2065 3326 2120 sunt,
3353 2055 3448 2110 sed
3475 2065 3530 2110 et
3559 2057 3610 2110 si
3637 2059 3760 2126 quis

2151 2165 2184 2204 a
2225 2149 2382 2218 longe
2425 2147 2682 2220 veniens,
2717 2146 2872 2216 plaga
2917 2153 3096 2200 tactus
3139 2147 3420 2216 pestifera,
3473 2147 3544 2202 ad
3583 2157 3758 2212 sancti

2151 2241 2400 2298 liichari!
2433 2257 2556 2296 cum
2603 2241 2708 2294 fide
2743 2241 2912 2312 fugiat
2939 2239 3212 2306 solatium,
3243 2241 3410 2294 etiam
3443 2255 3572 2294 cum
3603 2237 3758 2294 clade

2153 2334 2344 2388 mortis
2375 2333 2554 2386 evadit
2575 2331 2892 2400 periculum.

2221 2423 2384 2478 XVII.
2421 2423 2572 2478 Unde
2617 2421 2838 2492 intelligi
2883 2421 3044 2476 datur
3091 2431 3350 2492 quantam
3387 2423 3586 2478 habent
3615 2421 3758 2494 apud

2151 2517 2322 2570 Deum
2351 2523 2672 2584 potestatem
2705 2529 2804 2584 pro
2839 2517 3042 2568 nostris
3089 2515 3460 2570 intercedendi
3491 2517 3758 2594 peccatis,

2149 2611 2196 2664 si
2225 2625 2348 2663 cum
2375 2609 2478 2662 fide
2505 2607 2800 2662 clamemus
2827 2607 2896 2662 ad
2939 2607 3106 2674 illum,
3139 2609 3230 2678 qui
3265 2617 3414 2663 tanta
3441 2619 3528 2664 est
3551 2611 3756 2664 virtute

2147 2702 2406 2774 prmditus
2431 2701 2732 2770 depellendi
2755 2701 2972 2756 morbos
2999 2701 3068 2756 ab
3115 2701 3220 2756 illis
3259 2703 3348 2772 qui
3381 2717 3506 2756 cum
3527 2701 3640 2758 title
3667 2719 3756 2758 ve-

2149 2797 2310 2850 niunt
2333 2797 2400 2852 ad
2421 2811 2564 2850 eum.
2591 2795 2724 2850 Nam
2751 2805 2902 2868 patet
2933 2811 3000 2850 ex
3027 2795 3327 2862 miraculis,
3373 2795 3552 2864 qualis
3583 2795 3660 2850 sit
3689 2811 3754 2850 ex

2147 2887 2380 2952 meritis,
2413 2893 2482 2940 σει
2525 2895 2774 2940 anteacta
2819 2886 2930 2940 vita
2979 2885 3230 2958 ful-gcscit
3269 2885 3326 2940 in
3365 2901 3530 2956 opere
3569 2885 3748 2938 subse-

2147 2977 2368 3048 quenti,
2399 2977 2558 3032 itaut
2599 2991 2708 3030 non
2753 2977 2824 3030 sit
2867 2993 3005 3048 opus
3053 2977 3308 3032 dubitare
3345 2975 3414 3030 de
3443 2977 3754 3040 sanctitate,

2149 3071 2278 3124 dum
2333 3079 2514 3126 tantus
2561 3071 2728 3124 estin
2773 3071 2992 3124 virtute.
3037 3071 3324 3142 Intelligitc
3367 3071 3520 3136 hinc,
3559 3071 3756 3127 fratrm

451 3155 550 3212 pro
589 3139 982 3208 contemptibili
1031 3137 1342 3209 gloriosam,
1373 3153 1472 3206 pro
1501 3135 1731 3190 obscura
1775 3133 2042 3190 lucidissi-

451 3247 596 3261 ...πη
669 3239 724 3261 ,ι
771 3245 870 3261 ιιι-Λ
921 3229 1128 3261 fni-nmo
1171 3229 1320 3261 Amm:
1367 3227 1634 3261 annuimus
1681 3225 2018 3261 mnidnniam

2151 3163 2480 3226 charissimi,
2511 3163 2604 3232 qui
2631 3177 2836 3232 pauper
2869 3161 3040 3216 voluit
3065 3179 3186 3218 esse
3223 3177 3322 3232 pro
3347 3161 3590 3226 Christo,
3625 3177 3754 3230 qua-

451 3247 618 3297 mam,
669 3239 726 3286 et
771 3245 872 3300 pro
921 3229 1132 3284 fumosa
1169 3229 1320 3284 omni
1367 3227 1634 3282 suavitate
1681 3225 2040 3280 renidentem.

451 3325 728 3396 Erigit-aus
759 3331 942 3378 autem
989 3321 1340 3392 Sigobardus,
1381 3321 1556 3374 laetior
1593 3333 1730 3390 epos
1755 3321 2044 3390 exsequia-

451 3433 574 3478 rum
597 3417 846 3490 perfecit,
871 3417 982 3472 Deo
1019 3417 1358 3486 providente;
1391 3421 1454 3470 ut
1479 3413 1620 3470 filius
1650 3413 2044 3482 consolaretur,

449 3521 508 3568 et
527 3511 698 3583 patris
721 3511 772 3566 ei
793 3509 960 3580 gloria
991 3509 1387 3564 ostenderetur.
1413 3507 1676 3562 Conditus
1699 3515 1784 3562 est
1809 3521 1956 3578 ergo,
1985 3511 2048 3560 ut

449 3605 704 3676 praedixi,
723 3603 880 3658 miles
907 3603 1128 3668 Christi,
1171 3601 1264 3656 ubi
1303 3615 1402 3656 suo
1433 3601 1544 3672 regi
1575 3599 1811 3654 maxime
1840 3599 2044 3654 milita-

449 3705 622 3754 verat.
669 3697 778 3754 Sed
799 3697 826 3736 ι’
853 3713 962 3752 non
991 3697 1162 3750 multo
1197 3703 1320 3766 post
1369 3693 1568 3750 fratres
1597 3711 1628 3748 a
1659 3693 1886 3750 Centula
1921 3705 2044 3746 mo-

451 3793 710 3860 nasterio,
733 3807 858 3848 eum
899 3807 999 3846 suo
1027 3791 1222 3846 abbate
1251 3787 1492 3854 Ocialdo,
1535 3789 1654 3842 viro
1699 3787 1950 3856 religioso
1987 3793 2046 3840 et

449 3886 626 3942 Sancti
653 3899 986 3950 successore,
1003 3891 1290 3946 venerunt,
1309 3889 1364 3937 et
1377 3893 1400 3920 ο
1417 3895 1614 3950 corpus
1645 3877 1818 3934 sancti
1841 3877 2042 3932 Richa-

451 3977 518 4032 rii
541 3977 798 4042 tulerunt,
839 3983 1248 4048 posueruntque
1275 3975 1330 4028 in
1359 3973 1478 4029 loco
1509 3974 1562 4026 in
1593 3985 1700 4040 quo
1741 3969 2042 4024 etiamnum

451 4083 576 4126 cum
613 4083 810 4140 magna
853 4067 1172 4124 meritorum
1213 4065 1382 4138 gloria
1411 4063 1722 4134 requiescit.
1761 4061 1840 4116 lbi
1871 4061 2036 4128 enim,

449 4167 742 4232 praestante
773 4159 904 4226 Deo,
949 4175 1048 4230 per
1087 4159 1416 4228 scrvi182
1465 4159 1548 4212 sui
1593 4155 1850 4226 reliquias
1897 4169 2040 4210 nova

451 4253 648 4323 Impius
677 4253 970 4308 audiuntur
1005 4253 1266 4308 miracula
1299 4251 1380 4306 edi
1427 4249 1558 4322 [Αι.,
1589 4249 1750 4320 geri],
1797 4257 1860 4304 ut
1903 4249 2038 4304 ﬁdes

451 4345 788 4414 precantium
821 4345 1062 4414 pateﬁat,
1093 4345 1284 4398 merita
1325 4343 1496 4398 sancti
1527 4343 1628 4396 viri
1659 4343 2034 4406 ostendantur,

453 4441 510 4488 et
537 4435 592 4488 in
613 4449 774 4488 servo
793 4451 892 4490 suo
913 4433 1114 4490 Christi
1137 4435 1256 4488 laus
1281 4433 1604 4498 celebretur,
1643 4433 1806 4488 sicuti
1833 4433 2038 4486 dictum

2149 3255 2230 3312 les
2259 3255 2419 3310 modo
2441 3255 2636 3308 habeat
2671 3254 2884 3308 divitias
2911 3269 3036 3308 cum
3059 3251 3276 3310 Christo
3303 3273 3316 3308 :
3345 3261 3402 3308 et
3429 3253 3520 3324 qui
3551 3253 3756 3322 appetit

2149 3365 2272 3406 esse
2321 3347 2748 3418 contemptibilis
2777 3347 2922 3402 inter
2957 3347 3230 3412 homines,
3281 3361 3444 3416 quam
3486 3345 3756 3416 gloriosus

2147 3454 2340 3517 regnet
2367 3446 2510 3500 inter
2531 3443 2772 3516 angelos,
2801 3445 3086 3514 honorem,
3117 3459 3282 3514 quem
3313 3441 3448 3514 fugit
3477 3443 3534 3496 in
3567 3443 3750 3508 terris,

2147 3555 2296 3594 nunc
2327 3539 2614 3608 possidens
2641 3537 2954 3594 felicissime
2999 3539 3052 3592 in
3099 3537 3274 3592 ccelis.
3299 3535 3648 3608 Quapropter
3675 3537 3752 3592 di-

2147 3649 2312 3704 gnum
2339 3641 2426 3688 est
2457 3643 2516 3688 ut
2543 3633 2614 3688 ab
2641 3633 2892 3688 omnibus
2931 3633 3342 3698 honorificetur,
3377 3631 3472 3702 qui
3509 3633 3750 3686 omnium

2145 3725 2436 3780 Dominum
2459 3741 2675 3796 semper
2697 3725 2900 3778 amavit
2923 3743 2936 3778 :
2963 3725 3288 3794 propensius
3309 3731 3492 3778 tamen
3513 3737 3546 3776 a
3571 3721 3750 3786 nobis,

2143 3815 2238 3886 qui
2267 3811 2382 3882 ejus
2411 3813 2624 3884 corpori
2651 3815 2958 3870 assistimus
2999 3813 3026 3852 ά
3059 3833 3070 3868 :
3111 3821 3384 3884 quatenus
3425 3827 3570 3883 quos
3615 3811 3750 3867 ﬁlios

2143 3891 2330 3978 genuit
2359 3905 2416 3970 in
2437 3905 2720 3970 doctrinis,
2751 3907 2942 3978 dignos
2979 3905 3258 3976 possideat
3285 3905 3528 3960 haeredes
3555 3905 3608 3960 in
3639 3921 3746 3960 me-

2141 3999 2280 4052 ritis.
2311 3997 2422 4054 Nec
2447 3997 2522 4052 illi
2559 4005 2765 4052 tantum
2795 3997 3016 4068 prodest
3057 4005 3246 4052 nostra
3279 3995 3538 4062 laudatio,
3581 4011 3748 4066 quan-

2143 4099 2256 4146 tum
2287 4093 2443 4146 nobis
2487 4091 2602 4160 ejus
2639 4091 2888 4146 imitatio.
2943 4089 3110 4162 Magis
3159 4089 3234 4144 illi
3277 4089 3458 4160 placet
3501 4090 3748 4144 imitator

2143 4182 2388 4248 devotus,
2431 4199 2594 4252 quam
2641 4181 2892 4236 laudator
2923 4183 3150 4238 otiosus.
3189 4181 3362 4248 Unde,
3393 4179 3594 4238 fratres
3621 4183 3746 4238 cha-

2139 4273 2362 4340 rissimi,
2407 4285 2461 4330 ct
2489 4275 2820 4330 sanctissimi
2859 4273 3069 4340 Patres,
3115 4283 3170 4328 et
3213 4271 3746 4342 filiijucundissimi,

2141 4365 2412 4435 totiusque
2463 4373 2666 4420 sanctas
2721 4363 3158 4436 congregationis
3205 4363 3472 4434 populus,
3521 4363 3618 4432 qui
3681 4363 3746 4418 ad

2139 4455 2278 4508 tanti
2303 4455 2514 4522 patroni
2559 4453 2694 4508 festa
2727 4454 3082 4518 convenistis,
3112 4453 3302 4524 dignos
3347 4469 3442 4508 vos
3473 4451 3662 4516 facite,
3691 4461 3748 4508 ut

453 4529 576 4578 es“
609 4523 848 4579 Lauda"
877 4523 1156 4578 Dominum
1181 4523 1238 4576 δ”
1275 4523 1468 4576 “metis
1497 4522 1612 4592 eius
1643 4519 1814 4594 (Psat'
1846 4537 1932 4586 CL’
1963 4519 2034 4592 ¹)’
2063 4553 2120 4616 Ῑ)
2145 4519 2674 4616 Deus—omnipotens
2727 4563 2824 4616 per
2867 4545 2982 4614 ejus
3029 4519 3476 4610 intercessiones,
3527 4553 3742 4598 vestras

523 4635 639 4692 XV.
665 4635 894 4706 Quidam
919 4645 1252 4702 contractus,
1289 4651 1514 4706 corpore
1553 4635 1766 4698 debilis,
1797 4633 1892 4690 sed
1933 4633 2040 4688 ﬁde

455 4715 730 4796 robustus,
755 4729 1132 4800 frequentabat
1155 4727 1360 4784 orando
1387 4727 1562 4782 sancti
1585 4727 1678 4782 Dei
1701 4725 2034 4796 sepulcrum:

455 4819 548 4892 Qui
573 4829 758 4892 optata
779 4821 1008 4876 sanitate
1029 4821 1204 4876 subito
1223 4829 1464 4890 recepta,
1492 4819 1640 4874 dedit
1657 4817 1882 4888 gloriam
1905 4817 2036 4881 Deo,

455 4911 602 4982 quod
629 4911 872 4968 inﬁrmus
897 4915 1158 4978 venisset,
1187 4921 1244 4968 et
1269 4929 1436 4968 sanus
1471 4911 1768 4968 recederet.
1799 4909 1858 4964 In
1885 4907 2038 4976 cujus

455 4999 704 5060 miraculi
727 5003 1040 5060 meritoriam
1073 5017 1246 5074 usque
1275 5003 1434 5058 hodie
1471 4999 1842 5058 sustentacula
1883 4999 2038 5054 inﬁr-

453 5093 660 5150 mitatis
697 5091 840 5148 illius
884 5094 1124 5164 pendent
1169 5093 1222 5148 in
1273 5093 1504 5150 ecclesia
1551 5093 1726 5150 sancti
1773 5091 2032 5148 Richarii.

455 5181 566 5240 Sed
611 5191 668 5240 et
709 5183 984 5242 multoties
1031 5185 1344 5240 daemoniaci
1395 5185 1462 5240 ad
1499 5201 1696 5254 corpus
1725 5183 1900 5238 sancti
1941 5183 2038 5236 Dei

455 5291 678 5346 suorum
698 5275 956 5346 obsequio
981 5275 1216 5342 deducti,
1239 5277 1420 5332 divina
1444 5277 1778 5330 concedente
1795 5275 2034 5330 clemen-

455 5367 554 5434 tia,
577 5381 610 5424 a
637 5367 926 5424 vexatione
951 5367 1170 5437 maligni
1195 5367 1416 5434 spiritus
1453 5365 1768 5422 liberantur.
1793 5363 2036 5431 Quodam

531 5557 556 5618 ξ
589 5545 840 5618 Spiritum
867 5545 1238 5618 emisitadnno
1271 5545 1522 5618 videlicet
1557 5561 1681 5618 :erm
1708 5543 2036 5618 Christianae

457 5613 580 5688 645,
603 5613 682 5688 uti
703 5617 900 5688 probat
925 5617 1262 5688 MathillOttius
1285 5615 1318 5670 ι.
1345 5617 1460 5682 cit.,
1481 5633 1602 5688 pag.
1627 5615 1748 5672 196.

527 5685 556 5726 ι’
587 5685 722 5758 Νοιὶ
763 5687 926 5742 multo
969 5697 1104 5758 post.
1163 5687 1348 5758 Spatia
1389 5685 1626 5758 quinque
1671 5685 1936 5758 mensium
1983 5693 2070 5748 et_

457 5757 740 5826 duodecim
763 5755 994 5822 dierum,
1023 5759 1076 5812 id
1103 5755 1260 5822 est,'a
1285 5773 1338 5812 v1
1367 5755 1482 5812 Kal.
1519 5755 1638 5812 Maii
1673 5773 1842 5826 usque
1865 5755 1932 5810 ad
1959 5773 2032 5810 vn

457 5827 582 5888 ldus
599 5825 864 5886 Octobris.
899 5829 1212 5888 BOLLANDUS
1257 5845 1320 5884 ea:
1349 5827 1467 5882 aliis
1503 5827 1644 5882 Actis
1683 5825 2030 5900 interpolatis.

2144 4637 2395 4694 exaudiat
2417 4639 2712 4692 orationes.
2735 4637 2938 4692 Ornate
2971 4637 3332 4706 vosmetipsos
3361 4635 3598 4706 spiritali
3629 4636 3744 4706 pul-

2141 4729 2470 4792 chritudine.
2501 4729 2956 4800 supereminentis
2995 4729 3280 4784 charitatis
3305 4727 3496 4798 gloria,
3529 4727 3742 4782 victrici

2139 4819 2266 4874 ﬁdei
2295 4819 2628 4886 fortitudine,
2659 4829 2714 4876 et
2747 4835 2843 4890 spe
2883 4821 3206 4875 suavissima
3239 4819 3306 4872 de
3331 4817 3540 4872 Christi
3579 4817 3740 4872 boni-

2139 4921 2278 4976 tate;
2309 4921 2597 4982 sequentes
2627 4929 2844 4984 semper
2885 4921 3196 4968 sanctorum
3235 4911 3454 4966 Patrum
3485 4911 3736 4982 vestigia,

2137 5011 2198 5058 ut
2233 5021 2332 5074 per
2353 5021 2540 5060 eorum
2581 5005 2886 5074 gradientes
2923 5003 3189 5074 exempla.
3231 5001 3444 5056 illorum
3475 5001 3742 5056 societate

2137 5091 2284 5164 digni
2307 5091 2614 5148 eﬁiciamini
2645 5113 2656 5148 :
2684 5101 2740 5150 et
2763 5093 3062 5150 secundum
3083 5091 3396 5162 Apostolum
3417 5091 3742 5162 abnegantes

2135 5187 2452 5255 impietatem
2481 5195 2532 5240 et
2563 5187 2846 5240 smculart'a
2885 5187 3168 5252 desideria,
3201 5185 3392 5248 sobrie,
3425 5195 3472 5238 et
3495 5185 3662 5254 juste,
3691 5195 3740 5238 et

2135 5277 2220 5348 tie
2240 5277 2472 5330 vivamus
2497 5279 2552 5330 in
2581 5277 2676 5330 hoc
2707 5277 2918 5340 sa'culo,
2953 5287 3306 5348 exspectantes
3337 5277 3544 5332 brutam
3593 5293 3736 5348 spem

2135 5375 2184 5420 et
2226 5367 2502 5420 adventum
2545 5365 2728 5438 gloria:
2771 5369 2946 5438 magni
2987 5367 3084 5422 Dei
3129 5379 3174 5422 et
3227 5367 3516 5424 Saluatoris
3567 5369 3740 5422 nostri

2209 5557 2230 5586 ο
2263 5545 2462 5618 Corpus
2487 5545 2546 5602 S.
2573 5545 2824 5618 Πξεήατὶἑ.
2853 5547 2932 5598 Ab
2957 5533 3102 5618 omni
3127 5545 3474 5618 corruptione
3495 5543 3738 5618 liberum

2135 5619 2274 5672 sicut
2303 5613 2376 5742 ιῖιί
2395 5618 2542 5742 opim
2569 5617 2854 5672 dilectione
2881 5617 3058 5672 Steculi
3103 5631 3198 5672 cor
3241 5613 3566 5686 pessederat
3595 5613 3738 5669 lihe-

2135 5705 2274 5742 rum.
2331 5705 2380 5742 ι).
2413 5707 2428 5740 τ
2465 5707 2498 5742 1(
2527 5729 2540 5740 .
2831 5703 2834 5708 ·

2203 5759 2228 5798 d
2271 5759 2528 5814 Alcuinus
2579 5761 2694 5816 haec
2743 5759 2876 5814 dicit
2917 5773 2982 5814 ex
3035 5773 3264 5830 persona
3331 5755 3732 5812 monachorum

2135 5829 2560 5886 Centulensium.

2179 5845 2560 5886 cuuuensnum.
