4044 6340
336 318 442 377 695

1042 326 1619 386 HAGIOGRAPHICA.
1662 361 1732 390 τ-
1771 310 1931 387 νιτΑ
1972 333 2028 389 s.
2070 335 2545 396 Wll.LlBRORDl.
2588 372 2657 381 —
2695 342 2820 396 LIB.
2863 342 2901 397 ι.

3507 347 3611 405 694

332 427 464 537 Iesu
497 430 711 537 Christi,
735 438 824 506 qui
866 438 1004 537 dedit
1036 444 1366 511 semetipsum
1405 462 1499 515 pro
1541 446 1705 512 nobis,
1739 456 1794 501 ut
1824 466 1917 503 nos
1944 460 1993 521 Α
2022 452 2129 506 lum
2160 444 2545 525 acceptabilem,
2597 468 2901 513 sectatorem
2950 461 3199 516 bonorum
3232 480 3445 534 operum
3474 465 3603 537 (Tit.

330 524 608 581 redimeret
645 528 709 582 ab
744 531 884 584 omni
913 531 1200 605 iniquitate,
1243 547 1290 591 et
1321 540 1596 594 mandaret
1631 543 1728 597 sibi
1754 561 1917 615 popu-

361 666 1779 702 Μ

2023 558 2083 609 n,
2114 544 2228 617 12),
2260 548 2346 639 cui
2391 556 2472 602 est
2507 547 2673 620 gloria
2708 550 2757 604 in
2807 550 3001 606 sarcula
3048 555 3383 609 saeculorum.
3411 556 3604 613 Amen.

1124 808 1973 941 OPUSCULUM
2058 795 2795 962 QUARTUM.
2898 732 2933 783 ’

567 1063 701 1192 DE
776 1059 1031 1192 una
1086 1064 1173 1193 s.
1266 1064 1977 1192 WlLLlBRllBDI
2062 1044 2808 1199 TRAJECTENSIS
2891 1075 3365 1207 unum

1627 1318 1936 1397 LIBRI
1987 1284 2244 1396 imo.

822 1597 980 1669 133
1021 1596 1408 1653 rnowous.

392 1688 619 1745 Domino
646 1688 866 1755 eximio,
901 1690 1195 1746 venerabili
1226 1700 1388 1759 atque
1416 1688 1669 1744 laudabili
1698 1689 1902 1743 Beorn-

318 1780 450 1836 rado
474 1794 499 1823 ι
521 1781 947 1852 archiepiscopo,
994 1782 1211 1837 humilis
1244 1781 1407 1835 levita
1450 1779 1711 1835 Aletrinas
1756 1780 1906 1834 salu-

315 1884 447 1931 tem.

384 1968 588 2023 Delatis
618 1970 685 2024 ad
717 1984 816 2025 nos
860 1978 1055 2024 vestrae
1089 1968 1423 2024 excellentiae
1454 1968 1649 2022 litteris
1694 1964 1749 2020 in
1787 1967 1907 2036 qui-

310 2062 414 2117 bus
445 2071 691 2118 vestrum
726 2076 1027 2133 agnoscens
1064 2064 1119 2116 in
1151 2063 1378 2117 Domino
1408 2061 1668 2126 studium,
1702 2067 1756 2114 et
1787 2060 1905 2115 diu-

311 2166 529 2212 turnam
564 2156 620 2209 ln
643 2156 763 2227 lege
795 2155 911 2226 ejus
953 2156 1379 2221 meditationem,
1427 2170 1624 2226 magno
1658 2169 1746 2208 me
1773 2169 1903 2225 gau-

308 2247 401 2302 dio
425 2246 677 2302 affectum
703 2262 827 2303 esse
858 2244 1032 2303 fateor
1061 2268 1072 2300 :
1105 2247 1199 2302 sed
1228 2255 1408 2302 tamen
1450 2247 1604 2317 longe
1639 2247 1901 2316 imparem

306 2354 397 2397 me
428 2340 679 2410 petitioni
708 2348 904 2396 vestrae
948 2340 1313 2405 consideravi,
1351 2347 1412 2393 ut
1438 2346 1564 2409 pote
1593 2338 1739 2393 nullo
1763 2353 1901 2407 prte-

305 2435 565 2506 rogativae
586 2449 810 2490 munere
834 2433 1158 2503 eloquentiae
1183 2431 1433 2489 suffultus
1471 2432 1539 2486 ad
1567 2431 1899 2501 implendum

304 2528 450 2599 quod
493 2526 736 2596 jussistis
783 2525 973 2598 [Mab.,
1023 2525 1166 2595 quod
1197 2523 1449 2595 ljussisti]
1490 2542 1501 2576 :
1544 2539 1608 2578 ac
1654 2522 1758 2576 nisi
1811 2535 1900 2575 me

304 2622 545 2676 charitas
580 2627 817 2692 urgeret,
851 2632 970 2689 quae
1018 2617 1162 2672 nulla
1199 2616 1338 2689 [Id.,
1380 2615 1536 2687 nulli]
1577 2629 1774 2684 negare
1812 2628 1899 2668 so-

303 2710 401 2775 let,
432 2720 543 2766 non
579 2711 833 2765 auderem
877 2709 1017 2763 ultra
1062 2723 1197 2763 mea:
1231 2706 1566 2777 paupertatis
1599 2703 1735 2775 [Id.,
1766 2718 1894 2772 par-

303 2800 520 2873 vitatis]
574 2801 723 2856 vires‘
770 2801 1047 2872 negotium
1092 2800 1377 2869 attingere.
1438 2797 1643 2849 Tamen
1699 2793 1897 2849 vestris

300 2895 641 2950 Orationibus
684 2894 863 2950 divina
912 2892 1149 2948 donante
1195 2892 1398 2963 gratia,
1444 2898 1499 2944 et
1548 2888 1894 2944 sanctissimo

1931 1599 1982 1660 Β
2008 1594 2239 1667 alterum
2259 1592 2439 1667 Pierio
2468 1570 2604 1664 pede
2634 1586 2965 1659 currentem,
2991 1572 3082 1664 qui
3112 1593 3165 1649 in
3197 1574 3409 1650 secreto
3445 1594 3606 1653 cubili

2010 1689 2154 1744 inter
2200 1686 2555 1742 scholasticos
2602 1695 2723 1743 tuos
2776 1687 3152 1742 tantummodo
3198 1688 3461 1742 ruminari
3515 1689 3606 1744 de-

2009 1780 2233 1835 buisset.
2274 1779 2513 1848 Uterque
2542 1789 2746 1845 tamen,
2780 1789 3003 1851 propter
3045 1784 3432 1852 occupationes
3459 1783 3605 1837 diur-

2010 1887 2128 1938 nas,
2177 1870 2389 1925 furtivis
2416 1872 2659 1925 noctium
2702 1871 3185 1926 lucubratiunculis
3216 1872 3449 1927 dictatus
3500 1882 3602 1936 est,

2010 1972 2064 2019 et
2089 1978 2154 2018 eo
2183 1964 2355 2036 magis
2388 1971 2585 2018 vestrae
2623 1963 2864 2034 indigent
2905 1963 3261 2027 defensionis,
3290 1980 3397 2039 quo
3425 1964 3605 2018 minus

2008 2056 2078 2111 ab
2108 2064 2332 2110 auctore
2368 2056 2586 2125 proprio
2617 2055 2838 2125 expoliti
2867 2065 3012 2110 sunt.
3048 2055 3225 2110 Meum
3259 2054 3393 2128 [Id.,
3424 2071 3605 2110 meum

2005 2148 2161 2220 vero]
2180 2148 2302 2215 fuit,
2350 2148 2713 2219 praecipientis
2749 2163 2858 2202 non
2892 2164 3150 2218 spernere
3184 2150 3601 2204 auctoritatem:

2010 2246 2158 2313 tuum
2218 2246 2303 2293 est
2341 2239 2642 2293 obedientis
2694 2238 2987 2294 defendere
3033 2241 3376 2310 imperitiam.
3429 2241 3604 2296 Unam

2004 2345 2221 2399 quoque
2248 2329 2417 2398 priori
2441 2328 2621 2384 libello
2652 2330 2997 2399 superaddidi
3020 2330 3320 2397 homiliam,
3352 2348 3472 2400 quae
3500 2332 3606 2385 uti-

2005 2438 2132 2477 nam
2190 2422 2350 2494 digna
2396 2429 2542 2478 esset
2572 2430 2665 2477 tuo
2709 2424 3020 2478 venerando
3066 2439 3160 2501 ore
3188 2424 3385 2495 populo
3411 2425 3605 2494 praedi-

2004 2513 2136 2567 cari.
2166 2511 2299 2567 Item
2347 2514 2585 2569 secundo
2633 2513 2807 2582 adjeci
2851 2516 3089 2570 sermoni
3130 2516 3430 2586 elegiacum
3483 2532 3603 2572 car-

2003 2621 2129 2660 men
2162 2604 2299 2677 [ld.,
2324 2621 2632 2661 sermonem
2669 2607 2910 2679 elegiaco
2941 2609 3206 2681 carmine]
3250 2610 3314 2664 de
3358 2611 3477 2664 viro
3504 2626 3600 2665 ve-

2003 2696 2231 2751 nerabili
2266 2696 2513 2766 Wilgiso,
2541 2705 2695 2768 patre
2726 2698 2937 2752 scilicet
2966 2699 3299 2753 sanctissimi
3328 2700 3602 2769 pontiﬁcis

2002 2786 2355 2854 Willibrordi,
2404 2788 2558 2857 cujus
2611 2804 2808 2859 corpus
2866 2790 3162 2860 requiescit
3223 2790 3251 2829 δ
3301 2790 3356 2859 in
3410 2789 3601 2846 cellula

2001 2881 2237 2949 quadam
2256 2880 2550 2947 maritima,
2578 2880 2667 2934 cui
2694 2895 2815 2950 ego,
2851 2880 3102 2951 indignus
3146 2879 3296 2944 licet,
3336 2878 3599 2950 legitima,

300 2987 463 3042 Patre
514 2986 864 3041 Willibmrdo
912 2986 1304 3050 intercedente,
1352 2982 1505 3053 cujus
1564 2997 1651 3037 me
1701 2981 1888 3045 vitam,
1922 2963 2114 3039 CDeo
2142 2973 2398 3039 donante,
2433 2972 2785 3028 successione
2828 2965 3097 3051 deservio.
3155 2970 3263 3027 Sed
3312 2980 3367 3026 et
3414 2973 3599 3027 omnia

300 3096 482 3136 mores
519 3089 573 3135 et
597 3079 856 3134 miracula
896 3080 1136 3135 scribere
1163 3079 1242 3133 sic
1284 3077 1525 3132 studiose
1562 3091 1720 3147 rogas
1754 3074 1889 3146 [Id.,

296 3173 391 3244 pio
426 3171 604 3227 studio
652 3170 897 3242 rogasti],
928 3170 1036 3224 tuis
1083 3169 1259 3239 parui,
1301 3158 1463 3223 Pater
1508 3174 1715 3233 sancte,
1750 3160 1888 3236 prte-

297 3265 496 3335 ceptis,
534 3271 593 3320 et
615 3262 750 3318 duos
780 3262 977 3333 digessi
1013 3261 1239 3327 libellos,
1292 3274 1460 3314 unum
1487 3259 1741 3330 prosaico
1772 3274 1889 3313 ser-

296 3368 460 3410 mone
485 3353 845 3425 gradientem,
872 3353 963 3423 qui
991 3351 1204 3423 publice
1247 3350 1505 3406 fratribus
1536 3350 1593 3405 in
1633 3349 1888 3416 ecclesia,

295 3444 351 3502 si
374 3445 596 3517 dignum
642 3456 749 3501 tuae
788 3445 1035 3501 videatur
1079 3443 1378 3515 sapientiae,
1431 3441 1535 3511 legi
1582 3441 1886 3512 potuisset:

373 3595 399 3623 δ
431 3578 759 3637 Beornrado.
786 3580 920 3636 Aliis
939 3578 1267 3647 Beornredo,
1293 3574 1619 3632 Bernerado.
1654 3571 1810 3629 Hunc
1838 3574 1890 3629 in

296 3652 477 3709 indice
530 3648 787 3709 abbatum
840 3651 1315 3708 Esternacensium
1365 3648 1528 3707 tertio
1575 3647 1710 3711 loco,
1768 3650 1892 3716 posit

295 3724 708 3780 Willibrordum
740 3724 947 3779 scilicet
979 3731 1035 3778 et
1062 3723 1366 3787 Albertum,
1399 3725 1692 3773 numerant
1725 3716 1890 3772 Joan-

294 3811 394 3865 nes
420 3795 683 3850 Bertelius
720 3796 960 3866 ejusdem
980 3794 1087 3850 loci
1122 3793 1388 3866 abbas,_et
1417 3788 1653 3866 Gabriel,
1676 3787 1888 3866 Buceli-

295 3860 398 3921 nus
420 3908 433 3931 ,
480 3882 711 3931 eumque
747 3857 1177 3931 'Senonensium.
1209 3862 1673 3931 archiepiscopum
1724 3857 1891 3931 fuisse

295 3924 570 4012 asserunt.
601 3924 1038 4012 Fuerit__proinde
1067 3938 1112 3991 is
1157 3924 1272 4005 ipse
1318 3924 1466 4012 q_uAi__a
1500 3924 1891 4012 _$iincta:biar-

294 4009 478 4081 thanis
506 4017 729 4064 vocatur
770 4001 1062 4081 B'erardus,
1116 4001 1193 4081 et‘
1214 4018 1302 4061 an.
1336 4001 1440 4059 795
1481 4002 1680 4081 dicitur
1704 4001 1888 4081 deces-

292 4080 464 4147 sisse;
507 4081 722 4135 tametsi
760 4070 1059 4135 Beornradi
1086 4079 1293 4134 obitum
1324 4089 1468 4131 anno
1494 4072 1595 4128 796
1624 4070 1889 4126 Bertelius

293 4160 721 4297 Ῑθίῖέῗξιιέειιηιρ
770 4216 999 4297 quadam
1045 4216 1329 4297 maritima.
1386 4214 1515 4297 Dute
1556 4214 1701 4297 cella:
1739 4212 1891 4297 fuere

292 4289 585 4348 maritima:
610 4289 805 4364 quibus
826 4294 1093 4367 VAicuinus
1119 4289 1361 4367 praefuit;
1383 4289 1565 4367 altera
1601 4289 1701 4341 sita
1728 4289 1888 4367 estin

293 4360 681 4435 promontoriis
700 4366 839 4421 mari
859 4365 1072 4421 Oceano
1097 4360 1154 4419 et
1172 4361 1397 4417 Humbri
1416 4360 1576 4414 ﬂuvio
1602 4360 1884 4428 proximis,

308 4494 1660 4527 ____________________

1998 3080 2125 3136 quae.
2141 3066 2227 3120 vel
2262 3080 2425 3139 prosa
2454 3064 2755 3135 gradiente,
2785 3064 2873 3145 vel
2901 3056 3060 3119 versu
3097 3073 3351 3119 currente
3377 3064 3596 3130 dictavi,

1998 3165 2102 3212 tuae
2128 3156 2437 3213 sanctitatis
2467 3164 2722 3226 spectant
2737 3155 3026 3227 judicium,
3058 3163 3241 3211 utrum
3289 3154 3447 3225 digna
3480 3170 3597 3209 me-

1994 3250 2204 3315 moria},
2238 3265 2306 3304 an
2332 3250 2549 3319 pumice
2586 3250 2826 3304 radenda
2862 3247 3029 3305 feroci
3057 3247 3166 3320 [Id.
3198 3246 3344 3301 addit
3372 3264 3389 3301 :
3418 3245 3551 3319 sint]
3581 3267 3594 3300 :

1961 3356 2096 3397 ~nec
2133 3340 2239 3396 nisi
2285 3348 2378 3395 tuo
2405 3340 2658 3397 roborata
2692 3334 2967 3407 examine,
3004 3340 3301 3410 precedent
3330 3334 3385 3392 in
3419 3336 3596 3409 publi-

1996 3448 2144 3489 cum.

1994 3560 2048 3635 et
2078 3562 2295 3638 quidem
2328 3567 2383 3622 in
2415 3564 2697 3639 provincia
2725 3564 3185 3639 Northumbrana,
3216 3578 3347 3639 ergo
3375 3564 3429 3617 in
3455 3563 3595 3619 Eno-

1995 3634 2206 3695 racensi
2230 3634 2434 3694 ducatu
2452 3639 2734 3693 hodierno.
2764 3637 2948 3707 Ibique
2976 3634 3345 3707 sepultusfuit
3368 3644 3590 3707 sanctus

1992 3711 2255 3782 Wilgisus
2288 3720 2444 3782 pater
2487 3709 2673 3782 sancti
2709 3706 3064 3782 Willibrordi,
3089 3706 3389 3782 utldicitur
3411 3720 3526 3782 cap.
3560 3706 3588 3758 1

1993 3764 2263 3853 sequenti.
2288 3764 2473 3853 Kltera
2502 3776 2674 3853 sancti
2720 3776 2903 3853 Jodogi
2928 3764 3266 3853 appellatur,
3300 3783 3354 3828 et
3380 3764 3594 3853 sita-est

1996 3848 2049 3908 in
2075 3844 2297 3906 Morinis
2328 3844 2397 3906 ad
2425 3852 2577 3905 littus
2607 3846 2808 3904 Oceani
2845 3844 3037 3901 Gallici
3076 3847 3234 3917 longe
3260 3861 3291 3900 a
3317 3847 3482 3916 priori
3507 3860 3592 3901 re-

1991 3932 2173 3987 mota;
2224 3938 2345 3992 quae
2388 3921 2496 3975 alio
2549 3920 2771 3992 nomine
2820 3919 3008 3992 Wicus
3056 3916 3380 3992 appellatur,
3431 3916 3594 3992 hodie

1990 4010 2124 4051 vero
2152 3984 2776 4049 Saint—Josse—sur-Mer.
2808 3989 2943 4047 Vide
2984 3984 3145 4058 epist.
3174 3988 3264 4053 59,
3298 3987 3364 4041 96
3389 3994 3443 4043 et
3466 3984 3588 4058 “,5.

1992 4066 2068 4121 De
2090 4066 2257 4136 priori
2295 4065 2429 4136 cella
2464 4062 2751 4136 Alcuinum
2780 4062 2867 4115 hic
2910 4056 3054 4136 loqui
3080 4056 3589 4136 obsei'v'at_blal)illo-

1992 4126 2115 4192 nius
2143 4144 2331 4190 contra
2367 4130 2929 4189 Sancta—Marthanos.
2974 4126 3099 4184 Harc
3136 4126 3384 4184 fortassis
3415 4128 3589 4197 prima

1992 4206 2115 4273 fuit,
2143 4220 2305 4277 quam
2327 4202 2589 4261 A'lcuinns
2622 4217 2720 4277 per
2738 4203 3029 4277 legitimam
3059 4199 3459 4277 successionem
3491 4210 3589 4268 gu-i

1992 4268 2330 4335 bernandam
2357 4277 2591 4345 accepit,
2613 4268 2674 4331 ut
2699 4268 2815 4345 ipse
2841 4274 3080 4344 loquitur
3101 4273 3190 4327 hic
3222 4278 3278 4326 et
3299 4268 3435 4324 infra
3460 4283 3585 4341 cap.

1997 4352 2024 4405 1
2058 4350 2215 4415 Viue,
2238 4358 2292 4403 et
2315 4349 2371 4403 in
2401 4348 2557 4418 epist.
2585 4346 2711 4401 226.

1661 4477 3569 4507 W

1548 4596 1853 4685 LIBER
1911 4566 2332 4677 PBiMUS.

1498 4756 1902 4823 INCIPIUNT
1965 4746 2387 4819 CAPITULA.

310 5120 311 5129 χ
362 5048 492 5109 CAP.
521 5049 563 5105 Ι.
606 5048 855 5119 Wilgisus
891 5048 1235 5102 monasticam
1262 5043 1452 5117 primo,
1485 5049 1663 5113 postea
1688 5037 1875 5093 solita—

290 5138 431 5217 riam
458 5138 613 5194 vitam
639 5138 987 5209 amplectitur.
1036 5135 1312 5190 Miraculis
1358 5132 1539 5188 claret.
1588 5130 1881 5187 Ecclesium

291 5231 358 5287 es
392 5226 763 5286 donationibus
800 5238 977 5301 regum
1020 5238 1067 5283 et
1106 5230 1415 5300 Optimatum
1468 5226 1740 5280 construit.
1790 5223 1883 5278 Al-

289 5326 481 5381 cuinus
521 5341 586 5378 ex
626 5324 859 5395 legitima
906 5324 1210 5377 hereditate
1252 5338 1640 5393 successor.—
1671 5318 1797 5372 Fuit
1826 5318 1881 5371 in

286 5418 573 5474 Britannia
609 5418 805 5483 insula,
854 5418 1129 5488 provincia
1175 5404 1719 5479 Nordanhumbrana,
1763 5412 1883 5481 qui-

290 5496 417 5573 dam
469 5510 857 5582 paterfamilias
887 5525 1083 5582 genere
1115 5507 1258 5562 Saxo
1299 5516 1355 5562 et
1401 5506 1620 5561 nomine
1664 5503 1873 5575 Wilgis,

290 5588 603 5672 religiosam
652 5604 709 5659 in
754 5603 969 5660 Christo
1014 5618 1134 5658 cum
1184 5599 1409 5670 conjuge
1455 5606 1508 5653 et
1540 5590 1685 5654 omni
1718 5598 1877 5653 domo

270 5688 419 5761 iam
442 5695 745 5768 δίειπέ-νοεῖ
767 5697 939 5769 signis
958 5695 1298 5767 patefactum
1344 5702 1446 5758 est,
1477 5708 1643 5763 agens
1687 5692 1872 5747 vitam.

287 5784 431 5846 Nam
458 5789 647 5846 relicto
674 5790 859 5846 habitu
885 5787 1048 5861 18k
1065 5786 1332 5852 saeculari,
1360 5786 1733 5845 monachicam
1752 5799 1880 5840 con-

1986 5038 2353 5105 versationem
2382 5044 2559 5119 elcgit,
2594 5060 2659 5101 ac
2683 5060 2793 5102 non
2819 5046 2989 5103 multo
3026 5056 3171 5118 post,
3198 5056 3483 5103 crescente
3520 5049 3576 5105 in

1987 5157 2053 5199 eo
2077 5142 2290 5198 fervore
2328 5134 2450 5195 vita:
2475 5139 2788 5210 spiritualis,
2823 5128 3042 5197 arctiOri
3080 5142 3243 5196 animi
3285 5141 3463 5195 studio
3490 5155 3577 5196 so-

1984 5230 2165 5292 litaria
2195 5228 2432 5304 seipsum
2459 5235 2789 5305 mancipavit
2827 5235 3165 5291 districtidnc
3210 5233 3405 5306 [Mab.;
3443 5232 3573 5288 soli-

1985 5328 2138 5384 taria:
2159 5324 2506 5398 districtioni]
2533 5327 2586 5380 in
2622 5329 3006 5398 promontoriis
3049 5343 3168 5397 qua:
3197 5326 3333 5379 mari
3360 5325 3576 5382 Oceano

1984 5429 2042 5476 et
2065 5419 2290 5475 Humbri
2316 5417 2535 5474 flumine
2584 5420 2895 5491 cinguntur.
2928 5419 3000 5474 Ibi
3039 5421 3203 5475 etiam
3237 5420 3406 5475 multo
3436 5428 3574 5476 tem-

1986 5519 2117 5583 pore
2145 5512 2203 5566 in
2221 5511 2454 5582 quodam
2483 5527 2651 5583 parvo
2678 5514 2939 5577 oratorio,
2979 5513 3152 5567 sancti
3190 5512 3419 5567 Andrea:
3446 5528 3576 5583 apo-

1985 5605 2109 5660 stoli
2138 5603 2340 5660 Christi
2362 5606 2581 5660 nomine
2612 5606 2808 5667 dicato,
2836 5605 2888 5660 in
2912 5603 3129 5673 jejuniis
3156 5612 3211 5657 et
3238 5604 3574 5660 orationibus

1986 5704 2147 5767 atque
2174 5698 2370 5768 vigiliis
2395 5697 2506 5751 Deo
2527 5697 2793 5760 serviens,
2818 5697 2978 5749 etiam
3001 5694 3382 5749 miraculorum
3406 5696 3573 5766 signis

1982 5776 2180 5846 claruit
2199 5788 2395 5863 [Mab.,
2421 5790 2492 5843 ita
2517 5796 2641 5843 ut...
2678 5786 2953 5858 clareret],
3003 5795 3059 5843 et
3094 5801 3293 5843 nomen
3326 5784 3443 5857 ejus
3486 5803 3573 5843 ce-
