4044 6340
494 383 604 442 695

1351 383 1412 442 Β.
1454 385 1513 442 F.
1554 385 1780 441 ALBlNl
1824 381 1955 440 SEU
1996 381 2273 440 ALCUINI
2311 384 2595 441 OPERUM
2634 385 2814 442 PARS
2853 378 2916 440 ν.

3670 383 3779 441 696

490 504 639 562 lebre
664 501 865 560 factum
892 510 992 558 est.
1025 499 1135 557 Nec
1155 501 1486 558 confluentes
1516 504 1765 560 cessabat
1786 505 1852 558 ad
1881 521 1939 560 se
1965 513 2076 558 tur-
2105 505 2154 564 Α
2181 504 2342 558 minis
2384 505 2689 574 splendore,
2720 505 2937 574 plenum
2987 518 3097 558 suze
3133 503 3478 574 perfectionis
3524 505 3784 560 ostendet

491 597 590 652 bas
614 595 934 652 suavissima
959 595 1106 650 verbi
1133 595 1228 649 Dei
1251 595 1620 651 admonitione
1651 597 1946 652 cohortari.
1975 595 2082 650 Sed

491 694 550 744 et
597 687 741 743 illius
771 687 946 758 gentis
978 686 1088 757 regi
1115 694 1184 764 θ.
1213 686 1562 756 optimatibus
1611 687 1946 742 honorabilis
1998 685 2080 740 ef-

492 781 671 838 fectus
705 790 809 846 est,
863 780 919 833 in
956 787 1191 843 tantum,
1222 786 1282 832 ut
1310 778 1359 832 ei
1400 778 1610 848 aliquas
1641 786 1906 833 terrarum
1953 793 2080 848 pos-

493 874 878 938 sessiunculas,
920 873 1023 928 illis
1054 873 1442 942 promontoriis
1478 871 1806 941 adjacentes,
1850 873 1916 926 ad
1950 871 2079 925 tedi-

491 967 758 1023 ﬂcandam
791 968 901 1022 Deo
925 967 1237 1032 ecclesiam,
1263 967 1404 1022 dono
1427 976 1686 1038 perpetuo
1716 966 2078 1030 contulerint;

492 1061 548 1115 in
590 1076 694 1130 qua
719 1061 840 1131 pius
878 1069 1034 1131 pater
1057 1061 1325 1115 modicam
1368 1060 1605 1129 quidem,
1654 1059 1748 1114 sed
1797 1061 2080 1114 honestam

490 1152 602 1208 Deo
645 1154 995 1208 servientium
1035 1154 1293 1208 adunavit
1339 1153 1838 1223 congregationem,
1885 1152 1940 1206 in
1973 1165 2080 1220 qua

491 1259 546 1304 et
568 1257 692 1319 post
717 1246 1043 1317 multiplices
1070 1247 1245 1301 sancti
1267 1246 1466 1300 laboris
1487 1262 1710 1316 agones,
1741 1261 1770 1299 a
1793 1245 1906 1299 Deo
1926 1260 2083 1299 coro—

493 1347 650 1394 natus
680 1351 908 1407 corpore
938 1338 1250 1406 requiescit,
1277 1345 1330 1390 et
1353 1337 1557 1406 posteri
1588 1335 1706 1405 ejus
1728 1351 1898 1405 usque
1920 1333 2081 1390 hodie

489 1447 555 1486 ex
587 1429 890 1486 sanctitatis
918 1427 1036 1498 ejus
1067 1429 1355 1485 traditione
1381 1429 1681 1498 possident.
1715 1428 1952 1495 Quorum
1981 1442 2081 1498 ego

490 1521 699 1576 meritis
738 1529 795 1576 et
817 1521 1009 1576 ordine
1052 1528 1348 1584 extremus,
1399 1519 1645 1575 eamdem
1692 1519 1938 1574 cellulam
1985 1533 2106 1588 per.

489 1614 864 1668 successiones
903 1612 1171 1684 legitimas
1232 1612 1442 1681 suscepi
1497 1613 1938 1682 gubernandam,
1987 1612 2081 1681 qui

490 1705 632 1760 hanc
673 1704 959 1760 historiam
1009 1704 1339 1759 sanctissimi
1381 1703 1558 1758 Patris
1587 1713 1644 1758 ct
1670 1704 1865 1758 summi
1899 1719 2080 1759 sacer-

488 1796 632 1851 dotis
679 1795 1040 1859 Willibrordi,
1091 1805 1142 1850 te
1182 1795 1432 1866 jubente,
1477 1795 1788 1849 beatissime
1835 1793 2078 1865 pontifex

489 1885 819 1952 Beornrade,
862 1885 1205 1956 conscripsi:
1239 1885 1330 1953 qui
1365 1892 1514 1938 tanto
1563 1883 1734 1946 Patri,
1783 1893 1836 1937 et
1882 1884 2078 1938 summi

489 1979 777 2033 sacerdotii
814 1979 1100 2049 dignitate,
1143 1986 1196 2032 et
1245 1976 1458 2047 generis
1501 1977 1836 2045 posteritate,
1867 1983 1922 2030 et
1951 1991 2078 2029 san-

489 2073 700 2126 ctorum
730 2071 972 2124 locorum
1016 2069 1395 2125 observatione
1425 2082 1545 2137 qua:
1571 2069 1638 2121 ab
1665 2082 1730 2121 eo
1759 2067 1811 2120 in
1841 2067 1933 2120 Dei
1978 2068 2078 2123 ho—

489 2177 676 2217 norem
702 2170 1012 2216 constructa
1042 2174 1162 2214 esse
1206 2167 1525 2222 noscuntur,
1558 2157 1852 2210 secundum
1899 2157 2078 2211 datam

490 2255 586 2309 tibi
615 2271 645 2308 a
672 2256 782 2308 Deo
813 2253 1066 2323 gratiam,
1097 2253 1271 2306 hmres
1301 2251 1649 2320 dignissimus
1680 2249 1960 2306 exstitisti.

558 2345 686 2399 CAP.
717 2345 778 2398 ll.
807 2341 1223 2406 S._Willibrordi
1249 2358 1382 2394 mira
1403 2328 1688 2409 conceptio.
1729 2337 1871 2392 l’isio
1895 2341 2078 2394 'matris

487 2436 622 2506 ejus.
663 2433 892 2488 Visiom's
919 2433 1301 2503 interpretatio.
1329 2431 1483 2485 —Et
1529 2439 1587 2484 ut
1625 2429 1862 2498 ejusdem
1905 2430 2078 2484 sancti

485 2528 658 2600 patris
679 2524 1014 2580 Willibrordi
1044 2523 1205 2578 altius
1240 2523 1538 2577 nativitatis
1558 2521 1847 2591 originem,
1873 2530 1928 2574 et
1953 2535 2078 2576 mox

488 2620 543 2676 in
573 2629 728 2674 utero
763 2617 950 2672 matris
979 2615 1172 2670 divina:
1199 2615 1480 2670 electionis
1508 2622 1747 2684 repetam
1792 2613 2074 2684 przesagia,

485 2720 734 2768 revertar
779 2709 921 2764 unde
947 2721 1196 2779 egressus
1221 2723 1361 2761 sum.
1385 2705 1520 2760 Nam
1541 2706 1681 2759 sicut
1702 2704 2078 2759 sanctissimus

484 2820 790 2876 praecursor
818 2802 1030 2857 Domini
1055 2802 1226 2856 nostri
1252 2799 1378 2855 .lcsu
1401 2799 1601 2855 Christi
1625 2800 1815 2853 beatus
1842 2797 2078 2852 Joannes

483 2900 748 2970 Baptista,
772 2913 841 2953 ex
867 2906 1020 2951 utero
1043 2895 1232 2949 matris
1261 2894 1370 2949 Deo
1393 2892 1782 2957 sanctiﬁcatus,
1812 2890 2078 2960 religiosis

482 2994 818 3064 parentibus,
857 2999 915 3044 ut
964 2989 1274 3059 evangelica
1325 2995 1510 3064 narrat
1558 2984 1785 3040 historia
1830 2982 1981 3054 (Luc.
2012 2982 2074 3054 ι),

483 3085 759 3140 Christum
802 3099 903 3137 ceu
933 3082 1099 3136 solem
1155 3080 1466 3150 praecedens
1514 3075 1738 3139 lucifer,
1788 3074 1973 3128 multis
2021 3074 2077 3129 in

483 3176 713 3231 salutem
740 3173 1079 3244 profuturus,
1120 3182 1278 3226 natus
1308 3181 1392 3224 est
1425 3185 1438 3222 :
1464 3169 1538 3222 ita
1564 3177 1618 3222 et
1647 3177 1866 3222 sanctus
1898 3165 2074 3220 Willi-

485 3267 716 3323 brordus
747 3243 815 3320 in
862 3265 1218 3335 plurimorum
1267 3262 1481 3332 genitus
1524 3260 1747 3315 salutem
1790 3257 1983 3330 [Mab.,
2024 3258 2078 3312 in
2105 3243 2152 3307 C

483 3359 840 3429 plurimarum
871 3355 1110 3425 gentium
1151 3352 1429 3423 salutem],
1463 3350 1732 3419 religiosis
1760 3349 2078 3419 parentibus

483 3456 643 3504 natus
675 3463 794 3503 esse
825 3448 1178 3517 dignoscitur.
1217 3444 1350 3498 Nam
1394 3443 1479 3496 vir
1507 3441 1830 3497 venerabilis
1860 3439 2075 3511 Wilgis,

482 3540 550 3594 de
577 3554 684 3610 quo
705 3539 863 3594 nobis
904 3538 1064 3607 paulo
1107 3545 1229 3590 ante
1256 3550 1435 3590 sermo
1465 3533 1587 3597 fuit,
1619 3533 1686 3586 ad
1715 3532 1817 3586 hoc
1844 3539 2074 3596 tantum,

480 3631 592 3686 Deo
620 3630 1056 3701 prtedestinante,
1087 3626 1432 3682 matrimonio
1457 3625 1678 3693 junctus
1718 3632 1819 3688 est,
1857 3631 1918 3677 ut
1953 3621 2078 3676 talis

483 3722 551 3778 ad
579 3721 881 3794 profectum
929 3721 1221 3776 multorum
1262 3719 1582 3789 populorum
1623 3733 1689 3773 ex
1735 3732 1800 3771 eo
1824 3715 2076 3770 ederetur

478 3815 681 3887 proles.
727 3815 892 3884 [gitur
917 3830 1054 3868 uxor
1087 3812 1223 3882 ejus,
1255 3822 1430 3868 mater
1477 3811 1684 3866 scilicet
1726 3810 1872 3864 beati
1901 3808 2078 3863 Willi-

479 3907 664 3962 brordi
705 3907 899 3977 patris,
947 3907 1268 3976 intempesta
1299 3906 1476 3960 noctis
1505 3904 1709 3974 quiete,
1752 3902 1974 3958 caeleste
2020 3901 2074 3956 in

479 3999 685 4056 somnis
711 3997 844 4052 vidit
872 4013 1062 4052 orama
1093 3995 1312 4072 (ὅραμα,
1340 3995 1395 4048 id
1423 4003 1496 4049 est
1529 3995 1748 4063 visum).
1774 3993 1963 4046 Visum
1993 4001 2078 4048 est

478 4092 529 4147 ei
563 4091 718 4161 quasi
772 4106 968 4145 novam
1017 4090 1072 4144 in
1119 4090 1258 4144 cmlo
1305 4089 1514 4144 videret
1563 4087 1768 4149 lunam,
1799 4096 2078 4142 crescente

479 4185 593 4250 illa,
624 4200 796 4254 usque
824 4185 950 4241 dum
979 4183 1136 4254 plena
1160 4184 1446 4239 videbatur
1475 4196 1615 4237 esse.
1644 4180 1817 4248 Quam
1849 4179 2076 4250 diligen-

480 4279 587 4332 tius
624 4280 857 4343 intuens,
907 4277 1191 4348 repentino
1222 4292 1382 4332 cursu
1415 4276 1564 4346 lapsa
1604 4274 1714 4329 ruit
1759 4275 1815 4328 in
1844 4290 1906 4330 os
1935 4273 2072 4343 ejus.

480 4368 598 4436 Qua
624 4369 893 4434 devorata,
941 4369 1058 4438 ejus
1102 4370 1292 4424 intima
1335 4368 1619 4438 splendore
1668 4367 1886 4439 perfusa
1928 4375 2072 4422 sunt.

478 4462 754 4531 Evigilans
784 4478 932 4527 vero,
972 4465 1166 4518 timore
1213 4464 1526 4534 perterrita,
1571 4464 1785 4518 cuidam
1819 4465 1923 4518 hoc
1951 4463 2076 4518 reli-

480 4556 631 4628 gioso
675 4556 990 4626 presbytero
1023 4554 1208 4608 retulit
1249 4555 1550 4620 somnium;
1595 4555 1794 4626 illoque
1837 4555 2070 4610 interro-

478 4659 639 4722 gante
664 4651 708 4705 si
735 4666 799 4705 ea
847 4655 1147 4718 nocte-qua
1195 4649 1245 4703 ei
1281 4648 1417 4703 visio
1455 4648 1595 4702 facta
1623 4657 1728 4715 est,
1775 4665 1874 4704 suo
1922 4662 2073 4703 more

479 4737 980 4808 solitojungeretur
1024 4739 1163 4805 viro,
1217 4747 1546 4808 acceptaque
1601 4739 1668 4797 ab
1707 4754 1772 4793 ea
1823 4738 1939 4807 ejus
1993 4738 2073 4793 rei

479 4831 836 4894 confessione,
882 4832 956 4886 ita
983 4833 1300 4902 respondit:
1338 4831 1510 4895 Luna,
1542 4847 1706 4901 quam
1745 4847 1813 4886 ex
1861 4831 2072 4887 modica

478 4921 660 4977 vidisti
692 4924 744 4977 in
785 4939 1034 4994 magnam
1066 4922 1261 4995 [Mab.,
1305 4938 1372 4977 ex
1407 4921 1686 4977 modico...
1712 4923 1766 4976 in
1792 4920 2070 4994 magnum]

476 5019 733 5082 crevisse,
764 5017 906 5074 illius
937 5026 1020 5072 est
1048 5033 1209 5087 quem
1242 5018 1294 5072 in
1325 5033 1387 5072 ea
1417 5025 1576 5071 nocte
1605 5015 1900 5086 concepisti
1933 5033 1944 5068 :
1979 5013 2071 5084 qui

477 5109 597 5164 luce
625 5108 870 5164 veritatis
899 5108 1226 5179 caliginosos
1265 5094 1610 5162 tenebrarum
1638 5120 1851 5161 errores
1887 5105 2069 5160 discu—

477 5202 594 5268 tiet,
620 5211 677 5258 et
703 5217 1028 5273 quocunque
1051 5200 1373 5270 perrexerit,
1407 5200 1704 5254 comitante
1740 5197 1956 5266 superni
1990 5195 2072 5251 lu-

546 5372 574 5402 ι
607 5359 843 5430 Ripensis
871 5357 1000 5430 [Al.,
1039 5355 1346 5430 ripensis]
1380 5356 1610 5430 ccclesia’
1645 5354 1919 5430 fratribus.
1956 5351 2068 5408 Hoc

474 5427 890 5486 monasterium"
916 5429 983 5482 ab
1023 5428 1260 5482 Alclriﬁo
1293 5427 1892 5480 Nortlianhumbrorum
1943 5439 2068 5493 rege

475 5503 750 5557 conditum
780 5500 945 5554 fuisse
980 5516 1122 5552 anno
1168 5498 1292 5562 631,
1327 5500 1480 5551 docet
1508 5496 1702 5549 Mabill.
1745 5510 1870 5550 saec.
1901 5511 1939 5548 ιι
1967 5495 2062 5548 Be-

475 5573 622 5634 ned.,
665 5573 716 5624 in
749 5569 865 5624 Vita
894 5570 1069 5624 sancti
1097 5568 1400 5630 Cuthberti,
1426 5567 1488 5620 ad
1511 5582 1629 5635 cap.
1661 5566 1712 5618 7.

546 5643 574 5681 b
600 5633 847 5712 Episcopi
874 5639 1105 5712 Egberti.
1134 5638 1308 5712 Hune
1339 5633 1647 5712 episcopum
1678 5633 2059 5712 ve_|_archicpi-

476 5707 696 5781 scepuiu
726 5707 890 5764 fuisse
919 5707 1230 5781 Subdubitat
1261 5707 1458 5762 Mabill.
1477 5721 1616 5781 _s_:ec.
1649 5721 1709 5781 ll_l
1741 5707 1871 5781 Ben.
1905 5715 2050 5781 part.

475 5798 516 5843 ι,
548 5773 599 5835 in
630 5779 746 5846 ejus
785 5781 972 5849 Elogio
1021 5795 1169 5833 num.
1211 5780 1266 5842 6,
1316 5794 1438 5848 pag.
1463 5775 1589 5849 490,
1647 5777 1718 5849 ob
1773 5773 2053 5849 silentium

478 5842 612 5908 Ven.
643 5842 819 5915 Bedae,
857 5842 950 5919 q'ui
990 5849 1141 5903 illum
1179 5842 1446 5920 nusquam
1481 5846 1783 5904 antistitem
1821 5842 1910 5903 vel
1935 5843 2053 5917 epi-

1619 6007 1635 6016 ο
1653 6007 1742 6018 αι...
1759 6011 1766 6016 .
1789 6005 1836 6016 -a-
1865 6007 1892 6015 --

2184 595 2400 666 globum
2441 606 2910 665 :coruscanteque
2975 596 3212 649 rumoris
3271 595 3383 663 ejus
3441 596 3676 650 candore
3719 605 3784 651 et

2183 704 2392 743 morum
2424 690 2844 760 pulchritudine,
2872 688 3164 744 multorum
3201 689 3254 743 in
3295 706 3352 743 se
3396 688 3593 745 alliciet
3619 706 3783 760 aspe-

2182 789 2348 836 ctum.
2396 781 2566 851 Hujus
2611 800 2740 854 ergo
2793 783 2986 840 somnii
3041 784 3538 852 interpretationem
3591 801 3780 840 rerum

2182 874 2387 929 veritas
2424 875 2707 929 subsecuta
2738 884 2841 930 est.
2883 921 2888 926 .

2201 999 2203 1002 -
2251 968 2379 1023 CAP.
2408 969 2492 1024 Ill.
2529 969 2797 1023 Nativitas
2823 980 2872 1024 et
2912 970 3196 1040 baptisma:
3233 969 3399 1023 sancti
3421 968 3780 1022 Willibrordi.

2183 1058 2275 1114 Fit
2298 1060 2519 1115 clericus
2547 1072 2595 1116 et
2622 1061 2930 1116 monachus.
2971 1092 3042 1100 —
3079 1060 3307 1115 Factum
3334 1069 3420 1116 est.
3453 1069 3573 1132 post
3599 1062 3785 1116 circu-

2180 1153 2289 1206 lum
2314 1155 2539 1216 dierum,
2571 1163 2625 1208 et
2650 1153 2844 1213 mlier
2865 1154 3078 1224 peperit
3103 1151 3294 1223 ﬁlium,
3322 1169 3585 1224 sacroque
3621 1152 3781 1208 fonte

2180 1243 2516 1315 baptismatis
2537 1254 2854 1315 regenerato
2877 1244 3130 1314 .mposuit
3144 1244 3191 1297 ei
3209 1251 3382 1298 mater
3395 1259 3590 1298 nomen
3606 1243 3788 1297 Willi-

2179 1337 2366 1400 brord,
2391 1343 2445 1391 et
2467 1337 2650 1391 statim
2677 1337 3007 1391 ablactatum
3050 1335 3376 1390 infantulum
3401 1336 3615 1390 tradidit
3649 1349 3782 1391 eum

2179 1438 2372 1499 paterﬂ
2392 1429 2642 1497 Ripensis
2668 1427 2912 1483 ecclesize
2943 1426 3222 1490 fratribus,
3235 1426 3500 1497 religiosis
3514 1427 3710 1481 studiis
3723 1434 3788 1482 et

2181 1520 2350 1575 sacris
2375 1518 2568 1574 litteris
2581 1518 2936 1573 erudiendum
2963 1536 2974 1570 :
3001 1526 3058 1570 ut
3083 1516 3328 1588 fragilior
3347 1527 3480 1571 aetas
3501 1517 3784 1572 validiori-

2179 1615 2278 1669 bus
2328 1612 2682 1667 iuvalesceret
2727 1609 3044 1680 disciplinis,
3098 1609 3190 1664 ubi
3241 1609 3376 1664 nihil
3420 1609 3630 1664 videret
3671 1609 3782 1665 nisi

2180 1707 2432 1770 honesta,
2466 1704 2602 1760 nihil
2629 1704 2840 1759 audiret
2871 1703 2974 1758 nisi
3001 1709 3208 1757 saneta.
3239 1701 3411 1769 Quem
3439 1702 3619 1757 divina
3648 1719 3780 1757 mox

2183 1803 2355 1874 gratia
2386 1803 2454 1856 ab
2477 1802 2695 1856 ineunte
2735 1798 2964 1870 pueritia
2987 1807 3042 1854 et
3068 1813 3227 1854 sensu
3255 1798 3542 1869 proiicere,
3580 1809 3635 1854 et
3662 1815 3782 1854 mo-

2185 1897 2333 1952 ribus
2359 1896 2580 1965 pollere,
2604 1902 2866 1964 quantum
2891 1892 2958 1946 ad
2983 1893 3115 1947 tales
3139 1893 3389 1964 congruit
3417 1908 3609 1955 annos,
3639 1909 3780 1948 con—

2185 1989 2349 2045 cessit
2379 2008 2390 2042 :
2423 1989 2495 2043 ita
2522 1997 2581 2042 ut
2607 1987 2808 2042 nostris
2835 1985 3174 2055 temporibus
3198 2001 3398 2040 novum
3429 1985 3647 2039 Samuel
3679 2003 3780 2040 na-

2184 2085 2261 2138 sci
2293 2091 2532 2153 putares,
2567 2083 2632 2135 de
2657 2095 2763 2150 quo
2792 2079 2994 2133 dictum
3025 2086 3109 2132 est
3142 2096 3153 2130 :
3185 2077 3328 2131 Puer
3355 2087 3532 2131 autem
3560 2077 3782 2132 Samuel

2183 2179 2490 2250 proﬁciebat
2523 2187 2676 2248 atque
2704 2175 2985 2239 crescebat,
3013 2185 3059 2228 et
3085 2174 3320 2246 placebat
3347 2185 3454 2229 tam
3482 2175 3590 2229 Deo
3619 2193 3780 2245 quam

2182 2267 2479 2322 hominibus
2508 2266 2559 2339 (ι
2593 2266 2721 2336 Reg.
2753 2283 2815 2328 ιι,
2857 2264 2971 2334 26).
3006 2266 3188 2334 Ibique
3223 2266 3275 2319 in
3302 2267 3560 2335 przedicto
3590 2280 3782 2320 mona-

2183 2363 2348 2418 sterio
2377 2361 2563 2417 multis
2586 2359 2903 2430 profuturus
2929 2375 3086 2429 puer,
3113 2359 3400 2414 clericatus
3428 2359 3635 2428 accepit
3659 2368 3782 2414 ton-

2181 2470 2385 2518 suram,
2408 2462 2463 2508 et
2486 2454 2572 2524 pia
2605 2451 2939 2523 professione
2969 2452 3292 2506 monachum
3321 2466 3380 2504 se
3403 2450 3531 2505 fecit
3555 2465 3699 2516 esse,
3722 2461 3784 2509 et

2181 2549 2324 2603 inter
2367 2557 2592 2602 caeteros
2633 2547 2873 2616 ejusdem
2912 2544 3243 2600 sanctissimi
3280 2544 3594 2598 monasterii
3641 2544 3778 2599 ado—

2180 2638 2444 2693 lescentes
2471 2639 2739 2692 enutritus
2778 2647 2893 2702 est;
2941 2638 3035 2692 sed
3075 2637 3208 2692 nulli
3241 2636 3522 2690 alacritate
3569 2636 3778 2701 minor,

2178 2734 2309 2789 nulli
2333 2734 2652 2789 humilitatis
2677 2733 2852 2788 oflicio
2873 2732 3158 2792 secundus,
3180 2731 3311 2785 nulli
3337 2730 3590 2784 lectionis
3615 2729 3778 2801 185

2179 2825 2359 2880 studio
2396 2824 2619 2879 inferior
2654 2842 2666 2877 :
2694 2823 2788 2878 sed
2823 2824 2900 2878 sic
2933 2823 3172 2892 quotidie
3209 2822 3364 2876 bona:
3407 2821 3608 2876 indolis
3641 2836 3780 2890 puer

2177 2913 2513 2984 proficiebat,
2541 2922 2600 2968 ut
2631 2922 2848 2967 teneros
2872 2913 3116 2981 pueritiae
3137 2927 3311 2966 annos
3337 2927 3550 2966 morum
3589 2912 3778 2980 gravi-

2182 3013 2295 3059 tate
2325 3005 2777 3061 transcenderet:
2811 3004 3095 3073 factusque
3133 3012 3217 3058 est
3243 3004 3569 3073 grandzevus
3608 3019 3776 3059 sensu

2178 3095 2269 3164 qui
2307 3096 2626 3166 corpusculo
2653 3096 2899 3151 modicus
2935 3094 3038 3149 fuit
3063 3103 3117 3148 et
3150 3094 3373 3164 fragilis.

2251 3185 2377 3240 CAP.
2427 3185 2515 3240 ιν.
2558 3186 2623 3240 1η
2657 3187 2965 3240 Hiberniam
2996 3186 3365 3256 proﬁciscitur.
3395 3217 3468 3226 -—
3495 3187 3670 3258 Igitur
3715 3187 3772 3240 in

2183 3279 2354 3332 sacris
2383 3278 2796 3342 eruditionibus,
2833 3287 2888 3332 et
2925 3278 2980 3332 in
3008 3279 3152 3332 omni
3189 3279 3502 3342 sobrietate,
3532 3296 3776 3335 morum-

2181 3381 2287 3436 que
2311 3367 2612 3431 honestate,
2645 3368 2966 3423 beatissimo
2992 3384 3163 3438 usque
3191 3368 3259 3423 ad
3285 3369 3610 3424 vicesimum
3643 3379 3776 3424 teta-

2182 3457 2254 3512 tis
2308 3472 2419 3512 suze
2470 3473 2670 3512 annum
2723 3458 3065 3513 adolescente
3119 3457 3468 3528 proficiente,
3517 3460 3776 3516 arctioris

2180 3552 2305 3605 vitae
2338 3551 2530 3606 ardore
2563 3567 2856 3607 succensus
2883 3563 2986 3616 est,
3016 3561 3072 3606 et
3100 3553 3550 3623 peregrinationis
3588 3567 3775 3608 amore

2182 3643 2491 3712 instigatus.
2525 3643 2590 3697 Et
2615 3643 2742 3713 quia
2781 3643 2834 3697 in
2865 3643 3122 3699 Hibernia
3165 3643 3547 3700 scholasticam
3589 3644 3777 3700 erudi-

2183 3735 2384 3789 tionem
2415 3735 2652 3804 viguisse
2687 3735 2913 3800 audivit,
2953 3735 3116 3790 etiam
3150 3737 3508 3806 quorumdam
3557 3748 3777 3794 sancto-

2178 3844 2299 3883 rum
2333 3829 2592 3892 virorum,
2625 3827 2768 3883 fama
2811 3837 3081 3893 narrante,
3117 3830 3531 3886 conversatione
3579 3831 3776 3886 incita-

2177 3933 2285 3988 tus,
2304 3925 2636 3994 etprzecipue
2662 3925 2959 3980 beatissimi
2977 3925 3151 3980 Patris
3173 3933 3229 3980 et
3253 3924 3487 3994 episcopi
3504 3924 3725 3992 Egberti
3741 3925 3771 3965 δ

2180 4013 2376 4086 [Mab.,
2411 4014 2649 4086 Ecberti]
2676 4056 2690 4080 ,
2735 4015 2827 4083 qui
2865 4023 3220 4085 cognomento
3260 4013 3493 4069 Sanctus
3529 4016 3772 4070 vocaba-

2179 4115 2294 4170 tur;
2329 4120 2429 4160 nee
2469 4123 2576 4160 non
2619 4116 2676 4161 et
2700 4106 2959 4160 Wicbcrti
3003 4105 3328 4160 venerabilis
3359 4105 3460 4159 viri
3495 4115 3554 4160 et
3589 4120 3773 4160 sacer-

2178 4197 2321 4252 dotis
2351 4197 2464 4262 Dei,
2490 4213 2722 4267 quorum
2753 4207 2980 4266 uterque
3007 4197 3077 4252 ob
3112 4194 3352 4251 caelestis
3394 4196 3589 4266 patria:
3618 4212 3771 4250 amo-

2178 4306 2313 4354 rem,
2338 4292 2516 4354 domo,
2540 4291 2734 4359 patria,
2760 4289 3188 4359 cognationeque
3213 4288 3420 4353 relicta,
3447 4287 3768 4342 Hiberniam

2177 4380 2418 4445 secessit,
2449 4381 2628 4450 ibique
2653 4379 2994 4434 dulcissimos
3021 4393 3267 4448 supernae
3291 4378 3767 4447 contemplationis

2176 4473 2403 4537 fruetus,
2431 4471 2626 4526 saeculo
2655 4472 2848 4536 nudus,
2880 4473 2989 4527 Deo
3017 4472 3225 4541 plenus,
3252 4470 3496 4526 solitaria
3519 4470 3769 4539 quotidie

2099 4602 2154 4665 Β
2176 4562 2458 4618 hauriebat
2494 4563 2922 4618 conversatione.
2977 4562 3180 4617 Horum
3217 4563 3409 4616 beatus
3447 4562 3766 4617 adolescens

2175 4653 2416 4709 :emulari
2466 4654 2688 4723 cupiens
2721 4655 3060 4724 religionem,
3115 4669 3238 4709 cum
3289 4654 3638 4708 eonniventia
3681 4663 3766 4709 su:

2177 4746 2387 4800 abbatis
2423 4754 2478 4799 et
2511 4744 2758 4808 fratrum,
2795 4746 2846 4798 in
2876 4745 3188 4800 Hiberniam
3225 4745 3394 4798 veloci
3428 4761 3592 4799 cursu
3628 4759 3764 4798 eon-

2175 4829 2385 4891 seendit
2424 4834 2616 4907 [Mab.,
2641 4835 2961 4908 contendit],
3012 4836 3394 4905 praedictorum
3429 4835 3658 4890 Patrum
3703 4848 3766 4891 se

2175 4926 2527 4992 familiaritati
2567 4923 2925 4995 coniungens;
2972 4935 3261 4994 quatenus,
3303 4941 3401 4980 ceu
3452 4925 3766 4994 prudentis-

2174 5019 2310 5072 sima
2337 5017 2471 5086 apis,
2498 5033 2563 5070 ex
2593 5031 2777 5070 eorum
2803 5017 3202 5086 propinquitate
3232 5015 3518 5070 melliiluos
3543 5017 3765 5086 pietatis

2178 5117 2428 5178 carperet
2455 5107 2642 5170 ﬂores;
2695 5115 2750 5162 et
2784 5107 2838 5161 in
2870 5108 2950 5161 sui
2978 5108 3215 5176 pectoris
3241 5107 3480 5162 alvcario
3511 5107 3765 5162 dulcissi-

2179 5215 2296 5256 mos
2339 5202 2597 5255 virtutum
2643 5200 2792 5255 favos
2831 5209 3198 5266 construeret;
3249 5200 3431 5269 ibique
3473 5199 3766 5256 duodecim

2179 5371 2420 5425 scopum,
2449 5353 2542 5409 sed
2571 5361 2782 5425 tantum
2809 5354 3144 5425 sacerdotem
3171 5353 3434 5425 nominat.
3483 5351 3625 5406 Hine
3649 5365 3762 5425 non

2177 5423 2475 5480 audiendus
2502 5423 3078 5494 pseudo-Marcellinus
3125 5423 3178 5476 in
3210 5423 3269 5477 S.
3296 5423 3578 5494 Suidberti
3621 5424 3764 5494 actis

2163 5496 2446 5556 fabulosis,
2491 5493 2583 5563 qui
2621 5495 2916 5565 Egbertum
2956 5495 3350 5565 Eboracensem
3389 5493 3764 5565 archiepisco-

2161 5584 2288 5650 pum
2321 5567 2466 5650 dicit.
2501 5562 2844 5650 confundens
2889 5579 3012 5650 eum
3042 5562 3762 5650 videlicetnc‘umﬂEcgbcrlo

2161 5633 2304 5692 illius
2344 5637 2487 5691 sedis
2535 5635 2796 5698 antistite,
2829 5635 2918 5704 qui
2951 5643 3074 5705 post
3105 5633 3265 5705 hujus
3292 5633 3510 5705 Egberti
3544 5633 3762 5705 obitum

2159 5723 2302 5762 anno
2339 5709 2497 5761 tertio
2541 5707 2593 5761 in
2626 5705 2800 5760 locum
2835 5703 3072 5760 Willridi
3115 5703 3358 5772 iunioris
3390 5703 3764 5768 Eboracensis

2158 5777 2552 5848 archiepiscopi
2596 5775 2852 5836 suﬂ‘ectus
2886 5784 2989 5832 est.

3761 5901 3776 5940 ἱ

3541 5961 3614 5972 _,_
3707 5943 3784 5964 LA

3351 5969 3516 6005 .I-wf."
