4044 6340
291 269 396 327 697

987 271 1566 336 HAGIOGRAPHICA.
1605 306 1678 324 —-
1711 277 1871 336 VITA
1913 277 1972 336 S.
2015 278 2500 346 WILLIBRORDI.
2537 318 2607 330 —-
2640 287 2768 345 LIB.
2801 288 2843 344 1.

3441 297 3546 356 698

293 387 469 452 annis,
513 386 655 443 inter
690 389 917 446 eximios
959 394 1117 449 simul
1158 397 1261 466 piae
1289 397 1565 469 religionis
1607 405 1663 454 et
1698 413 1865 454 sacra:
1890 400 1938 458 Α
1967 415 2138 455 serere
2175 421 2332 474 super
2364 407 2542 476 spinas
2583 407 2799 479 (Jerem.
2837 409 3012 482 iv,5).
3055 409 3299 482 Cumque
3345 414 3552 472 studio-

291 477 540 533 lectionis
595 481 910 551 magistros,
965 483 1177 540 futurus
1221 487 1510 542 multorum
1551 489 1871 560 populorum

290 569 614 637 praedicator
650 567 1017 642 erudiebatur,
1065 577 1233 633 donec
1261 588 1572 635 occurreret
1611 583 1663 635 in
1695 581 1871 636 virum

291 657 589 729 perfectum
621 671 676 716 et
707 663 760 717 in
789 674 1002 720 :etatem
1029 667 1380 736 plenitudinis
1411 671 1632 727 Christi.

362 751 490 806 CAP.
534 750 596 805 V.
641 751 824 808 Fervet
863 755 1121 812 desiderio
1158 777 1392 830 paganos
1432 763 1874 816 convertendi.—

292 841 593 898 Triccsimo
625 845 808 916 itaque
838 856 891 900 et
928 850 1086 904 tertio
1124 852 1301 906 aetatis
1343 868 1454 908 suae
1494 869 1657 918 anno,
1699 855 1874 925 major

289 935 506 1004 egregio
531 934 648 988 viro
675 936 794 990 ﬁdei
844 935 1057 992 ﬂamma
1100 943 1382 998 crescebat
1424 945 1477 998 in
1506 954 1750 1012 pectore,
1794 949 1870 1000 ita

291 1035 350 1079 ut
370 1041 560 1094 parum
587 1027 637 1081 ei
663 1028 934 1084 videretur
962 1031 1062 1086 sibi
1112 1033 1210 1088 soli
1242 1037 1610 1091 tantummodo
1649 1037 1701 1090 in
1749 1037 1872 1092 reli-

289 1116 465 1186 gionis
487 1118 774 1174 sanctitate
815 1122 1056 1188 sudasse,
1087 1123 1266 1180 sinon
1308 1134 1362 1180 et
1404 1127 1523 1181 aliis
1565 1143 1779 1198 quoque
1817 1129 1872 1184 in

288 1212 687 1280 praedicationis
713 1214 938 1269 veritate
961 1217 1261 1286 prodesset.
1295 1219 1516 1275 Audivit
1544 1219 1734 1291 [Mab.,
1764 1221 1872 1276 Au-

288 1301 444 1357 diens
469 1304 672 1378 itaque]
710 1307 762 1360 in
808 1309 1113 1365 borealibus
1141 1312 1324 1365 mundi
1369 1314 1610 1382 partibus
1639 1329 1870 1370 messem

287 1395 504 1462 quidem
541 1397 768 1451 multam
803 1414 942 1464 esse,
975 1403 1068 1456 sed
1102 1403 1384 1471 operarios
1415 1419 1634 1473 paucos.
1679 1405 1786 1459 Sed
1813 1414 1874 1459 ut

285 1488 503 1554 somnii,
537 1489 646 1544 Deo
683 1490 1048 1559 dispensante,
1098 1495 1412 1564 impleretur
1463 1498 1684 1561 veritas,
1729 1496 1872 1566 quod

285 1589 462 1634 mater
489 1582 616 1636 olim
639 1583 704 1638 de
733 1600 797 1639 eo
843 1601 900 1640 se
926 1587 1126 1643 vidisse
1156 1597 1388 1645 testatur
1413 1590 1606 1664 [Mab.,
1635 1594 1872 1648 testaba-

283 1671 420 1743 tur],
459 1689 569 1728 sua:
616 1677 867 1731 conscius
911 1679 1227 1746 voluntatis,
1277 1684 1403 1738 licet
1453 1685 1630 1738 adhuc
1677 1685 1872 1738 divinae

1974 493 2188 550 sissime
2216 498 2304 577 vir
2326 499 2418 553 Dei
2457 516 2556 582 per
2591 501 2706 556 loca
2743 503 2948 573 singula
2987 504 3364 573 discurrendo,
3397 517 3554 580 opta-
3643 547 3656 560 κ

1973 593 2086 640 tum
2115 575 2517 660 evangelizandi
2547 607 2682 662 opus
2707 594 3056 658 exercuisset,
3085 604 3140 650 et
3169 598 3374 652 semina
3400 600 3549 668 vita‘,

1973 691 2219 746 superna:
2271 681 2460 749 gratiae
2509 697 2633 735 rore
2683 682 2972 758 irrigapte,
3033 684 3188 755 longe
3234 687 3448 758 lateque
3493 690 3549 746 in

1973 699 2219 746 superna:
2271 699 2460 749 grana:
2509 699 2633 735 rore
2683 699 2844 752 Irl'lga
2887 699 2972 747 te,
3035 699 3188 755 longe
3235 699 3448 758 lateque
3493 699 3549 746 in

1973 770 2117 838 agris
2175 771 2468 829 multorum
2529 775 2772 830 cordium
2833 699 2898 831 and
2952 775 3068 845 ejus
3114 781 3550 848 prmdication'em

1973 859 2244 914 uberrime
2271 864 2649 932 pullulassent,
2691 869 3032 937 congaudens
3068 871 3357 939 praedictus
3381 873 3552 931 Fran-

1973 968 2160 1010 corum
2205 956 2313 1039 dux
2358 957 2474 1026 ejus
2521 962 2874 1017 sanctissima:
2915 963 3186 1031 devotioni
3216 965 3406 1038 [Mab.,
3438 969 3553 1039 ejus

1973 1037 2316 1102 sanctissima
2353 1050 2684 1123 devotione],
2709 1061 2764 1107 et
2783 1053 2932 1108 verbi
2961 1055 3056 1111 Dei
3080 1037 3394 1114 clarissima:
3418 1037 3554 1116 mul-

1973 1137 2314 1206 tiplicationi,
2366 1142 2587 1211 majoris
2636 1143 2911 1215 profectus
2953 1149 3260 1218 occasione,
3303 1152 3551 1221 prudenti

1973 1232 2243 1301 cogitabat
2271 1237 2498 1291 consilio
2533 1253 2654 1292 eum
2685 1239 2910 1295 Romam
2940 1243 3177 1310 mittere,
3210 1253 3270 1299 ut
3299 1261 3330 1300 a
3356 1247 3552 1304 domno

1974 1325 2267 1394 apostolico
2305 1325 2514 1398 Sergio,
2553 1329 2671 1385 viro
2711 1333 3055 1390 sanctissimo
3097 1345 3225 1393 tunc
3268 1341 3549 1410 temporis,

1975 1415 2027 1468 in
2059 1417 2254 1470 summi
2281 1420 2550 1475 sacerdoti
2579 1421 2838 1479 honorem
2867 1427 3210 1483 ordinaretur
3236 1448 3249 1484 :
3283 1441 3580 1504 quatenus,

1973 1507 2267 1574 apostolica
2298 1509 2677 1568 benedictione
2706 1523 2759 1569 et
2779 1514 3024 1584 jussione
3056 1531 3326 1592 suscepta,
3361 1522 3550 1592 majori

1975 1599 2042 1652 ab
2085 1612 2148 1653 eo
2192 1601 2386 1656 missus
2428 1601 2624 1659 ﬁducia
2668 1607 2982 1677 roboratus,
3030 1613 3086 1667 in
3107 1628 3242 1684 opus
3275 1615 3552 1688 Evangelii

1976 1699 2367 1756 reverteretur,
2421 1691 2575 1761 juxta
2627 1701 2979 1767 apostolicum
3043 1703 3171 1760 illud
3212 1723 3225 1757 :
3279 1706 3552 1772 Quomodo

281 1762 702 1831 dispensationis
743 1767 986 1837 ignarus,
1031 1773 1151 1828 illas
1190 1775 1242 1828 in
1283 1785 1464 1843 partes
1493 1777 1746 1845 navigare
1774 1792 1867 1831 co-
1902 1753 1946 1812 Β
1973 1782 2334 1852 prmdicabunt
2368 1785 2468 1838 nisi
2497 1753 2776 1843 mittantur
2811 1791 2983 1860 (Rom.
3009 1811 3065 1859 ι,
3091 1796 3218 1867 15)?
3245 1753 3397 1864 Quod
3427 1816 3550 1856 cum

281 1853 498 1921 gitavit,
524 1864 578 1910 et
618 1856 919 1914 clarissima
954 1864 1274 1933 evangelicze
1301 1867 1700 1934 praedicationis
1727 1866 1864 1932 luce,

283 1959 566 2019 torpentes
618 1956 776 2026 longa
823 1957 1139 2014 inﬁdelitate
1173 1961 1428 2034 populos,
1488 1963 1532 2016 si
1581 1963 1676 2016 Dei
1723 1970 1867 2018 esset

278 2044 551 2110 voluntas,
587 2047 875 2103 illustrare.
919 2049 1331 2121 Assumptisque
1371 2068 1553 2107 secum
1584 2054 1866 2109 duodecim

280 2139 479 2212 [.ﬂab.,
505 2141 777 2214 undecim]
815 2143 1089 2209 fratribus,
1126 2159 1191 2200 eo
1223 2145 1343 2199 ﬁdei
1381 2145 1592 2201 fervore
1619 2149 1861 2212 armatis,

278 2249 387 2302 quo
416 2242 470 2288 et
496 2235 630 2303 ipse,
665 2234 844 2287 navim
875 2237 1189 2290 conscendit
1221 2254 1232 2289 :
1263 2252 1494 2306 quorum
1531 2238 1692 2308 aliqui
1715 2246 1864 2307 post—

277 2340 365 2390 ea,
405 2326 473 2379 oh
516 2325 918 2394 przedicationis
958 2328 1281 2396 evangelica:
1325 2330 1661 2394 instantiam,
1717 2347 1862 2384 mar—

280 2417 426 2488 tyrio
465 2419 708 2472 coronati
748 2429 898 2483 suat;
949 2418 1112 2488 aliqui
1156 2436 1282 2474 vero
1333 2423 1674 2491 episcopatus
1719 2423 1862 2477 ordi-

278 2523 404 2562 nem
436 2509 780 2578 accipientes,
814 2517 934 2579 post
967 2519 1169 2564 sancta:
1203 2511 1598 2580 praedicationis
1627 2513 1858 2580 labores,

277 2599 332 2654 in
366 2615 501 2670 pace
532 2601 870 2671 quieverunt=

349 2689 480 2746 CAP.
521 2688 607 2745 Vl.
651 2688 782 2746 Cum
829 2691 1101 2746 duodecim
1151 2695 1305 2748 sociis
1349 2694 1647 2766 Trajectum
1701 2697 1857 2751 venit.

276 2783 414 2837 Inde
444 2783 622 2837 abiens
654 2783 939 2839 Franciam
969 2789 1112 2856 petit,
1154 2798 1202 2840 et
1253 2806 1284 2840 a
1321 2785 1547 2859 Pippino
1578 2790 1862 2858 honoriﬁce

273 2878 552 2947 excipitur.
587 2877 763 2932 Suasit
797 2875 1010 2948 Pippini
1046 2877 1269 2933 Romam
1315 2883 1440 2950 petit
1479 2883 1532 2935 in
1563 2883 1860 2953 episcopum

274 2970 624 3024 ordinandus.
647 3000 717 3009 —
741 2970 905 3040 Igitur
937 2971 1017 3023 vir
1045 2971 1140 3024 Dei
1187 2987 1309 3026 cum
1351 2973 1533 3038 sociis,
1561 2974 1700 3028 sicut
1725 2990 1862 3044 pra:-

273 3063 532 3129 diximus,
557 3063 795 3119 Fresiam
826 3067 1100 3134 navigavit
1129 3079 1177 3132 ο,
1209 3067 1378 3123 donec
1401 3085 1660 3139 prospero
1694 3087 1853 3126 cursu
1883 3105 1930 3168 ο

273 3157 342 3211 ad
380 3157 516 3211 ostia
548 3156 719 3210 Rheni
750 3155 984 3212 ﬂuminis
1009 3157 1120 3211 vela
1152 3159 1427 3228 deposuit;
1466 3161 1645 3230 ibique
1673 3171 1855 3231 optata

273 3249 484 3303 telluris
513 3231 744 3304 statione
767 3249 1048 3303 refocillati
1077 3259 1222 3316 sunt,
1254 3261 1310 3306 et
1331 3269 1456 3307 mox
1485 3255 1552 3307 ad
1574 3255 1854 3309 castellum

274 3338 604 3408 Trajectum,
649 3339 790 3409 quod
838 3337 891 3393 in
939 3341 1052 3409 ipsa
1090 3339 1324 3397 ﬂuminis
1375 3345 1487 3412 ripa
1537 3344 1699 3398 situm
1748 3353 1851 3409 est,

265 3442 668 3506 pervenerunt;
727 3435 778 3488 in
830 3451 937 3504 quo
984 3436 1148 3490 etiam
1197 3446 1319 3506 post
1352 3438 1568 3507 aliquod
1617 3448 1850 3518 tempus,

265 3525 384 3580 Deo
413 3525 667 3592 donante,
690 3534 744 3580 et
765 3527 930 3580 verbo
957 3526 1080 3582 ﬁdei
1127 3535 1425 3593 crescente,
1459 3529 1604 3583 idem
1635 3540 1854 3587 sanctus

265 3618 650 3674 Willibrordus
697 3621 881 3676 sedem
935 3623 1275 3692 episcopatus
1333 3625 1415 3679 sui
1469 3625 1676 3681 habuit.
1746 3627 1852 3684 Sed

260 3711 394 3782 quia
425 3711 613 3765 eadem
641 3727 771 3782 gens
805 3711 1113 3778 Frisonum,
1141 3714 1192 3768 in
1220 3730 1327 3784 quo
1363 3715 1502 3769 idem
1530 3717 1854 3772 :nditicatum

261 3813 348 3859 est
379 3802 680 3869 castellum,
705 3819 826 3858 cum
863 3821 988 3876 rege
1019 3821 1117 3860 suo
1145 3805 1404 3861 Radbodo
1427 3809 1650 3878 paganis
1679 3809 1854 3864 adhuc

261 3894 465 3949 ritibus
500 3893 710 3947 sorduit
755 3892 951 3965 [Mab.,
978 3895 1270 3968 sordebat],
1309 3898 1484 3952 visum
1511 3907 1596 3952 est
1619 3898 1734 3953 viro
1759 3899 1852 3954 Dei

259 3989 555 4044 Franciam
589 3990 944 4055 contendere,
975 4005 1038 4043 ac
1067 3991 1256 4045 ducem
1303 3991 1514 4046 illorum
1549 3991 1698 4046 adire
1724 3992 1852 4061 Pip-

259 4082 487 4151 pinum,
522 4081 694 4134 virum
734 4089 1041 4146 strenuum,
1074 4082 1360 4152 triumphis
1394 4083 1598 4137 clarum
1641 4092 1696 4138 et
1739 4098 1854 4137 mo-

261 4172 420 4226 ribus
465 4171 691 4240 probum
729 4170 859 4238 :qui
903 4185 1024 4224 cum
1065 4186 1186 4224 cum
1231 4173 1376 4225 omni
1423 4172 1626 4226 honore
1676 4173 1850 4227 susci-

258 4263 445 4332 piens,
477 4259 573 4315 sed
603 4260 789 4314 nolens
821 4268 972 4314 tanto
1007 4259 1228 4323 doctore
1260 4277 1318 4315 se
1344 4261 1426 4315 vel
1459 4279 1610 4316 suam
1636 4265 1853 4332 privare

259 4361 516 4426 gentem,
553 4351 668 4407 loca
701 4352 748 4405 ei
780 4359 1082 4422 opportuna
1118 4352 1257 4406 intra
1288 4353 1546 4408 terminos
1579 4355 1730 4424 regni
1768 4353 1851 4408 sui

1968 1874 2087 1929 viro
2111 1874 2204 1929 Dei
2235 1878 2562 1946 persuadere
2591 1888 2846 1948 tentaret,
2877 1888 3056 1941 renuit
3081 1890 3333 1958 primum,
3365 1908 3465 1948 nec
3494 1909 3552 1948 se

1970 1972 2132 2018 tanta:
2176 1969 2514 2024 auctoritatis
2559 1971 2766 2028 honore
2809 1975 3028 2046 dignum
3077 1995 3197 2036 esse
3245 1983 3548 2040 referebat:

1967 2059 2408 2130 enumeratisqne
2475 2065 2785 2131 apostolicae
2862 2072 3163 2128 sanationis
3234 2078 3550 2148 praeceptis,
3632 2113 3646 2126 -

1966 2147 2122 2220 longe
2151 2166 2209 2205 se
2247 2151 2559 2209 inferiorem
2601 2157 2723 2213 huic
2764 2160 3022 2218 virtutum
3053 2165 3298 2238 catalogo
3338 2147 3552 2226 assere—

1965 2239 2075 2299 bat,
2106 2257 2266 2310 quem
2307 2247 2554 2315 egregius
2585 2250 2770 2304 mundi
2807 2254 3146 2322 praedicator,
3196 2258 3360 2314 ﬁlium
3394 2277 3548 2317 suum

1964 2328 2304 2387 Timotheum
2351 2337 2636 2404 erudiens,
2693 2352 2942 2410 oportere
2985 2347 3295 2418 episcopum
3346 2351 3550 2407 habere

1961 2422 2172 2475 censuit
2201 2422 2254 2492 (I
2275 2422 2408 2478 Tim.
2438 2426 2544 2494 ιιι).
2570 2427 2688 2508 Dux
2711 2445 2840 2486 vero
2868 2443 3054 2490 contra
3080 2438 3329 2509 religiose
3355 2443 3544 2508 suasit,

1961 2512 2102 2580 quod
2149 2513 2232 2567 vir
2261 2514 2356 2569 Dei
2397 2520 2699 2576 verecunde
2735 2525 2968 2595 negavit.
3018 2527 3256 2583 Tandem
3303 2533 3543 2587 omnium

1961 2601 2316 2658 unanimitate
2354 2607 2548 2674 victus,
2591 2619 2645 2664 et
2677 2613 2819 2682 quod
2852 2614 3025 2683 majus
3057 2626 3162 2680 est,
3193 2617 3290 2673 Dei
3328 2621 3546 2691 dispen-

1961 2694 2171 2750 satione
2213 2709 2455 2764 coactus,
2500 2705 2808 2768 consensit;
2846 2705 3016 2774 magis
3058 2707 3243 2762 volens
3286 2709 3545 2778 plurimo-

1962 2803 2081 2842 rum
2120 2789 2399 2844 humiliter
2436 2791 2656 2846 obedire
2695 2795 2939 2858 consilio,
2984 2811 3146 2864 quam
3194 2813 3346 2852 suam
3377 2802 3545 2868 perti—

1962 2880 2171 2934 naciter
2193 2879 2482 2935 defendere
2510 2883 2861 2938 voluntatem.
2890 2884 2959 2939 Et
2987 2887 3068 2940 sic
3096 2902 3218 2940 cum
3236 2889 3540 2946 .honoriﬁca
3566 2953 3577 2964 ,

1960 2969 2249 3040 legatione,
2277 2979 2332 3025 et
2364 2973 2699 3039 muneribus,
2734 2975 3042 3031 auctoritati
3066 2978 3374 3048 apostolica!
3407 2997 3538 3036 con-

1961 3062 2157 3132 dignis,
2188 3063 2416 3118 Romam
2442 3066 2680 3120 directus
2711 3075 2794 3122 est
2818 3067 2865 3121 ι).

2032 3173 2160 3228 Car.
2203 3174 2311 3229 Vll.
2359 3173 2502 3230 Visio
2525 3177 2780 3247 angelica.
2805 3177 3099 3235 Ordinatur
3121 3182 3540 3256 archiepiscopus

1960 3275 2009 3319 et
2035 3260 2274 3321 Clemens
2298 3267 2613 3339 appellatur.
2635 3301 2705 3310 —
2725 3269 2832 3325 Sed
2855 3272 2942 3326 die
2978 3285 3189 3342 quarta,
3223 3276 3538 3347 priusquam

1961 3355 2054 3410 illo
2113 3357 2354 3423 veniret,
2404 3359 2753 3416 beatissimus
2811 3363 3136 3432 apostolicus
3198 3368 3437 3437 angelica
3484 3370 3538 3424 in

1961 3452 2167 3508 somnis
2216 3453 2568 3522 responsione
2604 3455 2912 3512 admonitus
2957 3452 3176 3524 est,‘ut
3221 3460 3368 3516 illum
3413 3477 3540 3518 cum

1961 3560 2173 3600 summo
2219 3545 2424 3600 honore
2469 3547 2766 3616 susciperet
2812 3547 3002 3620 [Mab.,
3051 3553 3432 3624 suscepisset],
3485 3565 3540 3608 et

1958 3645 2102 3714 quod
2131 3646 2422 3700 multarum
2453 3647 2752 3702 animarum
2783 3657 2925 3704 esset
2951 3649 3284 3706 illuminator
3303 3651 3534 3719 futurus,

1959 3753 1989 3791 a
2012 3737 2231 3806 Deoque
2250 3738 2476 3803 electus,
2503 3747 2558 3793 et
2588 3741 2654 3795 ad
2675 3740 2778 3795 hoc
2797 3741 3053 3808 venisset,
3076 3752 3136 3796 ut
3165 3745 3359 3800 summi
3383 3747 3450 3802 ab
3472 3761 3538 3802 eo

1958 3829 2247 3883 sacerdotii
2278 3828 2538 3883 honorem
2585 3832 2884 3900 susciperet
2923 3831 3118 3903 [Mab.,
3149 3835 3531 3908 suscepisset];

1956 3919 2196 3988 nihilque
2232 3920 2280 3974 ei
2319 3921 2624 3990 negandum
2653 3938 2795 3987 esse,
2830 3924 3087 3994 quidquid
3109 3927 3372 3994 petiisset.
3418 3929 3533 3996 Qua

1956 4009 2131 4064 factus
2167 4009 2492 4079 apostolicus
2531 4011 2896 4068 admonitione
2935 4025 3138 4081 certus,
3175 4031 3297 4071 cum
3337 4033 3534 4090 magno

1955 4099 2150 4170 gaudio
2193 4107 2248 4154 et
2275 4115 2488 4154 summo
2519 4116 2642 4156 eum
2682 4104 2918 4173 suscepit
2947 4105 3151 4160 honore
3177 4123 3189 4159 :
3215 4115 3270 4162 et
3295 4115 3354 4162 ut
3384 4109 3437 4162 in
3467 4124 3534 4165 eo

1955 4188 2082 4243 ﬁdei
2117 4190 2337 4260 agnovit
2369 4188 2635 4247 fervorem
2658 4233 2673 4259 ,
2716 4193 2989 4264 religionis
3031 4197 3366 4254 devotionem
3387 4243 3400 4266 ,
3445 4216 3532 4256 sa-

1953 4280 2168 4350 pientiae
2219 4281 2644 4352 plenitudinem,
2696 4285 2782 4340 die
2839 4290 3159 4357 competenti
3188 4291 3385 4360 populo
3437 4294 3530 4348 ad-

1952 4371 2222 4436 veniente,
2255 4372 2530 4427 advocatis
2568 4377 2964 4434 venerabilibus
2989 4380 3056 4433 ad
3085 4381 3399 4439 societatem
3427 4386 3531 4439 mi-

257 4445 535 4516 praevidit,
564 4460 672 4514 quo
696 4446 957 4514 potuisset
986 4445 1300 4500 idololatriw
1324 4447 1504 4516 spinas
1528 4448 1846 4517 exstirpare.
1880 4465 1929 4524 ι)
1953 4461 2162 4516 nisterii
2197 4463 2589 4531 sacerdotibus,
2629 4466 2839 4535 publice
2877 4470 2930 4523 in
2967 4471 3198 4526 ecclesia
3229 4472 3527 4530 beatissimi

257 4545 318 4596 et
353 4537 641 4607 purissima
685 4536 833 4590 verbi
873 4535 967 4589 Dei
1014 4537 1220 4590 semina
1264 4552 1360 4606 per
1398 4537 1594 4592 munda
1634 4539 1844 4593 novalia

257 4628 632 4683 abundantius
677 4643 950 4699 spargere,
993 4637 1053 4682 ut
1091 4629 1339 4700 impleret
1376 4631 1536 4702 186
1573 4633 1847 4702 pr0pheti—

256 4737 394 4776 cum
442 4728 770 4790 praeceptum
801 4737 814 4773 :
844 4719 1049 4774 Novate
1089 4721 1230 4775 vobis
1281 4723 1520 4790 novalia,
1577 4735 1626 4778 et
1689 4725 1846 4780 nolite

335 4912 362 4940 ι
393 4897 634 4974 Fresiam
665 4901 942 4974 navigavit.
975 4901 1130 4954 Anno
1154 4902 1328 4974 artatis
1357 4918 1466 4956 suae
1488 4903 1575 4966 55,
1602 4911 1662 4958 ut
1684 4906 1844 4974 paulo

249 4979 389 5024 ante
418 4971 659 5044 narravit
682 4970 1118 5044 Alcu_inus,anno
1134 4987 1264 5044 vero
1290 4972 1498 5028 lncarn.
1526 4973 1648 5038 690,
1681 4970 1841 5044 prout

251 5056 388 5096 cum
435 5040 684 5094 omnibus
731 5041 851 5094 aliis
894 5051 1126 5096 testatur
1166 5040 1322 5097 Joan.
1351 5044 1418 5099 de
1462 5045 1604 5098 Beka
1643 5040 1836 5104 canon.

249 5109 501 5181 Traject.
545 5111 598 5164 in
625 5111 916 5176 Chronico,
965 5113 1072 5167 imo
1117 5113 1343 5181 ipsemet
1379 5113 1435 5168 S.
1461 5115 1842 5172 Willibrordus

246 5179 557 5254 :erbis,'in
597 5191 808 5254 vetusto
845 5179 1186 5248 Calendario,
1223 5185 1366 5254 quod
1413 5184 1466 5239 in
1513 5189 1842 5244 monasterio

245 5252 651 5324 Epternacensi
682 5261 948 5318 servatur,
977 5254 1044 5306 ad
1075 5252 1373 5324 marginem
1400 5257 1467 5310 ab
1500 5257 1749 5324 ipsomct,
1783 5269 1841 5313 ut

245 5321 501 5386 videtur,
543 5321 661 5376 viro
711 5333 899 5378 sancto
945 5321 1248 5392 ascriptis':
1303 5324 1368 5378 In
1396 5321 1600 5380 nomine
1627 5321 1841 5383 Domini

245 5392 500 5446 Clemens
523 5391 894 5448 i-Vitlibrordus
917 5411 1055 5447 anno
1082 5391 1185 5448 690
1209 5393 1272 5446 ab
1295 5394 1423 5448 Inca
1434 5398 1668 5450 rnatione
1693 5396 1841 5451 C/iri-

242 5464 324 5516 sti
377 5463 607 5517 veniebat
663 5465 801 5518 ultra
845 5482 990 5518 mare
1016 5466 1068 5517 in
1099 5464 1401 5526 Franciam,
1429 5474 1532 5519 etc.
1573 5465 1691 5521 Vid.
1722 5468 1839 5522 Cal-

240 5542 392 5589 met.
425 5533 564 5610 iljst.
603 5535 666 5588 de
693 5536 974 5600 Lorraine,
1022 5542 1150 5589 tom.
1197 5535 1282 5600 lll,
1313 5534 1484 5590 Listes
1513 5535 1835 5610 Chronolog.

242 5605 616 5747 νδξὲἓιιιηηι
646 5676 869 5730 directus
899 5685 991 5730 est.
1025 5675 1160 5730 Ven.
1190 5675 1332 5731 Beda
1361 5676 1482 5730 libr.
1514 5694 1566 5740 v,
1601 5693 1716 5747 cap.
1746 5679 1832 5745 12,

240 5747 370 5801 duo
400 5744 455 5798 Ξ.
477 5746 804 5803 Willibrordi
834 5747 1074 5802 Romana
1101 5747 1294 5802 itinera
1317 5747 1622 5819 distinguit;
1666 5744 1835 5805 unum

1945 4553 2090 4608 Petri
2120 4565 2142 4593 ε
2170 4555 2431 4626 principis
2468 4559 2832 4627 apostolorum
2865 4576 2987 4616 cum
3019 4577 3213 4634 magna
3241 4564 3522 4636 dignitate,

1944 4660 2092 4700 more
2123 4646 2437 4715 apostolico,
2465 4663 2586 4704 eum
2619 4649 2886 4704 ordinavit
2929 4652 3422 4724 archiepiscopum;
3458 4671 3525 4712 ac

1943 4737 2190 4792 ordinato
2228 4753 2424 4795 nomen
2471 4741 2724 4812 imposuit
2767 4741 3036 4810 Clemens,
3080 4747 3525 4819 vestimentisque

1942 4917 2462 5000 primistemporib‘us
2489 4919 2739 5000 adpetitus
2763 4919 2907 5000 illius
3011 4922 3265 5000 risiam,
3303 4929 3522 5000 quando

1942 4985 1972 5041 a
2000 4985 2188 5071 Sergio
2215 4985 2349 5071 papa
2395 4989 2668 5071 licentiam
2695 5000 2764 5071 Aet
2791 4992 3216 5071 benedictionem
3247 4985 3520 5071 evangeli-

1943 5059 2106 5132 z_:_mdi_
2151 5059 2424 5132 gentibus,
2465 5058 2620 5132 simul
2656 5067 2709 5114 et
2740 5061 2996 5132 reliquias
3033 5058 3516 5124 ecclesiarumvde-

1942 5128 2211 5205 dicationi
2233 5128 2568 5205 adhibendas
2613 5132 2839 5205 accepit,
2858 5128 3014 5192 'anno
3043 5139 3251 5194 lncarn.
3281 5141 3409 5205 692,
3437 5140 3515 5194 uti

1941 5197 2131 5266 probat
2165 5197 2362 5251 Mabill.
2393 5199 2496 5253 hoc
2515 5199 2642 5280 loco
2689 5197 3038 5280 iniennotas;
3089 5210 3339 5274 alterum,
3368 5197 3517 5280 post-

1941 5283 2100 5350 quam
2143 5283 2240 5338 per
2269 5284 2435 5350 annos
2481 5269 2683 5350 aliquot
2730 5275 2781 5328 in
2809 5274 2978 5350 Frisia
3017 5269 3272 5350 populum
3299 5269 3509 5350 docuit;

1941 5337 2172 5422 Romani
2209 5355 2243 5420 ⁹τι
2270 5339 2510 5410 Ρὶνρίιιο¹
2543 5337 2775 5422 missus,_
2802 5355 2861 5422 ut
2890 5347 2963 5422 ibi
3003 5337 3070 5405 ab
3091 5337 3287 5422 eodem
3323 5337 3512 5422 Sergio

1940 5423 2078 5490 papa
2115 5409 2417 5490 _Frisonuin
2467 5413 2612 5490 genti
2668 5416 3096 5490 archiepiSCOpus
3149 5409 3514 5490 ordinaretur,

1940 5479 2079 5547 quod
2113 5479 2310 5534 factum
2339 5497 2458 5536 esse
2481 5484 2621 5538 Beda
2654 5479 3016 5542 asserit'anno
3040 5491 3160 5545 696.

2015 5560 2035 5587 ο
2072 5549 2137 5602 1η
2181 5549 2395 5605 ecclesia
2439 5554 2574 5608 beati
2598 5553 2761 5610 Petri.
2810 5555 2941 5611 Ven.
2971 5560 3108 5614 Beda
3135 5570 3310 5618 tamen
3342 5561 3379 5616 l.
3412 5562 3508 5621 cit.

1939 5628 2182 5674 sanctum
2200 5620 2601 5678 Willibrordnm
2627 5628 2928 5680 ordinatum
2953 5645 3072 5684 esse
3100 5633 3175 5687 ait
3200 5635 3254 5689 in
3280 5620 3506 5692 ecclesia

1938 5699 2138 5748 sancta:
2166 5694 2417 5764 martyris
2443 5692 2667 5751 C:ecili:e
2695 5697 2780 5750 die
2804 5698 2999 5755 natalis
3026 5700 3160 5770 ejus.
