4044 6340
479 323 583 381 899

1315 311 1376 366 n.
1416 307 1480 367 ιτ.
1521 306 1746 364 annm
1787 306 1922 366 seu
1961 283 2239 363 ALcuuv‘t
2273 277 2561 358 eranum"
2598 297 2780 356 PARS
2815 297 2882 356 v.

3647 295 3754 353 700

477 394 1053 491 suis‘saeerdotalibus
1081 425 1254 482 induit
1283 425 1424 491 dum,
1458 432 1513 480 et
1548 436 1756 490 saneto,
1785 407 1938 494 quasi
1967 439 2055 477 su-
2089 415 2134 479 Α
2166 417 2364 489 navigii
2402 413 2598 490 [Mab.,
2629 413 2890 487 longioris
2925 412 3071 486 viae],
3122 409 3205 468 vel
3245 427 3312 468 ex
3359 409 3572 466 insidiis
3611 410 3756 468 fero-

475 517 1068 595 perhumeraliAaron,
1100 514 1261 588 pallio
1315 515 1614 586 dignitatis,
1661 527 1714 571 et
1759 513 2064 570 indumenti

475 612 821 670 conﬁrmavit
873 609 1037 682 gloria
1101 606 1294 680 [Mab.,
1340 607 1656 663 indumento
1708 605 1942 679 glorim];
2011 613 2065 661 et

477 705 738 786 quidquid
762 704 930 759 voluit
965 703 1048 756 Vel
1073 702 1248 773 potuit
1301 697 1493 774 [Mab.,
1521 700 1754 776 petivit],
1781 707 1871 755 aut
1899 701 1950 754 in
1971 714 2066 770 pa-
2093 709 2096 714 '

476 797 722 856 tro'ciniis
765 805 1090 860 sanctorum,
1118 804 1209 850 aut
1238 796 1293 850 in
1318 797 1480 850 rebus
1506 794 1910 860 ecclesiasticis,
1940 810 2064 848 cum

476 885 590 968 tota
619 877 815 968 mentis
849 889 1132 968 alacritate
1170 885 1392 942 tradidit
1428 885 1522 952 illi,
1555 886 1940 956 ﬁrmatumque
1971 887 2065 940 be-

475 967 804 1046 nedictione,
843 974 1000 1036 donis
1032 967 1291 1045 ditatum,
1334 977 1455 1035 cuin"
1495 977 1820 1036 Salutaribus
1865 983 2066 1050 praece-

473 1073 582 1145 ptis
618 1071 813 1130 iterum
837 1077 959 1130 eum
995 1059 1047 1129 in
1075 1075 1210 1144 opus
1237 1072 1508 1143 Evangelii
1543 1071 1771 1126 remisit.

544 1162 672 1224 CAP.
696 1159 826 1222 Vili.
853 1157 918 1220 In
937 1163 1224 1221 Franciam
1252 1165 1404 1221 rediit
1427 1165 1475 1220 et
1497 1183 1614 1219 cum
1635 1166 1860 1237 plurimo
1886 1165 2064 1236 fructu

473 1263 529 1317 in
559 1257 686 1332 opus
721 1259 994 1331 Evangelii
1026 1259 1296 1314 incumbit.
1320 1291 1390 1300 —
1411 1259 1645 1330 Accepta
1685 1275 1812 1332 ergo
1847 1269 2065 1332 aposto-

474 1353 591 1409 lica!
627 1352 968 1408 auctoritatis
1016 1353 1412 1419 benedictione,
1465 1369 1587 1410 cum
1635 1352 1826 1422 majori
1869 1351 2064 1406 ﬁducia

449 1437 705 1502 .devotus
731 1440 881 1500 verbi
910 1441 1004 1500 Dei
1047 1445 1385 1516 prmdicator,
1421 1447 1486 1501 ad
1515 1443 1800 1518 praefatum
1824 1443 2064 1498 Franco-

476 1537 595 1590 rum
623 1534 815 1590 ducem
845 1549 1122 1606 regressus
1150 1545 1250 1590 est.
1293 1535 1394 1603 Qui
1423 1552 1544 1591 eum
1573 1553 1694 1591 cum
1727 1551 1939 1590 summa
1966 1533 2065 1588 bo-

475 1625 625 1680 noris
667 1609 1066 1696 magnificentia
1113 1635 1410 1695 receptum,
1459 1642 1580 1681 cum
1625 1641 1736 1679 suae
1775 1624 2064 1702 potestatis

474 1714 716 1785 Iussione
757 1716 816 1770 in
855 1713 988 1786 opus
1015 1711 1292 1788 Evangelii
1330 1717 1566 1772 direxit:
1598 1717 1833 1772 maxime
1882 1721 2064 1771 tamen
2113 1771 2122 1786 ρ

2167 512 2506 566 cissimorum
2539 521 2698 566 terrae
2732 509 2876 564 illius
2910 508 3276 563 habitatorum
3311 505 3570 562 damnum
3601 513 3758 576 pate-

2167 616 2319 661 retur
2353 607 2406 660 in
2435 607 2558 674 illis,
2592 606 2778 662 volens
2814 601 3025 674 antiqui
3059 601 3231 656 hostis
3265 599 3566 670 praevenire
3604 597 3760 654 astu-

2167 699 2295 765 tias,
2322 707 2377 754 et
2395 697 2607 754 Domini
2645 695 3001 753 sacramentis
3034 693 3240 748 animas
3270 691 3485 747 munire
3520 687 3761 760 acquisi—

2168 797 2271 846 tas.

2238 879 2366 936 Car.
2408 879 2474 934 Χ.
2516 880 2771 935 Barbara:
2792 880 2959 951 gentis
2987 876 3409 949 superstitionem
3450 873 3756 928 contemnit.

2168 967 2317 1029 Unus
2361 973 2624 1028 sociorum
2673 989 2893 1028 suorum
2935 955 3234 1042 perimitur,
3277 976 3478 1038 martyr
3517 967 3764 1036 eiectus.

2168 1066 2300 1140 Regi
2330 1065 2597 1122 Christum
2640 1085 2831 1141 magng
2870 1068 3070 1137 ﬁducia
3111 1065 3414 1119 adnuntiat.
3454 1061 3500 1116 Α
3529 1078 3648 1132 rege
3689 1059 3768 1116 ad

2170 1153 2451 1228 Pippinum
2476 1160 2778 1212 remittitur.
2796 1189 2866 1198 —
2881 1157 2948 1212 Et
2968 1159 3094 1212 dum
3113 1156 3237 1227 pius
3260 1153 3456 1226 [Mab.,
3481 1167 3604 1208 cum
3628 1166 3767 1222 ergo

2167 1250 2308 1320 pius,
2341 1249 2464 1323 etc.]
2499 1249 2651 1305 verbi
2687 1249 2783 1304 Dei
2820 1249 3144 1320 praedicator
3183 1248 3287 1301 iter
3325 1246 3535 1317 agebat,
3568 1259 3768 1313 perve—

2168 1343 2249 1397 nit
2288 1342 2342 1397 in
2375 1341 2612 1397 conﬁnio
2641 1335 2929 1396 Frisonum
2957 1349 3014 1396 et
3064 1339 3338 1393 Danorum
3374 1336 3442 1391 ad
3467 1335 3764 1406 quamdam

2168 1435 2420 1501 insulam,
2449 1451 2569 1505 quae
2617 1450 2647 1488 a
2680 1434 2918 1504 quodam
2959 1432 3062 1488 deo
3103 1445 3201 1486 suo
3229 1431 3430 1494 Fosite,
3463 1429 3529 1482 ab
3557 1427 3767 1482 accolis

2169 1519 2330 1584 terra:
2355 1526 2698 1583 Fositesland
2727 1538 2748 1564 ε
2786 1527 3067 1580 dicebatur
3099 1543 3112 1577 :
3155 1523 3280 1593 quia
3323 1523 3376 1575 in
3414 1536 3478 1576 ea
3515 1519 3766 1587 ejusdem

2170 1618 2267 1674 Dei
2307 1617 2429 1673 fana
2472 1617 2622 1672 fuere
2664 1624 3000 1672 constructa.
3046 1613 3148 1682 Qui
3189 1613 3338 1667 locus
3377 1627 3408 1664 a
3439 1609 3666 1680 paganis
3704 1609 3766 1662 in

2171 1695 2324 1765 tanta
2356 1711 2709 1764 veneratione
2738 1707 3061 1770 habebatur,
3101 1713 3158 1760 ut
3183 1703 3316 1758 nihil
3347 1704 3402 1757 in
3431 1717 3496 1758 ea
3523 1700 3608 1754 vel
3639 1699 3764 1753 ani-

476 1821 528 1861 m
576 1801 884 1863 borealibus
928 1801 1080 1882 regni
1126 1811 1206 1864 sui
1244 1811 1519 1880 partibus,
1557 1825 1677 1879 quo
1725 1818 1950 1864 eatenus
1995 1807 2066 1884 ob
2096 1805 2142 1865 B
2170 1802 2392 1856 millium
2440 1801 2513 1857 ibi
2556 1800 2890 1870 pascentium
2918 1840 2932 1864 ,
2990 1795 3074 1853 vel
3119 1796 3346 1850 aliarum
3394 1790 3768 1864 quarumlibet

476 1899 752 1954 raritatem
789 1898 1067 1954 doctorum
1103 1901 1188 1955 vel
1229 1901 1482 1956 duritiam
1523 1901 1889 1954 habitatorum
1937 1899 2059 1955 ﬁdei

475 1988 688 2045 ﬂamma
729 1991 910 2046 minus
942 1989 1235 2045 relucebat.
1279 1989 1357 2047 Eo
1385 1992 1468 2045 vir
1496 1991 1592 2045 Dei
1635 1990 1922 2046 instantius
1955 1991 2062 2046 illis

392 2109 400 2118 -
475 2097 530 2139 tn
576 2082 887 2154 rcgionihus
931 2084 1140 2138 semina
1188 2085 1313 2137 vitae
1334 2094 1628 2153 sparSerat,
1659 2101 1766 2154 quo
1804 2085 1926 2154 plus
1975 2099 2067 2138 ne-

475 2176 796 2238 cessarium,
841 2169 1117 2250 aritiquam
1167 2165 1483 2244 ignorantia:
1530 2175 1729 2228 famem
1773 2174 2062 2244 depellere,

476 2271 843 2336 perspexerat.
887 2266 1131 2332 Qualem,
1175 2265 1356 2320 divina
1395 2266 1568 2335 gratia
1613 2265 1920 2334 adjuvante,
1961 2265 2066 2322 illis

477 2355 672 2411 incolis
714 2355 947 2410 fructum
1003 2353 1238 2420 fecisset,
1290 2361 1457 2410 testes
1506 2363 1632 2410 sunt
1681 2370 1851 2425 usque
1906 2356 2066 2410 hodie

481 2445 660 2517 populi
704 2455 804 2516 per
842 2430 1111 2510 civitates,
1144 2448 1291 2501 vicos
1321 2451 1376 2502 ct
1408 2445 1651 2510 castella,
1689 2462 1826 2516 quos
1869 2447 1937 2501 ad
1975 2461 2068 2500 ve-

479 2538 658 2592 ritatis
707 2536 1057 2609 agnitionem,
1110 2545 1164 2594 et
1214 2541 1281 2594 ad
1329 2541 1490 2595 unius
1536 2541 1924 2610 omnipotentis
1972 2539 2068 2592 Dei

477 2629 682 2684 cultum
718 2629 806 2699 pia
837 2630 1206 2685 admonitione
1236 2631 1586 2702 perduxerat.
1633 2631 1823 2687 Testes
1850 2647 2067 2702 quoque

479 2717 752 2784 Ecclesia),
787 2717 928 2787 quas
950 2733 1047 2789 per
1073 2719 1188 2774 loca
1215 2721 1424 2792 singula
1449 2729 1860 2786 construxerat;
1899 2729 2068 2776 testes

375 2821 385 2832 '
481 2817 538 2864 et
558 2809 669 2864 Deo
709 2807 1087 2864 famulantium
1122 2813 1591 2882 congregationes,
1634 2829 1770 2884 quas
1800 2813 2069 2882 aliquibus

468 2901 737 2956 .adunavit
759 2897 953 2976 [Mab.,
976 2903 1345 2978 congregavit]
1371 2904 1425 2958 in
1451 2904 1602 2959 locis.

557 2989 716 3063 187
753 2979 883 3046 Car.
924 2987 1015 3046 IX.
1045 2991 1311 3047 Christum
1339 2996 1591 3064 pra'dicat
1623 2995 1676 3048 in
1705 2989 1906 3049 Frisia.
1934 2991 2069 3048 Item

481 3083 536 3136 in
559 3082 768 3148 Dania;
811 3084 930 3138 inde
966 3086 1183 3156 triginta
1213 3103 1401 3156 pueros
1434 3087 1488 3141 in
1513 3085 1799 3140 Franciam
1833 3087 2072 3141 ducit.—

2166 1893 2370 1961 rerum,
2415 1896 2702 1966 quisquam
2747 1893 3032 1965 gentilium
3075 1901 3298 1963 tangere
3347 1889 3600 1952 auderet;
3659 1901 3766 1940 nec

2165 1990 2329 2044 etiam
2373 2005 2404 2043 a
2447 1988 2616 2053 fonte,
2644 1988 2737 2058 qui
2788 1987 2859 2042 ibi
2908 1985 3220 2048 ebulliebat,
3273 1997 3467 2050 aquam
3516 1978 3764 2041 haurire,

2167 2085 2272 2139 nisi
2313 2092 2526 2147 tacens,
2565 2087 2940 2152 praesumeret.
2991 2078 3108 2146 Quo
3146 2091 3270 2131 cum
3311 2075 3394 2127 vir
3423 2073 3518 2126 Dei
3553 2080 3767 2140 tempe-

2168 2188 2309 2234 state
2341 2179 2578 2248 jactatus
2603 2182 2707 2240 est,
2734 2173 2936 2228 mansit
2986 2171 3183 2226 ibidem
3217 2168 3421 2238 aliquot
3452 2165 3588 2230 dies,
3629 2177 3769 2232 quo-

2167 2286 2340 2342 usque
2396 2265 2648 2340 sepositis
2710 2265 3128 2338 tempestatibus
3186 2270 3549 2333 opportunum
3605 2257 3764 2313 navi-

2169 2363 2328 2434 gandi
2365 2372 2574 2432 tempus
2609 2360 2908 2413 adveniret.
2959 2356 3067 2412 Sed
3104 2353 3500 2425 parvipendens
3534 2349 3764 2404 stultam

2168 2453 2272 2508 loci
2323 2452 2464 2509 illius
2521 2450 2858 2518 religionem,
2891 2447 2977 2503 vel
3019 2446 3416 2502 ferocissimum
3465 2441 3608 2510 regis
3646 2438 3772 2493 ani-

2171 2541 2354 2608 mum,
2416 2543 2508 2612 qui
2550 2542 2841 2597 violatores
2895 2555 3175 2595 sacrorum
3228 2537 3370 2591 illius
3418 2531 3770 2588 atrocissima

2172 2645 2346 2690 morte
2387 2635 2648 2690 damnare
2690 2633 2918 2698 solebat,
2959 2640 3072 2686 tres
3119 2628 3368 2684 homines
3412 2626 3468 2680 in
3513 2639 3580 2678 eo
3617 2621 3772 2678 fonte

2171 2723 2295 2783 cum
2343 2728 2687 2783 invocatione
2726 2735 2929 2782 sancta:
2964 2723 3246 2779 Trinitatis
3291 2719 3631 2790 baptizavit;
3672 2716 3774 2772 sed

2171 2829 2226 2877 et
2269 2819 2522 2874 animalia
2567 2821 2621 2874 in
2663 2835 2726 2874 ea
2769 2828 2915 2873 terra
2958 2816 3259 2888 pascentia,
3312 2813 3364 2867 in
3407 2811 3614 2866 cibaria
3655 2808 3774 2864 suis

2173 2921 2412 2968 mactare
2441 2913 2716 2982 praecepit.
2751 2910 2903 2980 Quod
2947 2907 3143 2980 pagani
3189 2908 3484 2969 intuentes,
3533 2901 3774 2956 arbitra-

2171 3005 2371 3059 bantur
2412 3019 2507 3059 eos
2549 3003 2633 3058 vel
2681 3003 2736 3057 in
2779 3001 3015 3056 furorem
3055 2997 3215 3062 verti,
3257 2996 3343 3050 vel
3384 2995 3550 3049 etiam
3587 2989 3770 3047 veloci

2176 3108 2352 3152 morte
2396 3097 2594 3168 perire.
2638 3096 2783 3163 Quos
2813 3109 2937 3150 cum
2971 3091 3106 3147 nihil
3140 3089 3267 3146 mali
3297 3088 3597 3144 cernebant
3625 3084 3761 3154 pati,

483 3173 737 3230 Tentavit
757 3190 970 3246 quoque
996 3173 1136 3232 idem
1162 3177 1243 3232 vir
1262 3177 1358 3232 Dei
1385 3177 1522 3232 ultra
1552 3165 1886 3233 Francorum
1920 3182 2070 3251 regni
2099 3163 2144 3226 Ο
2180 3187 2366 3242 furore
2397 3163 2630 3258 perciti,
2682 3184 2797 3255 regi
2839 3194 2952 3238 tum
3003 3179 3196 3254 [.l!ab.,
3230 3174 3434 3247 tamen]
3483 3171 3774 3238 Radbodo,

485 3266 624 3323 ﬁnes
647 3268 890 3326 caelestis
925 3271 1186 3326 doctrina:
1217 3272 1436 3326 ﬁumina
1467 3272 1732 3326 derivare.
1774 3271 1911 3326 Nam
1942 3281 2071 3346 tunc

487 3361 745 3432 temporis
805 3375 988 3434 regem
1041 3364 1330 3420 FriSOnum
1372 3365 1692 3446 Radbodum
1740 3383 1862 3420 cum
1913 3375 2073 3438 gente

486 3465 582 3506 sua
610 3466 881 3523 paganum
919 3468 1027 3508 non
1058 3455 1236 3508 timuit
1269 3455 1440 3521 adire,
1464 3464 1518 3510 et
1540 3459 1862 3526 quocunque
1888 3472 2075 3526 perre—

488 3551 672 3610 xerat,
716 3546 940 3602 verbum
978 3546 1078 3601 Dei
1121 3561 1245 3601 cum
1286 3547 1432 3602 omni
1480 3546 1676 3602 ﬁducia
1724 3547 2068 3618 loquebatur.

489 3633 596 3689 Sed
621 3637 880 3705 praefatus
909 3637 1196 3692 Frisonum
1231 3653 1344 3704 rex,
1375 3639 1503 3694 licet
1530 3640 1706 3694 virum
1736 3640 1832 3696 Dei
1858 3641 2075 3694 humili-

488 3731 616 3786 tatis
658 3733 834 3802 gratia
872 3733 1107 3803 benigne
1157 3736 1479 3804 susciperet,
1523 3733 1685 3789 nullis
1733 3742 1912 3798 tamen
1949 3722 2074 3789 vita:

488 3820 739 3878 fomentis
773 3825 1000 3880 saxeum
1027 3821 1142 3892 eius
1177 3837 1272 3879 cor
1300 3823 1526 3878 emolliri
1557 3824 1750 3894 potuit.
1781 3823 1914 3878 Cum
1945 3837 2075 3895 ergo

487 3913 628 3982 apud
646 3929 770 3968 eum
798 3914 882 3968 vir
905 3913 1001 3968 Dei
1029 3914 1359 3971 fructiﬁcare
1389 3929 1448 3970 se
1475 3927 1586 3970 non
1605 3927 1767 3984 posse
1797 3915 2024 3970 sentiret
2047 3928 2074 3957 ι

487 4004 684 4078 [Malm
711 4007 972 4079 agnovit],
1012 4008 1080 4062 ad
1121 4007 1492 4064 ferocissimos
1523 3999 1797 4062 Danorum
1845 4006 2074 4080 populos

489 4097 592 4152 iter
620 4099 1026 4170 evangelizandi
1059 4101 1343 4156 convertit.
1377 4101 1453 4155 Ibi
1493 4108 1625 4166 tum,
1661 4105 1721 4154 ut
1759 4099 1952 4167 fertur,
1996 4113 2080 4156 re-

489 4186 686 4258 gnabat
726 4187 1068 4260 tingendqu
1095 4188 1326 4261 [Surius,
1369 4189 1684 4262 Ongendus]
1727 4179 1889 4245 homo
1929 4193 2077 4247 omni

493 4277 605 4331 fera
655 4279 924 4334 crudelior
951 4289 1007 4335 et
1047 4282 1194 4336 omni
1243 4282 1420 4352 lapide
1464 4283 1688 4337 durior:
1731 4283 1824 4352 qui
1870 4292 2074 4349 tamen,

491 4372 710 4441 iubente
739 4375 879 4440 Deo,
917 4376 1162 4430 veritatis
1191 4389 1494 4445 prteconem
1543 4375 1840 4432 honoriﬁce
1877 4373 2078 4431 tracta~

2176 3279 2320 3349 quod
2350 3279 2599 3332 viderant
2643 3275 2865 3340 factum,
2911 3273 3231 3329 retulerunt.
3267 3265 3442 3343 (Apud
3473 3263 3620 3321 Mab.
3653 3282 3776 3335 cap.

2178 3369 2292 3443 il.)
2343 3355 2445 3438 Qui
2502 3370 2672 3426 nimio
2726 3365 2914 3423 furore
2973 3379 3290 3428 succensus,
3322 3362 3378 3415 in
3431 3359 3780 3415 sacerdotem

2175 3463 2272 3518 Dei
2307 3461 2436 3527 vivi,
2469 3477 2690 3517 suorum
2723 3455 2952 3530 injurias
2978 3455 3204 3511 deorum
3236 3449 3426 3507 ulcisci
3451 3448 3776 3522 cogitabat:

2176 3565 2232 3612 et
2267 3572 2364 3626 per
2414 3553 2529 3609 dies
2588 3551 2786 3625 [Mab.,
2831 3566 2932 3622 per
2974 3558 3087 3605 tres
3141 3545 3279 3618 dies]
3332 3558 3548 3614 semper
3599 3541 3781 3596 tribus

2177 3648 2410 3711 vicibus,
2469 3661 2567 3701 suo
2615 3661 2790 3710 more,
2843 3643 3097 3698 mittebat
3152 3648 3349 3704 sortes,
3399 3645 3455 3692 et
3493 3649 3780 3704 nunquam

2178 3719 2556 3794 damnatorum
2608 3753 2748 3804 sors,
2777 3735 2889 3791 Deo
2918 3750 3049 3789 vero
3076 3731 3397 3788 defendente
3425 3744 3577 3793 suos,
3609 3741 3782 3797 super

2179 3845 2398 3886 servum
2446 3827 2543 3883 Dei
2573 3825 2658 3882 vel
2689 3827 2923 3897 aliquem
2950 3841 3018 3881 ex
3049 3824 3163 3880 suis
3192 3821 3387 3877 cadere
3415 3818 3595 3889 potuit
3627 3837 3640 3871 :
3677 3831 3786 3873 nec

2178 3919 2282 3974 nisi
2342 3934 2482 3973 unus
2530 3925 2744 3972 tantum
2791 3933 2859 3972 ex
2910 3916 3074 3972 sociis
3121 3921 3266 3970 sorte
3311 3919 3672 3974 monstratus,
3703 3909 3786 3964 'et

2178 4003 2442 4080 martyrio
2479 4017 2772 4064 coronatus
2803 4015 2906 4064 est.
2945 4006 3258 4062 Vocabatur
3285 4019 3416 4059 vero
3436 4003 3521 4057 vir
3549 4009 3784 4057 sanctus

2180 4101 2250 4158 ad
2291 4109 2496 4173 regem,
2535 4109 2588 4156 et
2629 4099 2856 4155 multum
2901 4099 2970 4154 ab
3007 4113 3072 4154 eo
3114 4105 3198 4152 est
3239 4097 3573 4166 increpatus,
3604 4108 3785 4163 quare

2181 4197 2277 4252 sua
2316 4211 2471 4251 sacra
2512 4193 2791 4260 violasset,
2841 4199 2896 4248 et
2943 4190 3195 4261 injuriam
3224 4189 3337 4245 Deo
3387 4203 3485 4243 suo
3531 4185 3781 4242 fecisset.

2180 4286 2278 4343 Cui
2327 4303 2505 4359 praeco
2561 4285 2809 4341 veritatis
2879 4282 3148 4340 constanti
3218 4277 3398 4334 animo
3462 4277 3782 4348 respondit:

2189 4398 2208 4430 ε
2253 4377 2372 4434 Non
2413 4387 2496 4433 est
2527 4378 2690 4444 Deus,
2737 4392 2898 4448 quem
2947 4374 3102 4438 colis,
3141 4371 3234 4428 sed
3275 4370 3540 4435 diabolus,
3581 4369 3678 4440 qui
3733 4377 3789 4424 te

493 4461 602 4516 bat.
651 4461 826 4529 Queni
851 4463 986 4518 dunt'
1019 4466 1348 4521 obduratum
1376 4465 1636 4530 moribus,
1667 4473 1724 4521 et"
1761 4466 2079 4523 idoldlatrize
2113 4539 2138 4542 _
2181 4470 2418 4542 pessimo
2463 4485 2648 4524 errore
2695 4468 2978 4538 deceptum
3032 4464 3215 4529 habet,
3251 4480 3284 4518 0
3313 4477 3430 4527 rex,
3481 4458 3532 4533 [ἀ
3571 4468 3630 4514 ut
3662 4459 3790 4514 ani-

492 4556 756 4622 deditum,
801 4565 858 4612 et
898 4557 1098 4612 auitam
1139 4559 1378 4613 melioris
1423 4559 1546 4613 vitae
1591 4573 1741 4629 spem
1786 4559 2077 4616 habentem
2110 4539 2160 4599 θ
2183 4539 2336 4620 mam
2369 4571 2515 4618 tuam
2553 4561 2773 4617 :eternis
2813 4561 2987 4615 tradat
3028 4553 3305 4628 ﬂammis].
3354 4553 3471 4608 Non
3509 4559 3597 4606 est
3629 4551 3787 4605 enim

483 4645 748 4714 offendit;
777 4648 1014 4718 acceptis
1039 4656 1167 4702 tunc
1193 4639 1416 4720 triginta’
1438 4649 1681 4718 ejusdem
1719 4651 1911 4720 patriae
1947 4668 2078 4722 pue-

493 4737 588 4803 ris,
621 4739 688 4794 ad
725 4738 927 4795 electus
965 4753 996 4795 a
1025 4741 1137 4795 Deo
1173 4740 1398 4811 populos
1435 4742 1585 4813 regni
1610 4741 1944 4797 Francorum
1992 4760 2079 4799 re-

494 4832 632 4886 verti
664 4830 960 4887 festinavit.
995 4833 1102 4889 Sed
1139 4833 1192 4887 in
1231 4849 1296 4888 eo
1332 4835 1448 4903 ipso
1488 4835 1686 4889 itinere
1709 4834 2079 4891 catechizatos

495 4925 712 5002 eosdem
745 4938 945 4994 pueros
973 4926 1098 4980 vitae
1133 4925 1278 4980 fonte
1308 4925 1500 4998 [Hab.,
1524 4939 1721 4996 pueros
1753 4925 1902 4980 fonte
1935 4924 2077 4980 salu-

493 5012 600 5090 bri]
642 5015 830 5083 ablui't,
870 5025 937 5071 ne
978 5015 1195 5087 aliquod
1233 5025 1456 5087 propter
1499 5016 1739 5087 pericula
1777 5015 2078 5086 longissimi

515 5162 595 5226 ἠς
624 5149 867 5226 sentiret.
915 5139 1587 5226 Compendiensiscodex,
1622 5161 1682 5208 ut
1718 5161 1947 5226 testatur
1972 5151 2080 5226 Ma-

496 5219 772 5302 billonius’.
801 5223 903 5281 hoc
942 5219 1067 5280 loco
1096 5224 1412 5302 istainserit
1438 5242 1451 5278 :
1487 5243 1505 5274 ‹
1533 5224 1663 5302 Erat
1689 5225 1835 5302 enim
1866 5233 2000 5302 tun_c_
2021 5225 2078 5302 in

497 5293 613 5366 ejus
636 5296 895 5350 comitatu
924 5296 1247 5366 venerabilis
1270 5295 1380 5349 vita
1416 5301 1470 5349 et
1495 5295 1709 5366 nomine
1735 5296 1929 5366 dignus
1955 5293 2080 5351 Vul-

498 5361 865 5436 fra'mnus,qui
888 5375 1111 5420 venerat
1139 5383 1167 5422 a
1193 5363 1697 5421 Senonumcivitate
1719 5361 1960 5436 pontifex
1992 5383 2080 5423 eo-

501 5434 624 5508 dem
650 5434 904 5491 desiderii
935 5437 1146 5494 fervens
1187 5451 1390 5502 amore,
1425 5437 1633 5508 scilicet
1658 5434 1954 5508 tit—aliquas
1982 5439 2082 5493 Do-

505 5507 654 5560 mino
689 5508 922 5562 lucraret
949 5511 1176 5564 animas.
1212 5530 1228 5560 ›
1257 5508 1391 5562 Vide
1414 5509 1580 5563 vitam
1604 5507 1660 5562 S.
1680 5505 1982 5564 Vulframui
2011 5509 2081 5564 ad

507 5575 854 5711 Ξὲἶιῗιῑέἓο,
877 5580 995 5635 Act.
1023 5575 1122 5635 SS.
1147 5577 1275 5635 0rd.
1305 5579 1437 5634 Ben.
1463 5596 1587 5634 saec.
1616 5596 1700 5646 ιιι,
1727 5588 1868 5650 part.
1896 5597 1932 5646 ι,
1956 5596 2078 5651 pag.

577 5719 604 5791 β
629 5718 926 5791 Ungendus.
949 5721 1049 5777 Hic
1069 5735 1162 5777 rex
1186 5720 1350 5776 Danis
1375 5720 1505 5791 ipsis
1531 5729 1692 5791 notus
1721 5735 1826 5774 non
1855 5729 1956 5786 est,
1982 5737 2085 5776 nec

507 5785 653 5848 illius
695 5785 939 5849 meminit
978 5793 1167 5849 Ericus
1191 5785 1504 5848 Danista—rex
1545 5790 1601 5845 in
1643 5792 1866 5848 historia
1903 5785 2080 5865 gentis

2187 4655 2352 4720 Deus,
2397 4654 2503 4709 nisi
2539 4667 2700 4718 unus,
2743 4649 2834 4721 qui
2869 4649 3076 4706 creavit
3117 4645 3314 4703 omium
3364 4653 3419 4698 et
3457 4652 3689 4707 terram,
3729 4647 3789 4695 et

2187 4745 2370 4802 omnia
2405 4760 2526 4816 qua:
2565 4745 2620 4799 in
2662 4743 2742 4798 eis
2781 4749 2937 4808 sunt;
2993 4755 3154 4811 quem
3189 4737 3282 4807 qui
3321 4747 3451 4791 vera
3480 4731 3589 4788 ﬁde
3623 4731 3789 4796 colit,

2186 4840 2353 4894 vitam
2380 4836 2604 4892 habebit
2641 4835 3064 4904 sempiternam;
3101 4831 3256 4900 cujus
3284 4842 3384 4899 ego
3428 4839 3644 4887 servus,
3677 4824 3786 4877 ho-

2187 4931 2275 4986 die
2324 4927 2422 4985 tibi
2477 4926 2763 4992 testiﬁcor,
2811 4933 2874 4980 ut
2926 4925 2995 4981 ab
3032 4922 3240 4992 antiqui
3291 4916 3497 4976 erroris
3534 4915 3796 4971 vanitate

2187 5037 2351 5094 quam
2381 5019 2670 5077 coluerunt
2694 5025 2883 5089 patres
2911 5017 3010 5084 tui,
3040 5015 3260 5071 tandem
3297 5008 3595 5082 aliquando
3635 5006 3790 5063 resi-

2183 5181 2458 5250 Danorurn
2495 5193 2614 5250 ase
2639 5177 2968 5250 conscripta.
2996 5175 3235 5250 gluttu.
3259 5243 3274 5250 _
3632 5233 3706 5250 η,

2257 5233 2955 5324 ἷῖὸᾷἶτεξιᾶἠάίλᾶςηῇυε
2996 5243 3306 5324 Bremensis
3345 5241 3470 5324 libr.
3501 5253 3598 5324 ἰν,

2184 5321 2632 5377 Fositeslandiam
2659 5305 2903 5376 eamdem
2933 5333 3054 5373 esse
3082 5317 3159 5370 ait
3203 5330 3323 5370 cum
3351 5310 3550 5365 Farria
3573 5305 3791 5368 insula,

2183 5411 2300 5466 qua:
2328 5394 2382 5447 in
2421 5393 2552 5466 ostio
2581 5391 2816 5466 ﬂuminis
2842 5387 3023 5466 _Albiw
3073 5387 3460 5466 Iongoﬂrccessu
3490 5379 3640 5466 latet,
3662 5385 3792 5466 etc:

2188 5447 2362 5520 Erum
2393 5472 2468 5516 est
2495 5465 2548 5518 in
2581 5447 3526 5531 confinioDanorumietFresonum.
3555 5447 3796 5531 .Eadem

2189 5535 2364 5591 insula
2397 5521 2898 5613 ab_arc_hiepiscopo
2927 5527 3237 5613 habitabilis
3280 5525 3424 5580 facta
3460 5521 3694 5583 dicitur,
3738 5523 3798 5571 et

2191 5606 2523 5662 monasterio
2545 5598 3382 5672 Heiloensi-illustrata.Manum"
3505 5663 3522 5672 _
3669 5669 3685 5672 _
3735 5657 3751 5672 .

2261 5677 2289 5716 ἀ
2322 5676 2454 5744 Quae
2475 5676 2564 5732 hic
2591 5683 2645 5730 et
2675 5671 2814 5729 infra
2844 5671 3059 5727 uncinis
3080 5669 3288 5726 inclusa
3312 5672 3459 5731 sunt,
3489 5663 3695 5719 desunt
3735 5663 3798 5713 in

2192 5748 2334 5805 Mab.

2140 5912 2192 5936 (Ρ
