4044 6340
270 309 366 367 701

974 305 1554 364 HAGIOGRAPHICA.
1594 336 1664 346 —
1704 289 1863 360 vna
2004 293 2480 363 tvimnnonbl.
2522 337 2591 394 -τ
2630 283 2756 368 ιω.
2795 308 2836 363 1.

3435 303 3539 359 702

266 422 469 493 piscas,
517 429 570 474 ct
617 419 845 475 credens
894 419 946 474 in
1000 435 1165 474 unum
1209 405 1378 482 Deum
1425 421 1846 490 omnipotentem
1881 421 1928 481 Α
1958 422 2172 494 rantim]
2210 423 2528 494 ignorantia:
2570 425 2740 480 latere
2787 424 3020 491 sinebat,
3045 423 3144 479 sed
3171 430 3340 477 totam
3370 434 3538 474 evanv

268 513 576 587 [Dominum
629 524 873 567 nostrum
899 509 1080 568 Jcsum
1109 512 1430 585 Christum],
1461 519 1514 567 et
1541 512 1667 566 vita:
1704 511 1851 566 fonte

264 609 596 680 baptizatus,
643 609 830 662 abluas
873 607 1054 662 omnia
1092 615 1314 678 peccata
1351 613 1460 672 tua,
1511 613 1565 660 et
1605 606 1852 676 projecta

179 769 186 776 _
264 703 410 758 omni
447 701 732 770 iniquitate
763 705 816 754 et
858 698 1144 768 injustitia,
1187 699 1442 768 deinceps
1477 714 1650 753 novus
1689 699 1853 753 homo

262 795 417 848 vivas
472 793 529 846 in
579 791 725 847 omni
777 793 1106 858 sobrietate,
1153 787 1369 859 iustitia
1431 800 1487 846 et
1540 789 1848 845 sanctitate.

269 872 380 944 Hoc
407 885 572 959 188
611 883 837 950 faciens,
869 903 991 942 cum
1013 885 1125 941 Deo
1155 894 1210 941 et
1240 886 1448 940 sanctis
1483 885 1600 956 ejus
1627 883 1852 954 gloriam

265 975 462 1054 [Mab.,
490 979 680 1052 vitam]
711 979 1012 1049 possidebis
1056 963 1464 1048 Sempiternam.
1511 975 1566 1030 Si
1597 993 1729 1032 vero
1767 990 1853 1030 me

265 1073 570 1128 contemnis
593 1073 736 1127 viam
773 1061 963 1126 salutis
999 1071 1094 1126 tibi
1123 1069 1518 1134 ostendentem,
1555 1070 1693 1124 scito
1736 1084 1856 1124 cer-

267 1165 478 1221 tissime
503 1165 645 1235 quod
674 1172 873 1219 aeterna
902 1163 1162 1235 supplicia
1192 1172 1248 1218 et
1287 1160 1578 1216 infernales
1605 1159 1856 1216 flammas

267 1265 324 1312 tu
357 1273 480 1312 cum
529 1255 758 1318 diabolo,
810 1255 897 1311 cui
945 1255 1310 1325 obtemperes,
1363 1252 1676 1308 sustinebis.
1708 1273 1726 1305 ›
1771 1251 1855 1308 Ad

267 1349 384 1402 haec
433 1361 529 1401 rex
582 1348 811 1402 miratus
843 1346 1160 1416 respondit:
1195 1365 1213 1397 ι
1247 1343 1416 1400 Video
1453 1353 1506 1398 te
1541 1345 1716 1399 minas
1760 1361 1857 1400 no-

269 1449 412 1494 Stras
463 1455 569 1494 non
619 1439 907 1503 metuisse,
962 1445 1016 1492 et
1063 1439 1228 1493 verba
1278 1447 1372 1492 tua
1422 1452 1572 1503 esse,
1622 1437 1762 1492 sicut
1803 1444 1858 1492 et

268 1541 454 1598 Opera.
488 1551 505 1582 ›
568 1529 681 1584 Etsi
733 1537 917 1585 autem
975 1530 1144 1584 nollet
1201 1511 1450 1584 veritatis
1509 1529 1857 1598 praedicatori

268 1621 511 1685 credere,
568 1629 748 1676 tamen
803 1623 870 1677 ad
923 1621 1211 1693 Pippinum
1267 1621 1466 1677 ducem
1522 1617 1858 1676 Francorum

267 1723 392 1766 eum
429 1725 554 1766 cum
592 1713 798 1766 honore
837 1713 1066 1767 remisit.

1949 515 2118 584 gelica
2160 515 2276 569 luce
2314 516 2429 570 sine
2471 517 2726 572 dilatione
2765 515 3145 586 perfundebat,
3191 515 3266 568 ita
3293 520 3353 567 ut
3392 511 3447 566 in
3471 524 3538 566 eo

1948 609 2145 679 pOpulo
2195 607 2373 664 subito
2414 611 2788 679 propheticum
2842 609 2972 664 illud
3017 597 3333 679 impleretur
3380 603 3538 660 tosti-

1951 703 2192 757 monium
2228 720 2243 758 :
2279 701 2346 756 Et
2372 703 2490 767 erit,
2518 705 2573 758 in
2607 703 2739 767 loco,
2766 704 2856 757 ubi
2890 703 3096 757 dicetur
3126 703 3202 756 eis
3232 716 3250 753 .'
3285 699 3410 754 Non
3445 715 3539 770 po-

1950 787 2105 865 pulus
2127 811 2247 860 vos;
2281 794 2485 848 dicetur
2509 795 2582 848 eis
2606 809 2622 846 :
2649 793 2780 848 Filii
2803 795 2898 848 Dei
2925 794 3136 850 viventis
3163 791 3336 864 (Osca:
3359 808 3396 855 ι,
3424 789 3536 862 10).

1950 887 2187 942 Plurima
2209 902 2423 957 quoque
2453 887 2632 941 divina
2664 888 2836 941 virtus
2864 886 2992 941 fecit
3014 901 3112 956 per
3141 887 3356 940 servum
3383 897 3538 938 suum

1952 980 2234 1036 miracula.
2285 980 2439 1034 Licet
2486 979 2635 1034 omni
2687 978 3074 1033 miraculorum
3126 974 3428 1047 operationi
3485 980 3564 1028 et-

1954 1063 2230 1142 signorum
2270 1071 2570 1127 ostensioni
2619 1070 2986 1125 ministerium
3025 1068 3349 1140 evangelicae
3404 1081 3542 1137 prai-

1955 1164 2238 1218 dicatio‘nis
2273 1162 2670 1234 praeferendum
2699 1165 2800 1228 sit;
2844 1171 3026 1217 tamen
3061 1179 3182 1233 quae
3219 1170 3368 1232 gesta
3415 1175 3542 1214 nar-

1956 1264 2164 1320 rantur,
2209 1256 2532 1328 ad'gloriam
2573 1255 2823 1312 donantis
2869 1255 2964 1310 Dei
3006 1271 3113 1309 non
3160 1254 3386 1309 tacenda
3421 1265 3544 1308 esse

1955 1362 2172 1414 censeo,
2216 1348 2307 1404 sed
2343 1349 2515 1418 magis
2558 1348 2696 1419 stylo
2736 1347 3032 1417 alliganda,
3075 1361 3145 1400 ne
3183 1351 3408 1415 pereant
3441 1358 3543 1412 po-

1959 1440 2120 1496 steris
2159 1441 2392 1507 sacculis,
2447 1456 2566 1511 quae
2619 1439 2813 1510 priscis
2867 1437 3203 1509 temporibus
3256 1443 3377 1494 uta
3425 1445 3549 1489 esse

1961 1540 2280 1586 noscuntur.

2032 1623 2160 1678 Car.
2193 1624 2309 1679 Xlll
2349 1609 2520 1696 [Μαὺ.
2567 1623 2706 1695 x1v].
2759 1622 2972 1676 Idolum
3004 1621 3307 1693 confringit.
3355 1616 3548 1674 Gladio

1962 1732 2236 1785 percussus
2265 1715 2338 1769 nil
2367 1713 2596 1770 (ceditur.
2643 1713 2786 1768 Ultio
2811 1715 2991 1768 divina
3015 1714 3072 1768 in
3098 1726 3551 1785 percussorem.—

335 1802 468 1858 Cn.
517 1803 590 1859 XI
629 1801 799 1876 [Hal].
827 1790 962 1875 xu]:
1000 1799 1068 1858 In
1095 1801 1333 1858 Francia
1370 1803 1721 1875 Evangelium
1768 1821 1857 1858 ar—
1890 1773 1939 1836 Β
1963 1773 2209 1872 Quodam
2254 1807 2420 1878 igitur
2459 1816 2733 1878 tempore,
2778 1807 2904 1862 dum
2950 1773 3276 1861 venerabilis
3319 1804 3402 1858 vir
3447 1803 3554 1857 iter

263 1897 478 1951 dentius
518 1897 792 1968 prwdicat.
831 1897 914 1951 Ex
940 1897 1129 1951 oblatis
1168 1897 1323 1951 donis
1358 1895 1623 1961 ecclesias,
1669 1897 1858 1967 ubique

267 1987 527 2042 ordinatis
555 1987 887 2057 presbyteris,
920 1987 1168 2056 (edi/ictu.
1188 2016 1258 2026 —
1280 1984 1381 2052 Qui
1417 1985 1470 2039 in
1499 1984 1615 2053 ejus
1644 1985 1860 2040 laet-atus

266 2079 502 2134 adventu
547 2081 761 2149 rogavit
787 2095 908 2133 eum
962 2079 1231 2133 destinato
1263 2079 1412 2133 verbi
1447 2079 1541 2133 Dei
1587 2079 1735 2148 operi
1779 2079 1860 2132 in-

267 2171 467 2226 sistere
492 2213 506 2237 ,
549 2171 970 2241 cradicatisque‘
1005 2171 1324 2226 idololatria:
1377 2171 1578 2241 Spinis,
1631 2171 1859 2224 verbum

267 2263 368 2317 Dei
413 2263 677 2317 instanter
716 2277 816 2332 per
853 2262 970 2317 loca
1009 2262 1220 2334 singula
1268 2277 1468 2318 serere.
1513 2261 1666 2330 Quod
1694 2257 1858 2316 etiam

219 2357 226 2362 ’
263 2356 394 2426 pius
437 2354 762 2425 praedicator
811 2353 956 2409 haud
1005 2353 1243 2424 segniter
1288 2351 1514 2422 implere
1559 2351 1857 2421 satagebat,

262 2446 601 2502 circumiens
642 2459 832 2500 omnes
876 2445 1022 2500 illius
1056 2453 1215 2500 terra:
1249 2444 1516 2516 regiones,
1550 2459 1645 2513 per
1673 2443 1858 2507 urbes,

267 2536 453 2602 vicos,
510 2537 765 2602 castella,
813 2535 903 2590 ubi
951 2536 1104 2606 prius
1139 2536 1608 2606 evangelizaverat
1664 2533 1858 2607 [Mab.,

265 2628 722 2701 evangelizabat],
783 2629 1079 2684 exhortans
1141 2644 1328 2684 omnes
1391 2635 1659 2698 quatenus
1719 2627 1863 2681 bono

263 2723 439 2778 animi
463 2723 739 2792 proposito
763 2723 817 2776 in
840 2737 983 2777 vera:
1011 2719 1135 2775 ﬁdei
1167 2727 1554 2790 permanerent
1583 2719 1858 2773 ﬁrmitate.

271 2817 341 2870 Et
369 2815 500 2869 dum
533 2829 632 2883 per
675 2814 918 2890 singulos
961 2813 1076 2868 dies
1124 2825 1383 2867 numerus
1419 2811 1706 2889 crescebat
1735 2809 1866 2863 fide-

267 2912 430 2975 lium,
461 2917 516 2963 et
542 2909 716 2979 major
743 2907 1084 2963 credentium
1115 2905 1272 2960 turba
1293 2906 1380 2959 ‘ad
1406 2905 1557 2959 verbi
1585 2901 1681 2958 Dei
1709 2901 1864 2973 agni-

268 3005 478 3060 tionem
527 2999 851 3064 conﬂuebat,
885 3008 1167 3071 cmperunt
1207 2998 1443 3068 plurimi,
1480 2995 1605 3052 fidei
1657 2995 1868 3051 fervore

269 3097 514 3164 incitati,
541 3095 868 3166 patrimonia
897 3111 991 3150 sua
1021 3094 1139 3149 viro
1170 3093 1261 3146 Dei
1291 3091 1504 3147 offerre.
1544 3091 1751 3158 Quibus
1778 3090 1866 3145 ille

272 3190 540 3261 acceptis,
570 3201 696 3243 mox
735 3187 994 3242 ecclesias
1036 3187 1088 3240 in
1129 3185 1208 3239 eis
1233 3183 1501 3238 mdiﬁcare
1536 3181 1718 3252 jussit,
1751 3188 1865 3236 sta-

273 3283 494 3351 tuitque
522 3295 621 3350 per
652 3293 745 3334 eas
789 3277 1028 3349 singulos
1075 3277 1446 3348 presbyteros,
1497 3283 1550 3329 et
1590 3274 1743 3328 verbi
1771 3273 1869 3328 Dei

273 3375 386 3430 sibi
424 3379 824 3443 cooperatores,
864 3378 1132 3439 quatenus
1174 3383 1345 3423 novus
1375 3369 1468 3422 Dei
1512 3367 1742 3438 populus
1774 3367 1872 3421 ha-

275 3469 454 3529 beret,
490 3477 598 3534 quo
635 3478 694 3518 se
728 3461 916 3517 diebus
960 3459 1113 3515 festis
1145 3467 1521 3530 congregaret,
1553 3458 1637 3513 vel
1671 3458 1873 3512 saluta—

277 3573 375 3614 res
399 3557 614 3611 audiret
643 3555 1059 3618 admonitiones,
1085 3551 1171 3607 vel
1213 3569 1241 3606 a
1297 3552 1494 3621 quibus
1527 3550 1667 3604 sacri
1699 3547 1875 3619 bapti-

279 3650 478 3708 smatis
500 3663 725 3704 munera
773 3648 1074 3717 acciperet,
1133 3655 1186 3700 et
1232 3643 1554 3700 Christianre
1599 3642 1876 3714 religionis

279 3745 500 3800 litteras
529 3741 746 3814 [Surius
772 3749 820 3794 et
847 3737 1082 3805 Mabill.,
1107 3736 1346 3810 regulas]
1390 3738 1671 3792 edisceret.
1705 3736 1770 3789 Et
1803 3736 1876 3790 ita

280 3837 373 3891 vir
399 3835 496 3890 Dei
539 3819 712 3904 magis
747 3847 810 3886 ac
843 3829 1015 3902 magis
1048 3833 1114 3888 de
1143 3832 1228 3886 die
1273 3831 1329 3884 in
1358 3829 1533 3894 diem,
1565 3827 1748 3883 divina
1787 3828 1880 3882 do-

280 3937 456 3986 nante
490 3927 686 4000 gratia,
721 3924 1059 3996 proﬁciebat.

359 4023 492 4078 Car.
533 4020 628 4076 ΧΠ
676 4019 845 4093 μιαί).
879 4017 1026 4090 xm].
1082 4017 1303 4072 Carolus
1363 4015 1639 4071 Martellus
1687 4013 1880 4068 multas

283 4123 468 4188 gentes
507 4112 713 4166 devicit.
763 4110 820 4166 S.
849 4107 1228 4165 Willibrordus
1278 4109 1336 4177 ﬁt
1387 4109 1654 4179 episcopus
1701 4104 1883 4174 Traje-

285 4207 504 4264 ctensis.
523 4237 594 4247 —
614 4205 853 4276 Contigit
879 4213 1058 4260 autem
1083 4203 1389 4274 Pippinum,
1421 4201 1610 4256 ducem
1641 4191 1881 4254 Franco-

289 4317 444 4366 rum,
461 4300 604 4354 diem
629 4297 801 4361 obire,
820 4304 874 4352 et
901 4296 1068 4350 ﬁlium
1097 4293 1213 4363 ejus
1235 4293 1488 4349 Ca‘rolum
1514 4307 1684 4363 regno
1709 4291 1884 4360 patris

289 4389 494 4463 potiri;
547 4389 640 4460 qui
681 4388 880 4442 multas
918 4395 1105 4458 gentes
1151 4387 1380 4456 sceptris
1427 4383 1624 4454 adjecit
1650 4383 1886 4438 Franco-

1965 1897 2368 1968 evangclizandi
2401 1914 2551 1954 more
2577 1898 2736 1954 solito
2767 1904 2970 1969 ageret,
2998 1897 3148 1951 venit
3173 1895 3240 1950 ad
3261 1895 3550 1965 quamdam

1965 1989 2148 2063 villam
2185 1989 2523 2044 tValachrum
2553 1990 2773 2045 nomine
2801 1990 2850 2056 δ,
2881 1991 2937 2044 in
2964 2005 3073 2060 qua
3103 1988 3312 2058 antiqui
3346 1986 3554 2042 erroris

1967 2069 2166 2138 idolum
2209 2085 2471 2139 remansit
2503 2103 2514 2138 :
2550 2083 2640 2155 [ad
2673 2085 2817 2154 quod
2861 2091 3066 2140 statuto
3095 2092 3340 2152 tempore
3378 2081 3556 2137 omnis

1967 2173 2398 2242 congregabatur
2440 2174 2688 2242 populus,
2731 2173 2863 2227 illud
2911 2173 3098 2227 colens
3137 2172 3352 2228 summa
3394 2179 3558 2225 vene-

1968 2262 2218 2334 ratione].
2252 2263 2405 2330 Quod
2432 2281 2554 2319 cum
2586 2265 2670 2319 vir
2693 2265 2790 2319 Dei
2821 2264 2936 2320 zelo
2968 2265 3184 2320 fervens
3212 2262 3557 2333 confringere

1969 2353 2276 2427 [niteretur,
2308 2372 2376 2422 ac
2401 2373 2596 2412 nomen
2627 2356 2807 2412 delere
2835 2358 2900 2412 de
2935 2359 3035 2412 sub
3069 2355 3257 2427 coelo],
3283 2362 3554 2424 praesente

1968 2445 2208 2516 ejusdem
2249 2449 2376 2503 idoli
2410 2451 2652 2516 custode,
2689 2451 2858 2506 nimio
2891 2449 3077 2506 furore
3113 2465 3406 2506 succensus
3443 2449 3558 2517 ille,

1967 2543 2125 2612 quasi
2160 2543 2256 2597 Dei
2287 2545 2368 2598 sui
2411 2543 2664 2613 injuriam
2697 2544 3026 2609 vindicaret,
3059 2543 3112 2598 in
3151 2544 3355 2613 impetu
3394 2540 3560 2598 animi

1969 2632 2315 2700 insanientis,
2349 2634 2528 2706 gladio
2567 2643 2724 2706 caput
2767 2635 3065 2691 sacerdotis
3095 2634 3296 2690 Christi
3339 2649 3562 2703 percus—

1970 2725 2076 2779 sit:
2109 2725 2201 2779 sed
2234 2725 2346 2780 Deo
2393 2725 2720 2780 defendente
2767 2742 2982 2783 servum
3036 2742 3214 2792 suum,
3259 2726 3462 2781 nullam
3494 2742 3561 2781 ex

1971 2815 2084 2870 ictu
2134 2813 2382 2880 ferientis
2433 2817 2686 2872 ltesuram
2739 2819 3001 2873 sustinuit
3048 2817 3241 2892 [Mab.,
3288 2815 3558 2887 incurrit].

1973 2906 2118 2962 Socii
2160 2923 2288 2962 vero
2335 2909 2477 2964 illius
2519 2909 2624 2964 hoc
2666 2911 2936 2976 videntes,
2979 2911 3269 2982 pessimam
3302 2925 3563 2980 praesum-

1972 2999 2212 3069 ptionem
2256 2999 2406 3070 impii
2446 3000 2682 3056 hominis
2722 3001 2943 3074 [morte]
2973 3003 3251 3058 vindicare
3275 3014 3566 3058 concurre-

1896 3121 1944 3197 Ο
1974 3102 2120 3145 runt.
2154 3087 2260 3146 Sed
2297 3108 2327 3146 a
2351 3093 2468 3147 viro
2491 3092 2588 3147 Dei
2623 3094 2712 3164 pio
2747 3096 2932 3151 animo
2960 3098 3030 3150 de
3052 3094 3305 3150 manibus
3351 3094 3578 3148 illorum

1974 3183 2235 3239 liberatus
2265 3193 2350 3240 est
2393 3200 2519 3241 reus
2565 3202 2628 3242 ac
2670 3187 2973 3243 dimissus:
3007 3187 3098 3258 qui
3149 3195 3332 3242 tamen
3373 3186 3567 3242 eodem

1973 3275 2060 3330 die
2103 3276 2433 3331 dremoniaco
2486 3277 2682 3347 Spiritu
2733 3285 2985 3348 arreptus
3036 3287 3142 3342 est,
3183 3286 3239 3333 et
3283 3277 3368 3332 die
3405 3275 3568 3330 tentia

1975 3365 2261 3422 infeliciter
2305 3367 2560 3422 miseram
2603 3367 2770 3423 vitam
2815 3368 3008 3424 finivit.
3055 3368 3122 3422 Et
3167 3369 3292 3438 quia
3335 3367 3421 3422 vir
3443 3367 3563 3434 Dei,

1968 3456 2123 3528 juxta
2147 3467 2474 3528 praeceptum
2499 3459 2733 3524 Domini,
2759 3475 2885 3514 suas
2915 3459 3140 3528 injurias
3161 3458 3347 3514 ulcisci
3372 3457 3568 3523 noluit,

1977 3549 2138 3604 citius
2167 3548 2394 3620 [tamen]
2435 3565 2464 3602 a
2491 3539 2722 3604 Domino
2756 3551 3060 3606 vindicatus
3090 3557 3196 3614 est,
3221 3549 3376 3618 juxta
3407 3547 3567 3602 illud:

1979 3641 2114 3694 Mihi
2185 3641 2493 3708 vindictam,
2539 3651 2585 3696 et
2629 3658 2722 3713 ego
2773 3643 3082 3710 retribuam,
3143 3642 3268 3696 dicit
3314 3641 3572 3696 Dominus

1980 3731 2160 3805 (Rom.
2196 3749 2293 3798 χιι,
2334 3731 2450 3802 l9).

2057 3845 2219 3916 189
2241 3844 2369 3900 Car.
2401 3842 2518 3899 XIV
2549 3843 2716 3916 [Mab.
2742 3845 2856 3917 xv].
2887 3845 3040 3911 Quod
3065 3832 3395 3917 quidemqui
3423 3857 3570 3900 servo

1980 3938 2082 3994 Dei
2128 3938 2493 4003 maledixerat,
2540 3939 2624 3999 die
2663 3948 2868 4011 postera
2913 3939 3086 4010 periit.
3114 3939 3330 3992 —-Alio
3359 3936 3574 4009 quoque

1983 4038 2227 4100 tempore
2267 4030 2371 4084 iter
2413 4029 2572 4085 beato
2600 4030 2717 4086 viro
2755 4029 2988 4084 faciente
3029 4031 3096 4085 ad
3134 4029 3422 4100 quamdam
3466 4044 3576 4084 sum

1986 4123 2208 4179 ditionis
2228 4123 2497 4188 cellulam,
2522 4138 2641 4193 quae
2661 4138 2728 4177 ex
2751 4123 2968 4178 nomine
2989 4120 3402 4194 praeterfluentis
3423 4136 3576 4191 aqua:

1989 4213 2213 4269 Suestra
2250 4225 2272 4252 ο
2321 4213 2549 4279 dicitur,
2604 4222 2827 4284 propter
2877 4213 3255 4283 compendium
3308 4211 3577 4282 propioris

1987 4313 2089 4367 via:
2107 4327 2204 4383 per
2229 4319 2436 4383 segetes
2465 4310 2746 4380 cujusdam
2780 4309 2963 4364 divitis
2989 4315 3275 4380 angustam
3304 4305 3582 4362 subintra-

1989 4407 2067 4461 vit
2096 4406 2374 4461 semitam;
2409 4401 2562 4470 Quod
2589 4401 2903 4457 earumdem
2950 4409 3189 4471 segetum
3239 4399 3423 4454 custos
3463 4409 3580 4453 cer-

285 4497 421 4538 rum
455 4500 468 4534 :
500 4482 644 4537 inter
694 4495 829 4551 quas
876 4479 1039 4534 etiam
1087 4493 1210 4534 cum
1253 4478 1512 4548 triumphi
1561 4475 1732 4548 gloria
1767 4475 1885 4530 Fri-
1991 4515 2146 4564 nens,
2181 4497 2351 4552 nimio
2380 4495 2598 4550 inﬁmus
2627 4493 2832 4558 furore,
2873 4492 3049 4546 virum
3078 4491 3174 4546 Dei
3202 4490 3581 4560 blasphemare

285 4567 461 4637 siam,
495 4573 708 4628 devicto
734 4569 1016 4638 Radbodo,
1046 4578 1273 4640 paterno
1316 4567 1686 4639 superaddidit
1716 4567 1887 4637 impe-

287 4665 400 4720 rio.
440 4663 500 4718 In
529 4677 636 4733 qua
675 4670 802 4717 tunc
831 4669 987 4732 gente
1017 4669 1237 4716 sanctus
1266 4657 1648 4715 Willibrordus
1684 4660 1891 4730 positus

287 4762 385 4812 est
429 4755 773 4826 praedicator,
819 4754 1042 4825 sedique
1081 4751 1373 4823 episc0pali
1415 4753 1474 4807 in’
1512 4751 1760 4829 Trajecto
1803 4769 1892 4809 ca-

287 4848 463 4907 stello
519 4847 797 4919 delegatus
853 4855 938 4904 est
964 4859 1012 4901 α.
1073 4845 1174 4915 Qui
1234 4845 1423 4916 majori
1488 4835 1894 4918 evangelizandi

285 4940 592 4999 Occasione
631 4948 876 5011 accepta,
914 4955 1088 5012 nuper
1115 4933 1291 5011 gladio
1321 4939 1638 5009 acquisitam
1679 4945 1893 5010 gentem

287 5048 470 5090 sacro
516 5034 842 5104 baptismate
891 5031 1109 5087 abluere
1159 5041 1387 5088 conatus
1435 5041 1536 5087 est.
1593 5027 1704 5086 Nec
1743 5031 1897 5101 quid-

287 5139 474 5196 quam
505 5125 561 5179 in
586 5139 648 5179 ea
670 5124 878 5179 vetusti"
896 5125 1120 5190 erroris,
1146 5135 1245 5180 nec
1271 5123 1508 5178 tenebris
1537 5120 1775 5196 [δατ-ξω,
1802 5134 1900 5174 nec

287 5213 582 5270 tenebras.
616 5212 784 5282 Mab.,
808 5216 1010 5271 vetusti
1053 5215 1254 5270 erroris
1279 5214 1631 5269 tenebrarum
1661 5219 1716 5266 et
1747 5212 1896 5281 igno-

387 5387 410 5414 ιι
459 5373 526 5429 In
554 5373 794 5445 Trajeclo
837 5373 1052 5429 castello
1093 5373 1358 5444 delegatus
1402 5383 1496 5428 est.
1541 5371 1902 5445 Bedmupotius

285 5442 684 5503 accedendum
728 5446 1005 5501 existimat
1053 5442 1420 5509 Mabillonius,
1473 5444 1564 5514 qui
1609 5442 1904 5497 Willibror—

287 5520 444 5599 dtnn
471 5518 780 5588 episcopum
808 5515 1058 5586 Trajecto
1087 5515 1399 5597 priefectum
1422 5531 1450 5569 a
1481 5515 1709 5640 Pipﬁino
1738 5513 1906 5596 fuisse

289 5588 554 5640 aflu'mat
606 5589 728 5640 libr.
758 5604 811 5640 v.
860 5604 976 5640 can.
1029 5589 1109 5640 l2.
1159 5587 1300 5640 Leae
1349 5600 1522 5640 ipsum
1623 5585 1769 5640 abill.
1818 5585 1906 5640 hic

289 5585 554 5643 afﬁrmat
606 5585 728 5643 libr.
758 5604 811 5654 v,
860 5585 976 5660 cap.
1029 5585 1109 5642 12'.
1159 5585 1300 5659 Lege
1349 5587 1522 5656 ipsum
1570 5585 1769 5641 Mabill.
1818 5585 1907 5640 hic

287 5663 376 5719 in
411 5668 526 5714 n0t.
1725 5711 1728 5716 .

394 5729 422 5802 ξ)
443 5729 525 5784 Ad
551 5730 836 5802 quamdam
858 5729 1034 5802 villam
1051 5728 1397 5802 Walachrum
1425 5730 1640 5802 nomine
1655 5728 1903 5801 [Mabill.,

289 5799 410 5861 Ad
446 5798 731 5877 quamdam
775 5799 1046 5874 insulam].
1091 5798 1345 5856 Walacra
1391 5815 1487 5856 seu
1517 5798 1789 5856 Walacria
1842 5817 1906 5857 ex

1991 4589 2174 4658 coepit.
2204 4587 2374 4654 Quem
2416 4584 2660 4641 convicia
2698 4584 2817 4638 viro
2844 4583 2939 4637 Dei
2975 4583 3299 4638 inferentem
3333 4596 3456 4636 cum
3495 4595 3584 4637 so-

1993 4679 2097 4744 cii,'
2115 4680 2206 4750 qui
2234 4694 2354 4734 cum
2380 4694 2444 4734 eo
2490 4687 2666 4742 erant,
2695 4676 2974 4730 vindicare
3007 4674 3228 4739 vellent,
3253 4672 3372 4727 miti
3401 4673 3584 4726 animo

1995 4773 2090 4828 Dei
2132 4772 2366 4827 famulus
2409 4787 2502 4828 eos
2536 4769 2898 4840 compescuit,
2933 4767 3120 4824 nolens
3161 4765 3356 4839 [Mab.,
3406 4765 3584 4821 vindi-

1996 4880 2124 4920 care
2151 4864 2456 4920 voluerunt.
2484 4863 2629 4930 Quos
2659 4861 2936 4930 prohibuit
2964 4859 3049 4914 vir
3075 4859 3190 4925 Dei,
3219 4855 3586 4929 nolens,fetc.]

1999 4959 2230 5028 aliquem
2257 4973 2353 5012 sua
2391 4971 2556 5010 causa
2593 4955 2794 5024 perire,
2844 4953 2937 5024 qui
2962 4952 3190 5008 salutem
3229 4952 3447 5008 sitiebat
3472 4964 3588 5004 om-

1998 5052 2170 5106 nium.
2202 5050 2308 5106 Sed
2336 5065 2459 5104 cum
2494 5047 2688 5120 [Mab.,
2719 5055 2776 5103 et
2801 5046 2952 5120 dum]
2989 5047 3308 5104 insanientis
3341 5045 3579 5099 animum
3670 5064 3684 5078 κ

2002 5143 2148 5198 nullo
2178 5142 2340 5198 modo
2381 5140 2553 5198 lenire
2576 5147 2778 5210 posset,
2809 5139 2945 5196 dans
2984 5140 3160 5196 locum
3201 5140 3296 5194 ira:
3335 5138 3474 5208 ejus,
3498 5135 3586 5189 via

2003 5248 2108 5304 qua
2131 5233 2298 5298 venit,
2325 5246 2578 5286 reversus
2597 5237 2699 5286 est.
2731 5228 2837 5286 Sed
2861 5229 2948 5289 die
2966 5237 3185 5300 postera
3213 5229 3355 5284 idem
3381 5225 3590 5292 infelix,

2005 5370 2248 5440 quinque
2273 5368 2544 5423 Zelandiae
2582 5367 2774 5423 insulis
2795 5383 2923 5440 una,
2949 5366 3226 5440 basilicam
3255 5364 3417 5440 ha_bet
3448 5360 3596 5416 nobi-

2005 5435 2109 5496 lem
2142 5435 2523 5495 Esternacensi
2567 5439 2898 5495 monasterio
2943 5437 3263 5508 subjectum.
3311 5435 3596 5488 Browerus

2005 5512 2130 5567 libr.
2157 5527 2237 5566 xu
2258 5509 2453 5566 Annal.
2485 5510 2696 5566 Trevir.

2083 5595 2104 5622 ο
2137 5582 2377 5637 Suestra.
2431 5582 2751 5637 Susterense
2802 5579 3192 5634 monasterium
3231 5575 3362 5630 olim
3411 5589 3598 5629 mona-

2009 5657 2254 5720 chorum,
2297 5669 2441 5709 nunc
2469 5653 2728 5708 nobilium
2771 5650 3158 5720 canonicarum
3185 5647 3395 5720 celebre
3435 5644 3596 5701 colle-

2010 5727 2174 5797 gium,
2205 5717 2256 5780 in
2288 5738 2426 5797 pago
2467 5723 2704 5797 Mosano,
2737 5722 2792 5776 in
2819 5722 3016 5776 ducatu
3056 5717 3369 5787 Juliacensi',
3404 5733 3438 5774 a
3457 5725 3596 5790 prae-

2010 5793 2296 5854 t'erlluente
2323 5793 2438 5852 rivo
2462 5793 2856 5866 cognominata.
