  <div class='ocr_page' id='page_1' title='image "/cluster/home/n/w/nwhite01/storage/ocr_20150623/101/hvd.32044004824769/357.png"; bbox 0 0 4044 6340; ppageno 0'>
   <div class='ocr_carea' id='block_1_1' title="bbox 523 290 632 349">
    <p class='ocr_par' dir='ltr' id='par_1_1' title="bbox 523 290 632 349">
     <span class='ocr_line' id='line_1_1' title="bbox 523 290 632 349; baseline 0.009 -1"><span class='ocrx_word' id='word_1_1' title='bbox 523 290 632 349; x_wconf 76' lang='lat'><strong>703</strong></span> 
     </span>
    </p>
   </div>
   <div class='ocr_carea' id='block_1_2' title="bbox 1382 279 2959 347">
    <p class='ocr_par' dir='ltr' id='par_1_2' title="bbox 1382 279 2959 347">
     <span class='ocr_line' id='line_1_2' title="bbox 1382 279 2959 347; baseline -0.006 0"><span class='ocrx_word' id='word_1_2' title='bbox 1382 292 1442 347; x_wconf 87' lang='grc' dir='ltr'><strong>Β.</strong></span> <span class='ocrx_word' id='word_1_3' title='bbox 1483 290 1546 347; x_wconf 83' lang='lat' dir='ltr'><strong>F.</strong></span> <span class='ocrx_word' id='word_1_4' title='bbox 1588 288 1819 347; x_wconf 85' lang='lat' dir='ltr'><strong>ALBlNl</strong></span> <span class='ocrx_word' id='word_1_5' title='bbox 1860 286 1994 346; x_wconf 70' lang='grc' dir='ltr'>εει]</span> <span class='ocrx_word' id='word_1_6' title='bbox 2034 279 2312 341; x_wconf 80' lang='lat' dir='ltr'><strong>ALCUlNl</strong></span> <span class='ocrx_word' id='word_1_7' title='bbox 2349 279 2639 342; x_wconf 81' lang='lat' dir='ltr'><strong>OPERUM</strong></span> <span class='ocrx_word' id='word_1_8' title='bbox 2673 282 2855 341; x_wconf 79' lang='lat' dir='ltr'><strong>PARS</strong></span> <span class='ocrx_word' id='word_1_9' title='bbox 2894 283 2959 338; x_wconf 72' lang='grc' dir='ltr'><strong>ν.</strong></span> 
     </span>
    </p>
   </div>
   <div class='ocr_carea' id='block_1_3' title="bbox 3684 281 3811 361">
    <p class='ocr_par' dir='ltr' id='par_1_3' title="bbox 3684 281 3811 361">
     <span class='ocr_line' id='line_1_3' title="bbox 3684 281 3811 361; baseline 0.016 -22"><span class='ocrx_word' id='word_1_10' title='bbox 3684 281 3811 361; x_wconf 63' lang='grc' dir='ltr'><strong>τοι</strong></span> 
     </span>
    </p>
   </div>
   <div class='ocr_carea' id='block_1_4' title="bbox 522 400 3812 482">
    <p class='ocr_par' dir='ltr' id='par_1_4' title="bbox 522 400 3812 482">
     <span class='ocr_line' id='line_1_4' title="bbox 522 400 3812 482; baseline -0.001 -19"><span class='ocrx_word' id='word_1_11' title='bbox 522 410 618 482; x_wconf 85' lang='lat' dir='ltr'><strong>qui</strong></span> <span class='ocrx_word' id='word_1_12' title='bbox 643 407 845 464; x_wconf 89' lang='lat' dir='ltr'><strong>famulo</strong></span> <span class='ocrx_word' id='word_1_13' title='bbox 883 408 978 463; x_wconf 90' lang='lat' dir='ltr'><strong>Dei</strong></span> <span class='ocrx_word' id='word_1_14' title='bbox 1008 408 1248 465; x_wconf 87' lang='lat' dir='ltr'><strong>convicia</strong></span> <span class='ocrx_word' id='word_1_15' title='bbox 1278 406 1463 464; x_wconf 80' lang='lat' dir='ltr'><strong>dicere</strong></span> <span class='ocrx_word' id='word_1_16' title='bbox 1490 405 1671 479; x_wconf 78' lang='lat' dir='ltr'><strong>[Mab.</strong></span> <span class='ocrx_word' id='word_1_17' title='bbox 1712 408 1828 462; x_wconf 90' lang='lat' dir='ltr'><strong>viro</strong></span> <span class='ocrx_word' id='word_1_18' title='bbox 1858 405 1954 460; x_wconf 85' lang='lat' dir='ltr'><strong>Dei</strong></span> <span class='ocrx_word' id='word_1_19' title='bbox 1984 419 2113 459; x_wconf 85' lang='lat' dir='ltr'><strong>cou-</strong></span> <span class='ocrx_word' id='word_1_20' title='bbox 2137 400 2191 459; x_wconf 80' lang='grc' dir='ltr'><strong>Α</strong></span> <span class='ocrx_word' id='word_1_21' title='bbox 2218 415 2535 472; x_wconf 82' lang='lat' dir='ltr'><strong>memorque</strong></span> <span class='ocrx_word' id='word_1_22' title='bbox 2576 402 2870 457; x_wconf 82' lang='lat' dir='ltr'><strong>Dominicae</strong></span> <span class='ocrx_word' id='word_1_23' title='bbox 2891 400 3175 470; x_wconf 89' lang='lat' dir='ltr'><strong>jussionis,</strong></span> <span class='ocrx_word' id='word_1_24' title='bbox 3216 400 3494 474; x_wconf 85' lang='lat' dir='ltr'><strong>discipulis</strong></span> <span class='ocrx_word' id='word_1_25' title='bbox 3521 400 3637 459; x_wconf 84' lang='lat' dir='ltr'><strong>suis</strong></span> <span class='ocrx_word' id='word_1_26' title='bbox 3665 420 3812 474; x_wconf 61' lang='lat' dir='ltr'><strong>pra:-</strong></span> 
     </span>
    </p>
   </div>
   <div class='ocr_carea' id='block_1_5' title="bbox 524 497 2115 573">
    <p class='ocr_par' dir='ltr' id='par_1_5' title="bbox 524 497 2115 573">
     <span class='ocr_line' id='line_1_5' title="bbox 524 497 2115 573; baseline -0.004 -16"><span class='ocrx_word' id='word_1_27' title='bbox 524 502 667 557; x_wconf 87' lang='lat' dir='ltr'><strong>vicia</strong></span> <span class='ocrx_word' id='word_1_28' title='bbox 697 500 898 573; x_wconf 87' lang='lat' dir='ltr'><strong>facere]</strong></span> <span class='ocrx_word' id='word_1_29' title='bbox 924 516 1029 555; x_wconf 92' lang='lat' dir='ltr'><strong>non</strong></span> <span class='ocrx_word' id='word_1_30' title='bbox 1059 502 1363 565; x_wconf 84' lang='lat' dir='ltr'><strong>abhorruit,</strong></span> <span class='ocrx_word' id='word_1_31' title='bbox 1405 499 1626 572; x_wconf 90' lang='lat' dir='ltr'><strong>[multis</strong></span> <span class='ocrx_word' id='word_1_32' title='bbox 1651 500 2029 561; x_wconf 78' lang='lat' dir='ltr'><strong>cernentibus,</strong></span> <span class='ocrx_word' id='word_1_33' title='bbox 2060 497 2115 551; x_wconf 90' lang='lat' dir='ltr'><strong>in</strong></span> 
     </span>
    </p>
   </div>
   <div class='ocr_carea' id='block_1_6' title="bbox 527 594 1625 666">
    <p class='ocr_par' dir='ltr' id='par_1_6' title="bbox 527 594 1625 666">
     <span class='ocr_line' id='line_1_6' title="bbox 527 594 1625 666; baseline -0.004 -15"><span class='ocrx_word' id='word_1_34' title='bbox 527 597 716 651; x_wconf 88' lang='lat' dir='ltr'><strong>eodem</strong></span> <span class='ocrx_word' id='word_1_35' title='bbox 743 594 901 666; x_wconf 78' lang='lat' dir='ltr'><strong>loco]</strong></span> <span class='ocrx_word' id='word_1_36' title='bbox 930 595 1203 664; x_wconf 85' lang='lat' dir='ltr'><strong>repentina</strong></span> <span class='ocrx_word' id='word_1_37' title='bbox 1238 602 1413 648; x_wconf 90' lang='lat' dir='ltr'><strong>morte</strong></span> <span class='ocrx_word' id='word_1_38' title='bbox 1448 594 1625 664; x_wconf 91' lang='lat' dir='ltr'><strong>periit.</strong></span> 
     </span>
    </p>
   </div>
   <div class='ocr_carea' id='block_1_7' title="bbox 598 683 2114 758">
    <p class='ocr_par' dir='ltr' id='par_1_7' title="bbox 598 683 2114 758">
     <span class='ocr_line' id='line_1_7' title="bbox 598 683 2114 758; baseline -0.004 -15"><span class='ocrx_word' id='word_1_39' title='bbox 598 687 723 743; x_wconf 60' lang='lat' dir='ltr'><strong>Car.</strong></span> <span class='ocrx_word' id='word_1_40' title='bbox 778 686 869 745; x_wconf 82' lang='lat' dir='ltr'><strong>XV</strong></span> <span class='ocrx_word' id='word_1_41' title='bbox 914 685 1094 757; x_wconf 78' lang='lat' dir='ltr'><strong>[Mab.</strong></span> <span class='ocrx_word' id='word_1_42' title='bbox 1132 686 1279 758; x_wconf 55' lang='lat' dir='ltr'><strong>xvrf]</strong></span> <span class='ocrx_word' id='word_1_43' title='bbox 1309 687 1511 758; x_wconf 79' lang='lat' dir='ltr'><strong>Aquam</strong></span> <span class='ocrx_word' id='word_1_44' title='bbox 1541 686 1748 741; x_wconf 85' lang='lat' dir='ltr'><strong>dulcem</strong></span> <span class='ocrx_word' id='word_1_45' title='bbox 1780 704 1806 741; x_wconf 91' lang='lat' dir='ltr'><strong>e</strong></span> <span class='ocrx_word' id='word_1_46' title='bbox 1833 695 1977 757; x_wconf 83' lang='lat' dir='ltr'><strong>petra</strong></span> <span class='ocrx_word' id='word_1_47' title='bbox 2015 683 2114 738; x_wconf 85' lang='lat' dir='ltr'><strong>eli-</strong></span> 
     </span>
    </p>
   </div>
   <div class='ocr_carea' id='block_1_8' title="bbox 529 780 2118 851">
    <p class='ocr_par' dir='ltr' id='par_1_8' title="bbox 529 780 2118 851">
     <span class='ocr_line' id='line_1_8' title="bbox 529 780 2118 851; baseline -0.003 -15"><span class='ocrx_word' id='word_1_48' title='bbox 529 783 616 836; x_wconf 86' lang='lat' dir='ltr'><strong>cit.</strong></span> <span class='ocrx_word' id='word_1_49' title='bbox 642 811 713 821; x_wconf 93' lang='lat'><strong>—</strong></span> <span class='ocrx_word' id='word_1_50' title='bbox 736 780 869 833; x_wconf 84' lang='lat' dir='ltr'><strong>Cum</strong></span> <span class='ocrx_word' id='word_1_51' title='bbox 898 781 982 833; x_wconf 90' lang='lat' dir='ltr'><strong>vir</strong></span> <span class='ocrx_word' id='word_1_52' title='bbox 1006 780 1116 835; x_wconf 88' lang='lat' dir='ltr'><strong>Deo</strong></span> <span class='ocrx_word' id='word_1_53' title='bbox 1156 781 1346 850; x_wconf 89' lang='lat' dir='ltr'><strong>plenus</strong></span> <span class='ocrx_word' id='word_1_54' title='bbox 1375 790 1596 851; x_wconf 77' lang='lat' dir='ltr'><strong>propter</strong></span> <span class='ocrx_word' id='word_1_55' title='bbox 1626 780 1949 850; x_wconf 67' lang='lat' dir='ltr'><strong>evangeliore</strong></span> <span class='ocrx_word' id='word_1_56' title='bbox 1976 794 2118 848; x_wconf 69' lang='lat' dir='ltr'><strong>prte-</strong></span> 
     </span>
    </p>
   </div>
   <div class='ocr_carea' id='block_1_9' title="bbox 527 870 2117 943">
    <p class='ocr_par' dir='ltr' id='par_1_9' title="bbox 527 870 2117 943">
     <span class='ocr_line' id='line_1_9' title="bbox 527 870 2117 943; baseline -0.004 -13"><span class='ocrx_word' id='word_1_57' title='bbox 527 875 814 930; x_wconf 87' lang='lat' dir='ltr'><strong>dicationis</strong></span> <span class='ocrx_word' id='word_1_58' title='bbox 855 875 1167 929; x_wconf 73' lang='lat' dir='ltr'><strong>instantiam</strong></span> <span class='ocrx_word' id='word_1_59' title='bbox 1212 875 1327 929; x_wconf 92' lang='lat' dir='ltr'><strong>loca</strong></span> <span class='ocrx_word' id='word_1_60' title='bbox 1375 875 1689 930; x_wconf 79' lang='lat' dir='ltr'><strong>circumiret</strong></span> <span class='ocrx_word' id='word_1_61' title='bbox 1728 872 1996 927; x_wconf 87' lang='lat' dir='ltr'><strong>maritima</strong></span> <span class='ocrx_word' id='word_1_62' title='bbox 2026 870 2117 943; x_wconf 87' lang='lat' dir='ltr'><strong>[in</strong></span> 
     </span>
    </p>
   </div>
   <div class='ocr_carea' id='block_1_10' title="bbox 523 963 2118 1037">
    <p class='ocr_par' dir='ltr' id='par_1_10' title="bbox 523 963 2118 1037">
     <span class='ocr_line' id='line_1_10' title="bbox 523 963 2118 1037; baseline -0.001 -17"><span class='ocrx_word' id='word_1_63' title='bbox 523 964 759 1037; x_wconf 85' lang='lat' dir='ltr'><strong>eisdem]</strong></span> <span class='ocrx_word' id='word_1_64' title='bbox 806 981 961 1035; x_wconf 74' lang='lat' dir='ltr'><strong>aqua:</strong></span> <span class='ocrx_word' id='word_1_65' title='bbox 1013 967 1184 1021; x_wconf 84' lang='lat' dir='ltr'><strong>dulcis</strong></span> <span class='ocrx_word' id='word_1_66' title='bbox 1237 967 1523 1037; x_wconf 82' lang='lat' dir='ltr'><strong>penuriam</strong></span> <span class='ocrx_word' id='word_1_67' title='bbox 1579 966 1907 1037; x_wconf 84' lang='lat' dir='ltr'><strong>patiebatur.</strong></span> <span class='ocrx_word' id='word_1_68' title='bbox 1963 963 2118 1029; x_wconf 87' lang='lat' dir='ltr'><strong>Quod</strong></span> 
     </span>
    </p>
   </div>
   <div class='ocr_carea' id='block_1_11' title="bbox 524 1056 2119 1128">
    <p class='ocr_par' dir='ltr' id='par_1_11' title="bbox 524 1056 2119 1128">
     <span class='ocr_line' id='line_1_11' title="bbox 524 1056 2119 1128; baseline -0.002 -16"><span class='ocrx_word' id='word_1_69' title='bbox 524 1057 652 1112; x_wconf 90' lang='lat' dir='ltr'><strong>dum</strong></span> <span class='ocrx_word' id='word_1_70' title='bbox 704 1059 967 1113; x_wconf 86' lang='lat' dir='ltr'><strong>cernebat</strong></span> <span class='ocrx_word' id='word_1_71' title='bbox 1011 1075 1136 1114; x_wconf 90' lang='lat' dir='ltr'><strong>suos</strong></span> <span class='ocrx_word' id='word_1_72' title='bbox 1177 1059 1577 1113; x_wconf 84' lang='lat' dir='ltr'><strong>commilitones</strong></span> <span class='ocrx_word' id='word_1_73' title='bbox 1612 1067 1834 1128; x_wconf 85' lang='lat' dir='ltr'><strong>pmpter</strong></span> <span class='ocrx_word' id='word_1_74' title='bbox 1866 1056 2119 1111; x_wconf 89' lang='lat' dir='ltr'><strong>ardorem</strong></span> 
     </span>
    </p>
   </div>
   <div class='ocr_carea' id='block_1_12' title="bbox 524 1144 2120 1219">
    <p class='ocr_par' dir='ltr' id='par_1_12' title="bbox 524 1144 2120 1219">
     <span class='ocr_line' id='line_1_12' title="bbox 524 1144 2120 1219; baseline -0.003 -16"><span class='ocrx_word' id='word_1_75' title='bbox 524 1149 644 1204; x_wconf 86' lang='lat' dir='ltr'><strong>sitis</strong></span> <span class='ocrx_word' id='word_1_76' title='bbox 668 1144 910 1219; x_wconf 79' lang='lat' dir='ltr'><strong>graviter</strong></span> <span class='ocrx_word' id='word_1_77' title='bbox 933 1150 1225 1214; x_wconf 89' lang='lat' dir='ltr'><strong>sustinere,</strong></span> <span class='ocrx_word' id='word_1_78' title='bbox 1255 1157 1451 1203; x_wconf 90' lang='lat' dir='ltr'><strong>vocato</strong></span> <span class='ocrx_word' id='word_1_79' title='bbox 1475 1164 1582 1202; x_wconf 94' lang='lat' dir='ltr'><strong>uno</strong></span> <span class='ocrx_word' id='word_1_80' title='bbox 1602 1163 1670 1201; x_wconf 87' lang='lat' dir='ltr'><strong>ex</strong></span> <span class='ocrx_word' id='word_1_81' title='bbox 1698 1148 1823 1212; x_wconf 87' lang='lat' dir='ltr'><strong>illis,</strong></span> <span class='ocrx_word' id='word_1_82' title='bbox 1864 1145 2120 1217; x_wconf 74' lang='lat' dir='ltr'><strong>praecepit</strong></span> 
     </span>
    </p>
   </div>
   <div class='ocr_carea' id='block_1_13' title="bbox 522 1234 2120 1308">
    <p class='ocr_par' dir='ltr' id='par_1_13' title="bbox 522 1234 2120 1308">
     <span class='ocr_line' id='line_1_13' title="bbox 522 1234 2120 1308; baseline -0.002 -16"><span class='ocrx_word' id='word_1_83' title='bbox 522 1240 572 1293; x_wconf 87' lang='lat' dir='ltr'><strong>ei</strong></span> <span class='ocrx_word' id='word_1_84' title='bbox 603 1239 744 1293; x_wconf 88' lang='lat' dir='ltr'><strong>intra</strong></span> <span class='ocrx_word' id='word_1_85' title='bbox 769 1240 1065 1294; x_wconf 87' lang='lat' dir='ltr'><strong>tentorium</strong></span> <span class='ocrx_word' id='word_1_86' title='bbox 1096 1256 1250 1295; x_wconf 91' lang='lat' dir='ltr'><strong>suum</strong></span> <span class='ocrx_word' id='word_1_87' title='bbox 1280 1239 1480 1294; x_wconf 89' lang='lat' dir='ltr'><strong>fossam</strong></span> <span class='ocrx_word' id='word_1_88' title='bbox 1510 1239 1721 1308; x_wconf 88' lang='lat' dir='ltr'><strong>aperire</strong></span> <span class='ocrx_word' id='word_1_89' title='bbox 1750 1252 1994 1307; x_wconf 89' lang='lat' dir='ltr'><strong>parvam,</strong></span> <span class='ocrx_word' id='word_1_90' title='bbox 2028 1234 2120 1289; x_wconf 87' lang='lat' dir='ltr'><strong>ubi</strong></span> 
     </span>
    </p>
   </div>
   <div class='ocr_carea' id='block_1_14' title="bbox 528 1325 2120 1401">
    <p class='ocr_par' dir='ltr' id='par_1_14' title="bbox 528 1325 2120 1401">
     <span class='ocr_line' id='line_1_14' title="bbox 528 1325 2120 1401; baseline -0.004 -16"><span class='ocrx_word' id='word_1_91' title='bbox 528 1340 745 1387; x_wconf 86' lang='lat' dir='ltr'><strong>secreto</strong></span> <span class='ocrx_word' id='word_1_92' title='bbox 793 1330 916 1385; x_wconf 80' lang='lat' dir='ltr'><strong>lixis</strong></span> <span class='ocrx_word' id='word_1_93' title='bbox 962 1331 1191 1401; x_wconf 77' lang='lat' dir='ltr'><strong>genibus</strong></span> <span class='ocrx_word' id='word_1_94' title='bbox 1226 1332 1420 1384; x_wconf 89' lang='lat' dir='ltr'><strong>orabat</strong></span> <span class='ocrx_word' id='word_1_95' title='bbox 1456 1330 1642 1393; x_wconf 90' lang='lat' dir='ltr'><strong>Deum,</strong></span> <span class='ocrx_word' id='word_1_96' title='bbox 1692 1336 1750 1381; x_wconf 92' lang='lat' dir='ltr'><strong>ut</strong></span> <span class='ocrx_word' id='word_1_97' title='bbox 1789 1327 1880 1397; x_wconf 89' lang='lat' dir='ltr'><strong>qui</strong></span> <span class='ocrx_word' id='word_1_98' title='bbox 1924 1325 2120 1397; x_wconf 90' lang='lat' dir='ltr'><strong>populo</strong></span> 
     </span>
    </p>
   </div>
   <div class='ocr_carea' id='block_1_15' title="bbox 529 1417 2117 1493">
    <p class='ocr_par' dir='ltr' id='par_1_15' title="bbox 529 1417 2117 1493">
     <span class='ocr_line' id='line_1_15' title="bbox 529 1417 2117 1493; baseline -0.005 -16"><span class='ocrx_word' id='word_1_99' title='bbox 529 1438 632 1477; x_wconf 90' lang='lat' dir='ltr'><strong>suo</strong></span> <span class='ocrx_word' id='word_1_100' title='bbox 661 1438 857 1493; x_wconf 81' lang='lat' dir='ltr'><strong>aquam</strong></span> <span class='ocrx_word' id='word_1_101' title='bbox 881 1423 933 1477; x_wconf 91' lang='lat' dir='ltr'><strong>in</strong></span> <span class='ocrx_word' id='word_1_102' title='bbox 964 1423 1179 1477; x_wconf 88' lang='lat' dir='ltr'><strong>deserto</strong></span> <span class='ocrx_word' id='word_1_103' title='bbox 1207 1422 1461 1493; x_wconf 86' lang='lat' dir='ltr'><strong>produxit</strong></span> <span class='ocrx_word' id='word_1_104' title='bbox 1489 1423 1554 1477; x_wconf 87' lang='lat' dir='ltr'><strong>de</strong></span> <span class='ocrx_word' id='word_1_105' title='bbox 1581 1429 1734 1490; x_wconf 84' lang='lat' dir='ltr'><strong>petra</strong></span> <span class='ocrx_word' id='word_1_106' title='bbox 1759 1417 1954 1489; x_wconf 74' lang='lat' dir='ltr'><strong>(Exod.</strong></span> <span class='ocrx_word' id='word_1_107' title='bbox 1984 1432 2117 1483; x_wconf 89' lang='lat' dir='ltr'><strong>xvn,</strong></span> 
     </span>
    </p>
   </div>
   <div class='ocr_carea' id='block_1_16' title="bbox 532 1510 2118 1585">
    <p class='ocr_par' dir='ltr' id='par_1_16' title="bbox 532 1510 2118 1585">
     <span class='ocr_line' id='line_1_16' title="bbox 532 1510 2118 1585; baseline -0.004 -18"><span class='ocrx_word' id='word_1_108' title='bbox 532 1515 697 1568; x_wconf 86' lang='lat' dir='ltr'><strong>Num.</strong></span> <span class='ocrx_word' id='word_1_109' title='bbox 745 1513 859 1585; x_wconf 59' lang='grc' dir='ltr'><strong>ιχ),</strong></span> <span class='ocrx_word' id='word_1_110' title='bbox 899 1515 1071 1569; x_wconf 81' lang='lat' dir='ltr'><strong>servis</strong></span> <span class='ocrx_word' id='word_1_111' title='bbox 1109 1515 1223 1569; x_wconf 89' lang='lat' dir='ltr'><strong>suis</strong></span> <span class='ocrx_word' id='word_1_112' title='bbox 1264 1514 1452 1567; x_wconf 90' lang='lat' dir='ltr'><strong>eadem</strong></span> <span class='ocrx_word' id='word_1_113' title='bbox 1486 1510 1860 1567; x_wconf 86' lang='lat' dir='ltr'><strong>misericordia</strong></span> <span class='ocrx_word' id='word_1_114' title='bbox 1893 1510 1958 1563; x_wconf 91' lang='lat' dir='ltr'><strong>de</strong></span> <span class='ocrx_word' id='word_1_115' title='bbox 1994 1520 2118 1560; x_wconf 81' lang='lat' dir='ltr'><strong>are-</strong></span> 
     </span>
    </p>
   </div>
   <div class='ocr_carea' id='block_1_17' title="bbox 530 1603 2119 1677">
    <p class='ocr_par' dir='ltr' id='par_1_17' title="bbox 530 1603 2119 1677">
     <span class='ocr_line' id='line_1_17' title="bbox 530 1603 2119 1677; baseline -0.002 -18"><span class='ocrx_word' id='word_1_116' title='bbox 530 1622 662 1661; x_wconf 89' lang='lat' dir='ltr'><strong>nosa</strong></span> <span class='ocrx_word' id='word_1_117' title='bbox 691 1616 835 1661; x_wconf 89' lang='lat' dir='ltr'><strong>terra</strong></span> <span class='ocrx_word' id='word_1_118' title='bbox 876 1623 1071 1677; x_wconf 91' lang='lat' dir='ltr'><strong>aquam</strong></span> <span class='ocrx_word' id='word_1_119' title='bbox 1110 1608 1451 1677; x_wconf 85' lang='lat' dir='ltr'><strong>produceret.</strong></span> <span class='ocrx_word' id='word_1_120' title='bbox 1503 1606 1604 1673; x_wconf 88' lang='lat' dir='ltr'><strong>Qui</strong></span> <span class='ocrx_word' id='word_1_121' title='bbox 1658 1621 1783 1659; x_wconf 86' lang='lat' dir='ltr'><strong>mox</strong></span> <span class='ocrx_word' id='word_1_122' title='bbox 1832 1603 2119 1659; x_wconf 82' lang='lat' dir='ltr'><strong>exauditus</strong></span> 
     </span>
    </p>
   </div>
   <div class='ocr_carea' id='block_1_18' title="bbox 523 1696 2122 1768">
    <p class='ocr_par' dir='ltr' id='par_1_18' title="bbox 523 1696 2122 1768">
     <span class='ocr_line' id='line_1_18' title="bbox 523 1696 2122 1768; baseline -0.002 -16"><span class='ocrx_word' id='word_1_123' title='bbox 523 1708 629 1763; x_wconf 88' lang='lat' dir='ltr'><strong>est,</strong></span> <span class='ocrx_word' id='word_1_124' title='bbox 658 1714 782 1752; x_wconf 90' lang='lat' dir='ltr'><strong>nam</strong></span> <span class='ocrx_word' id='word_1_125' title='bbox 810 1698 990 1753; x_wconf 89' lang='lat' dir='ltr'><strong>subito</strong></span> <span class='ocrx_word' id='word_1_126' title='bbox 1022 1698 1140 1753; x_wconf 88' lang='lat' dir='ltr'><strong>fons</strong></span> <span class='ocrx_word' id='word_1_127' title='bbox 1164 1699 1462 1753; x_wconf 86' lang='lat' dir='ltr'><strong>dulcissimi</strong></span> <span class='ocrx_word' id='word_1_128' title='bbox 1496 1698 1705 1768; x_wconf 88' lang='lat' dir='ltr'><strong>saporis</strong></span> <span class='ocrx_word' id='word_1_129' title='bbox 1733 1697 1935 1752; x_wconf 90' lang='lat' dir='ltr'><strong>fossam</strong></span> <span class='ocrx_word' id='word_1_130' title='bbox 1966 1708 1990 1736; x_wconf 76' lang='grc' dir='ltr'><strong>ιι</strong></span> <span class='ocrx_word' id='word_1_131' title='bbox 2022 1696 2122 1750; x_wconf 84' lang='lat' dir='ltr'><strong>im-</strong></span> 
     </span>
    </p>
   </div>
   <div class='ocr_carea' id='block_1_19' title="bbox 525 1760 2199 1863">
    <p class='ocr_par' dir='ltr' id='par_1_19' title="bbox 525 1760 2199 1863">
     <span class='ocr_line' id='line_1_19' title="bbox 525 1760 2199 1863; baseline 0.001 -21"><span class='ocrx_word' id='word_1_132' title='bbox 525 1760 724 1861; x_wconf 87' lang='lat' dir='ltr'><strong>plebat.</strong></span> <span class='ocrx_word' id='word_1_133' title='bbox 757 1792 910 1857; x_wconf 85' lang='lat' dir='ltr'><strong>Quod</strong></span> <span class='ocrx_word' id='word_1_134' title='bbox 942 1793 1022 1847; x_wconf 92' lang='lat' dir='ltr'><strong>sui</strong></span> <span class='ocrx_word' id='word_1_135' title='bbox 1054 1804 1362 1857; x_wconf 89' lang='lat' dir='ltr'><strong>cernentes,</strong></span> <span class='ocrx_word' id='word_1_136' title='bbox 1411 1760 1613 1863; x_wconf 76' lang='lat' dir='ltr'><strong>gratias</strong></span> <span class='ocrx_word' id='word_1_137' title='bbox 1662 1792 1894 1861; x_wconf 80' lang='lat' dir='ltr'><strong>agebant</strong></span> <span class='ocrx_word' id='word_1_138' title='bbox 1924 1790 2118 1863; x_wconf 86' lang='lat' dir='ltr'><strong>[Mab.,</strong></span> <span class='ocrx_word' id='word_1_139' title='bbox 2152 1760 2199 1821; x_wconf 71' lang='grc' dir='ltr'><strong>Β</strong></span> 
     </span>
    </p>
   </div>
   <div class='ocr_carea' id='block_1_20' title="bbox 524 1880 2122 1953">
    <p class='ocr_par' dir='ltr' id='par_1_20' title="bbox 524 1880 2122 1953">
     <span class='ocr_line' id='line_1_20' title="bbox 524 1880 2122 1953; baseline 0.001 -20"><span class='ocrx_word' id='word_1_140' title='bbox 524 1880 782 1952; x_wconf 88' lang='lat' dir='ltr'><strong>egerunt]</strong></span> <span class='ocrx_word' id='word_1_141' title='bbox 823 1884 1175 1953; x_wconf 89' lang='lat' dir='ltr'><strong>omnipotenti</strong></span> <span class='ocrx_word' id='word_1_142' title='bbox 1218 1883 1351 1947; x_wconf 87' lang='lat' dir='ltr'><strong>Deo,</strong></span> <span class='ocrx_word' id='word_1_143' title='bbox 1401 1883 1492 1951; x_wconf 91' lang='lat' dir='ltr'><strong>qui</strong></span> <span class='ocrx_word' id='word_1_144' title='bbox 1530 1892 1776 1937; x_wconf 88' lang='lat' dir='ltr'><strong>sanctum</strong></span> <span class='ocrx_word' id='word_1_145' title='bbox 1816 1898 1971 1936; x_wconf 91' lang='lat' dir='ltr'><strong>suum</strong></span> <span class='ocrx_word' id='word_1_146' title='bbox 2008 1896 2122 1935; x_wconf 88' lang='lat' dir='ltr'><strong>ma-</strong></span> 
     </span>
    </p>
   </div>
   <div class='ocr_carea' id='block_1_21' title="bbox 525 1972 2123 2043">
    <p class='ocr_par' dir='ltr' id='par_1_21' title="bbox 525 1972 2123 2043">
     <span class='ocr_line' id='line_1_21' title="bbox 525 1972 2123 2043; baseline 0.001 -18"><span class='ocrx_word' id='word_1_147' title='bbox 525 1972 825 2040; x_wconf 87' lang='lat' dir='ltr'><strong>gnilicavit,</strong></span> <span class='ocrx_word' id='word_1_148' title='bbox 879 1984 934 2028; x_wconf 90' lang='lat' dir='ltr'><strong>et</strong></span> <span class='ocrx_word' id='word_1_149' title='bbox 973 1989 1096 2028; x_wconf 91' lang='lat' dir='ltr'><strong>eum</strong></span> <span class='ocrx_word' id='word_1_150' title='bbox 1127 1974 1383 2028; x_wconf 82' lang='lat' dir='ltr'><strong>exaudire</strong></span> <span class='ocrx_word' id='word_1_151' title='bbox 1406 1974 1655 2043; x_wconf 89' lang='lat' dir='ltr'><strong>dignatus</strong></span> <span class='ocrx_word' id='word_1_152' title='bbox 1683 1981 1765 2027; x_wconf 90' lang='lat' dir='ltr'><strong>est</strong></span> <span class='ocrx_word' id='word_1_153' title='bbox 1799 1990 1810 2025; x_wconf 90' lang='lat'>:</span> <span class='ocrx_word' id='word_1_154' title='bbox 1837 1972 2123 2027; x_wconf 90' lang='lat' dir='ltr'><strong>bibebant-</strong></span> 
     </span>
    </p>
   </div>
   <div class='ocr_carea' id='block_1_22' title="bbox 529 2052 2122 2135">
    <p class='ocr_par' dir='ltr' id='par_1_22' title="bbox 529 2052 2122 2135">
     <span class='ocr_line' id='line_1_22' title="bbox 529 2052 2122 2135; baseline -0.001 -17"><span class='ocrx_word' id='word_1_155' title='bbox 529 2079 634 2134; x_wconf 87' lang='lat' dir='ltr'><strong>que</strong></span> <span class='ocrx_word' id='word_1_156' title='bbox 666 2081 839 2135; x_wconf 90' lang='lat' dir='ltr'><strong>usque</strong></span> <span class='ocrx_word' id='word_1_157' title='bbox 871 2067 938 2120; x_wconf 91' lang='lat' dir='ltr'><strong>ad</strong></span> <span class='ocrx_word' id='word_1_158' title='bbox 968 2066 1293 2129; x_wconf 85' lang='lat' dir='ltr'><strong>satietatem,</strong></span> <span class='ocrx_word' id='word_1_159' title='bbox 1329 2080 1623 2134; x_wconf 84' lang='lat' dir='ltr'><strong>secumque</strong></span> <span class='ocrx_word' id='word_1_160' title='bbox 1658 2065 1724 2119; x_wconf 91' lang='lat' dir='ltr'><strong>ad</strong></span> <span class='ocrx_word' id='word_1_161' title='bbox 1746 2052 2122 2134; x_wconf 59' lang='lat' dir='ltr'><strong>praedestinati</strong></span> 
     </span>
    </p>
   </div>
   <div class='ocr_carea' id='block_1_23' title="bbox 526 2156 2119 2227">
    <p class='ocr_par' dir='ltr' id='par_1_23' title="bbox 526 2156 2119 2227">
     <span class='ocr_line' id='line_1_23' title="bbox 526 2156 2119 2227; baseline -0.001 -14"><span class='ocrx_word' id='word_1_162' title='bbox 526 2160 741 2215; x_wconf 87' lang='lat' dir='ltr'><strong>itineris</strong></span> <span class='ocrx_word' id='word_1_163' title='bbox 771 2160 1153 2214; x_wconf 86' lang='lat' dir='ltr'><strong>necessitatem</strong></span> <span class='ocrx_word' id='word_1_164' title='bbox 1172 2199 1186 2223; x_wconf 93' lang='lat'><strong>,</strong></span> <span class='ocrx_word' id='word_1_165' title='bbox 1238 2167 1499 2227; x_wconf 89' lang='lat' dir='ltr'><strong>quantum</strong></span> <span class='ocrx_word' id='word_1_166' title='bbox 1531 2158 1782 2212; x_wconf 83' lang='lat' dir='ltr'><strong>sufficere</strong></span> <span class='ocrx_word' id='word_1_167' title='bbox 1812 2156 2119 2223; x_wconf 80' lang='lat' dir='ltr'><strong>videbatur,</strong></span> 
     </span>
    </p>
   </div>
   <div class='ocr_carea' id='block_1_24' title="bbox 526 2253 1063 2323">
    <p class='ocr_par' dir='ltr' id='par_1_24' title="bbox 526 2253 1063 2323">
     <span class='ocr_line' id='line_1_24' title="bbox 526 2253 1063 2323; baseline -0.004 -17"><span class='ocrx_word' id='word_1_168' title='bbox 526 2261 747 2323; x_wconf 89' lang='lat' dir='ltr'><strong>portare</strong></span> <span class='ocrx_word' id='word_1_169' title='bbox 778 2253 1063 2307; x_wconf 87' lang='lat' dir='ltr'><strong>curabant.</strong></span> 
     </span>
    </p>
   </div>
   <div class='ocr_carea' id='block_1_25' title="bbox 600 2340 2124 2414">
    <p class='ocr_par' dir='ltr' id='par_1_25' title="bbox 600 2340 2124 2414">
     <span class='ocr_line' id='line_1_25' title="bbox 600 2340 2124 2414; baseline -0.001 -16"><span class='ocrx_word' id='word_1_170' title='bbox 600 2342 730 2398; x_wconf 76' lang='lat' dir='ltr'><strong>CAP.</strong></span> <span class='ocrx_word' id='word_1_171' title='bbox 765 2342 881 2396; x_wconf 76' lang='lat' dir='ltr'><strong>XVI</strong></span> <span class='ocrx_word' id='word_1_172' title='bbox 913 2342 1094 2414; x_wconf 81' lang='grc' dir='ltr'><em>[Μαὺ.</em></span> <span class='ocrx_word' id='word_1_173' title='bbox 1126 2342 1294 2414; x_wconf 82' lang='lat' dir='ltr'><strong>xvlt].</strong></span> <span class='ocrx_word' id='word_1_174' title='bbox 1340 2341 1525 2398; x_wconf 84' lang='lat' dir='ltr'><strong>Vinum</strong></span> <span class='ocrx_word' id='word_1_175' title='bbox 1557 2342 1892 2414; x_wconf 74' lang='lat' dir='ltr'><strong>multiplicat.</strong></span> <span class='ocrx_word' id='word_1_176' title='bbox 1920 2373 1993 2383; x_wconf 92' lang='lat'><strong><em>—</em></strong></span> <span class='ocrx_word' id='word_1_177' title='bbox 2019 2340 2124 2397; x_wconf 90' lang='lat' dir='ltr'><strong>lte—</strong></span> 
     </span>
    </p>
   </div>
   <div class='ocr_carea' id='block_1_26' title="bbox 527 2438 2120 2511">
    <p class='ocr_par' dir='ltr' id='par_1_26' title="bbox 527 2438 2120 2511">
     <span class='ocr_line' id='line_1_26' title="bbox 527 2438 2120 2511; baseline 0.003 -20"><span class='ocrx_word' id='word_1_178' title='bbox 527 2452 649 2491; x_wconf 89' lang='lat' dir='ltr'><strong>rum</strong></span> <span class='ocrx_word' id='word_1_179' title='bbox 676 2447 897 2493; x_wconf 89' lang='lat' dir='ltr'><strong>sanctus</strong></span> <span class='ocrx_word' id='word_1_180' title='bbox 918 2438 1009 2493; x_wconf 89' lang='lat' dir='ltr'><strong>Dei</strong></span> <span class='ocrx_word' id='word_1_181' title='bbox 1035 2439 1307 2504; x_wconf 87' lang='lat' dir='ltr'><strong>sacerdos,</strong></span> <span class='ocrx_word' id='word_1_182' title='bbox 1336 2440 1388 2492; x_wconf 93' lang='lat' dir='ltr'><strong>in</strong></span> <span class='ocrx_word' id='word_1_183' title='bbox 1416 2439 1650 2508; x_wconf 88' lang='lat' dir='ltr'><strong>quodam</strong></span> <span class='ocrx_word' id='word_1_184' title='bbox 1673 2438 1791 2493; x_wconf 91' lang='lat' dir='ltr'><strong>loco</strong></span> <span class='ocrx_word' id='word_1_185' title='bbox 1814 2440 1915 2494; x_wconf 88' lang='lat' dir='ltr'><strong>iter</strong></span> <span class='ocrx_word' id='word_1_186' title='bbox 1934 2455 2120 2511; x_wconf 90' lang='lat' dir='ltr'><strong>agens,</strong></span> 
     </span>
    </p>
   </div>
   <div class='ocr_carea' id='block_1_27' title="bbox 528 2530 2126 2604">
    <p class='ocr_par' dir='ltr' id='par_1_27' title="bbox 528 2530 2126 2604">
     <span class='ocr_line' id='line_1_27' title="bbox 528 2530 2126 2604; baseline 0.005 -23"><span class='ocrx_word' id='word_1_187' title='bbox 528 2530 664 2584; x_wconf 87' lang='lat' dir='ltr'><strong>vidit</strong></span> <span class='ocrx_word' id='word_1_188' title='bbox 703 2531 1073 2587; x_wconf 90' lang='lat' dir='ltr'><strong>mendicantes</strong></span> <span class='ocrx_word' id='word_1_189' title='bbox 1124 2533 1310 2603; x_wconf 89' lang='lat' dir='ltr'><strong>in0pes</strong></span> <span class='ocrx_word' id='word_1_190' title='bbox 1353 2534 1660 2598; x_wconf 76' lang='lat' dir='ltr'><strong>duodecim,</strong></span> <span class='ocrx_word' id='word_1_191' title='bbox 1693 2534 1897 2602; x_wconf 89' lang='lat' dir='ltr'><strong>pariter</strong></span> <span class='ocrx_word' id='word_1_192' title='bbox 1940 2544 2126 2604; x_wconf 88' lang='lat' dir='ltr'><strong>postu-</strong></span> 
     </span>
    </p>
   </div>
   <div class='ocr_carea' id='block_1_28' title="bbox 530 2621 2122 2701">
    <p class='ocr_par' dir='ltr' id='par_1_28' title="bbox 530 2621 2122 2701">
     <span class='ocr_line' id='line_1_28' title="bbox 530 2621 2122 2701; baseline 0.005 -26"><span class='ocrx_word' id='word_1_193' title='bbox 530 2621 703 2678; x_wconf 87' lang='lat' dir='ltr'><strong>lantes</strong></span> <span class='ocrx_word' id='word_1_194' title='bbox 741 2623 841 2677; x_wconf 89' lang='lat' dir='ltr'><strong>sibi</strong></span> <span class='ocrx_word' id='word_1_195' title='bbox 893 2626 1095 2695; x_wconf 91' lang='lat' dir='ltr'><strong>aliquid</strong></span> <span class='ocrx_word' id='word_1_196' title='bbox 1142 2642 1172 2679; x_wconf 90' lang='lat' dir='ltr'><strong>a</strong></span> <span class='ocrx_word' id='word_1_197' title='bbox 1214 2628 1665 2695; x_wconf 68' lang='lat' dir='ltr'><strong>praetereuntibus</strong></span> <span class='ocrx_word' id='word_1_198' title='bbox 1709 2627 1887 2681; x_wconf 86' lang='lat' dir='ltr'><strong>solatii</strong></span> <span class='ocrx_word' id='word_1_199' title='bbox 1928 2628 2122 2701; x_wconf 88' lang='lat' dir='ltr'><strong>[dari].</strong></span> 
     </span>
    </p>
   </div>
   <div class='ocr_carea' id='block_1_29' title="bbox 530 2715 2122 2787">
    <p class='ocr_par' dir='ltr' id='par_1_29' title="bbox 530 2715 2122 2787">
     <span class='ocr_line' id='line_1_29' title="bbox 530 2715 2122 2787; baseline 0.004 -19"><span class='ocrx_word' id='word_1_200' title='bbox 530 2715 696 2782; x_wconf 89' lang='lat' dir='ltr'><strong>Quos,</strong></span> <span class='ocrx_word' id='word_1_201' title='bbox 722 2725 779 2770; x_wconf 92' lang='lat' dir='ltr'><strong>ut</strong></span> <span class='ocrx_word' id='word_1_202' title='bbox 802 2726 918 2771; x_wconf 90' lang='lat' dir='ltr'><strong>erat</strong></span> <span class='ocrx_word' id='word_1_203' title='bbox 942 2718 1280 2783; x_wconf 88' lang='lat' dir='ltr'><strong>mitissimus,</strong></span> <span class='ocrx_word' id='word_1_204' title='bbox 1295 2718 1530 2787; x_wconf 81' lang='lat' dir='ltr'><strong>benigno</strong></span> <span class='ocrx_word' id='word_1_205' title='bbox 1545 2719 1753 2787; x_wconf 80' lang='lat' dir='ltr'><strong>aspexit</strong></span> <span class='ocrx_word' id='word_1_206' title='bbox 1769 2720 1966 2782; x_wconf 90' lang='lat' dir='ltr'><strong>animo,</strong></span> <span class='ocrx_word' id='word_1_207' title='bbox 2004 2721 2122 2774; x_wconf 90' lang='lat' dir='ltr'><strong>uni-</strong></span> 
     </span>
    </p>
   </div>
   <div class='ocr_carea' id='block_1_30' title="bbox 529 2808 2127 2878">
    <p class='ocr_par' dir='ltr' id='par_1_30' title="bbox 529 2808 2127 2878">
     <span class='ocr_line' id='line_1_30' title="bbox 529 2808 2127 2878; baseline 0.001 -16"><span class='ocrx_word' id='word_1_208' title='bbox 529 2823 636 2878; x_wconf 90' lang='lat' dir='ltr'><strong>que</strong></span> <span class='ocrx_word' id='word_1_209' title='bbox 659 2823 724 2863; x_wconf 83' lang='lat' dir='ltr'><strong>ex</strong></span> <span class='ocrx_word' id='word_1_210' title='bbox 753 2808 864 2863; x_wconf 89' lang='lat' dir='ltr'><strong>suis</strong></span> <span class='ocrx_word' id='word_1_211' title='bbox 894 2810 1171 2863; x_wconf 86' lang='lat' dir='ltr'><strong>mandavit</strong></span> <span class='ocrx_word' id='word_1_212' title='bbox 1212 2809 1500 2878; x_wconf 89' lang='lat' dir='ltr'><strong>specialem</strong></span> <span class='ocrx_word' id='word_1_213' title='bbox 1529 2824 1683 2863; x_wconf 91' lang='lat' dir='ltr'><strong>suum</strong></span> <span class='ocrx_word' id='word_1_214' title='bbox 1716 2809 2007 2865; x_wconf 86' lang='lat' dir='ltr'><strong>llasconem</strong></span> <span class='ocrx_word' id='word_1_215' title='bbox 2037 2826 2127 2865; x_wconf 93' lang='lat' dir='ltr'><strong>su-</strong></span> 
     </span>
    </p>
   </div>
   <div class='ocr_carea' id='block_1_31' title="bbox 529 2900 2122 2973">
    <p class='ocr_par' dir='ltr' id='par_1_31' title="bbox 529 2900 2122 2973">
     <span class='ocr_line' id='line_1_31' title="bbox 529 2900 2122 2973; baseline 0.001 -18"><span class='ocrx_word' id='word_1_216' title='bbox 529 2916 698 2966; x_wconf 85' lang='lat' dir='ltr'><strong>mere,</strong></span> <span class='ocrx_word' id='word_1_217' title='bbox 732 2918 795 2956; x_wconf 87' lang='lat' dir='ltr'><strong>ac</strong></span> <span class='ocrx_word' id='word_1_218' title='bbox 820 2901 1148 2971; x_wconf 89' lang='lat' dir='ltr'><strong>pauperibus</strong></span> <span class='ocrx_word' id='word_1_219' title='bbox 1174 2901 1406 2955; x_wconf 86' lang='lat' dir='ltr'><strong>miscere</strong></span> <span class='ocrx_word' id='word_1_220' title='bbox 1437 2900 1702 2972; x_wconf 70' lang='lat' dir='ltr'><strong>[Miscere</strong></span> <span class='ocrx_word' id='word_1_221' title='bbox 1726 2918 1819 2971; x_wconf 89' lang='lat' dir='ltr'><strong>pro</strong></span> <span class='ocrx_word' id='word_1_222' title='bbox 1852 2900 2079 2957; x_wconf 89' lang='lat' dir='ltr'><strong>fundere</strong></span> <span class='ocrx_word' id='word_1_223' title='bbox 2104 2901 2122 2973; x_wconf 82' lang='lat'><strong>]</strong></span> 
     </span>
    </p>
   </div>
   <div class='ocr_carea' id='block_1_32' title="bbox 528 2992 2127 3062">
    <p class='ocr_par' dir='ltr' id='par_1_32' title="bbox 528 2992 2127 3062">
     <span class='ocr_line' id='line_1_32' title="bbox 528 2992 2127 3062; baseline 0 -15"><span class='ocrx_word' id='word_1_224' title='bbox 528 2994 750 3047; x_wconf 84' lang='lat' dir='ltr'><strong>Christi.</strong></span> <span class='ocrx_word' id='word_1_225' title='bbox 798 2994 872 3045; x_wconf 85' lang='lat' dir='ltr'><strong>Ex</strong></span> <span class='ocrx_word' id='word_1_226' title='bbox 902 3009 1009 3062; x_wconf 91' lang='lat' dir='ltr'><strong>quo</strong></span> <span class='ocrx_word' id='word_1_227' title='bbox 1036 3008 1224 3047; x_wconf 86' lang='lat' dir='ltr'><strong>omnes</strong></span> <span class='ocrx_word' id='word_1_228' title='bbox 1253 2992 1325 3045; x_wconf 91' lang='lat' dir='ltr'><strong>illi</strong></span> <span class='ocrx_word' id='word_1_229' title='bbox 1352 2993 1635 3047; x_wconf 87' lang='lat' dir='ltr'><strong>duodecim</strong></span> <span class='ocrx_word' id='word_1_230' title='bbox 1673 3007 1843 3061; x_wconf 88' lang='lat' dir='ltr'><strong>usque</strong></span> <span class='ocrx_word' id='word_1_231' title='bbox 1870 2994 1936 3047; x_wconf 91' lang='lat' dir='ltr'><strong>ad</strong></span> <span class='ocrx_word' id='word_1_232' title='bbox 1964 2994 2127 3047; x_wconf 82' lang='lat' dir='ltr'><strong>satie-</strong></span> 
     </span>
    </p>
   </div>
   <div class='ocr_carea' id='block_1_33' title="bbox 529 3083 2124 3147">
    <p class='ocr_par' dir='ltr' id='par_1_33' title="bbox 529 3083 2124 3147">
     <span class='ocr_line' id='line_1_33' title="bbox 529 3083 2124 3147; baseline -0.001 -8"><span class='ocrx_word' id='word_1_233' title='bbox 529 3093 699 3139; x_wconf 89' lang='lat' dir='ltr'><strong>tatem</strong></span> <span class='ocrx_word' id='word_1_234' title='bbox 729 3084 986 3138; x_wconf 86' lang='lat' dir='ltr'><strong>bibebant</strong></span> <span class='ocrx_word' id='word_1_235' title='bbox 1014 3104 1024 3137; x_wconf 96' lang='lat'>:</span> <span class='ocrx_word' id='word_1_236' title='bbox 1058 3093 1112 3138; x_wconf 89' lang='lat' dir='ltr'><strong>et</strong></span> <span class='ocrx_word' id='word_1_237' title='bbox 1139 3085 1335 3137; x_wconf 92' lang='lat' dir='ltr'><strong>mirum</strong></span> <span class='ocrx_word' id='word_1_238' title='bbox 1380 3084 1433 3136; x_wconf 93' lang='lat' dir='ltr'><strong>in</strong></span> <span class='ocrx_word' id='word_1_239' title='bbox 1468 3084 1713 3147; x_wconf 89' lang='lat' dir='ltr'><strong>modum,</strong></span> <span class='ocrx_word' id='word_1_240' title='bbox 1744 3083 1848 3138; x_wconf 90' lang='lat' dir='ltr'><strong>illis</strong></span> <span class='ocrx_word' id='word_1_241' title='bbox 1873 3084 2124 3138; x_wconf 87' lang='lat' dir='ltr'><strong>abeunti-</strong></span> 
     </span>
    </p>
   </div>
   <div class='ocr_carea' id='block_1_34' title="bbox 529 3174 2129 3244">
    <p class='ocr_par' dir='ltr' id='par_1_34' title="bbox 529 3174 2129 3244">
     <span class='ocr_line' id='line_1_34' title="bbox 529 3174 2129 3244; baseline 0 -13"><span class='ocrx_word' id='word_1_242' title='bbox 529 3174 655 3239; x_wconf 86' lang='lat' dir='ltr'><strong>bus,</strong></span> <span class='ocrx_word' id='word_1_243' title='bbox 701 3191 767 3229; x_wconf 86' lang='lat' dir='ltr'><strong>ex</strong></span> <span class='ocrx_word' id='word_1_244' title='bbox 804 3177 1007 3244; x_wconf 88' lang='lat' dir='ltr'><strong>optimo</strong></span> <span class='ocrx_word' id='word_1_245' title='bbox 1050 3176 1176 3230; x_wconf 86' lang='lat' dir='ltr'><strong>vino</strong></span> <span class='ocrx_word' id='word_1_246' title='bbox 1222 3174 1409 3238; x_wconf 84' lang='lat' dir='ltr'><strong>ﬂasco,</strong></span> <span class='ocrx_word' id='word_1_247' title='bbox 1449 3174 1514 3228; x_wconf 91' lang='lat' dir='ltr'><strong>de</strong></span> <span class='ocrx_word' id='word_1_248' title='bbox 1554 3191 1662 3244; x_wconf 91' lang='lat' dir='ltr'><strong>quo</strong></span> <span class='ocrx_word' id='word_1_249' title='bbox 1699 3177 1835 3230; x_wconf 89' lang='lat' dir='ltr'><strong>tanti</strong></span> <span class='ocrx_word' id='word_1_250' title='bbox 1879 3178 2129 3231; x_wconf 88' lang='lat' dir='ltr'><strong>biberant</strong></span> 
     </span>
    </p>
   </div>
   <div class='ocr_carea' id='block_1_35' title="bbox 530 3267 2124 3339">
    <p class='ocr_par' dir='ltr' id='par_1_35' title="bbox 530 3267 2124 3339">
     <span class='ocr_line' id='line_1_35' title="bbox 530 3267 2124 3339; baseline -0.001 -14"><span class='ocrx_word' id='word_1_251' title='bbox 530 3270 800 3331; x_wconf 86' lang='lat' dir='ltr'><strong>homines,</strong></span> <span class='ocrx_word' id='word_1_252' title='bbox 832 3268 885 3339; x_wconf 90' lang='lat' dir='ltr'><strong>[a</strong></span> <span class='ocrx_word' id='word_1_253' title='bbox 920 3268 1193 3337; x_wconf 89' lang='lat' dir='ltr'><strong>ministro]</strong></span> <span class='ocrx_word' id='word_1_254' title='bbox 1242 3267 1490 3322; x_wconf 85' lang='lat' dir='ltr'><strong>inventus</strong></span> <span class='ocrx_word' id='word_1_255' title='bbox 1531 3275 1614 3322; x_wconf 88' lang='lat' dir='ltr'><strong>est</strong></span> <span class='ocrx_word' id='word_1_256' title='bbox 1655 3268 1865 3337; x_wconf 89' lang='lat' dir='ltr'><strong>plenus,</strong></span> <span class='ocrx_word' id='word_1_257' title='bbox 1893 3279 1953 3323; x_wconf 90' lang='lat' dir='ltr'><strong>ut</strong></span> <span class='ocrx_word' id='word_1_258' title='bbox 1980 3279 2124 3325; x_wconf 88' lang='lat' dir='ltr'><strong>ante.</strong></span> 
     </span>
    </p>
   </div>
   <div class='ocr_carea' id='block_1_36' title="bbox 533 3362 2126 3432">
    <p class='ocr_par' dir='ltr' id='par_1_36' title="bbox 533 3362 2126 3432">
     <span class='ocr_line' id='line_1_36' title="bbox 533 3362 2126 3432; baseline 0 -14"><span class='ocrx_word' id='word_1_259' title='bbox 533 3363 647 3418; x_wconf 87' lang='lat' dir='ltr'><strong>Hoc</strong></span> <span class='ocrx_word' id='word_1_260' title='bbox 677 3372 972 3432; x_wconf 90' lang='lat' dir='ltr'><strong>comperto,</strong></span> <span class='ocrx_word' id='word_1_261' title='bbox 1006 3362 1401 3416; x_wconf 86' lang='lat' dir='ltr'><strong>benedieebant</strong></span> <span class='ocrx_word' id='word_1_262' title='bbox 1426 3377 1616 3416; x_wconf 89' lang='lat' dir='ltr'><strong>onmes</strong></span> <span class='ocrx_word' id='word_1_263' title='bbox 1641 3362 1926 3416; x_wconf 90' lang='lat' dir='ltr'><strong>Dominum</strong></span> <span class='ocrx_word' id='word_1_264' title='bbox 1958 3363 2126 3418; x_wconf 91' lang='lat' dir='ltr'><strong>Deum</strong></span> 
     </span>
    </p>
   </div>
   <div class='ocr_carea' id='block_1_37' title="bbox 534 3451 2131 3526">
    <p class='ocr_par' dir='ltr' id='par_1_37' title="bbox 534 3451 2131 3526">
     <span class='ocr_line' id='line_1_37' title="bbox 534 3451 2131 3526; baseline 0 -17"><span class='ocrx_word' id='word_1_265' title='bbox 534 3466 782 3509; x_wconf 87' lang='lat' dir='ltr'><strong>nostrum</strong></span> <span class='ocrx_word' id='word_1_266' title='bbox 835 3453 1029 3526; x_wconf 83' lang='lat' dir='ltr'><strong>[Mab.,</strong></span> <span class='ocrx_word' id='word_1_267' title='bbox 1092 3453 1377 3507; x_wconf 89' lang='lat' dir='ltr'><strong>Dominum</strong></span> <span class='ocrx_word' id='word_1_268' title='bbox 1413 3451 1642 3525; x_wconf 69' lang='lat' dir='ltr'><strong>Iesum],</strong></span> <span class='ocrx_word' id='word_1_269' title='bbox 1677 3452 1919 3508; x_wconf 87' lang='lat' dir='ltr'><strong>dicentes</strong></span> <span class='ocrx_word' id='word_1_270' title='bbox 1950 3473 1960 3506; x_wconf 93' lang='lat'><strong>:</strong></span> <span class='ocrx_word' id='word_1_271' title='bbox 1993 3453 2131 3509; x_wconf 81' lang='lat' dir='ltr'><strong>Vere</strong></span> 
     </span>
    </p>
   </div>
   <div class='ocr_carea' id='block_1_38' title="bbox 441 3542 2129 3615">
    <p class='ocr_par' dir='ltr' id='par_1_38' title="bbox 441 3542 2129 3615">
     <span class='ocr_line' id='line_1_38' title="bbox 441 3542 2129 3615; baseline -0.001 -16"><span class='ocrx_word' id='word_1_272' title='bbox 441 3587 445 3590; x_wconf 81' lang='lat'><strong>.</strong></span> <span class='ocrx_word' id='word_1_273' title='bbox 541 3546 817 3615; x_wconf 89' lang='lat' dir='ltr'><strong>impletum</strong></span> <span class='ocrx_word' id='word_1_274' title='bbox 849 3554 932 3599; x_wconf 87' lang='lat' dir='ltr'><strong>est</strong></span> <span class='ocrx_word' id='word_1_275' title='bbox 977 3545 1029 3599; x_wconf 94' lang='lat' dir='ltr'><strong>in</strong></span> <span class='ocrx_word' id='word_1_276' title='bbox 1076 3544 1264 3609; x_wconf 90' lang='lat' dir='ltr'><strong>nobis,</strong></span> <span class='ocrx_word' id='word_1_277' title='bbox 1303 3543 1447 3613; x_wconf 91' lang='lat' dir='ltr'><strong>quod</strong></span> <span class='ocrx_word' id='word_1_278' title='bbox 1486 3544 1538 3597; x_wconf 91' lang='lat' dir='ltr'><strong>in</strong></span> <span class='ocrx_word' id='word_1_279' title='bbox 1566 3542 1857 3614; x_wconf 86' lang='lat' dir='ltr'><strong>Evangelio</strong></span> <span class='ocrx_word' id='word_1_280' title='bbox 1887 3544 2129 3601; x_wconf 89' lang='lat' dir='ltr'><strong>dicitur:</strong></span> 
     </span>
    </p>
   </div>
   <div class='ocr_carea' id='block_1_39' title="bbox 536 3634 1677 3707">
    <p class='ocr_par' dir='ltr' id='par_1_39' title="bbox 536 3634 1677 3707">
     <span class='ocr_line' id='line_1_39' title="bbox 536 3634 1677 3707; baseline 0 -18"><span class='ocrx_word' id='word_1_281' title='bbox 536 3635 691 3701; x_wconf 89' lang='lat' dir='ltr'><strong>Date,</strong></span> <span class='ocrx_word' id='word_1_282' title='bbox 723 3647 768 3689; x_wconf 88' lang='lat' dir='ltr'><strong>et</strong></span> <span class='ocrx_word' id='word_1_283' title='bbox 792 3636 1008 3689; x_wconf 81' lang='lat' dir='ltr'><strong>dabitur</strong></span> <span class='ocrx_word' id='word_1_284' title='bbox 1036 3635 1176 3690; x_wconf 82' lang='lat' dir='ltr'><strong>vobis</strong></span> <span class='ocrx_word' id='word_1_285' title='bbox 1206 3637 1223 3707; x_wconf 90' lang='lat'>(</span> <span class='ocrx_word' id='word_1_286' title='bbox 1252 3634 1379 3689; x_wconf 86' lang='lat' dir='ltr'><strong>Luc.</strong></span> <span class='ocrx_word' id='word_1_287' title='bbox 1414 3651 1489 3701; x_wconf 84' lang='lat' dir='ltr'><strong>vt,</strong></span> <span class='ocrx_word' id='word_1_288' title='bbox 1522 3634 1633 3706; x_wconf 77' lang='grc'><strong>58).</strong></span> <span class='ocrx_word' id='word_1_289' title='bbox 1674 3700 1677 3703; x_wconf 23' lang='grc' dir='ltr'><em>ν</em></span> 
     </span>
    </p>
   </div>
   <div class='ocr_carea' id='block_1_40' title="bbox 606 3728 2128 3801">
    <p class='ocr_par' dir='ltr' id='par_1_40' title="bbox 606 3728 2128 3801">
     <span class='ocr_line' id='line_1_40' title="bbox 606 3728 2128 3801; baseline -0.001 -18"><span class='ocrx_word' id='word_1_290' title='bbox 606 3728 734 3783; x_wconf 63' lang='grc' dir='ltr'><strong>(Ἀρ.</strong></span> <span class='ocrx_word' id='word_1_291' title='bbox 763 3728 902 3782; x_wconf 78' lang='lat' dir='ltr'><strong>XVII</strong></span> <span class='ocrx_word' id='word_1_292' title='bbox 943 3728 1114 3801; x_wconf 79' lang='grc' dir='ltr'><em>[Μαὺ.</em></span> <span class='ocrx_word' id='word_1_293' title='bbox 1145 3728 1327 3801; x_wconf 87' lang='lat' dir='ltr'><strong>xvm].</strong></span> <span class='ocrx_word' id='word_1_294' title='bbox 1362 3728 1568 3783; x_wconf 80' lang='lat' dir='ltr'><strong>Rursus</strong></span> <span class='ocrx_word' id='word_1_295' title='bbox 1594 3730 1765 3783; x_wconf 80' lang='lat' dir='ltr'><strong>vinum</strong></span> <span class='ocrx_word' id='word_1_296' title='bbox 1794 3728 2128 3800; x_wconf 86' lang='lat' dir='ltr'><strong>multiplicat.</strong></span> 
     </span>
    </p>
   </div>
   <div class='ocr_carea' id='block_1_41' title="bbox 537 3819 2133 3892">
    <p class='ocr_par' dir='ltr' id='par_1_41' title="bbox 537 3819 2133 3892">
     <span class='ocr_line' id='line_1_41' title="bbox 537 3819 2133 3892; baseline 0.001 -19"><span class='ocrx_word' id='word_1_297' title='bbox 537 3852 608 3862; x_wconf 94' lang='lat'>—</span> <span class='ocrx_word' id='word_1_298' title='bbox 630 3819 789 3876; x_wconf 84' lang='lat' dir='ltr'><strong>Venit</strong></span> <span class='ocrx_word' id='word_1_299' title='bbox 836 3837 1051 3891; x_wconf 90' lang='lat' dir='ltr'><strong>quoque</strong></span> <span class='ocrx_word' id='word_1_300' title='bbox 1084 3822 1167 3874; x_wconf 89' lang='lat' dir='ltr'><strong>vir</strong></span> <span class='ocrx_word' id='word_1_301' title='bbox 1192 3828 1412 3875; x_wconf 89' lang='lat' dir='ltr'><strong>sanctus</strong></span> <span class='ocrx_word' id='word_1_302' title='bbox 1448 3821 1515 3874; x_wconf 90' lang='lat' dir='ltr'><strong>ad</strong></span> <span class='ocrx_word' id='word_1_303' title='bbox 1541 3837 1698 3874; x_wconf 89' lang='lat' dir='ltr'><strong>suum</strong></span> <span class='ocrx_word' id='word_1_304' title='bbox 1728 3820 1982 3875; x_wconf 88' lang='lat' dir='ltr'><strong>visitandi</strong></span> <span class='ocrx_word' id='word_1_305' title='bbox 2011 3836 2133 3892; x_wconf 87' lang='lat' dir='ltr'><strong>gra-</strong></span> 
     </span>
    </p>
   </div>
   <div class='ocr_carea' id='block_1_42' title="bbox 534 3900 2132 3985">
    <p class='ocr_par' dir='ltr' id='par_1_42' title="bbox 534 3900 2132 3985">
     <span class='ocr_line' id='line_1_42' title="bbox 534 3900 2132 3985; baseline 0.001 -18"><span class='ocrx_word' id='word_1_306' title='bbox 534 3914 609 3967; x_wconf 88' lang='lat' dir='ltr'><strong>tia</strong></span> <span class='ocrx_word' id='word_1_307' title='bbox 642 3900 1051 3981; x_wconf 84' lang='lat' dir='ltr'><strong>monasterium,</strong></span> <span class='ocrx_word' id='word_1_308' title='bbox 1078 3922 1279 3985; x_wconf 88' lang='lat' dir='ltr'><strong>etpost</strong></span> <span class='ocrx_word' id='word_1_309' title='bbox 1305 3914 1579 3969; x_wconf 90' lang='lat' dir='ltr'><strong>orationes</strong></span> <span class='ocrx_word' id='word_1_310' title='bbox 1614 3915 1680 3968; x_wconf 90' lang='lat' dir='ltr'><strong>ad</strong></span> <span class='ocrx_word' id='word_1_311' title='bbox 1721 3913 1922 3977; x_wconf 90' lang='lat' dir='ltr'><strong>Deum,</strong></span> <span class='ocrx_word' id='word_1_312' title='bbox 1959 3922 2015 3969; x_wconf 89' lang='lat' dir='ltr'><strong>et</strong></span> <span class='ocrx_word' id='word_1_313' title='bbox 2043 3929 2132 3969; x_wconf 89' lang='lat' dir='ltr'><strong>sa-</strong></span> 
     </span>
    </p>
   </div>
   <div class='ocr_carea' id='block_1_43' title="bbox 535 4005 2130 4077">
    <p class='ocr_par' dir='ltr' id='par_1_43' title="bbox 535 4005 2130 4077">
     <span class='ocr_line' id='line_1_43' title="bbox 535 4005 2130 4077; baseline 0.002 -19"><span class='ocrx_word' id='word_1_314' title='bbox 535 4005 822 4062; x_wconf 84' lang='lat' dir='ltr'><strong>lutationes</strong></span> <span class='ocrx_word' id='word_1_315' title='bbox 866 4007 1117 4073; x_wconf 80' lang='lat' dir='ltr'><strong>fratrum,</strong></span> <span class='ocrx_word' id='word_1_316' title='bbox 1167 4016 1222 4062; x_wconf 91' lang='lat' dir='ltr'><strong>et</strong></span> <span class='ocrx_word' id='word_1_317' title='bbox 1262 4008 1660 4061; x_wconf 90' lang='lat' dir='ltr'><strong>admonitiones</strong></span> <span class='ocrx_word' id='word_1_318' title='bbox 1690 4007 1970 4077; x_wconf 88' lang='lat' dir='ltr'><strong>pacificas,</strong></span> <span class='ocrx_word' id='word_1_319' title='bbox 2020 4007 2130 4061; x_wconf 84' lang='lat' dir='ltr'><strong>cir-</strong></span> 
     </span>
    </p>
   </div>
   <div class='ocr_carea' id='block_1_44' title="bbox 537 4102 2133 4173">
    <p class='ocr_par' dir='ltr' id='par_1_44' title="bbox 537 4102 2133 4173">
     <span class='ocr_line' id='line_1_44' title="bbox 537 4102 2133 4173; baseline 0.003 -19"><span class='ocrx_word' id='word_1_320' title='bbox 537 4103 782 4157; x_wconf 89' lang='lat' dir='ltr'><strong>cumiens</strong></span> <span class='ocrx_word' id='word_1_321' title='bbox 810 4104 1015 4173; x_wconf 84' lang='lat' dir='ltr'><strong>singula</strong></span> <span class='ocrx_word' id='word_1_322' title='bbox 1056 4105 1284 4157; x_wconf 82' lang='lat' dir='ltr'><strong>fratrum</strong></span> <span class='ocrx_word' id='word_1_323' title='bbox 1319 4103 1647 4167; x_wconf 85' lang='lat' dir='ltr'><strong>habitacula,</strong></span> <span class='ocrx_word' id='word_1_324' title='bbox 1700 4104 1744 4158; x_wconf 91' lang='lat' dir='ltr'><strong>si</strong></span> <span class='ocrx_word' id='word_1_325' title='bbox 1775 4105 1902 4173; x_wconf 91' lang='lat' dir='ltr'><strong>quid</strong></span> <span class='ocrx_word' id='word_1_326' title='bbox 1943 4103 1993 4156; x_wconf 91' lang='lat' dir='ltr'><strong>in</strong></span> <span class='ocrx_word' id='word_1_327' title='bbox 2028 4102 2133 4159; x_wconf 91' lang='lat' dir='ltr'><strong>illis</strong></span> 
     </span>
    </p>
   </div>
   <div class='ocr_carea' id='block_1_45' title="bbox 537 4193 2127 4264">
    <p class='ocr_par' dir='ltr' id='par_1_45' title="bbox 537 4193 2127 4264">
     <span class='ocr_line' id='line_1_45' title="bbox 537 4193 2127 4264; baseline 0.003 -19"><span class='ocrx_word' id='word_1_328' title='bbox 537 4193 934 4247; x_wconf 77' lang='lat' dir='ltr'><strong>emendandum</strong></span> <span class='ocrx_word' id='word_1_329' title='bbox 966 4194 1174 4259; x_wconf 86' lang='lat' dir='ltr'><strong>fuisset,</strong></span> <span class='ocrx_word' id='word_1_330' title='bbox 1229 4194 1351 4263; x_wconf 91' lang='lat' dir='ltr'><strong>pius</strong></span> <span class='ocrx_word' id='word_1_331' title='bbox 1399 4204 1582 4264; x_wconf 86' lang='lat' dir='ltr'><strong>pastor</strong></span> <span class='ocrx_word' id='word_1_332' title='bbox 1623 4194 1909 4263; x_wconf 89' lang='lat' dir='ltr'><strong>explorare</strong></span> <span class='ocrx_word' id='word_1_333' title='bbox 1941 4194 2127 4250; x_wconf 89' lang='lat' dir='ltr'><strong>voluit.</strong></span> 
     </span>
    </p>
   </div>
   <div class='ocr_carea' id='block_1_46' title="bbox 540 4281 2132 4358">
    <p class='ocr_par' dir='ltr' id='par_1_46' title="bbox 540 4281 2132 4358">
     <span class='ocr_line' id='line_1_46' title="bbox 540 4281 2132 4358; baseline 0.003 -23"><span class='ocrx_word' id='word_1_334' title='bbox 540 4281 767 4335; x_wconf 89' lang='lat' dir='ltr'><strong>Intravit</strong></span> <span class='ocrx_word' id='word_1_335' title='bbox 793 4299 1008 4353; x_wconf 87' lang='lat' dir='ltr'><strong>quoque</strong></span> <span class='ocrx_word' id='word_1_336' title='bbox 1038 4283 1247 4355; x_wconf 88' lang='lat' dir='ltr'><strong>[Mab.,</strong></span> <span class='ocrx_word' id='word_1_337' title='bbox 1284 4293 1409 4339; x_wconf 92' lang='lat' dir='ltr'><strong>tunc</strong></span> <span class='ocrx_word' id='word_1_338' title='bbox 1438 4285 1655 4349; x_wconf 82' lang='lat' dir='ltr'><strong>accidit,</strong></span> <span class='ocrx_word' id='word_1_339' title='bbox 1691 4294 1751 4339; x_wconf 94' lang='lat' dir='ltr'><strong>ut</strong></span> <span class='ocrx_word' id='word_1_340' title='bbox 1776 4284 2045 4358; x_wconf 90' lang='lat' dir='ltr'><strong>intraret]</strong></span> <span class='ocrx_word' id='word_1_341' title='bbox 2078 4286 2132 4339; x_wconf 90' lang='lat' dir='ltr'><strong>in</strong></span> 
     </span>
    </p>
   </div>
   <div class='ocr_carea' id='block_1_47' title="bbox 535 4370 2130 4448">
    <p class='ocr_par' dir='ltr' id='par_1_47' title="bbox 535 4370 2130 4448">
     <span class='ocr_line' id='line_1_47' title="bbox 535 4370 2130 4448; baseline 0.003 -22"><span class='ocrx_word' id='word_1_342' title='bbox 535 4370 836 4436; x_wconf 84' lang='lat' dir='ltr'><strong>cellarium,</strong></span> <span class='ocrx_word' id='word_1_343' title='bbox 866 4375 915 4427; x_wconf 92' lang='lat' dir='ltr'><strong>in</strong></span> <span class='ocrx_word' id='word_1_344' title='bbox 953 4390 1060 4443; x_wconf 87' lang='lat' dir='ltr'><strong>quo</strong></span> <span class='ocrx_word' id='word_1_345' title='bbox 1084 4376 1351 4429; x_wconf 90' lang='lat' dir='ltr'><strong>modicum</strong></span> <span class='ocrx_word' id='word_1_346' title='bbox 1378 4376 1489 4429; x_wconf 91' lang='lat' dir='ltr'><strong>vini</strong></span> <span class='ocrx_word' id='word_1_347' title='bbox 1527 4377 1728 4445; x_wconf 88' lang='lat' dir='ltr'><strong>reperit</strong></span> <span class='ocrx_word' id='word_1_348' title='bbox 1758 4377 1811 4430; x_wconf 90' lang='lat' dir='ltr'><strong>in</strong></span> <span class='ocrx_word' id='word_1_349' title='bbox 1838 4392 1965 4431; x_wconf 90' lang='lat' dir='ltr'><strong>vase</strong></span> <span class='ocrx_word' id='word_1_350' title='bbox 1994 4375 2130 4448; x_wconf 86' lang='lat' dir='ltr'><strong>[Id.,</strong></span> 
     </span>
    </p>
   </div>
   <div class='ocr_carea' id='block_1_48' title="bbox 2217 492 3815 564">
    <p class='ocr_par' dir='ltr' id='par_1_48' title="bbox 2217 492 3815 564">
     <span class='ocr_line' id='line_1_48' title="bbox 2217 492 3815 564; baseline 0.003 -17"><span class='ocrx_word' id='word_1_351' title='bbox 2217 494 2488 563; x_wconf 88' lang='lat' dir='ltr'><strong>cipientis,</strong></span> <span class='ocrx_word' id='word_1_352' title='bbox 2532 509 2600 548; x_wconf 90' lang='lat' dir='ltr'><strong>ne</strong></span> <span class='ocrx_word' id='word_1_353' title='bbox 2629 495 2714 548; x_wconf 92' lang='lat' dir='ltr'><strong>cui</strong></span> <span class='ocrx_word' id='word_1_354' title='bbox 2744 492 3240 564; x_wconf 89' lang='lat' dir='ltr'><strong>transllgurationis</strong></span> <span class='ocrx_word' id='word_1_355' title='bbox 3260 493 3488 563; x_wconf 85' lang='lat' dir='ltr'><strong>gloriam</strong></span> <span class='ocrx_word' id='word_1_356' title='bbox 3514 503 3643 549; x_wconf 87' lang='lat' dir='ltr'><strong>ante</strong></span> <span class='ocrx_word' id='word_1_357' title='bbox 3668 496 3815 552; x_wconf 87' lang='lat' dir='ltr'><strong>diem</strong></span> 
     </span>
    </p>
   </div>
   <div class='ocr_carea' id='block_1_49' title="bbox 2218 586 3822 657">
    <p class='ocr_par' dir='ltr' id='par_1_49' title="bbox 2218 586 3822 657">
     <span class='ocr_line' id='line_1_49' title="bbox 2218 586 3822 657; baseline 0.004 -18"><span class='ocrx_word' id='word_1_358' title='bbox 2218 586 2633 640; x_wconf 87' lang='lat' dir='ltr'><strong>resurrectionis</strong></span> <span class='ocrx_word' id='word_1_359' title='bbox 2669 602 2780 640; x_wconf 75' lang='lat' dir='ltr'><strong>suze</strong></span> <span class='ocrx_word' id='word_1_360' title='bbox 2815 586 3078 651; x_wconf 89' lang='lat' dir='ltr'><strong>dicerent,</strong></span> <span class='ocrx_word' id='word_1_361' title='bbox 3125 586 3383 657; x_wconf 70' lang='lat' dir='ltr'><strong>praecepit</strong></span> <span class='ocrx_word' id='word_1_362' title='bbox 3425 586 3602 641; x_wconf 90' lang='lat' dir='ltr'><strong>eidem</strong></span> <span class='ocrx_word' id='word_1_363' title='bbox 3651 586 3822 645; x_wconf 67' lang='lat' dir='ltr'><strong>cella-</strong></span> 
     </span>
    </p>
   </div>
   <div class='ocr_carea' id='block_1_50' title="bbox 2218 679 3820 752">
    <p class='ocr_par' dir='ltr' id='par_1_50' title="bbox 2218 679 3820 752">
     <span class='ocr_line' id='line_1_50' title="bbox 2218 679 3820 752; baseline 0.004 -20"><span class='ocrx_word' id='word_1_364' title='bbox 2218 680 2324 744; x_wconf 92' lang='lat' dir='ltr'><strong>rio,</strong></span> <span class='ocrx_word' id='word_1_365' title='bbox 2374 694 2440 733; x_wconf 90' lang='lat' dir='ltr'><strong>ne</strong></span> <span class='ocrx_word' id='word_1_366' title='bbox 2469 680 2556 733; x_wconf 92' lang='lat' dir='ltr'><strong>cui</strong></span> <span class='ocrx_word' id='word_1_367' title='bbox 2590 679 2935 745; x_wconf 87' lang='lat' dir='ltr'><strong>miraculum,</strong></span> <span class='ocrx_word' id='word_1_368' title='bbox 2984 682 3126 750; x_wconf 91' lang='lat' dir='ltr'><strong>quod</strong></span> <span class='ocrx_word' id='word_1_369' title='bbox 3164 681 3373 735; x_wconf 89' lang='lat' dir='ltr'><strong>viderat</strong></span> <span class='ocrx_word' id='word_1_370' title='bbox 3403 679 3424 752; x_wconf 92' lang='lat'>[</span> <span class='ocrx_word' id='word_1_371' title='bbox 3449 679 3622 747; x_wconf 59' lang='lat' dir='ltr'><strong>Heln,</strong></span> <span class='ocrx_word' id='word_1_372' title='bbox 3668 682 3820 752; x_wconf 86' lang='lat' dir='ltr'><strong>quod</strong></span> 
     </span>
    </p>
   </div>
   <div class='ocr_carea' id='block_1_51' title="bbox 2219 770 3446 842">
    <p class='ocr_par' dir='ltr' id='par_1_51' title="bbox 2219 770 3446 842">
     <span class='ocr_line' id='line_1_51' title="bbox 2219 770 3446 842; baseline 0.001 -17"><span class='ocrx_word' id='word_1_373' title='bbox 2219 770 2520 842; x_wconf 86' lang='lat' dir='ltr'><strong>cernebat],</strong></span> <span class='ocrx_word' id='word_1_374' title='bbox 2550 780 2675 824; x_wconf 86' lang='lat' dir='ltr'><strong>ante</strong></span> <span class='ocrx_word' id='word_1_375' title='bbox 2698 772 2840 826; x_wconf 91' lang='lat' dir='ltr'><strong>diem</strong></span> <span class='ocrx_word' id='word_1_376' title='bbox 2870 773 3050 827; x_wconf 91' lang='lat' dir='ltr'><strong>obitus</strong></span> <span class='ocrx_word' id='word_1_377' title='bbox 3076 773 3157 827; x_wconf 86' lang='lat' dir='ltr'><strong>sui</strong></span> <span class='ocrx_word' id='word_1_378' title='bbox 3189 773 3446 828; x_wconf 89' lang='lat' dir='ltr'><strong>ediceret.</strong></span> 
     </span>
    </p>
   </div>
   <div class='ocr_carea' id='block_1_52' title="bbox 2290 862 3823 938">
    <p class='ocr_par' dir='ltr' id='par_1_52' title="bbox 2290 862 3823 938">
     <span class='ocr_line' id='line_1_52' title="bbox 2290 862 3823 938; baseline 0.003 -21"><span class='ocrx_word' id='word_1_379' title='bbox 2290 863 2420 918; x_wconf 67' lang='lat' dir='ltr'><strong>Car.</strong></span> <span class='ocrx_word' id='word_1_380' title='bbox 2451 862 2614 917; x_wconf 81' lang='lat' dir='ltr'><strong>XVlll</strong></span> <span class='ocrx_word' id='word_1_381' title='bbox 2648 862 2817 935; x_wconf 83' lang='lat' dir='ltr'><strong>[Mab.</strong></span> <span class='ocrx_word' id='word_1_382' title='bbox 2852 864 2993 938; x_wconf 78' lang='lat' dir='ltr'><strong>xix].</strong></span> <span class='ocrx_word' id='word_1_383' title='bbox 3022 864 3208 920; x_wconf 81' lang='lat' dir='ltr'><strong>Simile</strong></span> <span class='ocrx_word' id='word_1_384' title='bbox 3242 864 3582 921; x_wconf 82' lang='lat' dir='ltr'><strong>miraculum.</strong></span> <span class='ocrx_word' id='word_1_385' title='bbox 3608 897 3682 909; x_wconf 90' lang='lat'>—</span> <span class='ocrx_word' id='word_1_386' title='bbox 3709 868 3823 928; x_wconf 82' lang='lat' dir='ltr'><strong>Sed</strong></span> 
     </span>
    </p>
   </div>
   <div class='ocr_carea' id='block_1_53' title="bbox 2220 954 3823 1026">
    <p class='ocr_par' dir='ltr' id='par_1_53' title="bbox 2220 954 3823 1026">
     <span class='ocr_line' id='line_1_53' title="bbox 2220 954 3823 1026; baseline 0.006 -17"><span class='ocrx_word' id='word_1_387' title='bbox 2220 961 2275 1009; x_wconf 86' lang='lat' dir='ltr'><strong>et</strong></span> <span class='ocrx_word' id='word_1_388' title='bbox 2309 954 2453 1009; x_wconf 88' lang='lat' dir='ltr'><strong>aliud</strong></span> <span class='ocrx_word' id='word_1_389' title='bbox 2490 955 2617 1009; x_wconf 89' lang='lat' dir='ltr'><strong>huic</strong></span> <span class='ocrx_word' id='word_1_390' title='bbox 2656 954 2831 1010; x_wconf 90' lang='lat' dir='ltr'><strong>simile</strong></span> <span class='ocrx_word' id='word_1_391' title='bbox 2876 971 2974 1025; x_wconf 91' lang='lat' dir='ltr'><strong>per</strong></span> <span class='ocrx_word' id='word_1_392' title='bbox 3023 956 3140 1026; x_wconf 84' lang='lat' dir='ltr'><strong>ejus</strong></span> <span class='ocrx_word' id='word_1_393' title='bbox 3180 955 3619 1014; x_wconf 85' lang='lat' dir='ltr'><strong>benedictionem</strong></span> <span class='ocrx_word' id='word_1_394' title='bbox 3672 962 3823 1019; x_wconf 90' lang='lat' dir='ltr'><strong>Deus</strong></span> 
     </span>
    </p>
   </div>
   <div class='ocr_carea' id='block_1_54' title="bbox 2220 1044 3821 1115">
    <p class='ocr_par' dir='ltr' id='par_1_54' title="bbox 2220 1044 3821 1115">
     <span class='ocr_line' id='line_1_54' title="bbox 2220 1044 3821 1115; baseline 0.005 -15"><span class='ocrx_word' id='word_1_395' title='bbox 2220 1044 2472 1100; x_wconf 89' lang='lat' dir='ltr'><strong>Christus</strong></span> <span class='ocrx_word' id='word_1_396' title='bbox 2492 1055 2749 1115; x_wconf 88' lang='lat' dir='ltr'><strong>operatus</strong></span> <span class='ocrx_word' id='word_1_397' title='bbox 2774 1054 2858 1102; x_wconf 90' lang='lat' dir='ltr'><strong>est</strong></span> <span class='ocrx_word' id='word_1_398' title='bbox 2883 1047 3225 1102; x_wconf 88' lang='lat' dir='ltr'><strong>miraculum.</strong></span> <span class='ocrx_word' id='word_1_399' title='bbox 3256 1046 3589 1105; x_wconf 89' lang='lat' dir='ltr'><strong>Perveniens</strong></span> <span class='ocrx_word' id='word_1_400' title='bbox 3625 1066 3821 1109; x_wconf 84' lang='lat' dir='ltr'><strong>servus</strong></span> 
     </span>
    </p>
   </div>
   <div class='ocr_carea' id='block_1_55' title="bbox 2223 1137 3827 1209">
    <p class='ocr_par' dir='ltr' id='par_1_55' title="bbox 2223 1137 3827 1209">
     <span class='ocr_line' id='line_1_55' title="bbox 2223 1137 3827 1209; baseline 0.006 -19"><span class='ocrx_word' id='word_1_401' title='bbox 2223 1137 2317 1191; x_wconf 91' lang='lat' dir='ltr'><strong>Dei</strong></span> <span class='ocrx_word' id='word_1_402' title='bbox 2358 1153 2481 1192; x_wconf 91' lang='lat' dir='ltr'><strong>cum</strong></span> <span class='ocrx_word' id='word_1_403' title='bbox 2517 1137 2679 1192; x_wconf 89' lang='lat' dir='ltr'><strong>sociis</strong></span> <span class='ocrx_word' id='word_1_404' title='bbox 2717 1138 2783 1192; x_wconf 86' lang='lat' dir='ltr'><strong>ad</strong></span> <span class='ocrx_word' id='word_1_405' title='bbox 2828 1140 3046 1193; x_wconf 91' lang='lat' dir='ltr'><strong>domum</strong></span> <span class='ocrx_word' id='word_1_406' title='bbox 3093 1139 3375 1209; x_wconf 86' lang='lat' dir='ltr'><strong>cujusdam</strong></span> <span class='ocrx_word' id='word_1_407' title='bbox 3426 1142 3587 1195; x_wconf 88' lang='lat' dir='ltr'><strong>amici</strong></span> <span class='ocrx_word' id='word_1_408' title='bbox 3626 1143 3737 1207; x_wconf 90' lang='lat' dir='ltr'><strong>sui,</strong></span> <span class='ocrx_word' id='word_1_409' title='bbox 3768 1150 3827 1199; x_wconf 81' lang='lat' dir='ltr'><strong>et</strong></span> 
     </span>
    </p>
   </div>
   <div class='ocr_carea' id='block_1_56' title="bbox 2219 1230 3823 1303">
    <p class='ocr_par' dir='ltr' id='par_1_56' title="bbox 2219 1230 3823 1303">
     <span class='ocr_line' id='line_1_56' title="bbox 2219 1230 3823 1303; baseline 0.004 -20"><span class='ocrx_word' id='word_1_410' title='bbox 2219 1230 2493 1302; x_wconf 84' lang='lat' dir='ltr'><strong>paulisper</strong></span> <span class='ocrx_word' id='word_1_411' title='bbox 2518 1230 2740 1299; x_wconf 89' lang='lat' dir='ltr'><strong>cupiens</strong></span> <span class='ocrx_word' id='word_1_412' title='bbox 2769 1230 2821 1285; x_wconf 93' lang='lat' dir='ltr'><strong>in</strong></span> <span class='ocrx_word' id='word_1_413' title='bbox 2850 1231 3010 1286; x_wconf 90' lang='lat' dir='ltr'><strong>domo</strong></span> <span class='ocrx_word' id='word_1_414' title='bbox 3056 1231 3237 1286; x_wconf 89' lang='lat' dir='ltr'><strong>dilecti</strong></span> <span class='ocrx_word' id='word_1_415' title='bbox 3276 1231 3421 1303; x_wconf 81' lang='lat' dir='ltr'><strong>longi</strong></span> <span class='ocrx_word' id='word_1_416' title='bbox 3452 1233 3699 1289; x_wconf 87' lang='lat' dir='ltr'><strong>laborem</strong></span> <span class='ocrx_word' id='word_1_417' title='bbox 3732 1236 3823 1290; x_wconf 62' lang='lat' dir='ltr'><strong>itio</strong></span> 
     </span>
    </p>
   </div>
   <div class='ocr_carea' id='block_1_57' title="bbox 2222 1320 3823 1393">
    <p class='ocr_par' dir='ltr' id='par_1_57' title="bbox 2222 1320 3823 1393">
     <span class='ocr_line' id='line_1_57' title="bbox 2222 1320 3823 1393; baseline 0.004 -19"><span class='ocrx_word' id='word_1_418' title='bbox 2222 1321 2370 1375; x_wconf 90' lang='lat' dir='ltr'><strong>neris</strong></span> <span class='ocrx_word' id='word_1_419' title='bbox 2408 1320 2705 1375; x_wconf 89' lang='lat' dir='ltr'><strong>refectione</strong></span> <span class='ocrx_word' id='word_1_420' title='bbox 2744 1320 3000 1387; x_wconf 88' lang='lat' dir='ltr'><strong>allevare,</strong></span> <span class='ocrx_word' id='word_1_421' title='bbox 3045 1321 3493 1393; x_wconf 82' lang='lat' dir='ltr'><strong>patremfamilias</strong></span> <span class='ocrx_word' id='word_1_422' title='bbox 3530 1324 3664 1380; x_wconf 90' lang='lat' dir='ltr'><strong>nihil</strong></span> <span class='ocrx_word' id='word_1_423' title='bbox 3709 1322 3823 1381; x_wconf 75' lang='lat' dir='ltr'><strong>vini</strong></span> 
     </span>
    </p>
   </div>
   <div class='ocr_carea' id='block_1_58' title="bbox 2224 1413 3819 1488">
    <p class='ocr_par' dir='ltr' id='par_1_58' title="bbox 2224 1413 3819 1488">
     <span class='ocr_line' id='line_1_58' title="bbox 2224 1413 3819 1488; baseline 0.003 -20"><span class='ocrx_word' id='word_1_424' title='bbox 2224 1414 2424 1468; x_wconf 88' lang='lat' dir='ltr'><strong>habere</strong></span> <span class='ocrx_word' id='word_1_425' title='bbox 2454 1414 2736 1483; x_wconf 89' lang='lat' dir='ltr'><strong>comperit.</strong></span> <span class='ocrx_word' id='word_1_426' title='bbox 2767 1413 3010 1481; x_wconf 87' lang='lat' dir='ltr'><strong>Quatuor</strong></span> <span class='ocrx_word' id='word_1_427' title='bbox 3036 1431 3168 1485; x_wconf 86' lang='lat' dir='ltr'><strong>ergo</strong></span> <span class='ocrx_word' id='word_1_428' title='bbox 3202 1416 3444 1471; x_wconf 91' lang='lat' dir='ltr'><strong>modicos</strong></span> <span class='ocrx_word' id='word_1_429' title='bbox 3471 1415 3742 1473; x_wconf 88' lang='lat' dir='ltr'><strong>llascones</strong></span> <span class='ocrx_word' id='word_1_430' title='bbox 3768 1417 3819 1488; x_wconf 67' lang='grc' dir='ltr'><strong>δ,</strong></span> 
     </span>
    </p>
   </div>
   <div class='ocr_carea' id='block_1_59' title="bbox 2224 1507 3826 1581">
    <p class='ocr_par' dir='ltr' id='par_1_59' title="bbox 2224 1507 3826 1581">
     <span class='ocr_line' id='line_1_59' title="bbox 2224 1507 3826 1581; baseline 0.004 -20"><span class='ocrx_word' id='word_1_431' title='bbox 2224 1523 2360 1577; x_wconf 89' lang='lat' dir='ltr'><strong>quos</strong></span> <span class='ocrx_word' id='word_1_432' title='bbox 2385 1514 2595 1561; x_wconf 89' lang='lat' dir='ltr'><strong>tantum</strong></span> <span class='ocrx_word' id='word_1_433' title='bbox 2623 1508 2677 1561; x_wconf 93' lang='lat' dir='ltr'><strong>in</strong></span> <span class='ocrx_word' id='word_1_434' title='bbox 2706 1507 2917 1563; x_wconf 87' lang='lat' dir='ltr'><strong>itineris</strong></span> <span class='ocrx_word' id='word_1_435' title='bbox 2940 1508 3192 1563; x_wconf 87' lang='lat' dir='ltr'><strong>solatium</strong></span> <span class='ocrx_word' id='word_1_436' title='bbox 3233 1524 3416 1565; x_wconf 89' lang='lat' dir='ltr'><strong>secum</strong></span> <span class='ocrx_word' id='word_1_437' title='bbox 3439 1511 3555 1581; x_wconf 91' lang='lat' dir='ltr'><strong>ejus</strong></span> <span class='ocrx_word' id='word_1_438' title='bbox 3580 1513 3718 1567; x_wconf 88' lang='lat' dir='ltr'><strong>socii</strong></span> <span class='ocrx_word' id='word_1_439' title='bbox 3746 1511 3826 1567; x_wconf 84' lang='lat' dir='ltr'><strong>fe-</strong></span> 
     </span>
    </p>
   </div>
   <div class='ocr_carea' id='block_1_60' title="bbox 2226 1597 3822 1671">
    <p class='ocr_par' dir='ltr' id='par_1_60' title="bbox 2226 1597 3822 1671">
     <span class='ocr_line' id='line_1_60' title="bbox 2226 1597 3822 1671; baseline 0.005 -19"><span class='ocrx_word' id='word_1_440' title='bbox 2226 1598 2441 1664; x_wconf 91' lang='lat' dir='ltr'><strong>rebant,</strong></span> <span class='ocrx_word' id='word_1_441' title='bbox 2465 1599 2626 1669; x_wconf 88' lang='lat' dir='ltr'><strong>jussit</strong></span> <span class='ocrx_word' id='word_1_442' title='bbox 2656 1597 2837 1653; x_wconf 87' lang='lat' dir='ltr'><strong>all&#39;erri</strong></span> <span class='ocrx_word' id='word_1_443' title='bbox 2870 1619 2880 1653; x_wconf 93' lang='lat'>:</span> <span class='ocrx_word' id='word_1_444' title='bbox 2915 1615 3116 1671; x_wconf 90' lang='lat' dir='ltr'><strong>eosque</strong></span> <span class='ocrx_word' id='word_1_445' title='bbox 3161 1601 3215 1656; x_wconf 90' lang='lat' dir='ltr'><strong>in</strong></span> <span class='ocrx_word' id='word_1_446' title='bbox 3244 1600 3359 1670; x_wconf 89' lang='lat' dir='ltr'><strong>ejus</strong></span> <span class='ocrx_word' id='word_1_447' title='bbox 3398 1604 3614 1659; x_wconf 88' lang='lat' dir='ltr'><strong>nomine</strong></span> <span class='ocrx_word' id='word_1_448' title='bbox 3651 1606 3822 1661; x_wconf 80' lang='lat' dir='ltr'><strong>bene-</strong></span> 
     </span>
    </p>
   </div>
   <div class='ocr_carea' id='block_1_61' title="bbox 2227 1690 3826 1770">
    <p class='ocr_par' dir='ltr' id='par_1_61' title="bbox 2227 1690 3826 1770">
     <span class='ocr_line' id='line_1_61' title="bbox 2227 1690 3826 1770; baseline 0.008 -28"><span class='ocrx_word' id='word_1_449' title='bbox 2227 1690 2385 1755; x_wconf 88' lang='lat' dir='ltr'><strong>dixit,</strong></span> <span class='ocrx_word' id='word_1_450' title='bbox 2436 1691 2527 1760; x_wconf 91' lang='lat' dir='ltr'><strong>qui</strong></span> <span class='ocrx_word' id='word_1_451' title='bbox 2552 1691 2604 1745; x_wconf 91' lang='lat' dir='ltr'><strong>in</strong></span> <span class='ocrx_word' id='word_1_452' title='bbox 2629 1691 2877 1746; x_wconf 88' lang='lat' dir='ltr'><strong>convivio</strong></span> <span class='ocrx_word' id='word_1_453' title='bbox 2907 1694 3134 1763; x_wconf 89' lang='lat' dir='ltr'><strong>nuptiali</strong></span> <span class='ocrx_word' id='word_1_454' title='bbox 3170 1711 3341 1765; x_wconf 90' lang='lat' dir='ltr'><strong>aquas</strong></span> <span class='ocrx_word' id='word_1_455' title='bbox 3366 1698 3638 1752; x_wconf 89' lang='lat' dir='ltr'><strong>convertit</strong></span> <span class='ocrx_word' id='word_1_456' title='bbox 3663 1699 3826 1770; x_wconf 71' lang='lat'><strong>190</strong></span> 
     </span>
    </p>
   </div>
   <div class='ocr_carea' id='block_1_62' title="bbox 2226 1782 3828 1859">
    <p class='ocr_par' dir='ltr' id='par_1_62' title="bbox 2226 1782 3828 1859">
     <span class='ocr_line' id='line_1_62' title="bbox 2226 1782 3828 1859; baseline 0.007 -22"><span class='ocrx_word' id='word_1_457' title='bbox 2226 1782 2280 1837; x_wconf 88' lang='lat' dir='ltr'><strong>in</strong></span> <span class='ocrx_word' id='word_1_458' title='bbox 2302 1782 2526 1855; x_wconf 73' lang='lat' dir='ltr'><strong>vinum]</strong></span> <span class='ocrx_word' id='word_1_459' title='bbox 2562 1782 2705 1837; x_wconf 85' lang='lat' dir='ltr'><strong>Mab.</strong></span> <span class='ocrx_word' id='word_1_460' title='bbox 2736 1825 2751 1850; x_wconf 96' lang='lat'><strong>,</strong></span> <span class='ocrx_word' id='word_1_461' title='bbox 2781 1785 2872 1855; x_wconf 91' lang='lat' dir='ltr'><strong>qui</strong></span> <span class='ocrx_word' id='word_1_462' title='bbox 2906 1786 2958 1840; x_wconf 93' lang='lat' dir='ltr'><strong>in</strong></span> <span class='ocrx_word' id='word_1_463' title='bbox 2987 1786 3132 1841; x_wconf 85' lang='lat' dir='ltr'><strong>Cana</strong></span> <span class='ocrx_word' id='word_1_464' title='bbox 3168 1786 3389 1843; x_wconf 66' lang='lat' dir='ltr'><strong>Galilete</strong></span> <span class='ocrx_word' id='word_1_465' title='bbox 3421 1806 3593 1859; x_wconf 87' lang='lat' dir='ltr'><strong>aquas</strong></span> <span class='ocrx_word' id='word_1_466' title='bbox 3621 1792 3677 1846; x_wconf 91' lang='lat' dir='ltr'><strong>in</strong></span> <span class='ocrx_word' id='word_1_467' title='bbox 3712 1792 3828 1849; x_wconf 79' lang='lat' dir='ltr'><strong>vini</strong></span> 
     </span>
    </p>
   </div>
   <div class='ocr_carea' id='block_1_63' title="bbox 2228 1874 3824 1950">
    <p class='ocr_par' dir='ltr' id='par_1_63' title="bbox 2228 1874 3824 1950">
     <span class='ocr_line' id='line_1_63' title="bbox 2228 1874 3824 1950; baseline 0.008 -21"><span class='ocrx_word' id='word_1_468' title='bbox 2228 1890 2477 1945; x_wconf 89' lang='lat' dir='ltr'><strong>saporem</strong></span> <span class='ocrx_word' id='word_1_469' title='bbox 2524 1874 2800 1948; x_wconf 87' lang='lat' dir='ltr'><strong>mutavit]</strong></span> <span class='ocrx_word' id='word_1_470' title='bbox 2829 1875 3029 1948; x_wconf 87' lang='lat' dir='ltr'><strong>(Joan.</strong></span> <span class='ocrx_word' id='word_1_471' title='bbox 3059 1878 3143 1950; x_wconf 85' lang='grc' dir='ltr'><strong>ιι).</strong></span> <span class='ocrx_word' id='word_1_472' title='bbox 3183 1880 3249 1934; x_wconf 86' lang='lat' dir='ltr'><strong>Et</strong></span> <span class='ocrx_word' id='word_1_473' title='bbox 3274 1881 3472 1935; x_wconf 90' lang='lat' dir='ltr'><strong>mirum</strong></span> <span class='ocrx_word' id='word_1_474' title='bbox 3515 1883 3569 1937; x_wconf 91' lang='lat' dir='ltr'><strong>in</strong></span> <span class='ocrx_word' id='word_1_475' title='bbox 3597 1884 3824 1941; x_wconf 85' lang='lat' dir='ltr'><strong>modum</strong></span> 
     </span>
    </p>
   </div>
   <div class='ocr_carea' id='block_1_64' title="bbox 2225 1967 3825 2047">
    <p class='ocr_par' dir='ltr' id='par_1_64' title="bbox 2225 1967 3825 2047">
     <span class='ocr_line' id='line_1_64' title="bbox 2225 1967 3825 2047; baseline 0.006 -25"><span class='ocrx_word' id='word_1_476' title='bbox 2225 1976 2347 2038; x_wconf 89' lang='lat' dir='ltr'><strong>post</strong></span> <span class='ocrx_word' id='word_1_477' title='bbox 2388 1968 2817 2023; x_wconf 88' lang='lat' dir='ltr'><strong>benedictionem</strong></span> <span class='ocrx_word' id='word_1_478' title='bbox 2873 1967 3048 2040; x_wconf 87' lang='lat' dir='ltr'><strong>[Id.,</strong></span> <span class='ocrx_word' id='word_1_479' title='bbox 3092 1980 3215 2041; x_wconf 90' lang='lat' dir='ltr'><strong>post</strong></span> <span class='ocrx_word' id='word_1_480' title='bbox 3252 1971 3648 2030; x_wconf 84' lang='lat' dir='ltr'><strong>benedictionis</strong></span> <span class='ocrx_word' id='word_1_481' title='bbox 3694 1993 3825 2047; x_wconf 84' lang='lat' dir='ltr'><strong>gra-</strong></span> 
     </span>
    </p>
   </div>
   <div class='ocr_carea' id='block_1_65' title="bbox 2227 2057 3831 2134">
    <p class='ocr_par' dir='ltr' id='par_1_65' title="bbox 2227 2057 3831 2134">
     <span class='ocr_line' id='line_1_65' title="bbox 2227 2057 3831 2134; baseline 0.006 -21"><span class='ocrx_word' id='word_1_482' title='bbox 2227 2057 2392 2130; x_wconf 86' lang='lat' dir='ltr'><strong>tiam]</strong></span> <span class='ocrx_word' id='word_1_483' title='bbox 2420 2058 2576 2128; x_wconf 90' lang='lat' dir='ltr'><strong>quasi</strong></span> <span class='ocrx_word' id='word_1_484' title='bbox 2620 2059 2977 2130; x_wconf 82' lang='lat' dir='ltr'><strong>quadraginta</strong></span> <span class='ocrx_word' id='word_1_485' title='bbox 3012 2060 3112 2115; x_wconf 92' lang='lat' dir='ltr'><strong>viri</strong></span> <span class='ocrx_word' id='word_1_486' title='bbox 3153 2076 3219 2115; x_wconf 85' lang='lat' dir='ltr'><strong>ex</strong></span> <span class='ocrx_word' id='word_1_487' title='bbox 3249 2062 3354 2119; x_wconf 90' lang='lat' dir='ltr'><strong>illis</strong></span> <span class='ocrx_word' id='word_1_488' title='bbox 3396 2063 3701 2134; x_wconf 90' lang='lat' dir='ltr'><strong>lagunculis</strong></span> <span class='ocrx_word' id='word_1_489' title='bbox 3735 2083 3831 2123; x_wconf 86' lang='lat' dir='ltr'><strong>us-</strong></span> 
     </span>
    </p>
   </div>
   <div class='ocr_carea' id='block_1_66' title="bbox 2226 2152 3828 2230">
    <p class='ocr_par' dir='ltr' id='par_1_66' title="bbox 2226 2152 3828 2230">
     <span class='ocr_line' id='line_1_66' title="bbox 2226 2152 3828 2230; baseline 0.006 -25"><span class='ocrx_word' id='word_1_490' title='bbox 2226 2168 2331 2223; x_wconf 88' lang='lat' dir='ltr'><strong>que</strong></span> <span class='ocrx_word' id='word_1_491' title='bbox 2357 2152 2422 2206; x_wconf 89' lang='lat' dir='ltr'><strong>ad</strong></span> <span class='ocrx_word' id='word_1_492' title='bbox 2446 2152 2753 2206; x_wconf 88' lang='lat' dir='ltr'><strong>satietatem</strong></span> <span class='ocrx_word' id='word_1_493' title='bbox 2774 2153 3047 2219; x_wconf 87' lang='lat' dir='ltr'><strong>bibebant,</strong></span> <span class='ocrx_word' id='word_1_494' title='bbox 3073 2163 3128 2209; x_wconf 90' lang='lat' dir='ltr'><strong>et</strong></span> <span class='ocrx_word' id='word_1_495' title='bbox 3151 2171 3272 2210; x_wconf 90' lang='lat' dir='ltr'><strong>cum</strong></span> <span class='ocrx_word' id='word_1_496' title='bbox 3298 2172 3492 2227; x_wconf 87' lang='lat' dir='ltr'><strong>magna</strong></span> <span class='ocrx_word' id='word_1_497' title='bbox 3520 2161 3828 2230; x_wconf 84' lang='lat' dir='ltr'><strong>gratiarum</strong></span> 
     </span>
    </p>
   </div>
   <div class='ocr_carea' id='block_1_67' title="bbox 2228 2246 3832 2309">
    <p class='ocr_par' dir='ltr' id='par_1_67' title="bbox 2228 2246 3832 2309">
     <span class='ocr_line' id='line_1_67' title="bbox 2228 2246 3832 2309; baseline 0.004 -7"><span class='ocrx_word' id='word_1_498' title='bbox 2228 2249 2441 2303; x_wconf 89' lang='lat' dir='ltr'><strong>actione</strong></span> <span class='ocrx_word' id='word_1_499' title='bbox 2488 2247 2591 2302; x_wconf 91' lang='lat' dir='ltr'><strong>sibi</strong></span> <span class='ocrx_word' id='word_1_500' title='bbox 2647 2246 2784 2301; x_wconf 62' lang='lat' dir='ltr'><strong>laetis</strong></span> <span class='ocrx_word' id='word_1_501' title='bbox 2831 2247 3062 2302; x_wconf 88' lang='lat' dir='ltr'><strong>invicem</strong></span> <span class='ocrx_word' id='word_1_502' title='bbox 3111 2250 3308 2304; x_wconf 89' lang='lat' dir='ltr'><strong>animis</strong></span> <span class='ocrx_word' id='word_1_503' title='bbox 3355 2251 3651 2306; x_wconf 89' lang='lat' dir='ltr'><strong>dicebant:</strong></span> <span class='ocrx_word' id='word_1_504' title='bbox 3685 2252 3832 2309; x_wconf 79' lang='lat' dir='ltr'><strong>Vere</strong></span> 
     </span>
    </p>
   </div>
   <div class='ocr_carea' id='block_1_68' title="bbox 2226 2337 3831 2414">
    <p class='ocr_par' dir='ltr' id='par_1_68' title="bbox 2226 2337 3831 2414">
     <span class='ocr_line' id='line_1_68' title="bbox 2226 2337 3831 2414; baseline 0.002 -19"><span class='ocrx_word' id='word_1_505' title='bbox 2226 2340 2490 2395; x_wconf 89' lang='lat' dir='ltr'><strong>Dominus</strong></span> <span class='ocrx_word' id='word_1_506' title='bbox 2515 2337 2673 2393; x_wconf 85' lang='lat' dir='ltr'><strong>Jesus</strong></span> <span class='ocrx_word' id='word_1_507' title='bbox 2700 2339 2787 2394; x_wconf 91' lang='lat' dir='ltr'><strong>hic</strong></span> <span class='ocrx_word' id='word_1_508' title='bbox 2818 2339 3094 2409; x_wconf 86' lang='lat' dir='ltr'><strong>implevit,</strong></span> <span class='ocrx_word' id='word_1_509' title='bbox 3122 2341 3265 2412; x_wconf 89' lang='lat' dir='ltr'><strong>quod</strong></span> <span class='ocrx_word' id='word_1_510' title='bbox 3297 2342 3350 2396; x_wconf 93' lang='lat' dir='ltr'><strong>in</strong></span> <span class='ocrx_word' id='word_1_511' title='bbox 3378 2342 3673 2413; x_wconf 85' lang='lat' dir='ltr'><strong>Evangelia</strong></span> <span class='ocrx_word' id='word_1_512' title='bbox 3704 2360 3831 2414; x_wconf 90' lang='lat' dir='ltr'><strong>pro-</strong></span> 
     </span>
    </p>
   </div>
   <div class='ocr_carea' id='block_1_69' title="bbox 2227 2429 3829 2504">
    <p class='ocr_par' dir='ltr' id='par_1_69' title="bbox 2227 2429 3829 2504">
     <span class='ocr_line' id='line_1_69' title="bbox 2227 2429 3829 2504; baseline 0.003 -18"><span class='ocrx_word' id='word_1_513' title='bbox 2227 2431 2632 2501; x_wconf 33' lang='lat' dir='ltr'><strong>misitrdicens:</strong></span> <span class='ocrx_word' id='word_1_514' title='bbox 2663 2429 2767 2495; x_wconf 84' lang='lat' dir='ltr'><strong>Qui</strong></span> <span class='ocrx_word' id='word_1_515' title='bbox 2787 2430 2949 2484; x_wconf 87' lang='lat' dir='ltr'><strong>credit</strong></span> <span class='ocrx_word' id='word_1_516' title='bbox 2971 2431 3025 2485; x_wconf 87' lang='lat' dir='ltr'><strong>in</strong></span> <span class='ocrx_word' id='word_1_517' title='bbox 3050 2448 3149 2495; x_wconf 87' lang='lat' dir='ltr'><strong>me,</strong></span> <span class='ocrx_word' id='word_1_518' title='bbox 3183 2448 3371 2502; x_wconf 84' lang='lat' dir='ltr'><strong>opera,</strong></span> <span class='ocrx_word' id='word_1_519' title='bbox 3400 2450 3517 2504; x_wconf 74' lang='lat' dir='ltr'><strong>qute</strong></span> <span class='ocrx_word' id='word_1_520' title='bbox 3545 2451 3642 2504; x_wconf 87' lang='lat' dir='ltr'><strong>ego</strong></span> <span class='ocrx_word' id='word_1_521' title='bbox 3665 2435 3829 2504; x_wconf 81' lang='lat' dir='ltr'><strong>facio,</strong></span> 
     </span>
    </p>
   </div>
   <div class='ocr_carea' id='block_1_70' title="bbox 2229 2525 3829 2599">
    <p class='ocr_par' dir='ltr' id='par_1_70' title="bbox 2229 2525 3829 2599">
     <span class='ocr_line' id='line_1_70' title="bbox 2229 2525 3829 2599; baseline 0.004 -20"><span class='ocrx_word' id='word_1_522' title='bbox 2229 2536 2278 2580; x_wconf 90' lang='lat' dir='ltr'><strong>et</strong></span> <span class='ocrx_word' id='word_1_523' title='bbox 2304 2528 2414 2597; x_wconf 81' lang='lat' dir='ltr'><strong>ipse</strong></span> <span class='ocrx_word' id='word_1_524' title='bbox 2442 2526 2622 2594; x_wconf 81' lang='lat' dir='ltr'><strong>faciet,</strong></span> <span class='ocrx_word' id='word_1_525' title='bbox 2652 2534 2701 2579; x_wconf 89' lang='lat' dir='ltr'><strong>et</strong></span> <span class='ocrx_word' id='word_1_526' title='bbox 2731 2525 2938 2595; x_wconf 86' lang='lat' dir='ltr'><strong>majora</strong></span> <span class='ocrx_word' id='word_1_527' title='bbox 2967 2526 3154 2581; x_wconf 84' lang='lat' dir='ltr'><strong>horum</strong></span> <span class='ocrx_word' id='word_1_528' title='bbox 3179 2527 3335 2596; x_wconf 82' lang='lat' dir='ltr'><strong>faciet</strong></span> <span class='ocrx_word' id='word_1_529' title='bbox 3363 2526 3544 2598; x_wconf 78' lang='lat' dir='ltr'><strong>(Joan.</strong></span> <span class='ocrx_word' id='word_1_530' title='bbox 3571 2545 3686 2596; x_wconf 77' lang='lat' dir='ltr'><strong>xw,</strong></span> <span class='ocrx_word' id='word_1_531' title='bbox 3716 2530 3829 2599; x_wconf 61' lang='lat' dir='ltr'><strong>li).</strong></span> 
     </span>
    </p>
   </div>
   <div class='ocr_carea' id='block_1_71' title="bbox 2299 2616 3834 2690">
    <p class='ocr_par' dir='ltr' id='par_1_71' title="bbox 2299 2616 3834 2690">
     <span class='ocr_line' id='line_1_71' title="bbox 2299 2616 3834 2690; baseline 0.003 -17"><span class='ocrx_word' id='word_1_532' title='bbox 2299 2617 2427 2673; x_wconf 64' lang='lat' dir='ltr'><strong>Car.</strong></span> <span class='ocrx_word' id='word_1_533' title='bbox 2456 2616 2579 2672; x_wconf 77' lang='lat' dir='ltr'><strong>XIX</strong></span> <span class='ocrx_word' id='word_1_534' title='bbox 2607 2616 2790 2690; x_wconf 85' lang='lat' dir='ltr'><strong>[Mab.</strong></span> <span class='ocrx_word' id='word_1_535' title='bbox 2831 2616 2956 2689; x_wconf 84' lang='lat' dir='ltr'><strong>xx].</strong></span> <span class='ocrx_word' id='word_1_536' title='bbox 2992 2616 3411 2673; x_wconf 78' lang='lat' dir='ltr'><strong>Contumeliosus</strong></span> <span class='ocrx_word' id='word_1_537' title='bbox 3440 2621 3493 2674; x_wconf 84' lang='lat' dir='ltr'><strong>in</strong></span> <span class='ocrx_word' id='word_1_538' title='bbox 3526 2622 3700 2675; x_wconf 77' lang='lat' dir='ltr'><strong>virum</strong></span> <span class='ocrx_word' id='word_1_539' title='bbox 3733 2622 3834 2677; x_wconf 76' lang='lat' dir='ltr'><strong>Dei</strong></span> 
     </span>
    </p>
   </div>
   <div class='ocr_carea' id='block_1_72' title="bbox 2228 2712 3828 2783">
    <p class='ocr_par' dir='ltr' id='par_1_72' title="bbox 2228 2712 3828 2783">
     <span class='ocr_line' id='line_1_72' title="bbox 2228 2712 3828 2783; baseline 0.003 -17"><span class='ocrx_word' id='word_1_540' title='bbox 2228 2712 2480 2767; x_wconf 82' lang='lat' dir='ltr'><strong>divinitus</strong></span> <span class='ocrx_word' id='word_1_541' title='bbox 2528 2712 2767 2782; x_wconf 81' lang='lat' dir='ltr'><strong>punitur,</strong></span> <span class='ocrx_word' id='word_1_542' title='bbox 2816 2714 3069 2783; x_wconf 77' lang='lat' dir='ltr'><strong>paenitens</strong></span> <span class='ocrx_word' id='word_1_543' title='bbox 3122 2729 3241 2767; x_wconf 86' lang='lat' dir='ltr'><strong>vero</strong></span> <span class='ocrx_word' id='word_1_544' title='bbox 3292 2713 3563 2769; x_wconf 78' lang='lat' dir='ltr'><strong>liberatur.</strong></span> <span class='ocrx_word' id='word_1_545' title='bbox 3592 2746 3665 2755; x_wconf 91' lang='lat'>—</span> <span class='ocrx_word' id='word_1_546' title='bbox 3694 2716 3828 2771; x_wconf 84' lang='lat' dir='ltr'><strong>Per-</strong></span> 
     </span>
    </p>
   </div>
   <div class='ocr_carea' id='block_1_73' title="bbox 2230 2806 3830 2879">
    <p class='ocr_par' dir='ltr' id='par_1_73' title="bbox 2230 2806 3830 2879">
     <span class='ocr_line' id='line_1_73' title="bbox 2230 2806 3830 2879; baseline 0.002 -18"><span class='ocrx_word' id='word_1_547' title='bbox 2230 2806 2371 2861; x_wconf 85' lang='lat' dir='ltr'><strong>rexit</strong></span> <span class='ocrx_word' id='word_1_548' title='bbox 2426 2806 2567 2859; x_wconf 90' lang='lat' dir='ltr'><strong>idem</strong></span> <span class='ocrx_word' id='word_1_549' title='bbox 2631 2814 2851 2860; x_wconf 90' lang='lat' dir='ltr'><strong>sanctus</strong></span> <span class='ocrx_word' id='word_1_550' title='bbox 2905 2807 3231 2875; x_wconf 62' lang='lat' dir='ltr'><strong>praedicator</strong></span> <span class='ocrx_word' id='word_1_551' title='bbox 3287 2808 3521 2876; x_wconf 88' lang='lat' dir='ltr'><strong>quodam</strong></span> <span class='ocrx_word' id='word_1_552' title='bbox 3579 2817 3830 2879; x_wconf 76' lang='lat' dir='ltr'><strong>tempore</strong></span> 
     </span>
    </p>
   </div>
   <div class='ocr_carea' id='block_1_74' title="bbox 2228 2895 3825 2967">
    <p class='ocr_par' dir='ltr' id='par_1_74' title="bbox 2228 2895 3825 2967">
     <span class='ocr_line' id='line_1_74' title="bbox 2228 2895 3825 2967; baseline 0.003 -16"><span class='ocrx_word' id='word_1_553' title='bbox 2228 2911 2379 2951; x_wconf 62' lang='lat' dir='ltr'><strong>mare</strong></span> <span class='ocrx_word' id='word_1_554' title='bbox 2424 2896 2581 2951; x_wconf 91' lang='lat' dir='ltr'><strong>solito</strong></span> <span class='ocrx_word' id='word_1_555' title='bbox 2607 2896 2678 2950; x_wconf 86' lang='lat' dir='ltr'><strong>ob</strong></span> <span class='ocrx_word' id='word_1_556' title='bbox 2716 2895 3121 2967; x_wconf 87' lang='lat' dir='ltr'><strong>evangelizandi</strong></span> <span class='ocrx_word' id='word_1_557' title='bbox 3146 2897 3379 2966; x_wconf 88' lang='lat' dir='ltr'><strong>gratiam</strong></span> <span class='ocrx_word' id='word_1_558' title='bbox 3420 2914 3544 2953; x_wconf 90' lang='lat' dir='ltr'><strong>cum</strong></span> <span class='ocrx_word' id='word_1_559' title='bbox 3580 2900 3825 2967; x_wconf 66' lang='lat' dir='ltr'><strong>festina-</strong></span> 
     </span>
    </p>
   </div>
   <div class='ocr_carea' id='block_1_75' title="bbox 2230 2987 3823 3065">
    <p class='ocr_par' dir='ltr' id='par_1_75' title="bbox 2230 2987 3823 3065">
     <span class='ocr_line' id='line_1_75' title="bbox 2230 2987 3823 3065; baseline 0.006 -23"><span class='ocrx_word' id='word_1_560' title='bbox 2230 2989 2377 3043; x_wconf 74' lang='lat' dir='ltr'><strong>tione</strong></span> <span class='ocrx_word' id='word_1_561' title='bbox 2408 2988 2463 3042; x_wconf 93' lang='lat' dir='ltr'><strong>in</strong></span> <span class='ocrx_word' id='word_1_562' title='bbox 2487 2987 2751 3052; x_wconf 86' lang='lat' dir='ltr'><strong>Frisiam;</strong></span> <span class='ocrx_word' id='word_1_563' title='bbox 2805 2996 2859 3042; x_wconf 92' lang='lat' dir='ltr'><strong>et</strong></span> <span class='ocrx_word' id='word_1_564' title='bbox 2892 2999 3115 3060; x_wconf 89' lang='lat' dir='ltr'><strong>propter</strong></span> <span class='ocrx_word' id='word_1_565' title='bbox 3142 2990 3378 3045; x_wconf 88' lang='lat' dir='ltr'><strong>laborem</strong></span> <span class='ocrx_word' id='word_1_566' title='bbox 3417 2993 3521 3046; x_wconf 74' lang='lat' dir='ltr'><strong>via:</strong></span> <span class='ocrx_word' id='word_1_567' title='bbox 3552 2993 3608 3047; x_wconf 92' lang='lat' dir='ltr'><strong>in</strong></span> <span class='ocrx_word' id='word_1_568' title='bbox 3650 2996 3823 3065; x_wconf 71' lang='lat' dir='ltr'><strong>pratis</strong></span> 
     </span>
    </p>
   </div>
   <div class='ocr_carea' id='block_1_76' title="bbox 2230 3078 3831 3157">
    <p class='ocr_par' dir='ltr' id='par_1_76' title="bbox 2230 3078 3831 3157">
     <span class='ocr_line' id='line_1_76' title="bbox 2230 3078 3831 3157; baseline 0.005 -23"><span class='ocrx_word' id='word_1_569' title='bbox 2230 3078 2510 3149; x_wconf 72' lang='lat' dir='ltr'><strong>cujusdam</strong></span> <span class='ocrx_word' id='word_1_570' title='bbox 2559 3080 2741 3134; x_wconf 91' lang='lat' dir='ltr'><strong>divitis</strong></span> <span class='ocrx_word' id='word_1_571' title='bbox 2791 3080 3068 3151; x_wconf 89' lang='lat' dir='ltr'><strong>paululum</strong></span> <span class='ocrx_word' id='word_1_572' title='bbox 3100 3081 3273 3137; x_wconf 89' lang='lat' dir='ltr'><strong>lassos</strong></span> <span class='ocrx_word' id='word_1_573' title='bbox 3310 3082 3619 3140; x_wconf 87' lang='lat' dir='ltr'><strong>refocillare</strong></span> <span class='ocrx_word' id='word_1_574' title='bbox 3662 3101 3831 3157; x_wconf 83' lang='lat' dir='ltr'><strong>equos</strong></span> 
     </span>
    </p>
   </div>
   <div class='ocr_carea' id='block_1_77' title="bbox 2231 3172 3833 3247">
    <p class='ocr_par' dir='ltr' id='par_1_77' title="bbox 2231 3172 3833 3247">
     <span class='ocr_line' id='line_1_77' title="bbox 2231 3172 3833 3247; baseline 0.006 -21"><span class='ocrx_word' id='word_1_575' title='bbox 2231 3172 2464 3227; x_wconf 91' lang='lat' dir='ltr'><strong>volebat.</strong></span> <span class='ocrx_word' id='word_1_576' title='bbox 2497 3172 2643 3240; x_wconf 85' lang='lat' dir='ltr'><strong>Quos</strong></span> <span class='ocrx_word' id='word_1_577' title='bbox 2671 3174 2821 3229; x_wconf 87' lang='lat' dir='ltr'><strong>dives</strong></span> <span class='ocrx_word' id='word_1_578' title='bbox 2848 3175 2940 3229; x_wconf 90' lang='lat' dir='ltr'><strong>ille</strong></span> <span class='ocrx_word' id='word_1_579' title='bbox 2977 3174 3030 3229; x_wconf 91' lang='lat' dir='ltr'><strong>in</strong></span> <span class='ocrx_word' id='word_1_580' title='bbox 3056 3177 3231 3245; x_wconf 85' lang='lat' dir='ltr'><strong>pratis</strong></span> <span class='ocrx_word' id='word_1_581' title='bbox 3254 3176 3366 3232; x_wconf 92' lang='lat' dir='ltr'><strong>suis</strong></span> <span class='ocrx_word' id='word_1_582' title='bbox 3394 3179 3546 3247; x_wconf 87' lang='lat' dir='ltr'><strong>pasci</strong></span> <span class='ocrx_word' id='word_1_583' title='bbox 3577 3195 3833 3247; x_wconf 82' lang='lat' dir='ltr'><strong>cernens,</strong></span> 
     </span>
    </p>
   </div>
   <div class='ocr_carea' id='block_1_78' title="bbox 2230 3265 3835 3340">
    <p class='ocr_par' dir='ltr' id='par_1_78' title="bbox 2230 3265 3835 3340">
     <span class='ocr_line' id='line_1_78' title="bbox 2230 3265 3835 3340; baseline 0.004 -21"><span class='ocrx_word' id='word_1_584' title='bbox 2230 3265 2499 3335; x_wconf 58' lang='lat' dir='ltr'><strong>superbia!</strong></span> <span class='ocrx_word' id='word_1_585' title='bbox 2551 3266 2742 3335; x_wconf 90' lang='lat' dir='ltr'><strong>spiritu</strong></span> <span class='ocrx_word' id='word_1_586' title='bbox 2778 3281 2947 3337; x_wconf 90' lang='lat' dir='ltr'><strong>equos</strong></span> <span class='ocrx_word' id='word_1_587' title='bbox 2992 3267 3198 3322; x_wconf 63' lang='lat' dir='ltr'><strong>caedere</strong></span> <span class='ocrx_word' id='word_1_588' title='bbox 3241 3269 3428 3337; x_wconf 47' lang='lat' dir='ltr'><strong>caspit,</strong></span> <span class='ocrx_word' id='word_1_589' title='bbox 3470 3278 3526 3323; x_wconf 93' lang='lat' dir='ltr'><strong>et</strong></span> <span class='ocrx_word' id='word_1_590' title='bbox 3556 3285 3589 3323; x_wconf 90' lang='lat' dir='ltr'><strong>e</strong></span> <span class='ocrx_word' id='word_1_591' title='bbox 3615 3271 3835 3340; x_wconf 87' lang='lat' dir='ltr'><strong>pascuis</strong></span> 
     </span>
    </p>
   </div>
   <div class='ocr_carea' id='block_1_79' title="bbox 2234 3357 3835 3433">
    <p class='ocr_par' dir='ltr' id='par_1_79' title="bbox 2234 3357 3835 3433">
     <span class='ocr_line' id='line_1_79' title="bbox 2234 3357 3835 3433; baseline 0.004 -22"><span class='ocrx_word' id='word_1_592' title='bbox 2234 3358 2470 3426; x_wconf 84' lang='lat' dir='ltr'><strong>abigere.</strong></span> <span class='ocrx_word' id='word_1_593' title='bbox 2518 3357 2689 3424; x_wconf 90' lang='lat' dir='ltr'><strong>Quem</strong></span> <span class='ocrx_word' id='word_1_594' title='bbox 2718 3358 2802 3412; x_wconf 89' lang='lat' dir='ltr'><strong>vir</strong></span> <span class='ocrx_word' id='word_1_595' title='bbox 2830 3359 2924 3413; x_wconf 90' lang='lat' dir='ltr'><strong>Dei</strong></span> <span class='ocrx_word' id='word_1_596' title='bbox 2970 3359 3355 3429; x_wconf 89' lang='lat' dir='ltr'><strong>placidissimis</strong></span> <span class='ocrx_word' id='word_1_597' title='bbox 3386 3363 3571 3417; x_wconf 87' lang='lat' dir='ltr'><strong>verbis</strong></span> <span class='ocrx_word' id='word_1_598' title='bbox 3603 3364 3835 3433; x_wconf 87' lang='lat' dir='ltr'><strong>alloqui-</strong></span> 
     </span>
    </p>
   </div>
   <div class='ocr_carea' id='block_1_80' title="bbox 2235 3451 3830 3526">
    <p class='ocr_par' dir='ltr' id='par_1_80' title="bbox 2235 3451 3830 3526">
     <span class='ocr_line' id='line_1_80' title="bbox 2235 3451 3830 3526; baseline 0.004 -22"><span class='ocrx_word' id='word_1_599' title='bbox 2235 3460 2344 3516; x_wconf 91' lang='lat' dir='ltr'><strong>tur,</strong></span> <span class='ocrx_word' id='word_1_600' title='bbox 2373 3452 2559 3505; x_wconf 91' lang='lat' dir='ltr'><strong>dicens</strong></span> <span class='ocrx_word' id='word_1_601' title='bbox 2591 3470 2602 3504; x_wconf 90' lang='lat'><strong>:</strong></span> <span class='ocrx_word' id='word_1_602' title='bbox 2638 3470 2655 3501; x_wconf 74' lang='grc' dir='ltr'><strong>σ</strong></span> <span class='ocrx_word' id='word_1_603' title='bbox 2680 3451 2874 3507; x_wconf 90' lang='lat' dir='ltr'><strong>Desine</strong></span> <span class='ocrx_word' id='word_1_604' title='bbox 2895 3454 3052 3509; x_wconf 89' lang='lat' dir='ltr'><strong>nobis</strong></span> <span class='ocrx_word' id='word_1_605' title='bbox 3083 3452 3298 3526; x_wconf 82' lang='lat' dir='ltr'><strong>[frater]</strong></span> <span class='ocrx_word' id='word_1_606' title='bbox 3323 3454 3575 3523; x_wconf 90' lang='lat' dir='ltr'><strong>injuriam</strong></span> <span class='ocrx_word' id='word_1_607' title='bbox 3602 3456 3783 3511; x_wconf 87' lang='lat' dir='ltr'><strong>facere</strong></span> <span class='ocrx_word' id='word_1_608' title='bbox 3813 3475 3830 3510; x_wconf 89' lang='lat'>:</span> 
     </span>
    </p>
   </div>
   <div class='ocr_carea' id='block_1_81' title="bbox 2234 3544 3838 3619">
    <p class='ocr_par' dir='ltr' id='par_1_81' title="bbox 2234 3544 3838 3619">
     <span class='ocr_line' id='line_1_81' title="bbox 2234 3544 3838 3619; baseline 0.005 -21"><span class='ocrx_word' id='word_1_609' title='bbox 2234 3560 2340 3599; x_wconf 91' lang='lat' dir='ltr'><strong>non</strong></span> <span class='ocrx_word' id='word_1_610' title='bbox 2371 3544 2513 3598; x_wconf 92' lang='lat' dir='ltr'><strong>enim</strong></span> <span class='ocrx_word' id='word_1_611' title='bbox 2542 3554 2763 3614; x_wconf 87' lang='lat' dir='ltr'><strong>propter</strong></span> <span class='ocrx_word' id='word_1_612' title='bbox 2790 3546 3066 3601; x_wconf 80' lang='lat' dir='ltr'><strong>laesionem</strong></span> <span class='ocrx_word' id='word_1_613' title='bbox 3092 3547 3189 3613; x_wconf 90' lang='lat' dir='ltr'><strong>tui,</strong></span> <span class='ocrx_word' id='word_1_614' title='bbox 3220 3549 3316 3603; x_wconf 91' lang='lat' dir='ltr'><strong>sed</strong></span> <span class='ocrx_word' id='word_1_615' title='bbox 3343 3557 3567 3619; x_wconf 89' lang='lat' dir='ltr'><strong>propter</strong></span> <span class='ocrx_word' id='word_1_616' title='bbox 3596 3551 3838 3605; x_wconf 84' lang='lat' dir='ltr'><strong>necessi-</strong></span> 
     </span>
    </p>
   </div>
   <div class='ocr_carea' id='block_1_82' title="bbox 2236 3637 3836 3712">
    <p class='ocr_par' dir='ltr' id='par_1_82' title="bbox 2236 3637 3836 3712">
     <span class='ocr_line' id='line_1_82' title="bbox 2236 3637 3836 3712; baseline 0.008 -25"><span class='ocrx_word' id='word_1_617' title='bbox 2236 3643 2401 3689; x_wconf 91' lang='lat' dir='ltr'><strong>tatem</strong></span> <span class='ocrx_word' id='word_1_618' title='bbox 2432 3637 2626 3701; x_wconf 90' lang='lat' dir='ltr'><strong>nostri,</strong></span> <span class='ocrx_word' id='word_1_619' title='bbox 2659 3639 2725 3692; x_wconf 90' lang='lat' dir='ltr'><strong>ad</strong></span> <span class='ocrx_word' id='word_1_620' title='bbox 2755 3639 2944 3693; x_wconf 90' lang='lat' dir='ltr'><strong>horam</strong></span> <span class='ocrx_word' id='word_1_621' title='bbox 2980 3640 3032 3693; x_wconf 91' lang='lat' dir='ltr'><strong>in</strong></span> <span class='ocrx_word' id='word_1_622' title='bbox 3067 3640 3152 3695; x_wconf 89' lang='lat' dir='ltr'><strong>his</strong></span> <span class='ocrx_word' id='word_1_623' title='bbox 3181 3642 3399 3712; x_wconf 88' lang='lat' dir='ltr'><strong>pascuis</strong></span> <span class='ocrx_word' id='word_1_624' title='bbox 3431 3644 3725 3712; x_wconf 78' lang='lat' dir='ltr'><strong>quiescere</strong></span> <span class='ocrx_word' id='word_1_625' title='bbox 3742 3658 3836 3699; x_wconf 78' lang='lat' dir='ltr'><strong>vo-</strong></span> 
     </span>
    </p>
   </div>
   <div class='ocr_carea' id='block_1_83' title="bbox 2234 3728 3837 3806">
    <p class='ocr_par' dir='ltr' id='par_1_83' title="bbox 2234 3728 3837 3806">
     <span class='ocr_line' id='line_1_83' title="bbox 2234 3728 3837 3806; baseline 0.006 -24"><span class='ocrx_word' id='word_1_626' title='bbox 2234 3728 2452 3783; x_wconf 92' lang='lat' dir='ltr'><strong>luimus.</strong></span> <span class='ocrx_word' id='word_1_627' title='bbox 2485 3729 2656 3784; x_wconf 89' lang='lat' dir='ltr'><strong>lnstat</strong></span> <span class='ocrx_word' id='word_1_628' title='bbox 2682 3732 2836 3786; x_wconf 92' lang='lat' dir='ltr'><strong>nobis</strong></span> <span class='ocrx_word' id='word_1_629' title='bbox 2858 3747 2994 3802; x_wconf 90' lang='lat' dir='ltr'><strong>cpus</strong></span> <span class='ocrx_word' id='word_1_630' title='bbox 3020 3733 3113 3788; x_wconf 89' lang='lat' dir='ltr'><strong>Dei</strong></span> <span class='ocrx_word' id='word_1_631' title='bbox 3146 3735 3535 3805; x_wconf 87' lang='lat' dir='ltr'><strong>peragendum,</strong></span> <span class='ocrx_word' id='word_1_632' title='bbox 3579 3736 3745 3806; x_wconf 91' lang='lat' dir='ltr'><strong>cujus</strong></span> <span class='ocrx_word' id='word_1_633' title='bbox 3780 3744 3837 3791; x_wconf 73' lang='lat' dir='ltr'><strong>tu</strong></span> 
     </span>
    </p>
   </div>
   <div class='ocr_carea' id='block_1_84' title="bbox 2234 3824 3837 3897">
    <p class='ocr_par' dir='ltr' id='par_1_84' title="bbox 2234 3824 3837 3897">
     <span class='ocr_line' id='line_1_84' title="bbox 2234 3824 3837 3897; baseline 0.004 -21"><span class='ocrx_word' id='word_1_634' title='bbox 2234 3838 2448 3894; x_wconf 84' lang='lat' dir='ltr'><strong>quoque</strong></span> <span class='ocrx_word' id='word_1_635' title='bbox 2491 3824 2795 3879; x_wconf 88' lang='lat' dir='ltr'><strong>mercedem</strong></span> <span class='ocrx_word' id='word_1_636' title='bbox 2844 3825 3045 3880; x_wconf 90' lang='lat' dir='ltr'><strong>habere</strong></span> <span class='ocrx_word' id='word_1_637' title='bbox 3082 3826 3310 3896; x_wconf 90' lang='lat' dir='ltr'><strong>poteris,</strong></span> <span class='ocrx_word' id='word_1_638' title='bbox 3340 3828 3385 3881; x_wconf 90' lang='lat' dir='ltr'><strong>si</strong></span> <span class='ocrx_word' id='word_1_639' title='bbox 3417 3843 3542 3892; x_wconf 90' lang='lat' dir='ltr'><strong>nos,</strong></span> <span class='ocrx_word' id='word_1_640' title='bbox 3568 3838 3837 3897; x_wconf 85' lang='lat' dir='ltr'><strong>quantum</strong></span> 
     </span>
    </p>
   </div>
   <div class='ocr_carea' id='block_1_85' title="bbox 2235 3914 3841 3988">
    <p class='ocr_par' dir='ltr' id='par_1_85' title="bbox 2235 3914 3841 3988">
     <span class='ocr_line' id='line_1_85' title="bbox 2235 3914 3841 3988; baseline 0.005 -21"><span class='ocrx_word' id='word_1_641' title='bbox 2235 3914 2301 3968; x_wconf 85' lang='lat' dir='ltr'><strong>ad</strong></span> <span class='ocrx_word' id='word_1_642' title='bbox 2332 3921 2384 3967; x_wconf 91' lang='lat' dir='ltr'><strong>te</strong></span> <span class='ocrx_word' id='word_1_643' title='bbox 2406 3915 2666 3984; x_wconf 88' lang='lat' dir='ltr'><strong>pertinet,</strong></span> <span class='ocrx_word' id='word_1_644' title='bbox 2708 3914 2987 3988; x_wconf 89' lang='lat' dir='ltr'><strong>[benigno]</strong></span> <span class='ocrx_word' id='word_1_645' title='bbox 3038 3917 3310 3987; x_wconf 86' lang='lat' dir='ltr'><strong>adjuveris</strong></span> <span class='ocrx_word' id='word_1_646' title='bbox 3359 3918 3543 3973; x_wconf 91' lang='lat' dir='ltr'><strong>animo</strong></span> <span class='ocrx_word' id='word_1_647' title='bbox 3576 3937 3591 3972; x_wconf 87' lang='lat'><strong>:</strong></span> <span class='ocrx_word' id='word_1_648' title='bbox 3629 3934 3841 3975; x_wconf 85' lang='lat' dir='ltr'><strong>memor</strong></span> 
     </span>
    </p>
   </div>
   <div class='ocr_carea' id='block_1_86' title="bbox 2235 4003 3833 4081">
    <p class='ocr_par' dir='ltr' id='par_1_86' title="bbox 2235 4003 3833 4081">
     <span class='ocr_line' id='line_1_86' title="bbox 2235 4003 3833 4081; baseline 0.006 -23"><span class='ocrx_word' id='word_1_649' title='bbox 2235 4003 2379 4059; x_wconf 91' lang='lat' dir='ltr'><strong>illius</strong></span> <span class='ocrx_word' id='word_1_650' title='bbox 2405 4004 2620 4060; x_wconf 90' lang='lat' dir='ltr'><strong>Domini</strong></span> <span class='ocrx_word' id='word_1_651' title='bbox 2668 4007 2834 4061; x_wconf 87' lang='lat' dir='ltr'><strong>nostri</strong></span> <span class='ocrx_word' id='word_1_652' title='bbox 2865 4005 2992 4063; x_wconf 85' lang='lat' dir='ltr'><strong>Jesu</strong></span> <span class='ocrx_word' id='word_1_653' title='bbox 3019 4007 3222 4063; x_wconf 88' lang='lat' dir='ltr'><strong>Christi</strong></span> <span class='ocrx_word' id='word_1_654' title='bbox 3249 4008 3577 4065; x_wconf 59' lang='lat' dir='ltr'><strong>dulcissima</strong></span> <span class='ocrx_word' id='word_1_655' title='bbox 3602 4012 3833 4081; x_wconf 87' lang='lat' dir='ltr'><strong>promis-</strong></span> 
     </span>
    </p>
   </div>
   <div class='ocr_carea' id='block_1_87' title="bbox 2234 4099 3835 4177">
    <p class='ocr_par' dir='ltr' id='par_1_87' title="bbox 2234 4099 3835 4177">
     <span class='ocr_line' id='line_1_87' title="bbox 2234 4099 3835 4177; baseline 0.005 -24"><span class='ocrx_word' id='word_1_656' title='bbox 2234 4099 2402 4155; x_wconf 88' lang='lat' dir='ltr'><strong>sionis</strong></span> <span class='ocrx_word' id='word_1_657' title='bbox 2432 4119 2443 4153; x_wconf 89' lang='lat'><strong>:</strong></span> <span class='ocrx_word' id='word_1_658' title='bbox 2478 4100 2581 4165; x_wconf 87' lang='lat' dir='ltr'><strong>Qui</strong></span> <span class='ocrx_word' id='word_1_659' title='bbox 2606 4118 2693 4155; x_wconf 78' lang='lat' dir='ltr'><strong>vos</strong></span> <span class='ocrx_word' id='word_1_660' title='bbox 2725 4102 2928 4171; x_wconf 83' lang='lat' dir='ltr'><strong>recipit,</strong></span> <span class='ocrx_word' id='word_1_661' title='bbox 2960 4119 3039 4156; x_wconf 86' lang='lat' dir='ltr'><strong>me</strong></span> <span class='ocrx_word' id='word_1_662' title='bbox 3071 4103 3250 4173; x_wconf 85' lang='lat' dir='ltr'><strong>recipit</strong></span> <span class='ocrx_word' id='word_1_663' title='bbox 3276 4117 3295 4155; x_wconf 89' lang='grc'><strong>.·</strong></span> <span class='ocrx_word' id='word_1_664' title='bbox 3322 4113 3369 4157; x_wconf 86' lang='lat' dir='ltr'><strong>et</strong></span> <span class='ocrx_word' id='word_1_665' title='bbox 3396 4105 3488 4173; x_wconf 88' lang='lat' dir='ltr'><strong>qui</strong></span> <span class='ocrx_word' id='word_1_666' title='bbox 3512 4122 3596 4159; x_wconf 88' lang='lat' dir='ltr'><strong>me</strong></span> <span class='ocrx_word' id='word_1_667' title='bbox 3630 4107 3835 4177; x_wconf 81' lang='lat' dir='ltr'><strong>recipit.</strong></span> 
     </span>
    </p>
   </div>
   <div class='ocr_carea' id='block_1_88' title="bbox 2236 4193 3840 4272">
    <p class='ocr_par' dir='ltr' id='par_1_88' title="bbox 2236 4193 3840 4272">
     <span class='ocr_line' id='line_1_88' title="bbox 2236 4193 3840 4272; baseline 0.006 -27"><span class='ocrx_word' id='word_1_668' title='bbox 2236 4193 2416 4263; x_wconf 86' lang='lat' dir='ltr'><strong>recipit</strong></span> <span class='ocrx_word' id='word_1_669' title='bbox 2443 4210 2560 4247; x_wconf 87' lang='lat' dir='ltr'><strong>eum</strong></span> <span class='ocrx_word' id='word_1_670' title='bbox 2589 4194 2679 4266; x_wconf 83' lang='lat' dir='ltr'><strong>qui</strong></span> <span class='ocrx_word' id='word_1_671' title='bbox 2706 4210 2788 4248; x_wconf 88' lang='lat' dir='ltr'><strong>me</strong></span> <span class='ocrx_word' id='word_1_672' title='bbox 2816 4193 2952 4248; x_wconf 86' lang='lat' dir='ltr'><strong>misit</strong></span> <span class='ocrx_word' id='word_1_673' title='bbox 2992 4194 3224 4266; x_wconf 81' lang='lat' dir='ltr'><strong>(Matth.</strong></span> <span class='ocrx_word' id='word_1_674' title='bbox 3256 4212 3312 4262; x_wconf 82' lang='lat' dir='ltr'><strong>x,</strong></span> <span class='ocrx_word' id='word_1_675' title='bbox 3354 4196 3424 4253; x_wconf 73' lang='grc'><strong>40</strong></span> <span class='ocrx_word' id='word_1_676' title='bbox 3448 4196 3490 4268; x_wconf 93' lang='grc'><strong>).</strong></span> <span class='ocrx_word' id='word_1_677' title='bbox 3522 4196 3634 4254; x_wconf 84' lang='lat' dir='ltr'><strong>Sed</strong></span> <span class='ocrx_word' id='word_1_678' title='bbox 3665 4200 3840 4272; x_wconf 79' lang='lat' dir='ltr'><strong>magis</strong></span> 
     </span>
    </p>
   </div>
   <div class='ocr_carea' id='block_1_89' title="bbox 2238 4287 3843 4360">
    <p class='ocr_par' dir='ltr' id='par_1_89' title="bbox 2238 4287 3843 4360">
     <span class='ocr_line' id='line_1_89' title="bbox 2238 4287 3843 4360; baseline 0.004 -19"><span class='ocrx_word' id='word_1_679' title='bbox 2238 4296 2417 4342; x_wconf 89' lang='lat' dir='ltr'><strong>mente</strong></span> <span class='ocrx_word' id='word_1_680' title='bbox 2441 4287 2670 4358; x_wconf 83' lang='lat' dir='ltr'><strong>pacifica</strong></span> <span class='ocrx_word' id='word_1_681' title='bbox 2702 4288 2980 4343; x_wconf 88' lang='lat' dir='ltr'><strong>nobiscum</strong></span> <span class='ocrx_word' id='word_1_682' title='bbox 3021 4290 3177 4360; x_wconf 89' lang='lat' dir='ltr'><strong>quasi</strong></span> <span class='ocrx_word' id='word_1_683' title='bbox 3209 4290 3416 4345; x_wconf 91' lang='lat' dir='ltr'><strong>amicus</strong></span> <span class='ocrx_word' id='word_1_684' title='bbox 3445 4291 3686 4360; x_wconf 86' lang='lat' dir='ltr'><strong>teipsum</strong></span> <span class='ocrx_word' id='word_1_685' title='bbox 3718 4292 3843 4347; x_wconf 79' lang='lat' dir='ltr'><strong>reli-</strong></span> 
     </span>
    </p>
   </div>
   <div class='ocr_carea' id='block_1_90' title="bbox 2237 4378 3842 4452">
    <p class='ocr_par' dir='ltr' id='par_1_90' title="bbox 2237 4378 3842 4452">
     <span class='ocr_line' id='line_1_90' title="bbox 2237 4378 3842 4452; baseline 0.003 -19"><span class='ocrx_word' id='word_1_686' title='bbox 2237 4379 2410 4443; x_wconf 90' lang='lat' dir='ltr'><strong>ciens,</strong></span> <span class='ocrx_word' id='word_1_687' title='bbox 2468 4378 2861 4448; x_wconf 89' lang='lat' dir='ltr'><strong>aliquantulum</strong></span> <span class='ocrx_word' id='word_1_688' title='bbox 2903 4379 3064 4445; x_wconf 91' lang='lat' dir='ltr'><strong>bibe,</strong></span> <span class='ocrx_word' id='word_1_689' title='bbox 3107 4381 3370 4451; x_wconf 89' lang='lat' dir='ltr'><strong>nobisque</strong></span> <span class='ocrx_word' id='word_1_690' title='bbox 3413 4390 3598 4452; x_wconf 71' lang='lat' dir='ltr'><strong>empto</strong></span> <span class='ocrx_word' id='word_1_691' title='bbox 3646 4384 3842 4438; x_wconf 84' lang='lat' dir='ltr'><strong>itinere</strong></span> 
     </span>
    </p>
   </div>
   <div class='ocr_carea' id='block_1_91' title="bbox 539 4462 3842 4550">
    <p class='ocr_par' dir='ltr' id='par_1_91' title="bbox 539 4462 3842 4550">
     <span class='ocr_line' id='line_1_91' title="bbox 539 4462 3842 4550; baseline 0.005 -33"><span class='ocrx_word' id='word_1_692' title='bbox 539 4462 593 4517; x_wconf 90' lang='lat' dir='ltr'><strong>in</strong></span> <span class='ocrx_word' id='word_1_693' title='bbox 623 4477 731 4516; x_wconf 88' lang='lat' dir='ltr'><strong>uno</strong></span> <span class='ocrx_word' id='word_1_694' title='bbox 750 4462 939 4534; x_wconf 87' lang='lat' dir='ltr'><strong>dolio],</strong></span> <span class='ocrx_word' id='word_1_695' title='bbox 960 4464 1013 4516; x_wconf 91' lang='lat' dir='ltr'><strong>in</strong></span> <span class='ocrx_word' id='word_1_696' title='bbox 1042 4465 1183 4533; x_wconf 90' lang='lat' dir='ltr'><strong>quod</strong></span> <span class='ocrx_word' id='word_1_697' title='bbox 1212 4480 1368 4519; x_wconf 87' lang='lat' dir='ltr'><strong>suum</strong></span> <span class='ocrx_word' id='word_1_698' title='bbox 1392 4462 1780 4521; x_wconf 87' lang='lat' dir='ltr'><strong>benedictionis</strong></span> <span class='ocrx_word' id='word_1_699' title='bbox 1806 4467 1981 4537; x_wconf 89' lang='lat' dir='ltr'><strong>gratia</strong></span> <span class='ocrx_word' id='word_1_700' title='bbox 2006 4483 2129 4523; x_wconf 91' lang='lat' dir='ltr'><strong>cum</strong></span> <span class='ocrx_word' id='word_1_701' title='bbox 2154 4488 2207 4550; x_wconf 75' lang='grc' dir='ltr'><strong>ι)</strong></span> <span class='ocrx_word' id='word_1_702' title='bbox 2235 4474 2607 4543; x_wconf 74' lang='lat' dir='ltr'><strong>pergentibus,</strong></span> <span class='ocrx_word' id='word_1_703' title='bbox 2625 4483 2678 4527; x_wconf 90' lang='lat' dir='ltr'><strong>tu</strong></span> <span class='ocrx_word' id='word_1_704' title='bbox 2702 4489 2731 4527; x_wconf 90' lang='lat' dir='ltr'><strong>a</strong></span> <span class='ocrx_word' id='word_1_705' title='bbox 2756 4474 2866 4528; x_wconf 92' lang='lat' dir='ltr'><strong>Deo</strong></span> <span class='ocrx_word' id='word_1_706' title='bbox 2882 4475 3218 4540; x_wconf 90' lang='lat' dir='ltr'><strong>benedictus,</strong></span> <span class='ocrx_word' id='word_1_707' title='bbox 3241 4477 3584 4530; x_wconf 82' lang='lat' dir='ltr'><strong>reverterein</strong></span> <span class='ocrx_word' id='word_1_708' title='bbox 3614 4476 3842 4532; x_wconf 74' lang='lat' dir='ltr'><strong>domum</strong></span> 
     </span>
    </p>
   </div>
   <div class='ocr_carea' id='block_1_92' title="bbox 538 4555 2130 4622">
    <p class='ocr_par' dir='ltr' id='par_1_92' title="bbox 538 4555 2130 4622">
     <span class='ocr_line' id='line_1_92' title="bbox 538 4555 2130 4622; baseline 0.003 -11"><span class='ocrx_word' id='word_1_709' title='bbox 538 4555 787 4611; x_wconf 85' lang='lat' dir='ltr'><strong>oratione</strong></span> <span class='ocrx_word' id='word_1_710' title='bbox 837 4555 1064 4609; x_wconf 90' lang='lat' dir='ltr'><strong>immisit</strong></span> <span class='ocrx_word' id='word_1_711' title='bbox 1108 4555 1382 4622; x_wconf 90' lang='lat' dir='ltr'><strong>baculum,</strong></span> <span class='ocrx_word' id='word_1_712' title='bbox 1438 4565 1493 4613; x_wconf 89' lang='lat' dir='ltr'><strong>et</strong></span> <span class='ocrx_word' id='word_1_713' title='bbox 1539 4559 1725 4614; x_wconf 87' lang='lat' dir='ltr'><strong>exivit.</strong></span> <span class='ocrx_word' id='word_1_714' title='bbox 1783 4558 1889 4615; x_wconf 89' lang='lat' dir='ltr'><strong>Sed</strong></span> <span class='ocrx_word' id='word_1_715' title='bbox 1939 4561 2130 4616; x_wconf 89' lang='lat' dir='ltr'><strong>eadem</strong></span> 
     </span>
    </p>
   </div>
   <div class='ocr_carea' id='block_1_93' title="bbox 544 4640 2137 4725">
    <p class='ocr_par' dir='ltr' id='par_1_93' title="bbox 544 4640 2137 4725">
     <span class='ocr_line' id='line_1_93' title="bbox 544 4640 2137 4725; baseline 0.004 -23"><span class='ocrx_word' id='word_1_716' title='bbox 544 4657 701 4703; x_wconf 89' lang='lat' dir='ltr'><strong>nocte</strong></span> <span class='ocrx_word' id='word_1_717' title='bbox 738 4649 791 4702; x_wconf 90' lang='lat' dir='ltr'><strong>in</strong></span> <span class='ocrx_word' id='word_1_718' title='bbox 828 4664 894 4703; x_wconf 92' lang='lat' dir='ltr'><strong>eo</strong></span> <span class='ocrx_word' id='word_1_719' title='bbox 932 4649 1049 4719; x_wconf 92' lang='lat' dir='ltr'><strong>ipso</strong></span> <span class='ocrx_word' id='word_1_720' title='bbox 1096 4650 1315 4705; x_wconf 89' lang='lat' dir='ltr'><strong>vasculo</strong></span> <span class='ocrx_word' id='word_1_721' title='bbox 1340 4651 1524 4706; x_wconf 91' lang='lat' dir='ltr'><strong>vinum</strong></span> <span class='ocrx_word' id='word_1_722' title='bbox 1572 4668 1819 4709; x_wconf 90' lang='lat' dir='ltr'><strong>crescere</strong></span> <span class='ocrx_word' id='word_1_723' title='bbox 1867 4640 2053 4725; x_wconf 88' lang='lat' dir='ltr'><strong>coepit,</strong></span> <span class='ocrx_word' id='word_1_724' title='bbox 2081 4664 2137 4711; x_wconf 92' lang='lat' dir='ltr'><strong>et</strong></span> 
     </span>
    </p>
   </div>
   <div class='ocr_carea' id='block_1_94' title="bbox 545 4738 2135 4814">
    <p class='ocr_par' dir='ltr' id='par_1_94' title="bbox 545 4738 2135 4814">
     <span class='ocr_line' id='line_1_94' title="bbox 545 4738 2135 4814; baseline 0.004 -19"><span class='ocrx_word' id='word_1_725' title='bbox 545 4738 910 4810; x_wconf 80' lang='lat' dir='ltr'><strong>superell&#39;undi</strong></span> <span class='ocrx_word' id='word_1_726' title='bbox 943 4741 1087 4796; x_wconf 91' lang='lat' dir='ltr'><strong>vasis</strong></span> <span class='ocrx_word' id='word_1_727' title='bbox 1126 4742 1367 4812; x_wconf 90' lang='lat' dir='ltr'><strong>margine</strong></span> <span class='ocrx_word' id='word_1_728' title='bbox 1409 4742 1519 4814; x_wconf 81' lang='grc' dir='ltr'><strong>[Μ.</strong></span> <span class='ocrx_word' id='word_1_729' title='bbox 1539 4785 1553 4808; x_wconf 89' lang='grc'><em>,</em></span> <span class='ocrx_word' id='word_1_730' title='bbox 1586 4744 1656 4797; x_wconf 91' lang='lat' dir='ltr'><strong>ita</strong></span> <span class='ocrx_word' id='word_1_731' title='bbox 1686 4752 1747 4798; x_wconf 93' lang='lat' dir='ltr'><strong>ut</strong></span> <span class='ocrx_word' id='word_1_732' title='bbox 1780 4746 2135 4814; x_wconf 88' lang='lat' dir='ltr'><strong>superfunde-</strong></span> 
     </span>
    </p>
   </div>
   <div class='ocr_carea' id='block_1_95' title="bbox 546 4831 2134 4906">
    <p class='ocr_par' dir='ltr' id='par_1_95' title="bbox 546 4831 2134 4906">
     <span class='ocr_line' id='line_1_95' title="bbox 546 4831 2134 4906; baseline 0.004 -22"><span class='ocrx_word' id='word_1_733' title='bbox 546 4840 629 4884; x_wconf 91' lang='lat' dir='ltr'><strong>ret</strong></span> <span class='ocrx_word' id='word_1_734' title='bbox 667 4831 811 4885; x_wconf 88' lang='lat' dir='ltr'><strong>vasis</strong></span> <span class='ocrx_word' id='word_1_735' title='bbox 848 4832 1195 4904; x_wconf 85' lang='lat' dir='ltr'><strong>marginem].</strong></span> <span class='ocrx_word' id='word_1_736' title='bbox 1233 4832 1345 4888; x_wconf 91' lang='lat' dir='ltr'><strong>lloc</strong></span> <span class='ocrx_word' id='word_1_737' title='bbox 1375 4833 1631 4888; x_wconf 90' lang='lat' dir='ltr'><strong>cellarius</strong></span> <span class='ocrx_word' id='word_1_738' title='bbox 1660 4848 1907 4899; x_wconf 90' lang='lat' dir='ltr'><strong>cernens,</strong></span> <span class='ocrx_word' id='word_1_739' title='bbox 1958 4836 2134 4906; x_wconf 88' lang='lat' dir='ltr'><strong>inspe-</strong></span> 
     </span>
    </p>
   </div>
   <div class='ocr_carea' id='block_1_96' title="bbox 547 4923 2132 4997">
    <p class='ocr_par' dir='ltr' id='par_1_96' title="bbox 547 4923 2132 4997">
     <span class='ocr_line' id='line_1_96' title="bbox 547 4923 2132 4997; baseline 0.004 -20"><span class='ocrx_word' id='word_1_740' title='bbox 547 4932 664 4978; x_wconf 89' lang='lat' dir='ltr'><strong>rata</strong></span> <span class='ocrx_word' id='word_1_741' title='bbox 700 4923 1027 4979; x_wconf 86' lang='lat' dir='ltr'><strong>abundantia</strong></span> <span class='ocrx_word' id='word_1_742' title='bbox 1071 4924 1477 4997; x_wconf 85' lang='lat' dir='ltr'><strong>obstupefactus</strong></span> <span class='ocrx_word' id='word_1_743' title='bbox 1505 4935 1607 4991; x_wconf 90' lang='lat' dir='ltr'><strong>est,</strong></span> <span class='ocrx_word' id='word_1_744' title='bbox 1640 4942 1739 4982; x_wconf 90' lang='lat' dir='ltr'><strong>nec</strong></span> <span class='ocrx_word' id='word_1_745' title='bbox 1762 4927 1940 4982; x_wconf 90' lang='lat' dir='ltr'><strong>celare</strong></span> <span class='ocrx_word' id='word_1_746' title='bbox 1968 4930 2132 4984; x_wconf 90' lang='lat' dir='ltr'><strong>aude-</strong></span> 
     </span>
    </p>
   </div>
   <div class='ocr_carea' id='block_1_97' title="bbox 540 5017 2135 5091">
    <p class='ocr_par' dir='ltr' id='par_1_97' title="bbox 540 5017 2135 5091">
     <span class='ocr_line' id='line_1_97' title="bbox 540 5017 2135 5091; baseline 0.005 -20"><span class='ocrx_word' id='word_1_747' title='bbox 540 5017 651 5083; x_wconf 90' lang='lat' dir='ltr'><strong>bat,</strong></span> <span class='ocrx_word' id='word_1_748' title='bbox 703 5020 845 5089; x_wconf 86' lang='lat' dir='ltr'><strong>quod</strong></span> <span class='ocrx_word' id='word_1_749' title='bbox 891 5020 1070 5075; x_wconf 89' lang='lat' dir='ltr'><strong>divina</strong></span> <span class='ocrx_word' id='word_1_750' title='bbox 1115 5020 1487 5075; x_wconf 91' lang='lat' dir='ltr'><strong>misericordia</strong></span> <span class='ocrx_word' id='word_1_751' title='bbox 1526 5036 1625 5091; x_wconf 91' lang='lat' dir='ltr'><strong>per</strong></span> <span class='ocrx_word' id='word_1_752' title='bbox 1653 5022 1794 5076; x_wconf 91' lang='lat' dir='ltr'><strong>servi</strong></span> <span class='ocrx_word' id='word_1_753' title='bbox 1835 5022 1918 5076; x_wconf 91' lang='lat' dir='ltr'><strong>sui</strong></span> <span class='ocrx_word' id='word_1_754' title='bbox 1969 5023 2135 5078; x_wconf 89' lang='lat' dir='ltr'><strong>bene-</strong></span> 
     </span>
    </p>
   </div>
   <div class='ocr_carea' id='block_1_98' title="bbox 539 5111 2128 5182">
    <p class='ocr_par' dir='ltr' id='par_1_98' title="bbox 539 5111 2128 5182">
     <span class='ocr_line' id='line_1_98' title="bbox 539 5111 2128 5182; baseline 0.001 -16"><span class='ocrx_word' id='word_1_755' title='bbox 539 5111 829 5166; x_wconf 90' lang='lat' dir='ltr'><strong>dictionem</strong></span> <span class='ocrx_word' id='word_1_756' title='bbox 857 5113 970 5181; x_wconf 83' lang='lat' dir='ltr'><strong>geri</strong></span> <span class='ocrx_word' id='word_1_757' title='bbox 1001 5115 1380 5182; x_wconf 87' lang='lat' dir='ltr'><strong>cognoscebat.</strong></span> <span class='ocrx_word' id='word_1_758' title='bbox 1400 5112 1651 5167; x_wconf 89' lang='lat' dir='ltr'><strong>Crastino</strong></span> <span class='ocrx_word' id='word_1_759' title='bbox 1682 5130 1839 5169; x_wconf 89' lang='lat' dir='ltr'><strong>mane</strong></span> <span class='ocrx_word' id='word_1_760' title='bbox 1865 5114 2128 5180; x_wconf 88' lang='lat' dir='ltr'><strong>cucurrit,</strong></span> 
     </span>
    </p>
   </div>
   <div class='ocr_carea' id='block_1_99' title="bbox 544 5204 2129 5276">
    <p class='ocr_par' dir='ltr' id='par_1_99' title="bbox 544 5204 2129 5276">
     <span class='ocr_line' id='line_1_99' title="bbox 544 5204 2129 5276; baseline 0.001 -19"><span class='ocrx_word' id='word_1_761' title='bbox 544 5212 600 5257; x_wconf 90' lang='lat' dir='ltr'><strong>et</strong></span> <span class='ocrx_word' id='word_1_762' title='bbox 625 5212 753 5257; x_wconf 89' lang='lat' dir='ltr'><strong>ante</strong></span> <span class='ocrx_word' id='word_1_763' title='bbox 774 5204 939 5273; x_wconf 83' lang='lat' dir='ltr'><strong>pedes</strong></span> <span class='ocrx_word' id='word_1_764' title='bbox 962 5204 1133 5258; x_wconf 87' lang='lat' dir='ltr'><strong>sancti</strong></span> <span class='ocrx_word' id='word_1_765' title='bbox 1161 5204 1339 5260; x_wconf 89' lang='lat' dir='ltr'><strong>Patris</strong></span> <span class='ocrx_word' id='word_1_766' title='bbox 1367 5220 1425 5260; x_wconf 88' lang='lat' dir='ltr'><strong>se</strong></span> <span class='ocrx_word' id='word_1_767' title='bbox 1456 5214 1804 5276; x_wconf 88' lang='lat' dir='ltr'><strong>prosternens</strong></span> <span class='ocrx_word' id='word_1_768' title='bbox 1834 5205 2129 5260; x_wconf 83' lang='lat' dir='ltr'><strong>confiteba-</strong></span> 
     </span>
    </p>
   </div>
   <div class='ocr_carea' id='block_1_100' title="bbox 544 5296 2129 5367">
    <p class='ocr_par' dir='ltr' id='par_1_100' title="bbox 544 5296 2129 5367">
     <span class='ocr_line' id='line_1_100' title="bbox 544 5296 2129 5367; baseline 0.002 -18"><span class='ocrx_word' id='word_1_769' title='bbox 544 5303 632 5350; x_wconf 94' lang='lat' dir='ltr'><strong>tur</strong></span> <span class='ocrx_word' id='word_1_770' title='bbox 659 5297 785 5365; x_wconf 90' lang='lat' dir='ltr'><strong>quid</strong></span> <span class='ocrx_word' id='word_1_771' title='bbox 815 5296 1059 5352; x_wconf 89' lang='lat' dir='ltr'><strong>vidisset.</strong></span> <span class='ocrx_word' id='word_1_772' title='bbox 1087 5298 1187 5364; x_wconf 89' lang='lat' dir='ltr'><strong>Qui</strong></span> <span class='ocrx_word' id='word_1_773' title='bbox 1219 5314 1369 5352; x_wconf 87' lang='lat' dir='ltr'><strong>more</strong></span> <span class='ocrx_word' id='word_1_774' title='bbox 1393 5296 1553 5353; x_wconf 85' lang='lat' dir='ltr'><strong>solito</strong></span> <span class='ocrx_word' id='word_1_775' title='bbox 1581 5297 1692 5350; x_wconf 89' lang='lat' dir='ltr'><strong>Deo</strong></span> <span class='ocrx_word' id='word_1_776' title='bbox 1721 5297 1922 5366; x_wconf 86' lang='lat' dir='ltr'><strong>gratias</strong></span> <span class='ocrx_word' id='word_1_777' title='bbox 1945 5312 2129 5367; x_wconf 86' lang='lat' dir='ltr'><strong>agens,</strong></span> 
     </span>
    </p>
   </div>
   <div class='ocr_carea' id='block_1_101' title="bbox 613 5408 2131 5481">
    <p class='ocr_par' dir='ltr' id='par_1_101' title="bbox 613 5408 2131 5481">
     <span class='ocr_line' id='line_1_101' title="bbox 613 5408 2131 5481; baseline 0.001 -19"><span class='ocrx_word' id='word_1_778' title='bbox 613 5408 970 5481; x_wconf 49' lang='lat' dir='ltr'><strong>ebulcissimi</strong></span> <span class='ocrx_word' id='word_1_779' title='bbox 992 5411 1194 5481; x_wconf 86' lang='lat' dir='ltr'><strong>saporis</strong></span> <span class='ocrx_word' id='word_1_780' title='bbox 1214 5412 1441 5481; x_wconf 81' lang='lat' dir='ltr'><strong>fossam.</strong></span> <span class='ocrx_word' id='word_1_781' title='bbox 1477 5428 1494 5457; x_wconf 74' lang='grc' dir='ltr'><strong>ε</strong></span> <span class='ocrx_word' id='word_1_782' title='bbox 1526 5410 1726 5463; x_wconf 83' lang='lat' dir='ltr'><strong>Eadem</strong></span> <span class='ocrx_word' id='word_1_783' title='bbox 1758 5410 2018 5473; x_wconf 89' lang='lat' dir='ltr'><strong>cisterna,</strong></span> <span class='ocrx_word' id='word_1_784' title='bbox 2046 5409 2131 5481; x_wconf 87' lang='lat' dir='ltr'><strong>in-</strong></span> 
     </span>
    </p>
   </div>
   <div class='ocr_carea' id='block_1_102' title="bbox 542 5478 2132 5548">
    <p class='ocr_par' dir='ltr' id='par_1_102' title="bbox 542 5478 2132 5548">
     <span class='ocr_line' id='line_1_102' title="bbox 542 5478 2132 5548; baseline 0 -15"><span class='ocrx_word' id='word_1_785' title='bbox 542 5480 662 5548; x_wconf 87' lang='lat' dir='ltr'><strong>quit</strong></span> <span class='ocrx_word' id='word_1_786' title='bbox 704 5478 857 5535; x_wconf 86' lang='lat' dir='ltr'><strong>Joan.</strong></span> <span class='ocrx_word' id='word_1_787' title='bbox 906 5478 1061 5535; x_wconf 47' lang='lat' dir='ltr'><strong>Beka&#39;</strong></span> <span class='ocrx_word' id='word_1_788' title='bbox 1099 5482 1150 5534; x_wconf 91' lang='lat' dir='ltr'><strong>in</strong></span> <span class='ocrx_word' id='word_1_789' title='bbox 1197 5478 1396 5535; x_wconf 87' lang='lat' dir='ltr'><strong>Chron.</strong></span> <span class='ocrx_word' id='word_1_790' title='bbox 1450 5496 1589 5533; x_wconf 89' lang='lat' dir='ltr'><strong>nunc</strong></span> <span class='ocrx_word' id='word_1_791' title='bbox 1639 5481 1692 5533; x_wconf 90' lang='lat' dir='ltr'><strong>in</strong></span> <span class='ocrx_word' id='word_1_792' title='bbox 1742 5481 2017 5534; x_wconf 79' lang='lat' dir='ltr'><strong>territorio</strong></span> <span class='ocrx_word' id='word_1_793' title='bbox 2066 5480 2132 5533; x_wconf 89' lang='lat' dir='ltr'><strong>de</strong></span> 
     </span>
    </p>
   </div>
   <div class='ocr_carea' id='block_1_103' title="bbox 542 5550 2131 5622">
    <p class='ocr_par' dir='ltr' id='par_1_103' title="bbox 542 5550 2131 5622">
     <span class='ocr_line' id='line_1_103' title="bbox 542 5550 2131 5622; baseline -0.001 -18"><span class='ocrx_word' id='word_1_794' title='bbox 542 5550 855 5622; x_wconf 71' lang='lat' dir='ltr'><strong>lleylingelo</strong></span> <span class='ocrx_word' id='word_1_795' title='bbox 880 5561 1127 5620; x_wconf 80' lang='lat' dir='ltr'><strong>patenter</strong></span> <span class='ocrx_word' id='word_1_796' title='bbox 1157 5553 1483 5622; x_wconf 85' lang='lat' dir='ltr'><strong>ostenditur,</strong></span> <span class='ocrx_word' id='word_1_797' title='bbox 1524 5567 1643 5619; x_wconf 55' lang='lat' dir='ltr'><strong>quae,</strong></span> <span class='ocrx_word' id='word_1_798' title='bbox 1667 5551 1735 5603; x_wconf 88' lang='lat' dir='ltr'><strong>ab</strong></span> <span class='ocrx_word' id='word_1_799' title='bbox 1763 5550 2131 5622; x_wconf 73' lang='lat' dir='ltr'><strong>inquilinisil-</strong></span> 
     </span>
    </p>
   </div>
   <div class='ocr_carea' id='block_1_104' title="bbox 543 5619 2132 5691">
    <p class='ocr_par' dir='ltr' id='par_1_104' title="bbox 543 5619 2132 5691">
     <span class='ocr_line' id='line_1_104' title="bbox 543 5619 2132 5691; baseline 0 -16"><span class='ocrx_word' id='word_1_800' title='bbox 543 5619 1020 5677; x_wconf 25' lang='lat' dir='ltr'><strong>lic’habitantibus</strong></span> <span class='ocrx_word' id='word_1_801' title='bbox 1059 5621 1316 5675; x_wconf 80' lang='lat' dir='ltr'><strong>modein</strong></span> <span class='ocrx_word' id='word_1_802' title='bbox 1354 5632 1591 5691; x_wconf 78' lang='lat' dir='ltr'><strong>tempore</strong></span> <span class='ocrx_word' id='word_1_803' title='bbox 1629 5622 1828 5674; x_wconf 78' lang='lat' dir='ltr'><strong>l&#39;uteus</strong></span> <span class='ocrx_word' id='word_1_804' title='bbox 1857 5620 1913 5675; x_wconf 87' lang='lat' dir='ltr'><strong>S.</strong></span> <span class='ocrx_word' id='word_1_805' title='bbox 1957 5620 2132 5675; x_wconf 88' lang='lat' dir='ltr'><strong>Willi-</strong></span> 
     </span>
    </p>
   </div>
   <div class='ocr_carea' id='block_1_105' title="bbox 544 5690 1291 5747">
    <p class='ocr_par' dir='ltr' id='par_1_105' title="bbox 544 5690 1291 5747">
     <span class='ocr_line' id='line_1_105' title="bbox 544 5690 1291 5747; baseline 0.004 -4"><span class='ocrx_word' id='word_1_806' title='bbox 544 5690 724 5745; x_wconf 89' lang='lat' dir='ltr'><strong>brordi</strong></span> <span class='ocrx_word' id='word_1_807' title='bbox 753 5693 971 5746; x_wconf 89' lang='lat' dir='ltr'><strong>dicitur.</strong></span> <span class='ocrx_word' id='word_1_808' title='bbox 1011 5713 1027 5744; x_wconf 75' lang='grc' dir='ltr'><strong><em>ι</em></strong></span> <span class='ocrx_word' id='word_1_809' title='bbox 1067 5692 1291 5747; x_wconf 55' lang='lat' dir='ltr'><strong>Marum”</strong></span> 
     </span>
    </p>
   </div>
   <div class='ocr_carea' id='block_1_106' title="bbox 617 5761 2127 5833">
    <p class='ocr_par' dir='ltr' id='par_1_106' title="bbox 617 5761 2127 5833">
     <span class='ocr_line' id='line_1_106' title="bbox 617 5761 2127 5833; baseline 0.001 -17"><span class='ocrx_word' id='word_1_810' title='bbox 617 5762 644 5801; x_wconf 73' lang='grc' dir='ltr'>δ</span> <span class='ocrx_word' id='word_1_811' title='bbox 672 5761 908 5817; x_wconf 76' lang='lat' dir='ltr'><strong>Modicos</strong></span> <span class='ocrx_word' id='word_1_812' title='bbox 932 5764 1208 5832; x_wconf 67' lang='lat' dir='ltr'><strong>ﬂaccoues.</strong></span> <span class='ocrx_word' id='word_1_813' title='bbox 1245 5764 1402 5833; x_wconf 86' lang='lat' dir='ltr'><strong>Apud</strong></span> <span class='ocrx_word' id='word_1_814' title='bbox 1436 5762 1821 5828; x_wconf 82' lang='lat' dir='ltr'><strong>Mabillouium,</strong></span> <span class='ocrx_word' id='word_1_815' title='bbox 1869 5762 2127 5831; x_wconf 81' lang='lat' dir='ltr'><strong>modicas,</strong></span> 
     </span>
    </p>
   </div>
   <div class='ocr_carea' id='block_1_107' title="bbox 2235 4563 3842 4636">
    <p class='ocr_par' dir='ltr' id='par_1_107' title="bbox 2235 4563 3842 4636">
     <span class='ocr_line' id='line_1_107' title="bbox 2235 4563 3842 4636; baseline 0.002 -18"><span class='ocrx_word' id='word_1_816' title='bbox 2235 4573 2405 4619; x_wconf 89' lang='lat' dir='ltr'><strong>tuam.</strong></span> <span class='ocrx_word' id='word_1_817' title='bbox 2442 4584 2460 4616; x_wconf 74' lang='grc' dir='ltr'><strong><em>ι</em></strong></span> <span class='ocrx_word' id='word_1_818' title='bbox 2495 4563 2583 4618; x_wconf 91' lang='lat' dir='ltr'><strong>llle</strong></span> <span class='ocrx_word' id='word_1_819' title='bbox 2609 4573 2789 4619; x_wconf 91' lang='lat' dir='ltr'><strong>autem</strong></span> <span class='ocrx_word' id='word_1_820' title='bbox 2831 4564 2884 4618; x_wconf 94' lang='lat' dir='ltr'><strong>in</strong></span> <span class='ocrx_word' id='word_1_821' title='bbox 2915 4564 3120 4619; x_wconf 90' lang='lat' dir='ltr'><strong>malitia</strong></span> <span class='ocrx_word' id='word_1_822' title='bbox 3149 4566 3421 4636; x_wconf 86' lang='lat' dir='ltr'><strong>pertinax,</strong></span> <span class='ocrx_word' id='word_1_823' title='bbox 3453 4566 3650 4622; x_wconf 88' lang='lat' dir='ltr'><strong>nolens</strong></span> <span class='ocrx_word' id='word_1_824' title='bbox 3684 4567 3842 4636; x_wconf 85' lang='lat' dir='ltr'><strong>paci-</strong></span> 
     </span>
    </p>
   </div>
   <div class='ocr_carea' id='block_1_108' title="bbox 2236 4654 3843 4728">
    <p class='ocr_par' dir='ltr' id='par_1_108' title="bbox 2236 4654 3843 4728">
     <span class='ocr_line' id='line_1_108' title="bbox 2236 4654 3843 4728; baseline 0.002 -20"><span class='ocrx_word' id='word_1_825' title='bbox 2236 4656 2352 4710; x_wconf 80' lang='lat' dir='ltr'><strong>ficis</strong></span> <span class='ocrx_word' id='word_1_826' title='bbox 2379 4655 2482 4709; x_wconf 88' lang='lat' dir='ltr'><strong>viri</strong></span> <span class='ocrx_word' id='word_1_827' title='bbox 2514 4655 2607 4709; x_wconf 87' lang='lat' dir='ltr'><strong>Dei</strong></span> <span class='ocrx_word' id='word_1_828' title='bbox 2635 4654 2818 4711; x_wconf 88' lang='lat' dir='ltr'><strong>verbis</strong></span> <span class='ocrx_word' id='word_1_829' title='bbox 2858 4656 3226 4725; x_wconf 90' lang='lat' dir='ltr'><strong>acquiescere,</strong></span> <span class='ocrx_word' id='word_1_830' title='bbox 3268 4656 3362 4712; x_wconf 91' lang='lat' dir='ltr'><strong>sed</strong></span> <span class='ocrx_word' id='word_1_831' title='bbox 3402 4657 3658 4711; x_wconf 81' lang='lat' dir='ltr'><strong>convicia</strong></span> <span class='ocrx_word' id='word_1_832' title='bbox 3692 4660 3843 4728; x_wconf 76' lang='lat' dir='ltr'><strong>inge-</strong></span> 
     </span>
    </p>
   </div>
   <div class='ocr_carea' id='block_1_109' title="bbox 2235 4747 3842 4817">
    <p class='ocr_par' dir='ltr' id='par_1_109' title="bbox 2235 4747 3842 4817">
     <span class='ocr_line' id='line_1_109' title="bbox 2235 4747 3842 4817; baseline 0.002 -17"><span class='ocrx_word' id='word_1_833' title='bbox 2235 4748 2465 4809; x_wconf 88' lang='lat' dir='ltr'><strong>minans,</strong></span> <span class='ocrx_word' id='word_1_834' title='bbox 2497 4747 2785 4817; x_wconf 88' lang='lat' dir='ltr'><strong>cpprobria</strong></span> <span class='ocrx_word' id='word_1_835' title='bbox 2812 4747 3096 4817; x_wconf 87' lang='lat' dir='ltr'><strong>jaculans:</strong></span> <span class='ocrx_word' id='word_1_836' title='bbox 3138 4765 3158 4797; x_wconf 85' lang='grc'><em>‹</em></span> <span class='ocrx_word' id='word_1_837' title='bbox 3188 4747 3269 4802; x_wconf 88' lang='lat' dir='ltr'><strong>Tu</strong></span> <span class='ocrx_word' id='word_1_838' title='bbox 3315 4763 3422 4813; x_wconf 92' lang='lat' dir='ltr'><strong>me,</strong></span> <span class='ocrx_word' id='word_1_839' title='bbox 3460 4749 3662 4817; x_wconf 85' lang='lat' dir='ltr'><strong>inquit,</strong></span> <span class='ocrx_word' id='word_1_840' title='bbox 3708 4750 3842 4804; x_wconf 63' lang='lat' dir='ltr'><strong>hor.</strong></span> 
     </span>
    </p>
   </div>
   <div class='ocr_carea' id='block_1_110' title="bbox 2235 4838 3847 4909">
    <p class='ocr_par' dir='ltr' id='par_1_110' title="bbox 2235 4838 3847 4909">
     <span class='ocr_line' id='line_1_110' title="bbox 2235 4838 3847 4909; baseline 0.002 -16"><span class='ocrx_word' id='word_1_841' title='bbox 2235 4839 2369 4893; x_wconf 87' lang='lat' dir='ltr'><strong>taris</strong></span> <span class='ocrx_word' id='word_1_842' title='bbox 2399 4839 2603 4904; x_wconf 90' lang='lat' dir='ltr'><strong>bibere,</strong></span> <span class='ocrx_word' id='word_1_843' title='bbox 2631 4846 2685 4893; x_wconf 91' lang='lat' dir='ltr'><strong>et</strong></span> <span class='ocrx_word' id='word_1_844' title='bbox 2705 4854 2894 4909; x_wconf 82' lang='lat' dir='ltr'><strong>pacem</strong></span> <span class='ocrx_word' id='word_1_845' title='bbox 2920 4854 3095 4894; x_wconf 77' lang='lat' dir='ltr'><strong>tecum</strong></span> <span class='ocrx_word' id='word_1_846' title='bbox 3140 4838 3281 4895; x_wconf 90' lang='lat' dir='ltr'><strong>inire</strong></span> <span class='ocrx_word' id='word_1_847' title='bbox 3315 4859 3327 4894; x_wconf 93' lang='lat'>:</span> <span class='ocrx_word' id='word_1_848' title='bbox 3355 4841 3495 4895; x_wconf 89' lang='lat' dir='ltr'><strong>scito</strong></span> <span class='ocrx_word' id='word_1_849' title='bbox 3523 4842 3847 4897; x_wconf 82' lang='lat' dir='ltr'><strong>certissime</strong></span> 
     </span>
    </p>
   </div>
   <div class='ocr_carea' id='block_1_111' title="bbox 2233 4928 3840 5000">
    <p class='ocr_par' dir='ltr' id='par_1_111' title="bbox 2233 4928 3840 5000">
     <span class='ocr_line' id='line_1_111' title="bbox 2233 4928 3840 5000; baseline 0.002 -17"><span class='ocrx_word' id='word_1_850' title='bbox 2233 4931 2378 4999; x_wconf 88' lang='lat' dir='ltr'><strong>quod</strong></span> <span class='ocrx_word' id='word_1_851' title='bbox 2412 4938 2590 4984; x_wconf 90' lang='lat' dir='ltr'><strong>tecum</strong></span> <span class='ocrx_word' id='word_1_852' title='bbox 2620 4929 2805 4983; x_wconf 89' lang='lat' dir='ltr'><strong>bibere</strong></span> <span class='ocrx_word' id='word_1_853' title='bbox 2847 4945 2946 5000; x_wconf 90' lang='lat' dir='ltr'><strong>pro</strong></span> <span class='ocrx_word' id='word_1_854' title='bbox 2986 4928 3155 4985; x_wconf 89' lang='lat' dir='ltr'><strong>nihilo</strong></span> <span class='ocrx_word' id='word_1_855' title='bbox 3192 4930 3388 4986; x_wconf 89' lang='lat' dir='ltr'><strong>habeo.</strong></span> <span class='ocrx_word' id='word_1_856' title='bbox 3426 4952 3444 4983; x_wconf 73' lang='grc' dir='ltr'><strong><em>ι</em></strong></span> <span class='ocrx_word' id='word_1_857' title='bbox 3480 4932 3840 5000; x_wconf 78' lang='lat' dir='ltr'><strong>Rapiensque</strong></span> 
     </span>
    </p>
   </div>
   <div class='ocr_carea' id='block_1_112' title="bbox 2233 5018 3843 5088">
    <p class='ocr_par' dir='ltr' id='par_1_112' title="bbox 2233 5018 3843 5088">
     <span class='ocr_line' id='line_1_112' title="bbox 2233 5018 3843 5088; baseline 0.001 -13"><span class='ocrx_word' id='word_1_858' title='bbox 2233 5035 2300 5075; x_wconf 85' lang='lat' dir='ltr'><strong>ex</strong></span> <span class='ocrx_word' id='word_1_859' title='bbox 2330 5018 2446 5088; x_wconf 90' lang='lat' dir='ltr'><strong>ejus</strong></span> <span class='ocrx_word' id='word_1_860' title='bbox 2475 5035 2569 5075; x_wconf 91' lang='lat' dir='ltr'><strong>ore</strong></span> <span class='ocrx_word' id='word_1_861' title='bbox 2597 5020 2825 5074; x_wconf 87' lang='lat' dir='ltr'><strong>verbum</strong></span> <span class='ocrx_word' id='word_1_862' title='bbox 2855 5020 2958 5074; x_wconf 90' lang='lat' dir='ltr'><strong>hoc</strong></span> <span class='ocrx_word' id='word_1_863' title='bbox 2983 5020 3067 5076; x_wconf 88' lang='lat' dir='ltr'><strong>vir</strong></span> <span class='ocrx_word' id='word_1_864' title='bbox 3095 5020 3190 5075; x_wconf 92' lang='lat' dir='ltr'><strong>Dei</strong></span> <span class='ocrx_word' id='word_1_865' title='bbox 3223 5040 3235 5074; x_wconf 88' lang='lat'>:</span> <span class='ocrx_word' id='word_1_866' title='bbox 3270 5040 3288 5072; x_wconf 76' lang='grc' dir='ltr'>ί</span> <span class='ocrx_word' id='word_1_867' title='bbox 3328 5020 3387 5075; x_wconf 90' lang='lat' dir='ltr'><strong>Si</strong></span> <span class='ocrx_word' id='word_1_868' title='bbox 3411 5037 3519 5076; x_wconf 86' lang='lat' dir='ltr'><strong>non</strong></span> <span class='ocrx_word' id='word_1_869' title='bbox 3546 5022 3708 5086; x_wconf 88' lang='lat' dir='ltr'><strong>velis,</strong></span> <span class='ocrx_word' id='word_1_870' title='bbox 3736 5022 3843 5088; x_wconf 76' lang='lat' dir='ltr'><strong>ait,</strong></span> 
     </span>
    </p>
   </div>
   <div class='ocr_carea' id='block_1_113' title="bbox 2234 5111 3845 5184">
    <p class='ocr_par' dir='ltr' id='par_1_113' title="bbox 2234 5111 3845 5184">
     <span class='ocr_line' id='line_1_113' title="bbox 2234 5111 3845 5184; baseline 0.003 -19"><span class='ocrx_word' id='word_1_871' title='bbox 2234 5127 2445 5165; x_wconf 89' lang='lat' dir='ltr'><strong>mecum</strong></span> <span class='ocrx_word' id='word_1_872' title='bbox 2475 5112 2682 5177; x_wconf 86' lang='lat' dir='ltr'><strong>bibere,</strong></span> <span class='ocrx_word' id='word_1_873' title='bbox 2710 5128 2817 5167; x_wconf 94' lang='lat' dir='ltr'><strong>non</strong></span> <span class='ocrx_word' id='word_1_874' title='bbox 2843 5111 2986 5167; x_wconf 91' lang='lat' dir='ltr'><strong>bibe.</strong></span> <span class='ocrx_word' id='word_1_875' title='bbox 3014 5133 3032 5165; x_wconf 72' lang='grc' dir='ltr'><strong><em>ι</em></strong></span> <span class='ocrx_word' id='word_1_876' title='bbox 3068 5112 3135 5167; x_wconf 86' lang='lat' dir='ltr'><strong>Et</strong></span> <span class='ocrx_word' id='word_1_877' title='bbox 3159 5114 3347 5169; x_wconf 87' lang='lat' dir='ltr'><strong>statim</strong></span> <span class='ocrx_word' id='word_1_878' title='bbox 3387 5124 3603 5184; x_wconf 80' lang='lat' dir='ltr'><strong>paratis</strong></span> <span class='ocrx_word' id='word_1_879' title='bbox 3646 5116 3845 5181; x_wconf 85' lang='lat' dir='ltr'><strong>sociis,</strong></span> 
     </span>
    </p>
   </div>
   <div class='ocr_carea' id='block_1_114' title="bbox 2232 5203 3847 5277">
    <p class='ocr_par' dir='ltr' id='par_1_114' title="bbox 2232 5203 3847 5277">
     <span class='ocr_line' id='line_1_114' title="bbox 2232 5203 3847 5277; baseline 0.004 -18"><span class='ocrx_word' id='word_1_880' title='bbox 2232 5204 2471 5276; x_wconf 82' lang='lat' dir='ltr'><strong>perrexit</strong></span> <span class='ocrx_word' id='word_1_881' title='bbox 2501 5203 2642 5258; x_wconf 91' lang='lat' dir='ltr'><strong>viam</strong></span> <span class='ocrx_word' id='word_1_882' title='bbox 2686 5220 2858 5258; x_wconf 89' lang='lat' dir='ltr'><strong>suam.</strong></span> <span class='ocrx_word' id='word_1_883' title='bbox 2888 5204 2981 5259; x_wconf 91' lang='lat' dir='ltr'><strong>llle</strong></span> <span class='ocrx_word' id='word_1_884' title='bbox 3008 5221 3223 5277; x_wconf 86' lang='lat' dir='ltr'><strong>quoque</strong></span> <span class='ocrx_word' id='word_1_885' title='bbox 3262 5213 3574 5271; x_wconf 82' lang='lat' dir='ltr'><strong>contumax,</strong></span> <span class='ocrx_word' id='word_1_886' title='bbox 3609 5209 3847 5266; x_wconf 82' lang='lat' dir='ltr'><strong>domum</strong></span> 
     </span>
    </p>
   </div>
   <div class='ocr_carea' id='block_1_115' title="bbox 2234 5293 3846 5372">
    <p class='ocr_par' dir='ltr' id='par_1_115' title="bbox 2234 5293 3846 5372">
     <span class='ocr_line' id='line_1_115' title="bbox 2234 5293 3846 5372; baseline 0.005 -23"><span class='ocrx_word' id='word_1_887' title='bbox 2234 5310 2388 5349; x_wconf 91' lang='lat' dir='ltr'><strong>suam</strong></span> <span class='ocrx_word' id='word_1_888' title='bbox 2410 5293 2701 5350; x_wconf 87' lang='lat' dir='ltr'><strong>festinabat</strong></span> <span class='ocrx_word' id='word_1_889' title='bbox 2728 5296 2900 5362; x_wconf 86' lang='lat' dir='ltr'><strong>adire,</strong></span> <span class='ocrx_word' id='word_1_890' title='bbox 2932 5298 3027 5352; x_wconf 90' lang='lat' dir='ltr'><strong>sed</strong></span> <span class='ocrx_word' id='word_1_891' title='bbox 3058 5307 3202 5353; x_wconf 91' lang='lat' dir='ltr'><strong>totus</strong></span> <span class='ocrx_word' id='word_1_892' title='bbox 3240 5299 3420 5353; x_wconf 91' lang='lat' dir='ltr'><strong>subito</strong></span> <span class='ocrx_word' id='word_1_893' title='bbox 3447 5300 3538 5355; x_wconf 90' lang='lat' dir='ltr'><strong>siti</strong></span> <span class='ocrx_word' id='word_1_894' title='bbox 3566 5302 3846 5372; x_wconf 79' lang='lat' dir='ltr'><strong>ardebat;</strong></span> 
     </span>
    </p>
   </div>
   <div class='ocr_carea' id='block_1_116' title="bbox 2233 5413 3854 5487">
    <p class='ocr_par' dir='ltr' id='par_1_116' title="bbox 2233 5413 3854 5487">
     <span class='ocr_line' id='line_1_116' title="bbox 2233 5413 3854 5487; baseline 0.003 -18"><span class='ocrx_word' id='word_1_895' title='bbox 2233 5429 2429 5486; x_wconf 89' lang='lat' dir='ltr'><strong>genere</strong></span> <span class='ocrx_word' id='word_1_896' title='bbox 2461 5413 2743 5487; x_wconf 83' lang='lat' dir='ltr'><strong>feminino,</strong></span> <span class='ocrx_word' id='word_1_897' title='bbox 2790 5429 2900 5487; x_wconf 86' lang='lat' dir='ltr'><strong>quo</strong></span> <span class='ocrx_word' id='word_1_898' title='bbox 2926 5430 3028 5469; x_wconf 83' lang='lat' dir='ltr'><strong>vox</strong></span> <span class='ocrx_word' id='word_1_899' title='bbox 3056 5417 3217 5484; x_wconf 82' lang='lat' dir='ltr'><strong>ﬂaseo</strong></span> <span class='ocrx_word' id='word_1_900' title='bbox 3254 5415 3451 5472; x_wconf 91' lang='lat' dir='ltr'><strong>ibidem</strong></span> <span class='ocrx_word' id='word_1_901' title='bbox 3495 5433 3718 5487; x_wconf 84' lang='lat' dir='ltr'><strong>semper</strong></span> <span class='ocrx_word' id='word_1_902' title='bbox 3746 5434 3854 5474; x_wconf 69' lang='lat' dir='ltr'><strong>su-</strong></span> 
     </span>
    </p>
   </div>
   <div class='ocr_carea' id='block_1_117' title="bbox 2235 5484 3855 5558">
    <p class='ocr_par' dir='ltr' id='par_1_117' title="bbox 2235 5484 3855 5558">
     <span class='ocr_line' id='line_1_117' title="bbox 2235 5484 3855 5558; baseline 0.005 -19"><span class='ocrx_word' id='word_1_903' title='bbox 2235 5484 2421 5558; x_wconf 77' lang='lat' dir='ltr'><strong>mitur,</strong></span> <span class='ocrx_word' id='word_1_904' title='bbox 2446 5499 2514 5538; x_wconf 87' lang='lat' dir='ltr'><strong>an</strong></span> <span class='ocrx_word' id='word_1_905' title='bbox 2539 5485 2605 5539; x_wconf 88' lang='lat' dir='ltr'><strong>ab</strong></span> <span class='ocrx_word' id='word_1_906' title='bbox 2631 5486 2751 5558; x_wconf 74' lang='lat' dir='ltr'><strong>ipso</strong></span> <span class='ocrx_word' id='word_1_907' title='bbox 2771 5484 3023 5558; x_wconf 48' lang='lat' dir='ltr'><strong>Alcuino,</strong></span> <span class='ocrx_word' id='word_1_908' title='bbox 3061 5502 3128 5539; x_wconf 89' lang='lat' dir='ltr'><strong>an</strong></span> <span class='ocrx_word' id='word_1_909' title='bbox 3172 5503 3235 5541; x_wconf 81' lang='lat' dir='ltr'><strong>ex</strong></span> <span class='ocrx_word' id='word_1_910' title='bbox 3268 5489 3473 5541; x_wconf 86' lang='lat' dir='ltr'><strong>incuria</strong></span> <span class='ocrx_word' id='word_1_911' title='bbox 3502 5484 3805 5558; x_wconf 77' lang='lat' dir='ltr'><strong>scriptoris</strong></span> <span class='ocrx_word' id='word_1_912' title='bbox 3824 5490 3855 5547; x_wconf 74' lang='lat'><strong>?</strong></span> 
     </span>
    </p>
   </div>
   <div class='ocr_carea' id='block_1_118' title="bbox 2233 5555 3847 5628">
    <p class='ocr_par' dir='ltr' id='par_1_118' title="bbox 2233 5555 3847 5628">
     <span class='ocr_line' id='line_1_118' title="bbox 2233 5555 3847 5628; baseline 0.005 -19"><span class='ocrx_word' id='word_1_913' title='bbox 2233 5556 2460 5611; x_wconf 86' lang='lat' dir='ltr'><strong>Codices</strong></span> <span class='ocrx_word' id='word_1_914' title='bbox 2504 5555 2977 5628; x_wconf 22' lang='lat' dir='ltr'><strong>certehdill&#39;erunt,</strong></span> <span class='ocrx_word' id='word_1_915' title='bbox 3027 5566 3189 5627; x_wconf 88' lang='lat' dir='ltr'><strong>prout</strong></span> <span class='ocrx_word' id='word_1_916' title='bbox 3234 5567 3384 5628; x_wconf 75' lang='lat' dir='ltr'><strong>patet</strong></span> <span class='ocrx_word' id='word_1_917' title='bbox 3429 5575 3493 5612; x_wconf 80' lang='lat' dir='ltr'><strong>ex</strong></span> <span class='ocrx_word' id='word_1_918' title='bbox 3548 5555 3650 5612; x_wconf 76' lang='lat' dir='ltr'><strong>hac</strong></span> <span class='ocrx_word' id='word_1_919' title='bbox 3695 5562 3847 5617; x_wconf 73' lang='lat' dir='ltr'><strong>edit.</strong></span> 
     </span>
    </p>
   </div>
   <div class='ocr_carea' id='block_1_119' title="bbox 2234 5625 3855 5692">
    <p class='ocr_par' dir='ltr' id='par_1_119' title="bbox 2234 5625 3855 5692">
     <span class='ocr_line' id='line_1_119' title="bbox 2234 5625 3855 5692; baseline 0.006 -12"><span class='ocrx_word' id='word_1_920' title='bbox 2234 5627 2581 5692; x_wconf 82' lang='lat' dir='ltr'><strong>Qucrcetani.</strong></span> <span class='ocrx_word' id='word_1_921' title='bbox 2631 5626 2753 5682; x_wconf 75' lang='lat' dir='ltr'><strong>Vid.</strong></span> <span class='ocrx_word' id='word_1_922' title='bbox 2794 5628 2939 5684; x_wconf 85' lang='lat' dir='ltr'><strong>hanc</strong></span> <span class='ocrx_word' id='word_1_923' title='bbox 2966 5625 3153 5684; x_wconf 89' lang='lat' dir='ltr'><strong>vocem</strong></span> <span class='ocrx_word' id='word_1_924' title='bbox 3190 5625 3249 5684; x_wconf 81' lang='lat' dir='ltr'><strong>in</strong></span> <span class='ocrx_word' id='word_1_925' title='bbox 3287 5625 3567 5685; x_wconf 85' lang='lat' dir='ltr'><strong>Glossario</strong></span> <span class='ocrx_word' id='word_1_926' title='bbox 3615 5630 3676 5684; x_wconf 92' lang='lat' dir='ltr'><strong>D.</strong></span> <span class='ocrx_word' id='word_1_927' title='bbox 3730 5631 3855 5689; x_wconf 84' lang='lat' dir='ltr'><strong>Du-</strong></span> 
     </span>
    </p>
   </div>
   <div class='ocr_carea' id='block_1_120' title="bbox 2234 5713 2419 5767">
    <p class='ocr_par' dir='ltr' id='par_1_120' title="bbox 2234 5713 2419 5767">
     <span class='ocr_line' id='line_1_120' title="bbox 2234 5713 2419 5767; baseline -0.005 -15"><span class='ocrx_word' id='word_1_928' title='bbox 2234 5713 2419 5767; x_wconf 77' lang='lat' dir='ltr'><strong>caiige.</strong></span> 
     </span>
    </p>
   </div>
  </div>
