4044 6340
410 5512 411 5515 η
490 5474 698 5519 certum
735 5475 817 5518 est
854 5481 921 5519 ex
958 5466 1114 5534 epist.

538 190 642 253 707

1393 184 1453 253 Β.
1493 185 1556 240 F.
1593 185 1821 255 ALBINI
1863 186 1995 244 SEU
2034 186 2313 255 ALCUIM
2351 188 2634 247 OPERUM
2674 188 2852 245 PARS
2888 188 2952 244 V.

3696 180 3805 261 ιω

533 317 651 375 stro
683 305 937 379 prosequi
983 304 1145 377 style,
1176 274 1321 375 quod
1361 304 1529 373 totius
1574 304 1754 375 populi
1804 305 2112 371 testimonio
2144 310 2191 381 Α
2218 306 2289 361 tis
2314 307 2603 363 aedificavit
2632 318 2688 365 et
2720 310 3010 366 dedicavit.
3064 307 3173 366 Sed
3207 319 3264 367 et
3311 314 3437 373 miri
3467 315 3652 372 odoris
3696 318 3805 375 fra-

533 396 936 469 comprpbatur.
960 393 1129 459 Porro
1171 393 1287 463 ejus
1319 403 1531 449 secreta
1575 394 1919 451 conversatio
1946 395 2001 448 in
2030 393 2112 448 vi-

535 464 679 561 giliis
703 464 757 544 (ἐι
809 486 1166 557 orationibus,
1208 487 1263 543 in
1304 485 1524 556 jejuuiis
1572 495 1626 549 et
1649 486 1993 556 psalmodiis,
2044 500 2111 540 ex

534 583 659 641 vita:
686 581 973 651 sanctitate
1010 588 1064 637 et
1100 580 1379 650 signorum
1407 580 1715 647 ostensione
1744 579 1967 649 intelligi
2017 578 2113 633 da-

535 683 642 731 tur.
693 672 1024 735 Charitatem
1079 670 1287 725 scilicet
1336 670 1585 729 assiduus
1626 670 1779 725 labor
1834 669 2105 735 ostendit,

451 806 458 812 .
534 780 692 835 quem
715 764 955 834 quotidie
980 778 1080 833 pro
1095 762 1298 821 Christi
1320 764 1537 831 nomine
1562 763 1837 819 sustinuit.
1868 762 2110 831 Denique

532 858 612 923 vir
635 864 854 911 sanctus
882 854 1133 923 omnibus
1163 853 1349 917 diebus
1378 854 1501 921 vita;
1531 870 1640 909 sua:
1664 854 1719 923 in
1742 854 1921 915 divino
1941 851 2108 924 proft-

530 948 681 1003 ciens
733 962 925 1017 opere,
975 946 1086 1001 Deo
1124 946 1370 1003 amabilis
1413 954 1468 999 et
1509 946 1657 999 omni
1701 944 1897 1015 populo
1923 952 2109 1013 gratus

531 1038 726 1110 [Malm
766 1036 1090 1107 placabilis],
1138 1036 1471 1106 temporibus
1502 1035 1679 1091 Caroli
1728 1037 1957 1104 antiqui,
2000 1036 2111 1091 for-

529 1130 721 1189 tissimi
760 1112 1093 1191 Francorum
1127 1128 1298 1194 ducis,
1338 1144 1503 1182 senex
1552 1135 1605 1191 et
1646 1127 1837 1196 plenus
1880 1128 2109 1184 inomni

524 1219 854 1290 perfectione
882 1218 1091 1279 dierum
1122 1230 1168 1283 δ,
1195 1218 1470 1288 appositus
1497 1226 1579 1271 est
1606 1217 1674 1273 ad
1718 1226 1902 1287 patres
1947 1236 2073 1275 suos
2091 1260 2106 1286 ,

526 1311 873 1381 multiplicem
912 1310 1111 1377 laboris
1137 1311 1219 1365 sui
1265 1310 1500 1367 fructum
1542 1319 1861 1380 accepturus
1891 1329 1920 1367 a
1954 1314 2063 1369 Deo
2089 1354 2104 1379 ,

524 1404 783 1465 sacculum
805 1403 909 1458 hoc
935 1402 1243 1469 relinquens
1276 1400 1471 1473 liilabq
1498 1403 1772 1473 hominem
1803 1406 1952 1463 exuit
1981 1421 2105 1459 cum

524 1495 762 1566 sacculo],
794 1503 852 1551 ut
900 1494 1096 1555 coelum
1126 1493 1444 1562 possideret,
1477 1492 1751 1553 Christum
1785 1495 1941 1565 132
1991 1496 2105 1555 sine

523 1584 630 1651 ﬁne
660 1584 715 1643 in
754 1592 955 1649 aeterna
1004 1584 1173 1655 gloria
1216 1584 1429 1643 visurus
1458 1600 1472 1639 :
1502 1586 1557 1641 in
1594 1586 1745 1656 cujus
1775 1587 2065 1643 dilectione
2085 1628 2099 1651 ,

2212 398 2421 468 grantia
2454 399 2693 461 omnium
2723 400 3037 471 perfuderat
3066 417 3263 468 nares,
3308 412 3368 458 ut
3390 407 3676 478 perspicue
3722 408 3805 469 in~

2213 485 2581 556 telligeretur,
2646 489 2713 542 ad
2773 492 3063 560 exsequias
3111 493 3216 546 viri
3274 497 3446 550 sancti
3495 499 3804 569 angelicum

2210 579 2425 635 venisse
2454 581 2837 638 ministerium.

2282 670 2408 729 Car.
2436 672 2601 731 XXIV
2620 672 2785 744 [Μαὸ.
2814 675 2989 747 xxvi].
3016 677 3211 749 Anime
3233 679 3296 733 ab
3313 680 3512 753 angelis
3537 681 3592 751 in
3613 684 3805 749 calum

2209 771 2468 831 portatur.
2530 762 2797 833 Miraculq
2846 765 2915 833 ad
2947 768 3044 823 viri
3069 771 3238 823 sancti
3269 787 3480 840 corpus.
3500 803 3573 813 —
3600 774 3710 831 Sed
3748 790 3807 833 e.’

2209 855 2426 925 cuidam
2464 855 2716 926 religioso
2758 859 2932 927 sancti
2973 858 3079 914 viri
3127 861 3391 931 discipulo
3441 864 3654 936 longius
3698 883 3798 938 po.

2208 946 2334 1013 sito,
2378 947 2433 1007 in
2484 948 2731 1003 oratione
2775 949 3052 1027 vigilanti,
3092 952 3275 1009 obitus
3328 955 3473 1011 illius
3518 959 3800 1015 revelatus

2208 1047 2311 1108 est.
2381 1040 2517 1094 Nam
2568 1042 2768 1098 vidisse
2818 1058 2878 1099 se
2914 1045 3219 1101 testabatur
3250 1038 3513 1104 animam
3560 1054 3797 1109 sanctis-

2210 1130 2329 1185 simi
2356 1130 2531 1185 Patris
2566 1134 2649 1186 sui
2691 1149 2812 1187 cum
2858 1150 3053 1207 magna
3080 1136 3301 1193 luminis
3351 1139 3622 1206 claritate,
3671 1158 3796 1197 cum

2209 1236 2443 1276 consona
2497 1224 2807 1297 canentium
2844 1225 3023 1293 laude,
3075 1230 3143 1284 ab
3168 1230 3429 1301 angelicis
3464 1234 3805 1293 exercitibus

2208 1311 2275 1366 ad
2316 1312 2573 1367 caelorum
2622 1331 2788 1386 regna
2834 1319 3062 1386 portari.
3115 1319 3264 1375 Multi
3289 1315 3523 1392 quoque
3564 1323 3802 1379 fratrum

2207 1404 2390 1458 testati
2421 1414 2567 1470 sunt,
2603 1407 2797 1463 crebro
2826 1423 2885 1465 se
2930 1424 3093 1481 super
3120 1411 3397 1477 lectulum,
3430 1414 3486 1469 in
3512 1430 3621 1483 quo
3671 1417 3803 1471 bea-

2206 1500 2314 1553 tam
2354 1495 2590 1550 animam
2617 1512 2714 1552 suo
2744 1496 2991 1555 Creatori
3027 1501 3280 1567 reddidit,
3319 1502 3570 1558 mirabile
3595 1505 3799 1562 vidisse

2206 1582 2407 1650 lumen,
2452 1588 2938 1660 suavissimamque
2983 1592 3168 1646 odoris
3211 1592 3511 1649 dulcissimi
3558 1598 3801 1653 sensisse

521 1680 759 1749 quandiu
788 1678 1071 1741 nobiscum
1118 1679 1349 1753 vixerat,
1390 1678 1637 1739 laborare
1683 1695 1789 1735 non
1832 1680 2099 1737 cessabat.
2134 1666 2182 1735 Β
2206 1678 2563 1751 fragrantiam
2597 1701 2609 1737 :
2641 1690 2699 1743 ut
2730 1685 2952 1741 omnino
2994 1686 3079 1741 his
3109 1687 3280 1758 signis
3316 1688 3655 1755 crederetur,
3687 1708 3801 1749 ca:—

521 1773 618 1829 Die
646 1774 874 1843 septima
903 1772 1106 1841 mensis
1120 1771 1458 1835 Novembris,
1477 1772 1529 1826 id
1549 1780 1652 1837 est,
1676 1773 1890 1828 vnldus
1908 1772 2101 1844 [illab.,

518 1865 605 1925 die
631 1874 783 1921 seno
820 1864 953 1921 Nov.
990 1865 1043 1919 id
1078 1873 1274 1919 cstvut
1300 1863 1469 1936 ldusl,
1504 1878 1571 1917 ex
1593 1866 1696 1919 hac
1717 1866 2105 1936 peregrinatio-

519 1981 587 2019 ne
608 1966 673 2020 ad
690 1974 1004 2035 perpetuam
1020 1964 1271 2033 migravit
1297 1964 1525 2032 patriam
1548 1960 1596 2027 ι),
1611 1971 1665 2018 et
1684 1961 1926 2033 sepultus
1945 1973 2026 2019 est
2047 1964 2101 2019 in

517 2059 847 2115 monasterio
868 2058 1191 2126 Epternaco,
1227 2056 1371 2123 quod
1401 2056 1515 2124 ipse
1537 2054 1669 2120 Deo,
1692 2064 1751 2110 ut
1782 2055 1989 2125 praefati
2012 2072 2103 2110 su-

518 2166 657 2219 mus,
708 2153 1107 2203 construxerat.
1147 2145 1224 2199 lbi
1253 2160 1422 2212 usque
1452 2145 1632 2209 hodie,
1664 2145 1845 2200 divina
1880 2160 2102 2216 operan-

517 2252 569 2297 te
597 2239 999 2301 misericordia,
1033 2238 1186 2306 signa
1214 2244 1270 2291 et
1302 2236 1562 2291 sanitates
1591 2235 1658 2289 ad
1689 2235 1860 2291 sancti
1891 2236 1982 2289 Dei
2016 2251 2101 2291 sa-

515 2331 750 2387 cerdotis
777 2330 1032 2398 reliquias
1061 2328 1181 2383 ﬁeri
1206 2343 1315 2384 non
1347 2336 1583 2381 cessant.
1646 2326 1724 2381 Ex
1771 2328 1965 2397 quibus
2004 2328 2099 2385 ali-

515 2441 620 2495 qua
676 2425 801 2479 huic
850 2432 1049 2477 nostra:
1105 2422 1171 2477 de
1223 2436 1287 2476 eo
1347 2420 1589 2477 historia:
1631 2419 1959 2489 subjicienda
2007 2437 2096 2476 cs-

513 2534 572 2575 se
599 2518 1005 2580 azstimavimus,
1064 2515 1117 2570 in
1154 2516 1378 2586 gloriam
1421 2523 1475 2569 et
1516 2515 1726 2581 laudem
1760 2514 1969 2569 Domini
2001 2532 2098 2571 no-

513 2593 612 2667 stri
648 2609 775 2667 Iesu
817 2608 1040 2672 Christi,
1067 2607 1159 2676 qui
1198 2608 1314 2662 haec
1351 2621 1447 2676 per
1491 2605 1631 2661 servi
1661 2604 1743 2659 sui
1790 2605 2095 2673 patrocinia

513 2700 711 2770 sapius
740 2698 957 2768 operari
982 2696 1235 2767 dignatus
1264 2704 1366 2751 est.
1400 2694 1566 2766 (Mab.
1608 2694 1737 2750 Car.
1779 2696 1929 2767 xxv.)
1955 2694 2096 2751 Con-

414 2844 423 2850 _
509 2789 682 2853 ditum
710 2796 796 2859 est
824 2787 1133 2847 venerabile
1161 2802 1359 2856 corpus
1394 2786 1451 2841 in
1483 2788 1822 2857 sarcophago
1858 2802 2094 2842 marmo-

509 2898 622 2948 reo,
653 2884 745 2953 qui
764 2882 999 2951 primum
1028 2880 1126 2937 toti
1154 2881 1250 2935 Dei
1280 2878 1469 2935 famuli
1494 2879 1709 2949 corpori
1744 2880 1899 2949 quasi
1934 2879 2093 2933 dimi-

507 2976 595 3031 dio
640 2974 795 3044 pedis
842 2972 1058 3028 brevior
1114 2972 1366 3027 inventus
1408 2978 1518 3034 est,
1554 2968 1814 3026 fratribus
1862 2970 1932 3024 ob
1987 2970 2091 3031 hoc

2206 1768 2368 1831 lcstes
2398 1771 2574 1826 locum
2600 1772 2977 1854 frequentasse
3006 1774 3199 1846 [Mab.,
3236 1777 3602 1853 frequentare]
3626 1782 3796 1847 cives,

2206 1858 2258 1925 in
2287 1875 2392 1929 quo
2418 1872 2605 1916 sancta
2648 1864 2830 1921 anima
2876 1866 3127 1935 migravit
3156 1867 3225 1921 ad
3280 1867 3568 1937 Dominum
3595 1868 3797 1941 [Mab.,

2208 1955 2275 2011 ad
2318 1954 2641 2028 Christum].
2696 1956 2863 2027 (Μαι).
2920 1958 3047 2015 Car.
3094 1960 3287 2031 xxvii.)
3343 1961 3446 2015 Per
3483 1963 3796 2018 unctionem

2204 2064 2417 2118 quoque
2440 2050 2561 2113 olei,
2590 2052 2732 2120 quod
2759 2068 2917 2120 supra
2949 2069 3147 2122 corpus
3170 2056 3340 2109 sancti
3360 2055 3540 2111 lucere
3566 2056 3795 2123 solebat,

2205 2139 2359 2197 multi
2394 2140 2615 2205 inﬁrmi,
2648 2142 2758 2196 Deo
2786 2142 3019 2197 donante
3060 2152 3113 2195 ct
3170 2144 3291 2207 ﬁdei
3338 2144 3551 2199 illorum
3598 2162 3796 2219 coope-

2202 2240 2375 2297 rante,
2400 2233 2570 2287 curati
2596 2241 2738 2293 sunt.
2763 2233 3093 2288 Poenitcntes
3106 2250 3319 2305 quoque
3334 2237 3532 2306 sepius
3554 2237 3622 2290 ad
3643 2250 3797 2291 eam-

2203 2324 2326 2378 dem
2348 2324 2627 2381 venientes
2669 2326 2973 2392 ecclesiam,
3006 2328 3226 2383 circulis
3272 2328 3463 2395 ferreis
3498 2344 3652 2383 more
3703 2343 3795 2383 so-

2200 2415 2297 2471 lito
2340 2416 2681 2484 circumdati,
2732 2418 2902 2488 ruptis
2951 2418 3168 2473 circulis
3213 2419 3392 2485 subito
3431 2420 3652 2476 vincula
3696 2436 3795 2477 sua

2201 2507 2438 2561 resoluta
2465 2516 2751 2562 senserunt
2805 2507 2996 2579 [Mab.,
3026 2508 3442 2577 Pmnitcntihus,
3474 2519 3605 2577 etc.,
3661 2511 3785 2564 vin-

2200 2601 2321 2656 cula
2349 2600 2583 2655 resoluta
2615 2600 2782 2672 sunt].
2814 2602 2980 2671 Cujus
3010 2603 3108 2667 rei,
3148 2604 3323 2659 adhuc
3347 2604 3401 2658 in
3424 2603 3662 2661 ecclesia
3685 2604 3791 2661 cir-

2200 2690 2309 2745 culi
2328 2692 2645 2760 pendentes,
2691 2698 2858 2756 testes
2883 2701 3027 2755 sunt.

2276 2782 2432 2853 193
2472 2782 2599 2837 Car.
2646 2782 2789 2839 XXV
2826 2783 2995 2856 [Μαὸ.
3038 2784 3255 2859 xxvm].
3289 2784 3605 2857 Paralytica
3634 2804 3793 2843 sana-

2199 2885 2305 2935 tur.
2350 2907 2423 2918 —-—
2463 2876 2718 2945 Quaedam
2773 2893 2904 2933 vero
2960 2880 3155 2939 mulier
3205 2880 3534 2951 paralyliea',
3581 2890 3795 2952 septem

2200 2970 2359 3026 annis
2387 2968 2582 3042 [Mab.,
2609 2968 2855 3039 pluribus
2889 2969 3071 3043 annis]
3098 2972 3307 3041 magnis
3329 2972 3574 3027 cruciata
3598 2971 3795 3027 dolori

507 3068 664 3122 valde
692 3065 1056 3130 contristatis,
1111 3074 1168 3120 et
1209 3064 1406 3132 saepius
1444 3064 1804 3123 tractantibus
1834 3063 1943 3135 [Id.
1993 3080 2092 3119 sm-
2121 3054 2169 3118 C
2198 3062 2319 3127 bus,
2346 3063 2399 3117 in
2430 3069 2642 3121 tantum
2674 3070 2956 3132 grassante
2979 3063 3167 3117 eadem
3203 3063 3520 3133 quotidiana
3561 3063 3793 3119 infirmi-

508 3160 630 3229 pius
693 3154 1003 3227 suspensis]
1072 3156 1164 3211 ubi
1240 3163 1425 3223 aptum
1488 3162 1675 3209 sancto
1736 3154 1951 3223 corpori
2012 3154 2094 3210 in-

506 3251 757 3306 venirent
809 3249 1078 3305 locellum.
1133 3248 1241 3303 Sed
1300 3249 1441 3303 miro
1498 3249 1701 3315 modo,
1755 3249 1939 3304 divina
1992 3250 2091 3306 do-

506 3353 669 3399 nante
730 3344 963 3414 pietate,
1026 3343 1279 3396 inventus
1338 3348 1424 3397 est
1484 3342 1663 3403 subito
1723 3344 2092 3414 sarcophagus

504 3441 656 3487 tanto
719 3433 823 3487 viri
889 3431 984 3487 Dei
1049 3432 1261 3501 corpori
1319 3432 1570 3502 longior,
1626 3443 1828 3503 quanto
1875 3435 2094 3491 brevior

502 3533 628 3580 ante
691 3523 959 3593 apparuit.
1028 3522 1098 3577 Et
1151 3524 1205 3577 in
1258 3538 1325 3587 eo
1384 3524 1487 3578 viri
1546 3523 1644 3579 Dei
1713 3540 1911 3595 corpus
1967 3542 2091 3581 cum

502 3614 717 3685 hymnis
756 3611 1070 3684 psalmodiis
1115 3622 1171 3679 et
1198 3613 1346 3669 omni
1379 3615 1585 3668 honore
1633 3614 1950 3681 candentes,
2000 3629 2086 3669 se-

499 3705 771 3777 peliverunt
796 3704 928 3761 illud
955 3706 1011 3763 in
1047 3704 1289 3760 Ecclesia
1318 3703 1531 3775 praefati
1559 3706 1909 3769 monasterii,
1942 3706 2090 3775 quod

500 3799 590 3855 ille
613 3813 858 3854 summus
895 3797 990 3852 Dei
1028 3796 1283 3852 sacerdos
1311 3797 1365 3851 in
1395 3798 1600 3851 honore
1624 3805 1825 3852 sancta:
1852 3797 2089 3852 Trinita-

570 3929 595 3957 ι
620 3914 817 3969 Plenus
843 3914 1066 3967 dierum.
1100 3913 1301 3983 Nempe
1338 3929 1508 3969 annos
1537 3912 1809 3983 octoginta
1842 3921 1896 3967 et
1917 3929 2085 3968 unum

538 3993 1126 4057 mtergressns,prout
1160 3986 1274 4057 ipse
1322 3985 1580 4057 Alcuinus
1623 3984 1813 4057 scribit
1852 3983 1993 4057 infra
2023 3985 2086 4037 li-

536 4074 680 4123 ron,
703 4055 803 4114 seu
828 4058 883 4111 in
910 4056 1031 4119 Vita
1062 4056 1286 4119 metrica
1315 4071 1433 4125 cap.
1464 4055 1556 4121 2t,
1587 4056 1677 4111 ubi
1708 4055 1782 4115 ita
1814 4055 1959 4111 canit
1988 4073 1999 4107 :

620 4185 702 4233 Bis
723 4189 900 4233 octena
925 4185 1035 4245 pius
1059 4183 1329 4243 complevit
1354 4182 1509 4231 instra
1534 4182 1773 4231 sacerdos

617 4245 720 4297 Ter
743 4243 993 4307 (ιυυιριίυι
1017 4258 1215 4307 menses
1237 4260 1250 4304 ;
1277 4247 1777 4307 mensisjamjamque
1794 4243 2086 4301 Novembris

620 4305 791 4356 Idibus
814 4309 1006 4371 octenis
1023 4305 1139 4365 coeli
1162 4310 1391 4385 iulgravit
1416 4306 1474 4375 ad
1501 4307 1677 4373 aulam.

496 4404 833 4475 Mabillonius
868 4405 937 4469 ob
974 4405 1090 4475 [nec
1114 4406 1276 4467 verba
1307 4403 1467 4471 hujus
1496 4405 1674 4467 ultimi
1699 4421 1890 4475 versus
1921 4423 1934 4460 :
1967 4406 2082 4461 Idi-

498 4472 593 4530 bus
640 4472 854 4536 octenis,
904 4472 1280 4543 corrigendum
1332 4489 1451 4527 esse
1500 4482 1683 4529 censet
1730 4472 1873 4531 hunc
1903 4478 2081 4534 locum

496 4544 750 4616 editionis
770 4544 1221 4616 Qucrcetani,ub_i
1246 4544 1443 4614 legitur
1473 4560 1487 4598 :
1518 4544 1614 4599 Die
1646 4549 1862 4616 septima
1888 4550 2081 4602 mensis

501 4614 783 4671 Novembr.
819 4616 873 4670 id
908 4625 1011 4677 est,
1060 4632 1135 4671 vn
1186 4614 1338 4670 ldus.
1366 4616 1444 4671 Ac
1478 4618 1658 4686 potius
1701 4614 1772 4672 ad
1809 4620 1967 4673 fidem
2017 4619 2082 4673 li-

398 4734 403 4743 .
495 4688 717 4757 brorum
735 4702 867 4757 mss1
890 4686 1172 4757 legendum
1198 4704 1210 4739 :
1244 4686 1343 4745 Die
1358 4698 1501 4743 sexto
1527 4689 1716 4742 mensis
1747 4687 2077 4756 Novembris,

498 4756 553 4810 id
584 4766 678 4828 est,
718 4774 815 4825 viti
842 4755 992 4811 Idus.
1023 4756 1119 4810 Cui
1156 4756 1375 4811 lectioni
1424 4757 1751 4828 suffragatur
1788 4755 2076 4815 llrabanus

498 4828 551 4882 in
604 4827 1017 4899 Martyrologio;
1057 4830 1303 4897 quamvis
1348 4828 1437 4899 alii
1494 4827 1857 4899 Mar’tyrolngi,
1907 4830 2077 4884 Wan-

496 4898 789 4971 delbertus,
817 4899 1113 4961 Usuardus,
1144 4900 1261 4953 Ado
1287 4910 1342 4953 et
1374 4898 1748 4971 Martyrologia
1775 4901 2078 4957 Romanum

494 4978 550 5025 et
578 4970 1004 5033 Benedictinum,
1034 4984 1133 5029 nec
1164 4986 1268 5031 non
1284 4970 1604 5033 Kalendaria
1626 4972 1993 5027 ecclesiastica
2017 4974 2073 5028 S.

494 5038 831 5096 Willilzrordi
862 5041 1097 5095 natalem
1132 5041 1273 5095 diem
1298 5058 1370 5095 vn
1398 5041 1519 5103 ldus
1546 5041 1877 5103 Novembres
1900 5044 2077 5099 consi-

587 5122 678 5167 em.

493 5127 711 5236 Βηξῆἒά
735 5192 1034 5254 perpetuam
1064 5182 1302 5254 migravit
1334 5184 1581 5254 patriam.
1604 5183 1661 5238 S.
1689 5183 2073 5241 Willibrordus

492 5269 636 5307 anno
684 5254 859 5306 aetatis
898 5253 1173 5307 tricesimo
1225 5255 1411 5319 tertio,
1457 5254 1659 5308 Christi
1693 5270 1822 5308 vero
1865 5255 1969 5309 690
2018 5257 2073 5311 in

489 5322 721 5378 Frisiam
754 5323 995 5397 trajecit,
1021 5330 1083 5377 ut
1106 5328 1267 5393 supra
1295 5326 1628 5397 dictnnrest.
1664 5326 1719 5378 In
1752 5325 1925 5379 Frisia
1976 5343 2073 5397 per

490 5409 663 5449 annos
705 5394 1095 5463 quinquaginta
1161 5396 1529 5463 przmlicationi
1586 5410 1803 5463 operam
1860 5394 2070 5452 dedisse

1186 5466 1215 5516 7
1246 5466 1417 5536 sancti
1442 5465 1700 5521 Bonifacii
1741 5468 1807 5521 ad
1838 5467 2069 5536 Stepha-

489 5551 617 5589 num
656 5550 872 5605 papam,
924 5536 995 5590 ibi
1031 5555 1042 5588 :
1082 5555 1099 5585 ‹
1144 5536 1243 5602 Qui
1274 5552 1368 5604 per
1405 5535 1473 5587 fit)
1521 5553 1691 5591 annos
1742 5535 2061 5607 praedicans,

488 5607 772 5672 praafatam
799 5615 1013 5674 gentem
1036 5607 1333 5661 Fresonum}
1372 5609 1602 5661 maxima
1635 5626 1699 5661 ex
1740 5617 1891 5675 parte
1937 5624 2065 5662 con-

487 5678 650 5732 vertit
685 5677 751 5730 ad
779 5678 958 5732 fidem.
999 5697 1016 5729 ι
1069 5678 1465 5749 Quinquaginta
1503 5679 1547 5733 si
1575 5680 1844 5735 sexcentis
1870 5695 2061 5751 nona-

2107 4447 2162 4510 D

2195 3159 2307 3209 tate
2327 3148 2523 3213 amicta
2546 3160 2651 3217 est,
2665 3160 2724 3207 ut
2748 3152 2893 3207 omni
2921 3152 3289 3208 membrorum
3305 3151 3480 3208 otIicio
3504 3155 3788 3219 destituta,

2194 3244 2373 3300 alieno
2399 3251 2644 3307 uteretur
2671 3244 2998 3310 ministerio,
3046 3254 3102 3301 et
3142 3246 3199 3300 in
3248 3245 3364 3300 solo
3408 3247 3792 3302 tantummodo

2193 3335 2508 3407 pectusculo
2542 3336 2631 3389 vix
2660 3335 2924 3391 anhelans
2959 3336 3182 3406 spiritus
3234 3336 3467 3405 suspiria
3512 3336 3659 3391 fessa
3707 3353 3789 3393 rev

2194 3429 2451 3485 traheret.
2480 3427 2605 3495 Haec
2631 3444 2661 3485 a
2683 3428 2998 3498 propinquis
3024 3427 3091 3483 ad
3120 3428 3427 3495 ecclesiam,
3444 3430 3535 3485 ubi
3566 3440 3789 3488 sanctus

2194 3524 2289 3579 Dei
2314 3524 2621 3594 requiescit,
2646 3524 2939 3587 ferebatur,
2964 3538 3132 3594 prope
3156 3523 3405 3583 locellum
3432 3523 3784 3594 reliquiarum

2193 3616 2311 3684 ejus
2341 3618 2533 3686 posita.
2578 3616 2707 3683 Quae
2758 3615 2953 3687 [Mab.,
2984 3615 3290 3687 positaque]
3346 3617 3398 3669 in
3434 3616 3637 3671 eodem
3671 3616 3787 3671 loco

2192 3708 2328 3764 fusis
2382 3708 2668 3779 lacrymis,
2700 3707 2991 3777 deprecata
3042 3717 3126 3765 est
3176 3722 3271 3777 per
3328 3706 3787 3765 intercessionem

2193 3801 2366 3857 sancti
2406 3801 2491 3855 sui
2542 3800 2748 3863 famuli,
2775 3800 3014 3855 divinam
3055 3801 3107 3859 ei
3156 3799 3404 3857 misereri
3431 3799 3786 3857 clementiam

2192 3913 2341 3982 ginta
2370 3911 2925 3983 adjiciantur,prodit
2958 3927 3131 3968 annus
3161 3914 3398 3982 740,quo
3420 3914 3658 3983 proinde
3690 3930 3788 3968 an-

2191 4000 2295 4039 nus
2324 3984 2503 4039 obitus
2529 3984 2699 4038 sancti
2726 3982 3059 4038 Willibrordi
3094 3982 3441 4041 collocandus
3468 3995 3573 4041 est.
3602 3986 3787 4039 Mabil—

2190 4054 2367 4110 lonius
2390 4055 2604 4124 quidem
2638 4055 2691 4109 in
2719 4055 2860 4108 notis
2888 4056 2954 4109 ad
2986 4055 3125 4109 hanc.
3164 4056 3343 4111 Vitam
3383 4057 3558 4113 sancti
3612 4057 3786 4113 Willi-

2187 4126 2371 4180 brordi
2401 4125 2606 4179 obitum
2633 4126 2820 4177 statuit
2852 4140 2991 4178 {iuno
3022 4125 3147 4191 759,
3178 4135 3392 4181 secutus
3423 4126 3783 4181 Theon-idum

2192 4197 2442 4250 abbatem
2489 4196 2964 4264 Eptcrnacenscm,
3021 4197 3111 4265 qui
3156 4197 3291 4251 vixit
3343 4215 3468 4254 s:ec.
3508 4215 3598 4259 x1;
3643 4200 3785 4253 hanc

2191 4276 2371 4322 tamen
2426 4282 2580 4321 suam
2659 4269 2983 4321 sententiam
3060 4270 3299 4325 correxit
3366 4281 3498 4323 tom.
3564 4269 3611 4323 ll
3672 4269 3789 4329 An-

2188 4338 2295 4392 nal.
2326 4339 2457 4405 Ben.
2493 4337 2616 4392 libr.
2647 4352 2762 4402 xxi,
2805 4354 2955 4392 num.
2995 4338 3085 4407 64,
3117 4342 3207 4395 ubi
3230 4341 3437 4395 obitum
3467 4341 3569 4395 viri
3603 4342 3783 4404 sancti

2187 4408 2353 4463 refert
2382 4410 2448 4462 ad
2476 4424 2671 4461 annum
2710 4408 2807 4461 741
2841 4409 2927 4462 vel
2955 4409 3381 4473 antecedentem.
3430 4410 3619 4466 Credit
3650 4427 3785 4465 vero

2188 4481 2269 4532 vir
2313 4480 2696 4534 celeberrimus
2741 4480 3028 4533 Alcuinum
3070 4498 3190 4535 cum
3242 4488 3431 4535 sancto
3490 4481 3785 4537 Bonifacio

2186 4567 2289 4605 non
2321 4551 2457 4605 bene
2485 4553 2803 4604 convenire:
2836 4549 3048 4605 Alcuini
3094 4552 3239 4606 enim
3270 4552 3484 4607 calculo
3509 4554 3781 4615 admisso,

2186 4622 2283 4685 ait,
2316 4639 2422 4679 non
2469 4622 2570 4676 nisi
2597 4621 2667 4677 48
2695 4622 2821 4679 anni
2859 4622 2925 4675 ad
2954 4623 3397 4691 praedicationem
3418 4626 3603 4678 sancti
3635 4623 3785 4678 Wil—

2184 4692 2409 4748 librordi
2441 4700 2678 4753 restant;
2710 4709 2833 4747 nam
2874 4693 2921 4747 si
2949 4693 3017 4747 ab
3063 4692 3222 4750 annis
3261 4694 3437 4749 aetatis
3464 4696 3527 4749 8t
3561 4695 3786 4751 subtra-

2185 4762 2383 4817 hantur
2412 4764 2538 4816 anni
2566 4765 2741 4817 aetatis
2768 4779 2873 4832 qua
2899 4764 3049 4818 venit
3074 4765 3127 4818 in
3150 4763 3405 4831 Frisiam,
3438 4765 3649 4821 scilicet
3676 4762 3782 4829 55,

2186 4834 2251 4888 ad
2280 4834 2717 4903 prmdicationem
2742 4850 2846 4887 non
2880 4843 3087 4889 restant
3115 4836 3215 4890 nisi
3244 4836 3332 4891 48.

2256 4904 2456 4959 Verum
2487 4904 2687 4959 nullam
2718 4906 2803 4959 hic
2842 4920 2963 4959 esse
2990 4906 3411 4976 discrepantiam
3443 4921 3666 4966 censeo.
3728 4907 3785 4962 si

2181 4975 2249 5028 ad
2280 4975 2757 5049 mentemAlcuini
2785 4992 2959 5031 annus
2990 4975 3301 5047 trigesimus
3335 4979 3533 5035 tertius
3560 4980 3783 5049 artatis,

2178 5061 2286 5123 quo
2314 5047 2372 5123 in_
2399 5046 2629 5101 Frisiam
2662 5046 3201 5123 venit,‘cmnputetur
3226 5066 3349 5103 cum
3378 5052 3538 5105 annis
3569 5046 3794 5123 praedii.

2177 5117 2435 5183 cationis;
2461 5127 2524 5191 et
2541 5134 2714 5191 annus
2758 5118 2938 5172 obitus
2962 5126 3233 5173 statuatur
3257 5138 3432 5177 annus
3458 5117 3751 5191 octnagesi
3774 5164 3789 5171 ,

2176 5203 2298 5241 mus
2327 5188 2595 5261 secundus
2630 5189 2875 5261 inceptus
2908 5198 3001 5261 aut
3026 5191 3260 5244 nondum
3290 5188 3787 5261 completusfSin'.

2177 5273 2306 5326 ergo
2346 5259 2471 5311 anni
2516 5260 2713 5323 :etatis,
2759 5260 2973 5326 (plaudo
3019 5269 3240 5317 sanctus
3286 5259 3677 5317 Willibrordus
3722 5266 3787 5323 in

2176 5330 2349 5404 Frisia
2374 5329 2669 5399 prazdicare
2700 5330 2863 5404 cmpit
2886 5331 3107 5404 triginta
3138 5333 3243 5387 duo
3264 5334 3515 5404 completi
3547 5351 3559 5385 :
3586 5348 3789 5389 annus

2174 5401 2370 5482 inlatis,
2395 5416 2500 5466 quo
2535 5402 2817 5482 completis
2866 5403 3085 5482 omnino
3135 5401 3408 5482 octoginta
3429 5420 3549 5482 uno
3602 5407 3789 5460 armis

2173 5471 2329 5534 obiit,
2382 5472 2785 5557 oettiagesimus
2826 5471 3474 5557 seynndus._§u:[tractis
3509 5480 3643 5557 ergo
3707 5478 3792 5530 ab

2171 5558 2313 5594 almo
2357 5541 2534 5595 obitus
2563 5544 2631 5596 8‘2
2652 5543 2807 5596 annis
2832 5543 3092 5597 adventus
3117 5544 3205 5609 52,
3238 5557 3444 5599 restant
3466 5541 3593 5600 anni

3622 5560 3793 5616 prm-

2171 5612 2455 5665 ⁴³ίο³ίίοιιίε
2505 5613 2592 5665 δυο
2642 5613 2855 5681 Optime
3057 5596 3791 5674 amam‘areaaaas'si.

2170 5682 2311 5737 cuini
2336 5698 2459 5737 cum
2479 5685 2775 5740 assertione
2806 5687 2979 5739 sancti
3005 5685 3287 5741 Bonifacii.
