4044 6340
298 224 404 281 709

1003 222 1580 282 HAGIOGRAPIIICA.
1620 255 1690 267 —-
1729 225 1887 282 VI'I'A
1929 226 1988 283 S.
2028 227 2506 289 WILLIBRORDI.
2535 264 2606 274 —
2639 234 2766 291 LIB.
2806 236 2847 291 Ι.

3450 243 3555 299 710

295 338 490 413 [Hab.,
529 348 590 394 ut
616 338 799 393 divina
824 338 874 393 ei
903 337 1290 409 sutlragaretur
1324 337 1629 410 clementia]
1663 357 1675 392 :
1709 348 1871 408 atque
1898 344 1945 401 Α
1974 354 2294 411 praesentem
2323 362 2444 403 esse
2478 349 2769 417 credimus,
2798 350 3039 419 quotidie
3074 367 3271 410 sanare
3304 370 3414 412 non
3443 374 3557 417 ces-

291 449 325 491 a
354 433 586 489 Domino
607 433 717 491 Deo
745 433 1022 497 exaudita,
1048 447 1283 502 moxque
1333 433 1402 487 ab
1456 433 1603 487 omni
1647 433 1875 487 inﬁrmi-

293 534 403 591 tate
436 524 683 590 liberata,
710 540 898 595 sospes
922 540 1046 580 cum
1072 525 1265 592 gaudio
1295 525 1498 595 gratias
1535 540 1701 593 agens
1742 523 1872 589 Deo,

289 621 522 691 propriis
585 620 845 690 pedibus,
898 636 1018 691 qua:
1068 622 1219 691 prius
1270 621 1339 675 ab
1383 621 1575 676 alienis
1622 620 1874 691 portaba-

288 722 397 775 tur.
435 714 673 770 cucurrit
708 714 777 769 ad
800 714 1039 768 domum.

288 840 299 847 ο
354 804 487 858 CAP.
520 802 688 858 XXVI
718 802 886 874 [Μαὺ.
922 803 1098 875 xxxx].
1125 804 1378 873 Inﬁrmus
1405 807 1622 859 sanitati
1646 807 1873 860 restitui-

287 904 395 955 tur.
424 893 652 961 —-,Ilem
696 893 1012 950 adolescens
1042 895 1263 963 quidam
1294 894 1540 951 inﬁrmus
1568 897 1634 951 ad
1672 912 1870 965 corpus

283 984 427 1055 beati
458 984 731 1054 pontiﬁcis
761 985 1007 1038 manibus
1029 985 1289 1040 deductus
1318 995 1404 1039 est
1432 987 1754 1051 amicorum,
1777 986 1899 1055 qui‘

287 1078 414 1133 totis
458 1077 740 1133 intremuit
775 1076 1052 1138 membris.
1078 1074 1189 1131 Nec
1213 1077 1357 1131 enim
1388 1086 1551 1146 caput
1585 1093 1683 1147 per
1710 1094 1770 1132 se
1794 1077 1871 1132 le-

282 1184 412 1224 vare
449 1172 641 1239 potuit,
669 1168 762 1225 sed
803 1168 957 1237 quasi
996 1169 1135 1223 collo
1190 1170 1356 1224 ﬁxum
1403 1186 1508 1224 non
1556 1178 1723 1235 esset,
1764 1169 1869 1225 huc

282 1270 447 1329 atque
488 1261 613 1315 illuc
649 1260 850 1315 cadens
900 1260 1234 1314 volvebatur.
1274 1260 1410 1315 Nam
1456 1262 1741 1331 aliquoties
1790 1263 1867 1317 ita

283 1356 550 1411 exanimis
590 1355 766 1411 factus
804 1365 909 1420 est,
940 1366 1000 1410 ut
1039 1356 1260 1411 omnino
1290 1366 1538 1414 mortuus
1572 1358 1862 1412 videretur.

281 1446 477 1513 Quem,
514 1456 572 1502 ut
602 1447 970 1517 praediximus,
1003 1450 1088 1503 sui
1117 1463 1287 1518 prope
1317 1464 1513 1518 corpus
1552 1451 1723 1505 sancti
1766 1450 1867 1505 viri

278 1550 594 1611 posuerunt.
629 1540 736 1597 Sed
771 1543 1140 1598 misericordia
1181 1542 1275 1597 Dei
1327 1544 1591 1607 donante,
1617 1543 1865 1598 omnibus

1977 444 2088 499 sat,
2120 439 2166 492 si
2191 438 2345 493 ﬁrma
2372 439 2496 506 ﬁde,
2522 449 2577 496 et
2599 440 2941 499 confessione
2963 460 3091 500 vera
3131 462 3256 502 cum
3300 447 3553 521 lacrymis

1975 526 2300 584 eﬁ‘undimus
2342 532 2397 585 in
2440 532 2561 588 loco
2617 535 2722 589 isto
2765 544 2892 591 ante
2937 548 3285 609 conspectum
3336 543 3551 611 pietatis

1974 616 2117 671 illius
2147 620 2313 674 corda
2339 632 2545 688 nostra,
2570 625 2661 693 qui
2682 642 2779 695 pro
2806 642 2903 682 sua
2928 629 3109 684 divina
3145 632 3427 689 clementia
3456 652 3551 706 pa-

1972 720 2124 762 ratus
2165 720 2250 764 est
2292 709 2829 782 [Mab.,przestabilis
2858 721 2967 792 est]
3022 722 3091 776 ad
3140 724 3546 797 ignoscendum,

1972 800 2019 855 si
2054 816 2155 855 nos
2178 803 2318 856 tardi
2344 819 2451 857 non
2482 804 2743 863 fuerimus
2768 812 2834 864 ad
2863 812 3274 882 deprecandum.
3303 817 3401 874 Cui
3431 818 3549 875 laus

1971 893 2045 947 sit
2073 902 2129 947 et
2148 893 2313 964 gloria
2337 896 2391 949 in
2428 899 2751 967 sempiterna
2778 905 2991 959 saecula.

2043 982 2169 1038 CAP.
2224 983 2451 1039 XXVIII.
2503 987 2764 1046 Miraculo
2795 996 2973 1050 vinum
3018 1010 3241 1069 augetur
3288 1003 3425 1057 inter
3472 1006 3549 1061 bi-

1970 1074 2215 1129 bendum.
2240 1106 2311 1116 —-
2340 1076 2532 1135 Restat
2566 1096 2709 1136 nunc
2753 1084 2820 1140 de
2857 1086 3014 1143 beato
3044 1090 3287 1162 Wilgiso,
3313 1098 3404 1166 qui
3448 1096 3549 1153 fuit

1968 1164 2130 1233 hujus
2155 1167 2328 1221 sancti
2367 1169 2487 1235 viri,
2518 1178 2579 1224 ut
2615 1183 2741 1229 ante
2774 1176 3030 1245 diximus,
3054 1192 3226 1251 pater=
3249 1193 3310 1239 ut
3332 1164 3387 1241 va
3439 1204 3548 1251 quo

1969 1255 2130 1325 hujus
2163 1256 2404 1313 historia:
2432 1260 2665 1331 primum
2695 1267 2986 1336 capitulum
3018 1272 3232 1343 incipit,
3260 1276 3326 1331 de
3352 1292 3418 1332 eo
3454 1294 3548 1334 no-

1968 1349 2249 1406 vissimum
2280 1352 2514 1410 finiatur.
2549 1358 2725 1414 Rediit
2770 1361 2934 1433 igitur
2961 1367 3361 1425 anniversarius
3408 1373 3547 1442 ejus-

1966 1438 2091 1494 dem
2120 1442 2261 1496 beati
2290 1445 2498 1516 Wilgisi
2528 1459 2728 1504 sanctae
2757 1454 3097 1523 migrationis
3147 1460 3259 1514 dies
3278 1501 3291 1527 ,
3339 1462 3392 1515 in
3437 1438 3545 1533 qua

1967 1530 2088 1600 pius
2115 1534 2253 1589 abba
2288 1536 2541 1596 Albertus
2569 1542 2597 1581 ι)
2626 1558 2912 1601 successor
2949 1554 3243 1608 venerandi
3285 1530 3549 1628 archiepi-

277 1634 371 1701 qui
398 1633 625 1688 aderant
653 1635 1021 1697 cernentibus,
1058 1634 1132 1687 ita
1187 1634 1367 1688 subito
1423 1650 1587 1688 sanus
1639 1633 1863 1689 effectus
1896 1702 1940 1716 __
1964 1626 2135 1694 δουρί,
2161 1638 2283 1696 ροδι
2311 1634 2678 1689 θθοηιίεείωθ
2702 1638 2993 1697 missarum
3036 1645 3329 1716 SOlemnia,
3359 1660 3415 1715 θι
3453 1626 3548 1708 1ίο-

275 1732 380 1788 est,
414 1735 475 1785 ut
502 1725 636 1783 nihil
679 1725 735 1778 in
789 1739 855 1778 eo
900 1725 1145 1794 pristina:
1179 1724 1510 1780 inﬁrmitatis
1546 1725 1631 1781 vel
1664 1724 1866 1795 doloris
1896 1702 2158 1769 Bnorem
2203 1717 2313 1777 Deo
2357 1722 2618 1790 debitum,
2651 1742 2776 1782 cum
2822 1730 3080 1788 fratribus
3111 1702 3548 1809 epulari'et'sau-

273 1814 483 1883 antiqui
512 1816 648 1869 ultra
677 1818 1019 1871 remanserit.

341 1902 476 1958 CAP.
502 1903 594 1959 XX
606 1904 691 1959 l’ll
720 1904 903 1975 [Μαὺ.
930 1906 1091 1978 xxx].
1138 1905 1255 1959 Fur
1278 1907 1564 1978 sacrilegus
1586 1908 1859 1979 detegitur.

279 2025 340 2037 -—
366 1994 599 2062 Quidam
630 1998 797 2051 etiam
827 1995 1002 2053 ofﬁcio
1027 2000 1307 2064 diaconus,
1332 2009 1387 2055 et
1416 2017 1524 2056 non
1553 2003 1776 2069 merito,
1808 2004 1861 2057 in

273 2087 505 2144 ecclesia
537 2090 708 2149 sancti
740 2090 842 2144 viri
887 2107 1103 2147 crucem
1152 2108 1402 2159 auream,
1435 2111 1597 2165 quam
1631 2095 1715 2150 vir
1745 2112 1863 2151 san-

269 2188 393 2236 ctus
420 2195 605 2234 secum
641 2180 695 2234 in
724 2181 917 2238 itinere
946 2192 1164 2253 portare
1196 2185 1433 2252 solebat,
1462 2202 1583 2241 cum
1622 2188 1739 2242 aliis
1771 2189 1862 2243 de-

270 2272 440 2326 nariis
466 2272 729 2337 ecclesiae,
759 2274 1128 2330 infelicissimo
1163 2293 1271 2331 non
1302 2278 1512 2332 horruit
1541 2279 1860 2334 subtrahere

269 2361 467 2434 [διαίτη
498 2362 707 2435 rapere]
740 2363 901 2417 furto.
938 2363 1160 2419 Turbati
1212 2375 1339 2421 sunt
1391 2367 1492 2421 hac
1541 2383 1601 2421 re
1662 2367 1859 2423 fratres

271 2452 473 2522 [Μῶα
503 2454 731 2508 turbatis
756 2455 859 2508 hac
881 2452 948 2510 de
972 2472 1030 2510 re
1057 2456 1358 2529 fratribus],
1389 2468 1573 2528 utpote
1597 2458 1858 2513 factorem

267 2544 421 2614 impii
445 2544 668 2600 sceleris
701 2545 1030 2615 ignorantes,
1062 2556 1189 2601 tunc
1210 2549 1462 2617 precibus
1489 2550 1706 2617 quidem
1733 2566 1859 2604 san—

268 2635 341 2689 cti
375 2633 471 2691 Dei
497 2635 850 2699 conﬁdentes,
884 2636 1014 2691 illud
1045 2646 1155 2692 tam
1187 2638 1453 2693 nefarium
1485 2640 1659 2695 scelus
1686 2643 1861 2695 occul-

267 2727 375 2781 tari
403 2742 508 2781 non
534 2742 725 2797 posse;
764 2727 1007 2783 fraterna
1044 2738 1222 2785 tamen
1252 2732 1451 2800 pietate
1479 2733 1753 2789 hominem
1790 2735 1855 2788 ad

262 2821 646 2890 pmuitentiam
668 2838 929 2877 revocare
958 2823 1065 2877 nisi
1088 2832 1235 2889 sunt,
1253 2840 1360 2877 non
1388 2826 1614 2893 perdere
1642 2828 1857 2896 cupien-

264 2924 370 2971 tes.
426 2914 518 2969 Ille
566 2930 696 2970 vero
745 2917 837 2985 qui
896 2918 1000 2971 hoc
1028 2918 1235 2970 crimen
1276 2918 1566 2981 commisit,
1592 2919 1856 2974 obdurato

261 3005 456 3071 mrde,
489 3005 719 3060 salutem
765 3022 921 3061 suam
974 3008 1316 3077 contempsit,
1348 3009 1486 3062 sicut
1538 3008 1752 3078 impius,
1783 3010 1858 3063 di—

261 3105 425 3152 cente
458 3093 767 3162 Salomone,
797 3114 915 3150 cum
954 3098 1009 3151 in
1046 3098 1452 3168 profunditatem
1487 3099 1744 3155 malorum
1774 3118 1856 3154 ve-

262 3188 425 3251 nerit,
464 3189 745 3243 contemnit
799 3186 992 3258 (Prov.
1030 3205 1161 3243 xrm
1184 3230 1197 3255 ,
1224 3188 1310 3259 5).
1361 3188 1628 3260 Cogitavit
1662 3191 1852 3246 infelix

262 3279 437 3337 latere
469 3278 670 3351 [possc,
700 3281 844 3351 quod
868 3280 1006 3335 clam
1046 3282 1248 3351 absque
1299 3280 1470 3336 oculis
1517 3282 1745 3336 aliorum
1793 3298 1853 3337 se

258 3371 462 3428 fecisse
509 3374 713 3429 sciebat
746 3392 758 3426 :
787 3376 880 3429 sed
916 3373 1011 3428 Dei
1040 3374 1277 3438 oculum,
1320 3375 1404 3428 cui
1456 3376 1636 3429 omnia
1667 3384 1853 3445 aperta

261 3472 415 3529 sunt,
450 3464 643 3536 latere]
672 3482 777 3521 non
802 3467 997 3535 potuit,
1017 3466 1109 3535 qui
1138 3481 1421 3521 servorum
1466 3483 1688 3522 suorum
1718 3467 1854 3536 inju-

260 3556 376 3612 rias
425 3558 622 3626 sapius
648 3558 927 3621 vindicare
956 3574 1065 3613 non
1097 3558 1292 3613 tardat.
1345 3556 1481 3613 Nam
1531 3560 1699 3614 miser
1740 3560 1849 3626 ille,

257 3650 354 3717 qui
382 3646 485 3701 hoc
506 3656 819 3718 perpetrare
849 3650 1055 3704 crimen
1087 3666 1195 3703 non
1218 3650 1516 3715 abhorruit,
1538 3652 1737 3705 misera
1769 3667 1855 3706 διι-

258 3736 377 3793 bito
403 3748 578 3797 morte
607 3747 855 3807 arreptus
879 3739 1106 3803 interiit,
1132 3748 1187 3792 et
1214 3740 1265 3793 in
1300 3740 1419 3810 ipso
1440 3740 1562 3795 vitae
1589 3742 1737 3795 exitu
1763 3742 1853 3795 ali-

256 3831 461 3899 quibus
498 3830 724 3886 fratrum
763 3841 945 3886 reatus
990 3832 1073 3885 sui
1115 3832 1321 3896 crimen
1365 3831 1629 3895 ostendit;
1683 3841 1737 3886 et
1763 3833 1854 3887 ubi

258 3924 612 3988 ostendisset,
644 3923 787 3992 quod
842 3923 987 3979 furto
1036 3924 1243 3993 rapuit,
1289 3925 1563 3981 indicavit.
1618 3923 1850 3989 Videtis,

258 4015 487 4081 fratres,
537 4032 699 4086 quam
750 4015 979 4071 terribili
1040 4016 1327 4070 damnatus
1368 4015 1572 4083 judicio
1622 4024 1732 4081 est,
1762 4018 1854 4086 qui

258 4108 437 4162 sancti
460 4106 557 4162 Dei
580 4107 882 4163 Ecclesiam
908 4091 1050 4162 furto
1070 4107 1271 4162 violare
1292 4124 1399 4161 non
1425 4108 1621 4162 timuit.
1646 4108 1856 4163 ldcireo

258 4200 494 4267 obsecro
531 4209 591 4255 ut
627 4210 836 4256 castam
866 4202 921 4255 in
950 4202 1052 4256 hac
1095 4200 1339 4255 habeatis
1365 4204 1849 4268 conversationem,

260 4299 534 4361 quatenus
556 4291 734 4347 divina
764 4292 1047 4348 clementia
1074 4308 1172 4361 per
1219 4293 1392 4346 sancti
1431 4291 1724 4349 Clementis
1752 4294 1853 4347 viri

1880 3059 1928 3121 C

1968 1808 2096 1903 dere
2123 1824 2411 1903 aggressus
2436 1824 2538 1870 est.
2573 1816 2681 1874 Sed
2729 1821 2783 1875 in
2817 1837 2882 1878 eo
2923 1830 3252 1884 monasterio
3301 1831 3377 1885 nil
3426 1808 3549 1903 plus

1966 1900 2077 1954 vini
2126 1902 2402 1959 inventum
2452 1918 2554 1973 est,
2587 1911 2745 1983 195
2798 1929 2961 1983 quam
3017 1918 3123 1973 duo
3178 1900 3549 1982 tantummodo

1964 1990 2253 2059 llascones,
2280 2012 2508 2065 quorum
2552 2016 2693 2057 unus
2724 2007 2935 2073 prandii
2962 2007 3097 2062 hora
3126 2011 3419 2069 exhaustus
3466 2022 3553 2087 est

1967 2083 2162 2155 [Mab.,
2191 2096 2440 2157 epotatus
2466 2091 2604 2163 est],
2628 2094 2766 2150 alter
2798 2097 2854 2151 in
2884 2099 3075 2155 horam
3102 2117 3271 2159 ouante
3302 2084 3549 2164 reserva-

1964 2182 2071 2229 tus.
2099 2175 2271 2247 Igitur
2291 2188 2416 2249 post
2439 2185 2804 2251 vespertinam
2835 2178 3142 2257 melodiam,
3175 2209 3274 2263 pro
3301 2212 3550 2256 reveren-

1962 2266 2036 2320 tia
2065 2266 2181 2335 ejus
2207 2270 2334 2334 diei,
2360 2270 2559 2328 fratres
2584 2276 2649 2329 ad
2681 2278 3024 2335 refectorium
3074 2288 3277 2343 reversi
3321 2300 3467 2355 sunt,
3492 2300 3548 2347 et

1960 2367 2084 2427 post
2103 2375 2285 2415 sacras
2320 2362 2580 2421 lectiones
2603 2367 2859 2437 prrefatns
2875 2372 3042 2429 abbas
3065 2374 3259 2432 fratres
3282 2379 3547 2438 allocutus

1960 2458 2064 2515 est,
2096 2452 2282 2507 dicens
2328 2470 2342 2508 τ
2396 2456 2562 2512 Decet
2617 2475 2735 2525 nos,
2764 2478 2798 2515 o
2843 2468 3135 2522 venerandi
3178 2467 3388 2537 Patres,
3421 2489 3545 2530 cum

1960 2543 2155 2610 gaudio
2179 2546 2405 2614 spiritali
2430 2551 2821 2607 venerabilium
2856 2555 3078 2611 Patrum
3121 2569 3429 2618 nostrorum
3476 2566 3549 2619 fe-

1960 2632 2131 2689 stivos
2177 2636 2292 2691 dies
2346 2638 2641 2706 celebrare,
2695 2651 2750 2698 et
2806 2645 3080 2714 aliquanto
3136 2650 3332 2717 laxius,
3387 2655 3547 2711 solito

1962 2722 2137 2795 [for-te,
2166 2726 2364 2799 soluto]
2416 2730 2592 2799 rigore
2612 2773 2626 2796 ,
2656 2735 2858 2790 nostris
2884 2737 3161 2808 indulgere
3205 2744 3543 2812 corporibus,

1958 2830 2064 2875 non
2096 2815 2344 2887 luxurhe,
2376 2819 2471 2874 sed
2500 2820 2781 2878 charitatis
2815 2842 2998 2881 causa.
3033 2828 3384 2899 Nequaquam
3414 2849 3545 2889 vero

1958 2922 2053 2967 vos
2094 2906 2284 2978 [Mab.,
2320 2911 2494 2982 vobis]
2526 2913 2809 2981 celassem,
2843 2918 2889 2972 si
2932 2919 3139 2989 aliquid
3176 2923 3297 2992 plus
3333 2924 3526 2980 habuis

1960 3013 2074 3059 sem
2097 2999 2149 3057 in
2182 3000 2284 3057 hoc
2310 3005 2657 3070 monasterio,
2685 3021 2844 3075 quam
2866 3009 3009 3065 hunc
3032 3012 3204 3066 solum
3230 3012 3542 3083 ﬂasconem,

1959 3090 2049 3158 qui
2088 3091 2243 3157 nobis
2272 3093 2403 3165 hora
2447 3096 2657 3163 prandii
2686 3101 2943 3155 restabat.
2990 3102 3187 3158 Potens
3234 3113 3320 3160 est
3363 3115 3544 3163 tamen

1957 3179 2098 3237 Deus
2125 3196 2219 3249 per
2244 3197 2436 3252 preces
2481 3195 2791 3241 sanctorum
2837 3204 3057 3249 suorum
3101 3192 3245 3248 hunc
3297 3196 3544 3252 eumdem

1956 3270 2110 3327 nobis
2169 3272 2444 3328 abundare
2505 3274 2715 3342 facere,
2750 3277 2869 3333 illos
2927 3280 3318 3348 honoriﬁcam,
3347 3294 3401 3340 et
3445 3278 3546 3343 nos

1954 3358 2249 3441 laatiticare,
2305 3372 2358 3417 et
2410 3366 2697 3435 ostendere
2744 3371 2920 3435 nobis,
2962 3371 3087 3426 licet
3130 3374 3392 3444 indignis,
3434 3392 3548 3433 suas

1954 3448 2172 3517 pictatis
2204 3450 2497 3519 miracula;
2555 3457 2647 3524 qui
2676 3474 2772 3526 per
2806 3460 3235 3517 benedictionem
3272 3468 3545 3534 quondam

1955 3541 2128 3605 sancti
2158 3540 2491 3603 Wlllibrordi
2516 3545 2694 3602 Patris
2726 3551 2920 3615 nostri,
2949 3566 3016 3606 ex
3044 3563 3279 3623 quatuor
3302 3555 3524 3615 ﬁasconi

1956 3630 2055 3699 bus
2102 3634 2459 3706 quadraginta
2488 3639 2632 3694 viros
2664 3641 2863 3697 satiare
2897 3646 3149 3714 dignatus
3175 3656 3279 3702 est.
3311 3649 3543 3706 Tantum

1955 3737 2081 3789 cum
2110 3728 2406 3794 gratiarum
2450 3732 2661 3787 actione
2707 3733 2903 3805 [Μήνη
2926 3752 3049 3792 cum
3073 3741 3452 3815 gratulatione]
3491 3745 3544 3798 in

1956 3831 2052 3885 spe
2082 3818 2328 3875 bibamus
2365 3824 2506 3892 quod
2532 3825 2810 3881 habemus.
2870 3828 3049 3885 Primo
3101 3840 3158 3886 et
3202 3837 3438 3891 secundo
3477 3836 3546 3892 de

1957 3909 2147 3969 eodem
2170 3909 2406 3969 ﬂascone
2435 3931 2626 3979 omnes
2652 3919 2907 3974 biberunt
2958 3922 3174 3989 fratres,
3202 3934 3258 3980 et
3294 3927 3544 3984 inventus

1956 4012 2040 4065 est
2068 4017 2098 4056 a
2126 4004 2372 4062 ministro
2400 4007 2476 4062 ita
2503 4008 2693 4078 plenus
2726 4019 2786 4065 ut
2813 4021 2955 4067 ante.
2989 4012 3104 4071 Hoc
3140 4018 3343 4084 audito,
3375 4020 3542 4077 abbas

1956 4114 2080 4167 cum
2117 4098 2374 4154 fratribus
2414 4099 2525 4154 Deo
2571 4115 2732 4171 agere
2773 4104 2978 4173 gratias
3020 4108 3299 4178 satagebat
3348 4128 3361 4162 :
3400 4110 3543 4166 bibe-

1955 4200 2208 4260 runtque,
2232 4190 2513 4245 laudantes
2545 4192 2781 4248 divinam
2808 4195 3147 4252 clementiam
3186 4198 3355 4271 [Μηὺ.
3377 4242 3391 4266 ,
3419 4216 3545 4257 con-

1956 4283 2292 4353 gratulantes
2323 4282 2519 4338 divinae
2543 4284 2864 4358 clementiae]
2898 4287 2985 4341 illa
3010 4298 3167 4345 nocte
3192 4307 3315 4348 cum
3344 4294 3546 4349 sobrie-

259 4381 547 4452 apostolici
569 4398 760 4453 preces
780 4384 833 4437 in
856 4384 1000 4438 omni
1023 4384 1284 4454 petitione
1311 4384 1539 4440 honesta
1560 4400 1658 4440 vos
1691 4401 1853 4439 exau-

1961 4381 2067 4429 tate
2089 4381 2143 4427 et
2168 4372 2373 4443 laetitia,
2388 4382 2650 4443 quantum
2670 4375 2972 4441 voluerunt.
2999 4379 3043 4434 0
3069 4379 3280 4437 felicem
3302 4382 3542 4451 Patrem,

260 4472 382 4529 dire
403 4472 673 4544 dignetur,
705 4476 845 4530 sicut
867 4481 995 4530 ante
1023 4475 1258 4530 diximus
1279 4475 1423 4529 illam
1446 4476 1708 4530 exaudire
1733 4490 1850 4546 pre-

259 4581 357 4623 ces
406 4566 779 4625 inﬁrmantum
830 4568 884 4623 in
932 4568 1122 4625 eadem
1174 4568 1321 4641 [hac]
1371 4570 1619 4636 ecclesia,
1652 4584 1853 4641 eosque

259 4676 391 4716 cum
414 4660 505 4715 diu
542 4660 1113 4718 desideratasanitate
1149 4662 1371 4718 domum
1402 4664 1578 4718 redire
1612 4662 1855 4736 [conces

258 4753 378 4824 sit].
419 4752 530 4809 Nec
558 4753 764 4810 scilicet
792 4756 1148 4811 dubitandum
1170 4764 1272 4821 est,
1306 4758 1449 4827 quod
1472 4758 1638 4812 veluti
1668 4759 1855 4813 visibi-

256 4843 391 4901 Iiter
420 4860 711 4914 oorporeas
742 4845 957 4902 illorum
997 4847 1247 4918 dignatus
1274 4855 1357 4903 est
1385 4847 1634 4904 Christus
1663 4864 1857 4904 sanare

260 4932 648 5001 inﬁrmitates,
696 4936 771 4991 ita
797 4944 854 4992 et
902 4937 1144 4993 occultas
1193 4939 1498 4994 animarum
1550 4948 1857 4995 nostrarum

254 5026 667 5095 egrotatioues,
696 5028 1064 5085 intercedente
1091 5045 1191 5101 pro
1217 5031 1373 5085 nobis
1405 5040 1595 5086 sancto
1628 5046 1745 5096 suo,
1763 5033 1856 5102 qui

252 5116 356 5172 hic
400 5118 757 5190 corporaliter
806 5121 1101 5191 requiescit
1137 5134 1195 5187 ει,
1231 5131 1287 5177 et
1334 5138 1494 5192 quem
1546 5124 1860 5195 spiritaliter

338 5260 363 5290 ι
403 5250 507 5315 Qui
533 5254 617 5307 hic
637 5254 977 5327 corporaliter
998 5256 1287 5327 requiescit.
1324 5258 1541 5314 Dicercs
1568 5258 1859 5327 Alcuinum

254 5336 325 5377 ιη
381 5322 733 5399 monasterio
760 5322 1139 5399 Esternacensi
1185 5335 1297 5381 tum
1340 5329 1542 5384 vixisse
1574 5322 1739 5399 quasi:
1768 5324 1860 5385 do—'

252 5393 574 5466 mesticum.
609 5396 682 5450 At
704 5397 817 5451 hmc
855 5398 1162 5466 similiaque
1206 5400 1371 5453 verba
1411 5393 1606 5453 scribit
1640 5403 1860 5457 nomine

250 5464 658 5537 monachorum
700 5464 1173 5522 Esternacensium
1196 5508 1209 5531 ,
1242 5470 1332 5537 qui
1362 5485 1426 5525 ea
1460 5470 1513 5524 in
1554 5471 1754 5526 divinis
1780 5473 1860 5525 of-

252 5532 408 5607 ficiis
433 5537 910 5607 recitaturierant.
963 5539 1110 5596 Idem
1159 5532 1445 5607 dicentium
1510 5542 1576 5605 de
1627 5541 1859 5599 Ilomilia

252 5605 325 5733 Ἦ
371 5603 535 5675 hujus
564 5608 738 5666 sancti
779 5610 979 5680 natali,
1010 5618 1233 5669 auctore
1261 5603 1512 5681 Alcuino,
1549 5603 1856 5671 recitanda.

330 5692 509 5733 ΑΒΜ..

330 5692 509 5735 ABILL.

1956 4464 2047 4534 qui
2088 4464 2249 4519 talem
2280 4466 2560 4534 generavit
2598 4466 2794 4533 ﬁlium,
2831 4471 2924 4538 qui
2974 4472 3067 4526 tali
3112 4473 3326 4528 haerede
3363 4490 3393 4529 a
3432 4474 3545 4529 Deo

1955 4556 2149 4622 dignus
2184 4553 2401 4625 habitus
2445 4565 2549 4611 est.
2584 4557 2641 4611 In
2674 4574 2782 4628 quo
2813 4560 3119 4618 benedictio
3147 4564 3236 4618 illa
3269 4565 3540 4635 impletur,

1954 4663 2074 4717 qua;
2107 4648 2163 4711 in
2212 4647 2632 4717 Depteronomio
2672 4651 2870 4722 legitur
2901 4672 2913 4707 :
2949 4654 3261 4713 Benedictus
3287 4668 3366 4723 tu,
3388 4669 3436 4714 et
3461 4661 3547 4716 be-

1958 4739 2193 4801 nedictus
2224 4738 2429 4809 fructus
2464 4743 2656 4796 ventris
2681 4744 2759 4796 tui
2791 4743 2970 4814 (Deut.
3000 4762 3156 4813 xvm,
3176 4749 3323 4820 3,4).
3347 4750 3543 4806 Amen.

2174 4854 2531 4916 EJUSDEM
2589 4854 2911 4929 ALCUINI
2954 4860 3306 4929 HOMILIA
3338 4910 3353 4939 ,

2001 4964 2023 4993 °
2060 4973 2143 5012 DE
2188 4971 2417 5025 ΝΔΤᾼῙᾸ
2462 4970 2683 5027 SANCTI
2744 4976 3168 5023 WILLIBRORDI
3235 4984 3504 5027 ARCHIE“

2620 5052 2883 5099 PISCOPI.
2986 5048 2989 5049 '
3076 5044 3085 5053 '
3166 5052 3167 5055 ‘
3454 5046 3457 5047 ⁷

2028 5132 2067 5188 Ι.
2107 5131 2405 5189 Celebriora
2431 5144 2731 5191 sanctorum
2756 5141 3052 5209 patrocinia
3077 5120 3543 5203 enumerantur.—

2307 5275 2569 5358 Albertus.
2612 5278 2745 5351 [Al.,
2796 5280 3118 5358 illigemus],
3145 5286 3320 5341 sancti
3368 5286 3541 5344 Willio

1958 5347 2162 5423 brordi
2178 5347 2229 5401 in
2254 5347 2517 5419 regimine
2542 5347 2856 5423 monasterii
2884 5347 3294 5423 Esternacensis
3320 5374 3540 5421 succes-

1961 5433 2069 5479 sor,
2099 5419 2165 5471 ad
2191 5422 2811 5499 quem_exstat_diploma
2840 5423 3052 5499 Pippini
3078 5426 3219 5499 regis
3249 5419 3387 5498 apud
3413 5419 3537 5487 Bro-

1960 5504 2167 5542 wcrum
2196 5490 2388 5542 Annal.
2417 5488 2771 5549 Trevirflibr.
2805 5488 3010 5550 vufln.

2033 5571 2055 5599 ο
2089 5559 2473 5640 Apudlllabill.
2500 5576 2513 5614 :
2542 5561 2733 5640 Incipit
2764 5581 2946 5640 sermo
2994 5567 3047 5633 in
3085 5569 3250 5631 natali
3281 5569 3530 5640 ejusdem,

1962 5629 2283 5685 convenienti
2315 5630 2505 5701 populo
2542 5629 2857 5688 recitandae.
