  <div class='ocr_page' id='page_1' title='image "/cluster/home/n/w/nwhite01/storage/ocr_20150623/101/hvd.32044004824769/363.png"; bbox 0 0 4044 6340; ppageno 0'>
   <div class='ocr_carea' id='block_1_1' title="bbox 511 316 614 370">
    <p class='ocr_par' dir='ltr' id='par_1_1' title="bbox 511 316 614 370">
     <span class='ocr_line' id='line_1_1' title="bbox 511 316 614 370; baseline 0 0"><span class='ocrx_word' id='word_1_1' title='bbox 511 316 614 370; x_wconf 75' lang='grc'><strong>715</strong></span> 
     </span>
    </p>
   </div>
   <div class='ocr_carea' id='block_1_2' title="bbox 1129 425 1448 483">
    <p class='ocr_par' dir='ltr' id='par_1_2' title="bbox 1129 425 1448 483">
     <span class='ocr_line' id='line_1_2' title="bbox 1129 425 1448 483; baseline -0.013 -1"><span class='ocrx_word' id='word_1_2' title='bbox 1129 427 1355 483; x_wconf 85' lang='lat' dir='ltr'><strong>CAPUT</strong></span> <span class='ocrx_word' id='word_1_3' title='bbox 1385 425 1448 479; x_wconf 74' lang='grc' dir='ltr'><strong>ν.</strong></span> 
     </span>
    </p>
   </div>
   <div class='ocr_carea' id='block_1_3' title="bbox 511 507 2082 592">
    <p class='ocr_par' dir='ltr' id='par_1_3' title="bbox 511 507 2082 592">
     <span class='ocr_line' id='line_1_3' title="bbox 511 507 2082 592; baseline -0.001 -16"><span class='ocrx_word' id='word_1_4' title='bbox 511 521 784 588; x_wconf 75' lang='lat' dir='ltr'><strong>Quomodo</strong></span> <span class='ocrx_word' id='word_1_5' title='bbox 834 521 980 576; x_wconf 75' lang='lat' dir='ltr'><strong>illuni</strong></span> <span class='ocrx_word' id='word_1_6' title='bbox 1013 522 1149 575; x_wconf 87' lang='lat' dir='ltr'><strong>idem</strong></span> <span class='ocrx_word' id='word_1_7' title='bbox 1191 521 1372 575; x_wconf 80' lang='lat' dir='ltr'><strong>beatus</strong></span> <span class='ocrx_word' id='word_1_8' title='bbox 1393 507 1528 592; x_wconf 77' lang='lat' dir='ltr'><strong>papa</strong></span> <span class='ocrx_word' id='word_1_9' title='bbox 1555 521 1840 592; x_wconf 80' lang='lat' dir='ltr'><strong>honoriﬁce</strong></span> <span class='ocrx_word' id='word_1_10' title='bbox 1885 531 2082 592; x_wconf 78' lang='lat' dir='ltr'><strong>tracto-</strong></span> 
     </span>
    </p>
   </div>
   <div class='ocr_carea' id='block_1_4' title="bbox 580 590 2082 663">
    <p class='ocr_par' dir='ltr' id='par_1_4' title="bbox 580 590 2082 663">
     <span class='ocr_line' id='line_1_4' title="bbox 580 590 2082 663; baseline -0.001 -17"><span class='ocrx_word' id='word_1_11' title='bbox 580 594 673 656; x_wconf 77' lang='lat' dir='ltr'><strong>vit,</strong></span> <span class='ocrx_word' id='word_1_12' title='bbox 712 600 760 646; x_wconf 88' lang='lat' dir='ltr'><strong>et</strong></span> <span class='ocrx_word' id='word_1_13' title='bbox 790 592 1030 646; x_wconf 83' lang='lat' dir='ltr'><strong>ordinato</strong></span> <span class='ocrx_word' id='word_1_14' title='bbox 1069 607 1253 646; x_wconf 81' lang='lat' dir='ltr'><strong><em>nomen</em></strong></span> <span class='ocrx_word' id='word_1_15' title='bbox 1281 590 1527 663; x_wconf 75' lang='lat' dir='ltr'><strong>impasuit</strong></span> <span class='ocrx_word' id='word_1_16' title='bbox 1569 590 1829 656; x_wconf 83' lang='lat' dir='ltr'><strong>Clemens,</strong></span> <span class='ocrx_word' id='word_1_17' title='bbox 1857 601 1903 645; x_wconf 84' lang='lat' dir='ltr'><strong>et</strong></span> <span class='ocrx_word' id='word_1_18' title='bbox 1929 591 2082 646; x_wconf 88' lang='lat' dir='ltr'><strong>donis</strong></span> 
     </span>
    </p>
   </div>
   <div class='ocr_carea' id='block_1_5' title="bbox 580 663 820 717">
    <p class='ocr_par' dir='ltr' id='par_1_5' title="bbox 580 663 820 717">
     <span class='ocr_line' id='line_1_5' title="bbox 580 663 820 717; baseline -0.004 -1"><span class='ocrx_word' id='word_1_19' title='bbox 580 663 820 717; x_wconf 85' lang='lat' dir='ltr'><strong>ditasset.</strong></span> 
     </span>
    </p>
   </div>
   <div class='ocr_carea' id='block_1_6' title="bbox 580 773 1860 846">
    <p class='ocr_par' dir='ltr' id='par_1_6' title="bbox 580 773 1860 846">
     <span class='ocr_line' id='line_1_6' title="bbox 580 773 1860 846; baseline -0.002 -16"><span class='ocrx_word' id='word_1_20' title='bbox 580 775 786 831; x_wconf 77' lang='lat' dir='ltr'><strong>Annuit</strong></span> <span class='ocrx_word' id='word_1_21' title='bbox 805 775 1067 846; x_wconf 76' lang='lat' dir='ltr'><strong>angelicis</strong></span> <span class='ocrx_word' id='word_1_22' title='bbox 1091 773 1313 833; x_wconf 95' lang='lat' dir='ltr'><strong>monitis</strong></span> <span class='ocrx_word' id='word_1_23' title='bbox 1339 789 1462 829; x_wconf 83' lang='lat' dir='ltr'><strong>mox</strong></span> <span class='ocrx_word' id='word_1_24' title='bbox 1484 789 1620 844; x_wconf 89' lang='lat' dir='ltr'><strong>papa</strong></span> <span class='ocrx_word' id='word_1_25' title='bbox 1647 775 1860 838; x_wconf 89' lang='lat' dir='ltr'><strong>beatus,</strong></span> 
     </span>
    </p>
   </div>
   <div class='ocr_carea' id='block_1_7' title="bbox 509 859 1848 934">
    <p class='ocr_par' dir='ltr' id='par_1_7' title="bbox 509 859 1848 934">
     <span class='ocr_line' id='line_1_7' title="bbox 509 859 1848 934; baseline -0.003 -14"><span class='ocrx_word' id='word_1_26' title='bbox 509 867 686 934; x_wconf 81' lang='lat' dir='ltr'><strong>Atque</strong></span> <span class='ocrx_word' id='word_1_27' title='bbox 709 859 805 919; x_wconf 90' lang='lat' dir='ltr'><strong>Dei</strong></span> <span class='ocrx_word' id='word_1_28' title='bbox 831 861 1088 918; x_wconf 80' lang='lat' dir='ltr'><strong>famulum</strong></span> <span class='ocrx_word' id='word_1_29' title='bbox 1117 863 1369 918; x_wconf 85' lang='lat' dir='ltr'><strong>tractavit</strong></span> <span class='ocrx_word' id='word_1_30' title='bbox 1394 872 1575 918; x_wconf 90' lang='lat' dir='ltr'><strong>mente</strong></span> <span class='ocrx_word' id='word_1_31' title='bbox 1597 863 1848 933; x_wconf 85' lang='lat' dir='ltr'><strong>benigna.</strong></span> 
     </span>
    </p>
   </div>
   <div class='ocr_carea' id='block_1_8' title="bbox 512 953 1926 1024">
    <p class='ocr_par' dir='ltr' id='par_1_8' title="bbox 512 953 1926 1024">
     <span class='ocr_line' id='line_1_8' title="bbox 512 953 1926 1024; baseline -0.003 -12"><span class='ocrx_word' id='word_1_32' title='bbox 512 955 581 1012; x_wconf 90' lang='lat' dir='ltr'><strong>Ut</strong></span> <span class='ocrx_word' id='word_1_33' title='bbox 603 953 782 1010; x_wconf 79' lang='lat' dir='ltr'><strong>fuerat</strong></span> <span class='ocrx_word' id='word_1_34' title='bbox 799 954 1006 1024; x_wconf 81' lang='lat' dir='ltr'><strong>jussus,</strong></span> <span class='ocrx_word' id='word_1_35' title='bbox 1030 953 1390 1022; x_wconf 83' lang='lat' dir='ltr'><strong>compleverat</strong></span> <span class='ocrx_word' id='word_1_36' title='bbox 1414 954 1597 1008; x_wconf 81' lang='lat' dir='ltr'><strong>omnia</strong></span> <span class='ocrx_word' id='word_1_37' title='bbox 1621 958 1926 1022; x_wconf 86' lang='lat' dir='ltr'><strong>promptus,</strong></span> 
     </span>
    </p>
   </div>
   <div class='ocr_carea' id='block_1_9' title="bbox 507 1037 1841 1114">
    <p class='ocr_par' dir='ltr' id='par_1_9' title="bbox 507 1037 1841 1114">
     <span class='ocr_line' id='line_1_9' title="bbox 507 1037 1841 1114; baseline -0.003 -15"><span class='ocrx_word' id='word_1_38' title='bbox 507 1037 934 1114; x_wconf 83' lang='lat' dir='ltr'><strong>Pontilicemque</strong></span> <span class='ocrx_word' id='word_1_39' title='bbox 961 1043 1110 1097; x_wconf 89' lang='lat' dir='ltr'><strong>illum</strong></span> <span class='ocrx_word' id='word_1_40' title='bbox 1137 1057 1338 1112; x_wconf 86' lang='lat' dir='ltr'><strong>magno</strong></span> <span class='ocrx_word' id='word_1_41' title='bbox 1353 1043 1591 1106; x_wconf 85' lang='lat' dir='ltr'><strong>sacravit</strong></span> <span class='ocrx_word' id='word_1_42' title='bbox 1609 1043 1841 1104; x_wconf 89' lang='lat' dir='ltr'><strong>honore,</strong></span> 
     </span>
    </p>
   </div>
   <div class='ocr_carea' id='block_1_10' title="bbox 507 1131 2088 1204">
    <p class='ocr_par' dir='ltr' id='par_1_10' title="bbox 507 1131 2088 1204">
     <span class='ocr_line' id='line_1_10' title="bbox 507 1131 2088 1204; baseline -0.001 -14"><span class='ocrx_word' id='word_1_43' title='bbox 507 1135 737 1193; x_wconf 85' lang='lat' dir='ltr'><strong>Nomine</strong></span> <span class='ocrx_word' id='word_1_44' title='bbox 764 1134 1095 1190; x_wconf 86' lang='lat' dir='ltr'><strong>Clementem</strong></span> <span class='ocrx_word' id='word_1_45' title='bbox 1146 1135 1318 1204; x_wconf 89' lang='lat' dir='ltr'><strong>patria</strong></span> <span class='ocrx_word' id='word_1_46' title='bbox 1368 1133 1561 1204; x_wconf 84' lang='lat' dir='ltr'><strong>[Mab.,</strong></span> <span class='ocrx_word' id='word_1_47' title='bbox 1587 1132 1788 1204; x_wconf 86' lang='lat' dir='ltr'><strong>patrio]</strong></span> <span class='ocrx_word' id='word_1_48' title='bbox 1817 1131 2088 1202; x_wconf 78' lang='lat' dir='ltr'><strong>iussitque</strong></span> 
     </span>
    </p>
   </div>
   <div class='ocr_carea' id='block_1_11' title="bbox 1777 1222 2013 1294">
    <p class='ocr_par' dir='ltr' id='par_1_11' title="bbox 1777 1222 2013 1294">
     <span class='ocr_line' id='line_1_11' title="bbox 1777 1222 2013 1294; baseline 0.008 -19"><span class='ocrx_word' id='word_1_49' title='bbox 1777 1222 2013 1294; x_wconf 83' lang='lat' dir='ltr'><strong>{vocari,</strong></span> 
     </span>
    </p>
   </div>
   <div class='ocr_carea' id='block_1_12' title="bbox 507 1311 1868 1389">
    <p class='ocr_par' dir='ltr' id='par_1_12' title="bbox 507 1311 1868 1389">
     <span class='ocr_line' id='line_1_12' title="bbox 507 1311 1868 1389; baseline -0.007 -13"><span class='ocrx_word' id='word_1_50' title='bbox 507 1318 576 1376; x_wconf 85' lang='lat' dir='ltr'><strong>Et</strong></span> <span class='ocrx_word' id='word_1_51' title='bbox 598 1333 930 1389; x_wconf 69' lang='lat' dir='ltr'><strong>quaecunque</strong></span> <span class='ocrx_word' id='word_1_52' title='bbox 957 1316 1089 1385; x_wconf 90' lang='lat' dir='ltr'><strong>petit</strong></span> <span class='ocrx_word' id='word_1_53' title='bbox 1111 1323 1332 1370; x_wconf 89' lang='lat' dir='ltr'><strong>sanctus</strong></span> <span class='ocrx_word' id='word_1_54' title='bbox 1353 1313 1480 1379; x_wconf 86' lang='lat' dir='ltr'><strong>sibi,</strong></span> <span class='ocrx_word' id='word_1_55' title='bbox 1511 1313 1736 1369; x_wconf 81' lang='lat' dir='ltr'><strong>tradidit</strong></span> <span class='ocrx_word' id='word_1_56' title='bbox 1766 1311 1868 1378; x_wconf 91' lang='lat' dir='ltr'><strong>illi,</strong></span> 
     </span>
    </p>
   </div>
   <div class='ocr_carea' id='block_1_13' title="bbox 505 1405 1893 1476">
    <p class='ocr_par' dir='ltr' id='par_1_13' title="bbox 505 1405 1893 1476">
     <span class='ocr_line' id='line_1_13' title="bbox 505 1405 1893 1476; baseline -0.004 -14"><span class='ocrx_word' id='word_1_57' title='bbox 505 1407 746 1462; x_wconf 85' lang='lat' dir='ltr'><strong>Plurima</strong></span> <span class='ocrx_word' id='word_1_58' title='bbox 785 1413 1100 1462; x_wconf 90' lang='lat' dir='ltr'><strong>sanctorum</strong></span> <span class='ocrx_word' id='word_1_59' title='bbox 1133 1412 1401 1476; x_wconf 64' lang='lat' dir='ltr'><strong>praestans</strong></span> <span class='ocrx_word' id='word_1_60' title='bbox 1427 1405 1474 1459; x_wconf 88' lang='lat' dir='ltr'><strong>ei</strong></span> <span class='ocrx_word' id='word_1_61' title='bbox 1498 1405 1634 1459; x_wconf 88' lang='lat' dir='ltr'><strong>dona</strong></span> <span class='ocrx_word' id='word_1_62' title='bbox 1661 1405 1893 1474; x_wconf 89' lang='lat' dir='ltr'><strong>piorum.</strong></span> 
     </span>
    </p>
   </div>
   <div class='ocr_carea' id='block_1_14' title="bbox 1119 1512 1470 1568">
    <p class='ocr_par' dir='ltr' id='par_1_14' title="bbox 1119 1512 1470 1568">
     <span class='ocr_line' id='line_1_14' title="bbox 1119 1512 1470 1568; baseline -0.003 0"><span class='ocrx_word' id='word_1_63' title='bbox 1119 1513 1347 1568; x_wconf 80' lang='lat' dir='ltr'><strong>CAPUT</strong></span> <span class='ocrx_word' id='word_1_64' title='bbox 1381 1512 1470 1568; x_wconf 83' lang='lat' dir='ltr'><strong>Vl.</strong></span> 
     </span>
    </p>
   </div>
   <div class='ocr_carea' id='block_1_15' title="bbox 509 1605 2091 1673">
    <p class='ocr_par' dir='ltr' id='par_1_15' title="bbox 509 1605 2091 1673">
     <span class='ocr_line' id='line_1_15' title="bbox 509 1605 2091 1673; baseline -0.001 -11"><span class='ocrx_word' id='word_1_65' title='bbox 509 1605 662 1673; x_wconf 83' lang='lat' dir='ltr'><strong><em>Quod</em></strong></span> <span class='ocrx_word' id='word_1_66' title='bbox 691 1607 769 1660; x_wconf 78' lang='lat' dir='ltr'><strong>t-ir</strong></span> <span class='ocrx_word' id='word_1_67' title='bbox 785 1605 884 1659; x_wconf 97' lang='lat' dir='ltr'><strong>Dei</strong></span> <span class='ocrx_word' id='word_1_68' title='bbox 914 1607 1156 1660; x_wconf 77' lang='lat' dir='ltr'><strong>remeauit</strong></span> <span class='ocrx_word' id='word_1_69' title='bbox 1181 1607 1236 1658; x_wconf 84' lang='lat' dir='ltr'><strong>in</strong></span> <span class='ocrx_word' id='word_1_70' title='bbox 1261 1605 1568 1671; x_wconf 83' lang='lat' dir='ltr'><strong>Franciam,</strong></span> <span class='ocrx_word' id='word_1_71' title='bbox 1596 1616 1642 1658; x_wconf 80' lang='lat' dir='ltr'><strong>et</strong></span> <span class='ocrx_word' id='word_1_72' title='bbox 1678 1607 1934 1661; x_wconf 79' lang='lat' dir='ltr'><strong>instanter</strong></span> <span class='ocrx_word' id='word_1_73' title='bbox 1964 1623 2091 1660; x_wconf 85' lang='lat' dir='ltr'><strong>cun-</strong></span> 
     </span>
    </p>
   </div>
   <div class='ocr_carea' id='block_1_16' title="bbox 771 1674 1808 1746">
    <p class='ocr_par' dir='ltr' id='par_1_16' title="bbox 771 1674 1808 1746">
     <span class='ocr_line' id='line_1_16' title="bbox 771 1674 1808 1746; baseline -0.002 -16"><span class='ocrx_word' id='word_1_74' title='bbox 771 1677 865 1730; x_wconf 87' lang='lat' dir='ltr'><strong>ctis</strong></span> <span class='ocrx_word' id='word_1_75' title='bbox 895 1674 1236 1745; x_wconf 80' lang='lat' dir='ltr'><strong>Evangelium</strong></span> <span class='ocrx_word' id='word_1_76' title='bbox 1271 1675 1808 1746; x_wconf 70' lang='lat' dir='ltr'><strong>Christi&#39;pra’dicavit.</strong></span> 
     </span>
    </p>
   </div>
   <div class='ocr_carea' id='block_1_17' title="bbox 577 1783 1951 1842">
    <p class='ocr_par' dir='ltr' id='par_1_17' title="bbox 577 1783 1951 1842">
     <span class='ocr_line' id='line_1_17' title="bbox 577 1783 1951 1842; baseline -0.001 0"><span class='ocrx_word' id='word_1_77' title='bbox 577 1787 675 1842; x_wconf 79' lang='lat' dir='ltr'><strong>His</strong></span> <span class='ocrx_word' id='word_1_78' title='bbox 704 1787 839 1842; x_wconf 85' lang='lat' dir='ltr'><strong>actis</strong></span> <span class='ocrx_word' id='word_1_79' title='bbox 865 1786 1081 1841; x_wconf 87' lang='lat' dir='ltr'><strong>Domini</strong></span> <span class='ocrx_word' id='word_1_80' title='bbox 1112 1783 1344 1840; x_wconf 79' lang='lat' dir='ltr'><strong>famulus</strong></span> <span class='ocrx_word' id='word_1_81' title='bbox 1370 1785 1633 1841; x_wconf 79' lang='lat' dir='ltr'><strong>remeavit</strong></span> <span class='ocrx_word' id='word_1_82' title='bbox 1659 1785 1726 1839; x_wconf 86' lang='lat' dir='ltr'><strong>ad</strong></span> <span class='ocrx_word' id='word_1_83' title='bbox 1763 1785 1951 1840; x_wconf 87' lang='lat' dir='ltr'><strong>orbem</strong></span> 
     </span>
    </p>
   </div>
   <div class='ocr_carea' id='block_1_18' title="bbox 505 1871 1860 1942">
    <p class='ocr_par' dir='ltr' id='par_1_18' title="bbox 505 1871 1860 1942">
     <span class='ocr_line' id='line_1_18' title="bbox 505 1871 1860 1942; baseline -0.001 -8"><span class='ocrx_word' id='word_1_84' title='bbox 505 1879 859 1942; x_wconf 83' lang='lat' dir='ltr'><strong>Francorum,</strong></span> <span class='ocrx_word' id='word_1_85' title='bbox 883 1871 1108 1932; x_wconf 86' lang='lat' dir='ltr'><strong>veniens</strong></span> <span class='ocrx_word' id='word_1_86' title='bbox 1131 1877 1378 1932; x_wconf 88' lang='lat' dir='ltr'><strong>ﬁrmatus</strong></span> <span class='ocrx_word' id='word_1_87' title='bbox 1404 1893 1624 1932; x_wconf 78' lang='lat' dir='ltr'><strong>munere</strong></span> <span class='ocrx_word' id='word_1_88' title='bbox 1647 1893 1860 1932; x_wconf 88' lang='lat' dir='ltr'><strong>summo</strong></span> 
     </span>
    </p>
   </div>
   <div class='ocr_carea' id='block_1_19' title="bbox 505 1963 1865 2046">
    <p class='ocr_par' dir='ltr' id='par_1_19' title="bbox 505 1963 1865 2046">
     <span class='ocr_line' id='line_1_19' title="bbox 505 1963 1865 2046; baseline -0.001 -20"><span class='ocrx_word' id='word_1_89' title='bbox 505 1971 573 2026; x_wconf 84' lang='lat' dir='ltr'><strong>Et</strong></span> <span class='ocrx_word' id='word_1_90' title='bbox 601 1979 744 2026; x_wconf 90' lang='lat' dir='ltr'><strong>totus</strong></span> <span class='ocrx_word' id='word_1_91' title='bbox 773 1971 1037 2046; x_wconf 86' lang='lat' dir='ltr'><strong>gaudens,</strong></span> <span class='ocrx_word' id='word_1_92' title='bbox 1056 1963 1288 2040; x_wconf 84' lang='lat' dir='ltr'><strong>populus</strong></span> <span class='ocrx_word' id='word_1_93' title='bbox 1323 1979 1449 2024; x_wconf 89' lang='lat' dir='ltr'><strong>tunc</strong></span> <span class='ocrx_word' id='word_1_94' title='bbox 1475 1971 1670 2040; x_wconf 83' lang='lat' dir='ltr'><strong>accipit</strong></span> <span class='ocrx_word' id='word_1_95' title='bbox 1699 1970 1865 2033; x_wconf 89' lang='lat' dir='ltr'><strong>illum,</strong></span> 
     </span>
    </p>
   </div>
   <div class='ocr_carea' id='block_1_20' title="bbox 505 2058 1768 2128">
    <p class='ocr_par' dir='ltr' id='par_1_20' title="bbox 505 2058 1768 2128">
     <span class='ocr_line' id='line_1_20' title="bbox 505 2058 1768 2128; baseline -0.001 -13"><span class='ocrx_word' id='word_1_96' title='bbox 505 2060 752 2115; x_wconf 86' lang='lat' dir='ltr'><strong>Flumina</strong></span> <span class='ocrx_word' id='word_1_97' title='bbox 782 2058 1029 2112; x_wconf 85' lang='lat' dir='ltr'><strong>mcllillua</strong></span> <span class='ocrx_word' id='word_1_98' title='bbox 1049 2060 1272 2128; x_wconf 85' lang='lat' dir='ltr'><strong>cupiens</strong></span> <span class='ocrx_word' id='word_1_99' title='bbox 1293 2060 1512 2115; x_wconf 84' lang='lat' dir='ltr'><strong>haurire</strong></span> <span class='ocrx_word' id='word_1_100' title='bbox 1541 2060 1731 2115; x_wconf 90' lang='lat' dir='ltr'><strong>salutis</strong></span> <span class='ocrx_word' id='word_1_101' title='bbox 1757 2080 1768 2114; x_wconf 94' lang='lat'><strong>:</strong></span> 
     </span>
    </p>
   </div>
   <div class='ocr_carea' id='block_1_21' title="bbox 507 2149 1871 2220">
    <p class='ocr_par' dir='ltr' id='par_1_21' title="bbox 507 2149 1871 2220">
     <span class='ocr_line' id='line_1_21' title="bbox 507 2149 1871 2220; baseline -0.001 -13"><span class='ocrx_word' id='word_1_102' title='bbox 507 2152 638 2220; x_wconf 63' lang='lat' dir='ltr'><strong>Qua:</strong></span> <span class='ocrx_word' id='word_1_103' title='bbox 663 2151 824 2206; x_wconf 89' lang='lat' dir='ltr'><strong>Pater</strong></span> <span class='ocrx_word' id='word_1_104' title='bbox 839 2149 1086 2220; x_wconf 84' lang='lat' dir='ltr'><strong>egregius</strong></span> <span class='ocrx_word' id='word_1_105' title='bbox 1111 2149 1322 2203; x_wconf 89' lang='lat' dir='ltr'><strong>cunctis</strong></span> <span class='ocrx_word' id='word_1_106' title='bbox 1348 2149 1684 2218; x_wconf 84' lang='lat' dir='ltr'><strong>impenderat</strong></span> <span class='ocrx_word' id='word_1_107' title='bbox 1709 2151 1871 2213; x_wconf 89' lang='lat' dir='ltr'><strong>ultro,</strong></span> 
     </span>
    </p>
   </div>
   <div class='ocr_carea' id='block_1_22' title="bbox 505 2240 1923 2312">
    <p class='ocr_par' dir='ltr' id='par_1_22' title="bbox 505 2240 1923 2312">
     <span class='ocr_line' id='line_1_22' title="bbox 505 2240 1923 2312; baseline -0.001 -16"><span class='ocrx_word' id='word_1_108' title='bbox 505 2243 652 2298; x_wconf 83' lang='lat' dir='ltr'><strong>Rore</strong></span> <span class='ocrx_word' id='word_1_109' title='bbox 681 2241 863 2312; x_wconf 84' lang='lat' dir='ltr'><strong>rigans</strong></span> <span class='ocrx_word' id='word_1_110' title='bbox 888 2254 1086 2308; x_wconf 88' lang='lat' dir='ltr'><strong>supero</strong></span> <span class='ocrx_word' id='word_1_111' title='bbox 1111 2248 1428 2294; x_wconf 89' lang='lat' dir='ltr'><strong>cunctorum</strong></span> <span class='ocrx_word' id='word_1_112' title='bbox 1456 2247 1675 2308; x_wconf 85' lang='lat' dir='ltr'><strong>pectora</strong></span> <span class='ocrx_word' id='word_1_113' title='bbox 1700 2240 1923 2306; x_wconf 84' lang='lat' dir='ltr'><strong>Christi,</strong></span> 
     </span>
    </p>
   </div>
   <div class='ocr_carea' id='block_1_23' title="bbox 507 2325 1838 2400">
    <p class='ocr_par' dir='ltr' id='par_1_23' title="bbox 507 2325 1838 2400">
     <span class='ocr_line' id='line_1_23' title="bbox 507 2325 1838 2400; baseline -0.002 -14"><span class='ocrx_word' id='word_1_114' title='bbox 507 2325 575 2386; x_wconf 83' lang='lat' dir='ltr'><strong>Et</strong></span> <span class='ocrx_word' id='word_1_115' title='bbox 602 2343 925 2400; x_wconf 88' lang='lat' dir='ltr'><strong>quocunque</strong></span> <span class='ocrx_word' id='word_1_116' title='bbox 959 2329 1082 2399; x_wconf 87' lang='lat' dir='ltr'><strong>pius</strong></span> <span class='ocrx_word' id='word_1_117' title='bbox 1108 2330 1358 2383; x_wconf 79' lang='lat' dir='ltr'><strong>veniebat</strong></span> <span class='ocrx_word' id='word_1_118' title='bbox 1397 2327 1535 2383; x_wconf 81' lang='lat' dir='ltr'><strong>forte</strong></span> <span class='ocrx_word' id='word_1_119' title='bbox 1565 2329 1838 2394; x_wconf 78' lang='lat' dir='ltr'><strong>sacerdos,</strong></span> 
     </span>
    </p>
   </div>
   <div class='ocr_carea' id='block_1_24' title="bbox 506 2420 1760 2490">
    <p class='ocr_par' dir='ltr' id='par_1_24' title="bbox 506 2420 1760 2490">
     <span class='ocr_line' id='line_1_24' title="bbox 506 2420 1760 2490; baseline 0.001 -14"><span class='ocrx_word' id='word_1_120' title='bbox 506 2421 820 2476; x_wconf 83' lang='lat' dir='ltr'><strong>Auxiliante</strong></span> <span class='ocrx_word' id='word_1_121' title='bbox 845 2421 955 2475; x_wconf 90' lang='lat' dir='ltr'><strong>Deo</strong></span> <span class='ocrx_word' id='word_1_122' title='bbox 983 2420 1188 2476; x_wconf 79' lang='lat' dir='ltr'><strong>fructus</strong></span> <span class='ocrx_word' id='word_1_123' title='bbox 1217 2421 1475 2490; x_wconf 81' lang='lat' dir='ltr'><strong>carpebat</strong></span> <span class='ocrx_word' id='word_1_124' title='bbox 1498 2436 1760 2477; x_wconf 73' lang='lat' dir='ltr'><strong>ammnos.</strong></span> 
     </span>
    </p>
   </div>
   <div class='ocr_carea' id='block_1_25' title="bbox 511 2505 1726 2584">
    <p class='ocr_par' dir='ltr' id='par_1_25' title="bbox 511 2505 1726 2584">
     <span class='ocr_line' id='line_1_25' title="bbox 511 2505 1726 2584; baseline 0 -18"><span class='ocrx_word' id='word_1_125' title='bbox 511 2511 844 2584; x_wconf 58' lang='lat' dir='ltr'><strong>[Catholica</strong></span> <span class='ocrx_word' id='word_1_126' title='bbox 870 2510 989 2568; x_wconf 90' lang='lat' dir='ltr'><strong>ﬁdei</strong></span> <span class='ocrx_word' id='word_1_127' title='bbox 1022 2513 1194 2568; x_wconf 86' lang='lat' dir='ltr'><strong>donec</strong></span> <span class='ocrx_word' id='word_1_128' title='bbox 1223 2505 1538 2582; x_wconf 75' lang='lat' dir='ltr'><strong>impleverat</strong></span> <span class='ocrx_word' id='word_1_129' title='bbox 1561 2513 1726 2567; x_wconf 89' lang='lat' dir='ltr'><strong>urbes</strong></span> 
     </span>
    </p>
   </div>
   <div class='ocr_carea' id='block_1_26' title="bbox 507 2601 1817 2675">
    <p class='ocr_par' dir='ltr' id='par_1_26' title="bbox 507 2601 1817 2675">
     <span class='ocr_line' id='line_1_26' title="bbox 507 2601 1817 2675; baseline -0.002 -19"><span class='ocrx_word' id='word_1_130' title='bbox 507 2601 794 2675; x_wconf 86' lang='lat' dir='ltr'><strong>Agnitione</strong></span> <span class='ocrx_word' id='word_1_131' title='bbox 825 2603 941 2668; x_wconf 89' lang='lat' dir='ltr'><strong>Dei,</strong></span> <span class='ocrx_word' id='word_1_132' title='bbox 973 2603 1148 2669; x_wconf 84' lang='lat' dir='ltr'><strong>villas,</strong></span> <span class='ocrx_word' id='word_1_133' title='bbox 1189 2611 1350 2673; x_wconf 86' lang='lat' dir='ltr'><strong>atque</strong></span> <span class='ocrx_word' id='word_1_134' title='bbox 1373 2603 1592 2672; x_wconf 68' lang='lat' dir='ltr'><strong>oppida,</strong></span> <span class='ocrx_word' id='word_1_135' title='bbox 1626 2617 1768 2655; x_wconf 89' lang='lat' dir='ltr'><strong>rura.</strong></span> <span class='ocrx_word' id='word_1_136' title='bbox 1796 2601 1817 2672; x_wconf 76' lang='lat'>}</span> 
     </span>
    </p>
   </div>
   <div class='ocr_carea' id='block_1_27' title="bbox 1110 2712 1488 2769">
    <p class='ocr_par' dir='ltr' id='par_1_27' title="bbox 1110 2712 1488 2769">
     <span class='ocr_line' id='line_1_27' title="bbox 1110 2712 1488 2769; baseline -0.005 -1"><span class='ocrx_word' id='word_1_137' title='bbox 1110 2712 1338 2768; x_wconf 81' lang='lat' dir='ltr'><strong>CAPUT</strong></span> <span class='ocrx_word' id='word_1_138' title='bbox 1379 2713 1488 2769; x_wconf 60' lang='grc' dir='ltr'><strong>ΥΠ.</strong></span> 
     </span>
    </p>
   </div>
   <div class='ocr_carea' id='block_1_28' title="bbox 616 2803 1965 2879">
    <p class='ocr_par' dir='ltr' id='par_1_28' title="bbox 616 2803 1965 2879">
     <span class='ocr_line' id='line_1_28' title="bbox 616 2803 1965 2879; baseline -0.004 -17"><span class='ocrx_word' id='word_1_139' title='bbox 616 2805 772 2879; x_wconf 87' lang='lat' dir='ltr'><strong>Quod</strong></span> <span class='ocrx_word' id='word_1_140' title='bbox 808 2805 1130 2861; x_wconf 85' lang='lat' dir='ltr'><strong>Fresonibus</strong></span> <span class='ocrx_word' id='word_1_141' title='bbox 1151 2817 1197 2860; x_wconf 89' lang='lat' dir='ltr'><strong>et</strong></span> <span class='ocrx_word' id='word_1_142' title='bbox 1222 2804 1389 2859; x_wconf 83' lang='lat' dir='ltr'><strong>Dunis</strong></span> <span class='ocrx_word' id='word_1_143' title='bbox 1423 2804 1712 2876; x_wconf 78' lang='lat' dir='ltr'><strong>pra&#39;dirare</strong></span> <span class='ocrx_word' id='word_1_144' title='bbox 1733 2803 1965 2857; x_wconf 84' lang='lat' dir='ltr'><strong>tentobat</strong></span> 
     </span>
    </p>
   </div>
   <div class='ocr_carea' id='block_1_29' title="bbox 577 2917 1881 2982">
    <p class='ocr_par' dir='ltr' id='par_1_29' title="bbox 577 2917 1881 2982">
     <span class='ocr_line' id='line_1_29' title="bbox 577 2917 1881 2982; baseline -0.001 -9"><span class='ocrx_word' id='word_1_145' title='bbox 577 2918 688 2974; x_wconf 88' lang='lat' dir='ltr'><strong>Nec</strong></span> <span class='ocrx_word' id='word_1_146' title='bbox 711 2919 794 2976; x_wconf 89' lang='lat' dir='ltr'><strong>his</strong></span> <span class='ocrx_word' id='word_1_147' title='bbox 817 2928 1108 2976; x_wconf 87' lang='lat' dir='ltr'><strong>contentus</strong></span> <span class='ocrx_word' id='word_1_148' title='bbox 1130 2919 1462 2975; x_wconf 85' lang='lat' dir='ltr'><strong>Francorum</strong></span> <span class='ocrx_word' id='word_1_149' title='bbox 1494 2919 1712 2982; x_wconf 87' lang='lat' dir='ltr'><strong>ﬁnibus,</strong></span> <span class='ocrx_word' id='word_1_150' title='bbox 1740 2917 1881 2972; x_wconf 88' lang='lat' dir='ltr'><strong>ultra</strong></span> 
     </span>
    </p>
   </div>
   <div class='ocr_carea' id='block_1_30' title="bbox 521 3008 1781 3082">
    <p class='ocr_par' dir='ltr' id='par_1_30' title="bbox 521 3008 1781 3082">
     <span class='ocr_line' id='line_1_30' title="bbox 521 3008 1781 3082; baseline -0.005 -15"><span class='ocrx_word' id='word_1_151' title='bbox 521 3011 790 3082; x_wconf 76' lang='lat' dir='ltr'><strong>Spargere</strong></span> <span class='ocrx_word' id='word_1_152' title='bbox 825 3011 919 3066; x_wconf 88' lang='lat' dir='ltr'><strong>sed</strong></span> <span class='ocrx_word' id='word_1_153' title='bbox 943 3019 1164 3066; x_wconf 86' lang='lat' dir='ltr'><strong>tentans</strong></span> <span class='ocrx_word' id='word_1_154' title='bbox 1187 3011 1350 3065; x_wconf 90' lang='lat' dir='ltr'><strong>divini</strong></span> <span class='ocrx_word' id='word_1_155' title='bbox 1379 3010 1586 3065; x_wconf 88' lang='lat' dir='ltr'><strong>semina</strong></span> <span class='ocrx_word' id='word_1_156' title='bbox 1610 3008 1781 3073; x_wconf 83' lang='lat' dir='ltr'><strong>verbi,</strong></span> 
     </span>
    </p>
   </div>
   <div class='ocr_carea' id='block_1_31' title="bbox 512 3099 1780 3170">
    <p class='ocr_par' dir='ltr' id='par_1_31' title="bbox 512 3099 1780 3170">
     <span class='ocr_line' id='line_1_31' title="bbox 512 3099 1780 3170; baseline -0.006 -12"><span class='ocrx_word' id='word_1_157' title='bbox 512 3103 778 3158; x_wconf 80' lang='lat' dir='ltr'><strong>Gentibus</strong></span> <span class='ocrx_word' id='word_1_158' title='bbox 800 3101 1025 3170; x_wconf 88' lang='lat' dir='ltr'><strong>antiquo</strong></span> <span class='ocrx_word' id='word_1_159' title='bbox 1054 3101 1227 3170; x_wconf 85' lang='lat' dir='ltr'><strong>captis</strong></span> <span class='ocrx_word' id='word_1_160' title='bbox 1253 3115 1438 3154; x_wconf 90' lang='lat' dir='ltr'><strong>errore</strong></span> <span class='ocrx_word' id='word_1_161' title='bbox 1457 3099 1780 3163; x_wconf 89' lang='lat' dir='ltr'><strong>Fresonum,</strong></span> 
     </span>
    </p>
   </div>
   <div class='ocr_carea' id='block_1_32' title="bbox 510 3179 1928 3258">
    <p class='ocr_par' dir='ltr' id='par_1_32' title="bbox 510 3179 1928 3258">
     <span class='ocr_line' id='line_1_32' title="bbox 510 3179 1928 3258; baseline -0.004 -12"><span class='ocrx_word' id='word_1_162' title='bbox 510 3190 609 3246; x_wconf 79' lang='lat' dir='ltr'><strong>Vel</strong></span> <span class='ocrx_word' id='word_1_163' title='bbox 638 3189 822 3254; x_wconf 86' lang='lat' dir='ltr'><strong>Danis,</strong></span> <span class='ocrx_word' id='word_1_164' title='bbox 853 3187 1081 3242; x_wconf 90' lang='lat' dir='ltr'><strong>multum</strong></span> <span class='ocrx_word' id='word_1_165' title='bbox 1106 3188 1304 3258; x_wconf 90' lang='lat' dir='ltr'><strong>populo</strong></span> <span class='ocrx_word' id='word_1_166' title='bbox 1325 3203 1423 3257; x_wconf 87' lang='lat' dir='ltr'><strong>per</strong></span> <span class='ocrx_word' id='word_1_167' title='bbox 1453 3187 1607 3242; x_wconf 68' lang='lat' dir='ltr'><strong>saecla</strong></span> <span class='ocrx_word' id='word_1_168' title='bbox 1649 3186 1837 3250; x_wconf 81' lang='lat' dir='ltr'><strong>feroci,</strong></span> <span class='ocrx_word' id='word_1_169' title='bbox 1925 3179 1928 3182; x_wconf 64' lang='grc'><strong>’</strong></span> 
     </span>
    </p>
   </div>
   <div class='ocr_carea' id='block_1_33' title="bbox 511 3275 2022 3348">
    <p class='ocr_par' dir='ltr' id='par_1_33' title="bbox 511 3275 2022 3348">
     <span class='ocr_line' id='line_1_33' title="bbox 511 3275 2022 3348; baseline -0.003 -15"><span class='ocrx_word' id='word_1_170' title='bbox 511 3281 660 3346; x_wconf 91' lang='lat' dir='ltr'><strong>Quos</strong></span> <span class='ocrx_word' id='word_1_171' title='bbox 690 3288 819 3333; x_wconf 92' lang='lat' dir='ltr'><strong>tunc</strong></span> <span class='ocrx_word' id='word_1_172' title='bbox 845 3278 989 3332; x_wconf 86' lang='lat' dir='ltr'><strong>haud</strong></span> <span class='ocrx_word' id='word_1_173' title='bbox 1017 3278 1190 3346; x_wconf 88' lang='lat' dir='ltr'><strong>potuit</strong></span> <span class='ocrx_word' id='word_1_174' title='bbox 1217 3275 1398 3348; x_wconf 87' lang='lat' dir='ltr'><strong>(reges</strong></span> <span class='ocrx_word' id='word_1_175' title='bbox 1435 3277 1560 3346; x_wconf 86' lang='lat' dir='ltr'><strong>quia</strong></span> <span class='ocrx_word' id='word_1_176' title='bbox 1589 3275 1725 3329; x_wconf 81' lang='lat' dir='ltr'><strong>forte</strong></span> <span class='ocrx_word' id='word_1_177' title='bbox 1759 3275 2022 3330; x_wconf 88' lang='lat' dir='ltr'><strong>scelestos</strong></span> 
     </span>
    </p>
   </div>
   <div class='ocr_carea' id='block_1_34' title="bbox 511 3364 1980 3439">
    <p class='ocr_par' dir='ltr' id='par_1_34' title="bbox 511 3364 1980 3439">
     <span class='ocr_line' id='line_1_34' title="bbox 511 3364 1980 3439; baseline -0.006 -14"><span class='ocrx_word' id='word_1_178' title='bbox 511 3369 590 3427; x_wconf 90' lang='lat' dir='ltr'><strong>llli</strong></span> <span class='ocrx_word' id='word_1_179' title='bbox 617 3369 854 3424; x_wconf 86' lang='lat' dir='ltr'><strong>habuere</strong></span> <span class='ocrx_word' id='word_1_180' title='bbox 885 3365 1117 3439; x_wconf 82' lang='lat' dir='ltr'><strong>quidem)</strong></span> <span class='ocrx_word' id='word_1_181' title='bbox 1158 3367 1227 3433; x_wconf 87' lang='lat' dir='ltr'><strong>ad</strong></span> <span class='ocrx_word' id='word_1_182' title='bbox 1261 3366 1384 3422; x_wconf 80' lang='lat' dir='ltr'><strong>ﬁdei</strong></span> <span class='ocrx_word' id='word_1_183' title='bbox 1414 3373 1734 3420; x_wconf 85' lang='lat' dir='ltr'><strong>convertere</strong></span> <span class='ocrx_word' id='word_1_184' title='bbox 1759 3364 1980 3418; x_wconf 91' lang='lat' dir='ltr'><strong>donum.</strong></span> 
     </span>
    </p>
   </div>
   <div class='ocr_carea' id='block_1_35' title="bbox 1097 3449 1496 3534">
    <p class='ocr_par' dir='ltr' id='par_1_35' title="bbox 1097 3449 1496 3534">
     <span class='ocr_line' id='line_1_35' title="bbox 1097 3449 1496 3534; baseline -0.01 0"><span class='ocrx_word' id='word_1_185' title='bbox 1097 3477 1325 3534; x_wconf 85' lang='lat' dir='ltr'><strong>CAPUT</strong></span> <span class='ocrx_word' id='word_1_186' title='bbox 1365 3449 1496 3532; x_wconf 77' lang='lat' dir='ltr'><strong>vui.</strong></span> 
     </span>
    </p>
   </div>
   <div class='ocr_carea' id='block_1_36' title="bbox 515 3589 2094 3663">
    <p class='ocr_par' dir='ltr' id='par_1_36' title="bbox 515 3589 2094 3663">
     <span class='ocr_line' id='line_1_36' title="bbox 515 3589 2094 3663; baseline -0.002 -16"><span class='ocrx_word' id='word_1_187' title='bbox 515 3591 670 3660; x_wconf 84' lang='lat' dir='ltr'><strong>Quod</strong></span> <span class='ocrx_word' id='word_1_188' title='bbox 709 3589 911 3663; x_wconf 79' lang='lat' dir='ltr'><strong>aliquos</strong></span> <span class='ocrx_word' id='word_1_189' title='bbox 961 3591 1237 3663; x_wconf 78' lang='lat' dir='ltr'><strong>baptizavit</strong></span> <span class='ocrx_word' id='word_1_190' title='bbox 1268 3607 1331 3645; x_wconf 68' lang='lat' dir='ltr'><strong>eat</strong></span> <span class='ocrx_word' id='word_1_191' title='bbox 1358 3589 1460 3644; x_wconf 89' lang='lat' dir='ltr'><strong>illis</strong></span> <span class='ocrx_word' id='word_1_192' title='bbox 1493 3590 1548 3644; x_wconf 87' lang='lat' dir='ltr'><strong>in</strong></span> <span class='ocrx_word' id='word_1_193' title='bbox 1581 3607 1689 3663; x_wconf 50' lang='grc' dir='ltr'><strong>ἔπι,</strong></span> <span class='ocrx_word' id='word_1_194' title='bbox 1715 3600 1768 3663; x_wconf 3' lang='lat' dir='ltr'><strong>et,</strong></span> <span class='ocrx_word' id='word_1_195' title='bbox 1789 3589 1988 3662; x_wconf 86' lang='lat' dir='ltr'><strong>aliquid</strong></span> <span class='ocrx_word' id='word_1_196' title='bbox 2024 3606 2094 3644; x_wconf 87' lang='lat' dir='ltr'><strong>st-</strong></span> 
     </span>
    </p>
   </div>
   <div class='ocr_carea' id='block_1_37' title="bbox 734 3659 1876 3731">
    <p class='ocr_par' dir='ltr' id='par_1_37' title="bbox 734 3659 1876 3731">
     <span class='ocr_line' id='line_1_37' title="bbox 734 3659 1876 3731; baseline -0.001 -17"><span class='ocrx_word' id='word_1_197' title='bbox 734 3659 954 3731; x_wconf 80' lang='lat' dir='ltr'><strong>gnorum</strong></span> <span class='ocrx_word' id='word_1_198' title='bbox 985 3659 1184 3730; x_wconf 81' lang='lat' dir='ltr'><strong>faciens</strong></span> <span class='ocrx_word' id='word_1_199' title='bbox 1213 3677 1445 3715; x_wconf 76' lang='lat' dir='ltr'><strong>reversus</strong></span> <span class='ocrx_word' id='word_1_200' title='bbox 1465 3670 1539 3715; x_wconf 88' lang='lat' dir='ltr'><strong>est</strong></span> <span class='ocrx_word' id='word_1_201' title='bbox 1571 3659 1876 3713; x_wconf 78' lang='lat' dir='ltr'><strong>Franriam.</strong></span> 
     </span>
    </p>
   </div>
   <div class='ocr_carea' id='block_1_38' title="bbox 583 3771 1919 3842">
    <p class='ocr_par' dir='ltr' id='par_1_38' title="bbox 583 3771 1919 3842">
     <span class='ocr_line' id='line_1_38' title="bbox 583 3771 1919 3842; baseline -0.003 -14"><span class='ocrx_word' id='word_1_202' title='bbox 583 3773 690 3828; x_wconf 86' lang='lat' dir='ltr'><strong>Sed</strong></span> <span class='ocrx_word' id='word_1_203' title='bbox 721 3772 862 3827; x_wconf 87' lang='lat' dir='ltr'><strong>Deus</strong></span> <span class='ocrx_word' id='word_1_204' title='bbox 891 3772 1232 3842; x_wconf 90' lang='lat' dir='ltr'><strong>omnipotens</strong></span> <span class='ocrx_word' id='word_1_205' title='bbox 1264 3771 1475 3825; x_wconf 87' lang='lat' dir='ltr'><strong>animas</strong></span> <span class='ocrx_word' id='word_1_206' title='bbox 1501 3771 1798 3826; x_wconf 72' lang='lat' dir='ltr'><strong>donaverat</strong></span> <span class='ocrx_word' id='word_1_207' title='bbox 1819 3771 1919 3825; x_wconf 89' lang='lat' dir='ltr'><strong>illi.</strong></span> 
     </span>
    </p>
   </div>
   <div class='ocr_carea' id='block_1_39' title="bbox 511 3862 1747 3933">
    <p class='ocr_par' dir='ltr' id='par_1_39' title="bbox 511 3862 1747 3933">
     <span class='ocr_line' id='line_1_39' title="bbox 511 3862 1747 3933; baseline -0.004 -13"><span class='ocrx_word' id='word_1_208' title='bbox 511 3864 775 3920; x_wconf 83' lang='lat' dir='ltr'><strong>Gentibus</strong></span> <span class='ocrx_word' id='word_1_209' title='bbox 797 3879 862 3918; x_wconf 80' lang='lat' dir='ltr'><strong>ex</strong></span> <span class='ocrx_word' id='word_1_210' title='bbox 893 3863 1024 3933; x_wconf 91' lang='lat' dir='ltr'><strong>ipsis</strong></span> <span class='ocrx_word' id='word_1_211' title='bbox 1049 3862 1276 3931; x_wconf 86' lang='lat' dir='ltr'><strong>aliquas,</strong></span> <span class='ocrx_word' id='word_1_212' title='bbox 1301 3869 1356 3916; x_wconf 90' lang='lat' dir='ltr'><strong>et</strong></span> <span class='ocrx_word' id='word_1_213' title='bbox 1383 3864 1519 3916; x_wconf 91' lang='lat' dir='ltr'><strong>mira</strong></span> <span class='ocrx_word' id='word_1_214' title='bbox 1539 3863 1747 3932; x_wconf 83' lang='lat' dir='ltr'><strong>peregit</strong></span> 
     </span>
    </p>
   </div>
   <div class='ocr_carea' id='block_1_40' title="bbox 513 3953 2094 4024">
    <p class='ocr_par' dir='ltr' id='par_1_40' title="bbox 513 3953 2094 4024">
     <span class='ocr_line' id='line_1_40' title="bbox 513 3953 2094 4024; baseline -0.001 -14"><span class='ocrx_word' id='word_1_215' title='bbox 513 3956 726 4024; x_wconf 86' lang='lat' dir='ltr'><strong>Perque</strong></span> <span class='ocrx_word' id='word_1_216' title='bbox 748 3969 903 4009; x_wconf 90' lang='lat' dir='ltr'><strong>suum</strong></span> <span class='ocrx_word' id='word_1_217' title='bbox 936 3969 1150 4008; x_wconf 89' lang='lat' dir='ltr'><strong>servum</strong></span> <span class='ocrx_word' id='word_1_218' title='bbox 1173 3954 1418 4024; x_wconf 64' lang='lat' dir='ltr'><strong>qum-dam</strong></span> <span class='ocrx_word' id='word_1_219' title='bbox 1446 3972 1459 4007; x_wconf 91' lang='lat'><strong>:</strong></span> <span class='ocrx_word' id='word_1_220' title='bbox 1489 3953 1580 4024; x_wconf 90' lang='lat' dir='ltr'><strong>qui</strong></span> <span class='ocrx_word' id='word_1_221' title='bbox 1604 3954 1657 4007; x_wconf 91' lang='lat' dir='ltr'><strong>in</strong></span> <span class='ocrx_word' id='word_1_222' title='bbox 1684 3968 1812 4024; x_wconf 87' lang='lat' dir='ltr'><strong>pace</strong></span> <span class='ocrx_word' id='word_1_223' title='bbox 1841 3969 2094 4008; x_wconf 82' lang='lat' dir='ltr'><strong>reversus</strong></span> 
     </span>
    </p>
   </div>
   <div class='ocr_carea' id='block_1_41' title="bbox 512 4041 1877 4114">
    <p class='ocr_par' dir='ltr' id='par_1_41' title="bbox 512 4041 1877 4114">
     <span class='ocr_line' id='line_1_41' title="bbox 512 4041 1877 4114; baseline -0.003 -15"><span class='ocrx_word' id='word_1_224' title='bbox 512 4045 594 4099; x_wconf 83' lang='lat' dir='ltr'><strong>Ad</strong></span> <span class='ocrx_word' id='word_1_225' title='bbox 614 4043 872 4114; x_wconf 89' lang='lat' dir='ltr'><strong>populum</strong></span> <span class='ocrx_word' id='word_1_226' title='bbox 898 4041 1110 4096; x_wconf 89' lang='lat' dir='ltr'><strong>Domini</strong></span> <span class='ocrx_word' id='word_1_227' title='bbox 1143 4050 1396 4110; x_wconf 89' lang='lat' dir='ltr'><strong>spectans</strong></span> <span class='ocrx_word' id='word_1_228' title='bbox 1427 4042 1738 4111; x_wconf 87' lang='lat' dir='ltr'><strong>regionibus</strong></span> <span class='ocrx_word' id='word_1_229' title='bbox 1759 4041 1877 4095; x_wconf 85' lang='lat' dir='ltr'><strong>istis</strong></span> 
     </span>
    </p>
   </div>
   <div class='ocr_carea' id='block_1_42' title="bbox 510 4130 1779 4204">
    <p class='ocr_par' dir='ltr' id='par_1_42' title="bbox 510 4130 1779 4204">
     <span class='ocr_line' id='line_1_42' title="bbox 510 4130 1779 4204; baseline -0.001 -16"><span class='ocrx_word' id='word_1_230' title='bbox 510 4133 684 4189; x_wconf 86' lang='lat' dir='ltr'><strong>Janua</strong></span> <span class='ocrx_word' id='word_1_231' title='bbox 706 4143 1002 4204; x_wconf 70' lang='lat' dir='ltr'><strong>perpetum,‘</strong></span> <span class='ocrx_word' id='word_1_232' title='bbox 1034 4130 1252 4187; x_wconf 77' lang='lat' dir='ltr'><strong>Christo</strong></span> <span class='ocrx_word' id='word_1_233' title='bbox 1275 4131 1567 4202; x_wconf 90' lang='lat' dir='ltr'><strong>pandente,</strong></span> <span class='ocrx_word' id='word_1_234' title='bbox 1590 4131 1779 4187; x_wconf 89' lang='lat' dir='ltr'><strong>salutis</strong></span> 
     </span>
    </p>
   </div>
   <div class='ocr_carea' id='block_1_43' title="bbox 510 4224 2025 4296">
    <p class='ocr_par' dir='ltr' id='par_1_43' title="bbox 510 4224 2025 4296">
     <span class='ocr_line' id='line_1_43' title="bbox 510 4224 2025 4296; baseline 0 -15"><span class='ocrx_word' id='word_1_235' title='bbox 510 4227 650 4281; x_wconf 85' lang='lat' dir='ltr'><strong>Dum</strong></span> <span class='ocrx_word' id='word_1_236' title='bbox 671 4234 818 4280; x_wconf 88' lang='lat' dir='ltr'><strong>esset</strong></span> <span class='ocrx_word' id='word_1_237' title='bbox 836 4234 1020 4294; x_wconf 88' lang='lat' dir='ltr'><strong>aperta</strong></span> <span class='ocrx_word' id='word_1_238' title='bbox 1045 4225 1150 4294; x_wconf 90' lang='lat' dir='ltr'><strong>piis</strong></span> <span class='ocrx_word' id='word_1_239' title='bbox 1177 4225 1417 4288; x_wconf 88' lang='lat' dir='ltr'><strong>monitis,</strong></span> <span class='ocrx_word' id='word_1_240' title='bbox 1447 4225 1541 4279; x_wconf 90' lang='lat' dir='ltr'><strong>sed</strong></span> <span class='ocrx_word' id='word_1_241' title='bbox 1585 4240 1800 4292; x_wconf 89' lang='lat' dir='ltr'><strong>semper</strong></span> <span class='ocrx_word' id='word_1_242' title='bbox 1826 4224 2025 4296; x_wconf 91' lang='lat' dir='ltr'><strong>ubique</strong></span> 
     </span>
    </p>
   </div>
   <div class='ocr_carea' id='block_1_44' title="bbox 511 4313 1780 4383">
    <p class='ocr_par' dir='ltr' id='par_1_44' title="bbox 511 4313 1780 4383">
     <span class='ocr_line' id='line_1_44' title="bbox 511 4313 1780 4383; baseline -0.002 -14"><span class='ocrx_word' id='word_1_243' title='bbox 511 4315 794 4370; x_wconf 84' lang='lat' dir='ltr'><strong>Firmabat</strong></span> <span class='ocrx_word' id='word_1_244' title='bbox 813 4322 1037 4370; x_wconf 89' lang='lat' dir='ltr'><strong>cunctos</strong></span> <span class='ocrx_word' id='word_1_245' title='bbox 1061 4331 1075 4379; x_wconf 89' lang='lat'><strong>;</strong></span> <span class='ocrx_word' id='word_1_246' title='bbox 1106 4313 1368 4383; x_wconf 90' lang='lat' dir='ltr'><strong>Pippinus</strong></span> <span class='ocrx_word' id='word_1_247' title='bbox 1392 4322 1634 4383; x_wconf 88' lang='lat' dir='ltr'><strong>tempora</strong></span> <span class='ocrx_word' id='word_1_248' title='bbox 1659 4313 1780 4367; x_wconf 70' lang='lat' dir='ltr'><strong>vita:</strong></span> 
     </span>
    </p>
   </div>
   <div class='ocr_carea' id='block_1_45' title="bbox 513 4405 1964 4476">
    <p class='ocr_par' dir='ltr' id='par_1_45' title="bbox 513 4405 1964 4476">
     <span class='ocr_line' id='line_1_45' title="bbox 513 4405 1964 4476; baseline -0.001 -15"><span class='ocrx_word' id='word_1_249' title='bbox 513 4405 802 4461; x_wconf 70' lang='lat' dir='ltr'><strong>Praesentis</strong></span> <span class='ocrx_word' id='word_1_250' title='bbox 829 4405 1126 4474; x_wconf 86' lang='lat' dir='ltr'><strong>complens,</strong></span> <span class='ocrx_word' id='word_1_251' title='bbox 1153 4406 1345 4460; x_wconf 88' lang='lat' dir='ltr'><strong>Carolo</strong></span> <span class='ocrx_word' id='word_1_252' title='bbox 1370 4421 1465 4459; x_wconf 89' lang='lat' dir='ltr'><strong>sua</strong></span> <span class='ocrx_word' id='word_1_253' title='bbox 1495 4421 1662 4476; x_wconf 88' lang='lat' dir='ltr'><strong>regna</strong></span> <span class='ocrx_word' id='word_1_254' title='bbox 1685 4405 1964 4476; x_wconf 89' lang='lat' dir='ltr'><strong>relinquit.</strong></span> 
     </span>
    </p>
   </div>
   <div class='ocr_carea' id='block_1_46' title="bbox 1136 4515 1467 4573">
    <p class='ocr_par' dir='ltr' id='par_1_46' title="bbox 1136 4515 1467 4573">
     <span class='ocr_line' id='line_1_46' title="bbox 1136 4515 1467 4573; baseline 0 -1"><span class='ocrx_word' id='word_1_255' title='bbox 1136 4515 1362 4573; x_wconf 82' lang='lat' dir='ltr'><strong>CAPUT</strong></span> <span class='ocrx_word' id='word_1_256' title='bbox 1397 4518 1467 4572; x_wconf 81' lang='lat' dir='ltr'><strong>IX</strong></span> 
     </span>
    </p>
   </div>
   <div class='ocr_carea' id='block_1_47' title="bbox 515 4616 2168 4705">
    <p class='ocr_par' dir='ltr' id='par_1_47' title="bbox 515 4616 2168 4705">
     <span class='ocr_line' id='line_1_47' title="bbox 515 4616 2168 4705; baseline 0.005 -17"><span class='ocrx_word' id='word_1_257' title='bbox 515 4634 671 4700; x_wconf 87' lang='lat' dir='ltr'><strong>Quod</strong></span> <span class='ocrx_word' id='word_1_258' title='bbox 692 4631 936 4697; x_wconf 81' lang='lat' dir='ltr'><strong>Carolus,</strong></span> <span class='ocrx_word' id='word_1_259' title='bbox 956 4631 1441 4705; x_wconf 17' lang='lat' dir='ltr'><strong>lirancorum‘dux,</strong></span> <span class='ocrx_word' id='word_1_260' title='bbox 1462 4616 1669 4705; x_wconf 12' lang='lat' dir='ltr'><strong>gentem.</strong></span> <span class='ocrx_word' id='word_1_261' title='bbox 1685 4635 1972 4694; x_wconf 81' lang='lat' dir='ltr'><strong>Fresonum</strong></span> <span class='ocrx_word' id='word_1_262' title='bbox 1995 4640 2095 4695; x_wconf 88' lang='lat' dir='ltr'><strong>sibi</strong></span> <span class='ocrx_word' id='word_1_263' title='bbox 2165 4678 2168 4680; x_wconf 92' lang='lat'><em>-</em></span> 
     </span>
    </p>
   </div>
   <div class='ocr_carea' id='block_1_48' title="bbox 1186 4703 1426 4774">
    <p class='ocr_par' dir='ltr' id='par_1_48' title="bbox 1186 4703 1426 4774">
     <span class='ocr_line' id='line_1_48' title="bbox 1186 4703 1426 4774; baseline 0 -17"><span class='ocrx_word' id='word_1_264' title='bbox 1186 4703 1426 4774; x_wconf 75' lang='lat' dir='ltr'><strong>subjecit.</strong></span> 
     </span>
    </p>
   </div>
   <div class='ocr_carea' id='block_1_49' title="bbox 585 4811 1816 4884">
    <p class='ocr_par' dir='ltr' id='par_1_49' title="bbox 585 4811 1816 4884">
     <span class='ocr_line' id='line_1_49' title="bbox 585 4811 1816 4884; baseline 0.004 -18"><span class='ocrx_word' id='word_1_265' title='bbox 585 4811 687 4880; x_wconf 85' lang='lat' dir='ltr'><strong>Qui</strong></span> <span class='ocrx_word' id='word_1_266' title='bbox 722 4828 847 4868; x_wconf 78' lang='lat' dir='ltr'><strong>mox</strong></span> <span class='ocrx_word' id='word_1_267' title='bbox 878 4812 1133 4868; x_wconf 88' lang='lat' dir='ltr'><strong>nobiliter</strong></span> <span class='ocrx_word' id='word_1_268' title='bbox 1157 4813 1368 4884; x_wconf 79' lang='lat' dir='ltr'><strong>regales</strong></span> <span class='ocrx_word' id='word_1_269' title='bbox 1392 4814 1535 4870; x_wconf 82' lang='lat' dir='ltr'><strong>rexit</strong></span> <span class='ocrx_word' id='word_1_270' title='bbox 1552 4813 1816 4880; x_wconf 88' lang='lat' dir='ltr'><strong>habenas,</strong></span> 
     </span>
    </p>
   </div>
   <div class='ocr_carea' id='block_1_50' title="bbox 512 4903 1922 4982">
    <p class='ocr_par' dir='ltr' id='par_1_50' title="bbox 512 4903 1922 4982">
     <span class='ocr_line' id='line_1_50' title="bbox 512 4903 1922 4982; baseline 0.002 -22"><span class='ocrx_word' id='word_1_271' title='bbox 512 4903 868 4975; x_wconf 84' lang='lat' dir='ltr'><strong>Ampliﬁcans</strong></span> <span class='ocrx_word' id='word_1_272' title='bbox 894 4903 1054 4982; x_wconf 80' lang='lat' dir='ltr'><strong>lines,</strong></span> <span class='ocrx_word' id='word_1_273' title='bbox 1085 4913 1276 4976; x_wconf 79' lang='lat' dir='ltr'><strong>gentes</strong></span> <span class='ocrx_word' id='word_1_274' title='bbox 1302 4906 1606 4976; x_wconf 89' lang='lat' dir='ltr'><strong>superando</strong></span> <span class='ocrx_word' id='word_1_275' title='bbox 1635 4907 1922 4977; x_wconf 88' lang='lat' dir='ltr'><strong>triumphis</strong></span> 
     </span>
    </p>
   </div>
   <div class='ocr_carea' id='block_1_51' title="bbox 512 4993 1741 5066">
    <p class='ocr_par' dir='ltr' id='par_1_51' title="bbox 512 4993 1741 5066">
     <span class='ocr_line' id='line_1_51' title="bbox 512 4993 1741 5066; baseline 0.004 -18"><span class='ocrx_word' id='word_1_276' title='bbox 512 4993 806 5060; x_wconf 73' lang='lat' dir='ltr'><strong>Externas,</strong></span> <span class='ocrx_word' id='word_1_277' title='bbox 836 4995 1003 5050; x_wconf 89' lang='lat' dir='ltr'><strong>etiam</strong></span> <span class='ocrx_word' id='word_1_278' title='bbox 1024 4995 1163 5050; x_wconf 86' lang='lat' dir='ltr'><strong>bello</strong></span> <span class='ocrx_word' id='word_1_279' title='bbox 1189 4996 1427 5066; x_wconf 83' lang='lat' dir='ltr'><strong>vicitque</strong></span> <span class='ocrx_word' id='word_1_280' title='bbox 1451 4996 1741 5062; x_wconf 86' lang='lat' dir='ltr'><strong>Fresones,</strong></span> 
     </span>
    </p>
   </div>
   <div class='ocr_carea' id='block_1_52' title="bbox 515 5088 1720 5161">
    <p class='ocr_par' dir='ltr' id='par_1_52' title="bbox 515 5088 1720 5161">
     <span class='ocr_line' id='line_1_52' title="bbox 515 5088 1720 5161; baseline 0 -17"><span class='ocrx_word' id='word_1_281' title='bbox 515 5090 584 5144; x_wconf 74' lang='lat' dir='ltr'><strong>Et</strong></span> <span class='ocrx_word' id='word_1_282' title='bbox 609 5089 809 5153; x_wconf 85' lang='lat' dir='ltr'><strong>ferrata</strong></span> <span class='ocrx_word' id='word_1_283' title='bbox 847 5104 1010 5158; x_wconf 89' lang='lat' dir='ltr'><strong>super</strong></span> <span class='ocrx_word' id='word_1_284' title='bbox 1040 5088 1157 5143; x_wconf 90' lang='lat' dir='ltr'><strong>illos</strong></span> <span class='ocrx_word' id='word_1_285' title='bbox 1194 5098 1454 5158; x_wconf 87' lang='lat' dir='ltr'><strong>carpenta</strong></span> <span class='ocrx_word' id='word_1_286' title='bbox 1485 5091 1720 5161; x_wconf 78' lang='lat' dir='ltr'><strong>subegit,</strong></span> 
     </span>
    </p>
   </div>
   <div class='ocr_carea' id='block_1_53' title="bbox 513 5179 1978 5250">
    <p class='ocr_par' dir='ltr' id='par_1_53' title="bbox 513 5179 1978 5250">
     <span class='ocr_line' id='line_1_53' title="bbox 513 5179 1978 5250; baseline -0.001 -12"><span class='ocrx_word' id='word_1_287' title='bbox 513 5183 591 5238; x_wconf 88' lang='lat' dir='ltr'><strong>De</strong></span> <span class='ocrx_word' id='word_1_288' title='bbox 611 5182 864 5237; x_wconf 89' lang='lat' dir='ltr'><strong>manibus</strong></span> <span class='ocrx_word' id='word_1_289' title='bbox 895 5180 1091 5234; x_wconf 87' lang='lat' dir='ltr'><strong>tulerat</strong></span> <span class='ocrx_word' id='word_1_290' title='bbox 1120 5181 1312 5234; x_wconf 90' lang='lat' dir='ltr'><strong>horum</strong></span> <span class='ocrx_word' id='word_1_291' title='bbox 1336 5196 1550 5250; x_wconf 90' lang='lat' dir='ltr'><strong>quoque</strong></span> <span class='ocrx_word' id='word_1_292' title='bbox 1579 5179 1730 5235; x_wconf 82' lang='lat' dir='ltr'><strong>frena</strong></span> <span class='ocrx_word' id='word_1_293' title='bbox 1769 5182 1978 5236; x_wconf 59' lang='lat' dir='ltr'><strong>tributi.</strong></span> 
     </span>
    </p>
   </div>
   <div class='ocr_carea' id='block_1_54' title="bbox 515 5291 2104 5419">
    <p class='ocr_par' dir='ltr' id='par_1_54' title="bbox 515 5291 2104 5419">
     <span class='ocr_line' id='line_1_54' title="bbox 515 5291 2104 5419; baseline 0 -69"><span class='ocrx_word' id='word_1_294' title='bbox 515 5366 545 5419; x_wconf 57' lang='grc' dir='ltr'><strong><em>Γ</em></strong></span> <span class='ocrx_word' id='word_1_295' title='bbox 583 5307 610 5334; x_wconf 80' lang='grc' dir='ltr'>ι</span> <span class='ocrx_word' id='word_1_296' title='bbox 639 5295 700 5418; x_wconf 59' lang='grc' dir='ltr'><strong><em>Ἦ</em></strong></span> <span class='ocrx_word' id='word_1_297' title='bbox 718 5303 820 5418; x_wconf 66' lang='lat' dir='ltr'><strong>elst,</strong></span> <span class='ocrx_word' id='word_1_298' title='bbox 851 5292 1196 5359; x_wconf 80' lang='lat' dir='ltr'><strong>monasteria,</strong></span> <span class='ocrx_word' id='word_1_299' title='bbox 1222 5291 1423 5348; x_wconf 82' lang='lat' dir='ltr'><strong>Mabill.</strong></span> <span class='ocrx_word' id='word_1_300' title='bbox 1448 5302 1505 5347; x_wconf 90' lang='lat' dir='ltr'><strong>et</strong></span> <span class='ocrx_word' id='word_1_301' title='bbox 1527 5293 1780 5365; x_wconf 87' lang='lat' dir='ltr'><strong>Ducange</strong></span> <span class='ocrx_word' id='word_1_302' title='bbox 1809 5294 1988 5350; x_wconf 84' lang='lat' dir='ltr'><strong>Gloss.</strong></span> <span class='ocrx_word' id='word_1_303' title='bbox 2022 5297 2104 5350; x_wconf 81' lang='lat' dir='ltr'><strong>in-</strong></span> 
     </span>
     <span class='ocr_line' id='line_1_55' title="bbox 533 5380 838 5419; baseline -0.007 0"><span class='ocrx_word' id='word_1_304' title='bbox 533 5380 625 5419; x_wconf 76' lang='lat' dir='ltr'><strong>im.</strong></span> <span class='ocrx_word' id='word_1_305' title='bbox 704 5382 732 5418; x_wconf 90' lang='lat' dir='ltr'><strong>a</strong></span> <span class='ocrx_word' id='word_1_306' title='bbox 763 5381 838 5418; x_wconf 83' lang='grc' dir='ltr'><strong>ιη.</strong></span> 
     </span>
    </p>
   </div>
   <div class='ocr_carea' id='block_1_55' title="bbox 533 5366 838 5420">
    <p class='ocr_par' dir='ltr' id='par_1_55' title="bbox 533 5366 838 5420">
     <span class='ocr_line' id='line_1_56' title="bbox 533 5366 838 5420; baseline -0.007 0"><span class='ocrx_word' id='word_1_307' title='bbox 533 5366 625 5420; x_wconf 88' lang='lat' dir='ltr'><strong>im.</strong></span> <span class='ocrx_word' id='word_1_308' title='bbox 659 5366 838 5418; x_wconf 88' lang='lat' dir='ltr'><strong>Latin.</strong></span> 
     </span>
    </p>
   </div>
   <div class='ocr_carea' id='block_1_56' title="bbox 587 5431 2105 5503">
    <p class='ocr_par' dir='ltr' id='par_1_56' title="bbox 587 5431 2105 5503">
     <span class='ocr_line' id='line_1_57' title="bbox 587 5431 2105 5503; baseline 0.002 -16"><span class='ocrx_word' id='word_1_309' title='bbox 587 5437 613 5474; x_wconf 75' lang='grc' dir='ltr'><strong>ι)</strong></span> <span class='ocrx_word' id='word_1_310' title='bbox 645 5434 785 5488; x_wconf 89' lang='lat' dir='ltr'><strong>Idoli</strong></span> <span class='ocrx_word' id='word_1_311' title='bbox 809 5443 1001 5488; x_wconf 76' lang='lat' dir='ltr'><strong>custos.</strong></span> <span class='ocrx_word' id='word_1_312' title='bbox 1051 5431 1294 5488; x_wconf 88' lang='lat' dir='ltr'><strong>Licentia</strong></span> <span class='ocrx_word' id='word_1_313' title='bbox 1317 5433 1531 5503; x_wconf 85' lang='lat' dir='ltr'><strong>poetica</strong></span> <span class='ocrx_word' id='word_1_314' title='bbox 1574 5433 1768 5489; x_wconf 79' lang='lat' dir='ltr'><strong>mediae</strong></span> <span class='ocrx_word' id='word_1_315' title='bbox 1819 5434 2105 5492; x_wconf 87' lang='lat' dir='ltr'><strong>latinitatis</strong></span> 
     </span>
    </p>
   </div>
   <div class='ocr_carea' id='block_1_57' title="bbox 513 5502 2105 5575">
    <p class='ocr_par' dir='ltr' id='par_1_57' title="bbox 513 5502 2105 5575">
     <span class='ocr_line' id='line_1_58' title="bbox 513 5502 2105 5575; baseline 0.001 -17"><span class='ocrx_word' id='word_1_316' title='bbox 513 5504 878 5575; x_wconf 13' lang='lat' dir='ltr'><strong>dumisyllabge</strong></span> <span class='ocrx_word' id='word_1_317' title='bbox 905 5505 1117 5572; x_wconf 88' lang='lat' dir='ltr'><strong>priores</strong></span> <span class='ocrx_word' id='word_1_318' title='bbox 1149 5504 1204 5557; x_wconf 89' lang='lat' dir='ltr'><strong>in</strong></span> <span class='ocrx_word' id='word_1_319' title='bbox 1233 5502 1367 5557; x_wconf 81' lang='lat' dir='ltr'><strong>voCe</strong></span> <span class='ocrx_word' id='word_1_320' title='bbox 1390 5502 1522 5575; x_wconf 69' lang='lat' dir='ltr'><strong>idoli</strong></span> <span class='ocrx_word' id='word_1_321' title='bbox 1545 5504 1950 5575; x_wconf 84' lang='lat' dir='ltr'><strong>corripiuntur,</strong></span> <span class='ocrx_word' id='word_1_322' title='bbox 1981 5522 2105 5559; x_wconf 90' lang='lat' dir='ltr'><strong>cum</strong></span> 
     </span>
    </p>
   </div>
   <div class='ocr_carea' id='block_1_58' title="bbox 515 5571 2110 5644">
    <p class='ocr_par' dir='ltr' id='par_1_58' title="bbox 515 5571 2110 5644">
     <span class='ocr_line' id='line_1_59' title="bbox 515 5571 2110 5644; baseline 0.002 -17"><span class='ocrx_word' id='word_1_323' title='bbox 515 5571 738 5644; x_wconf 80' lang='lat' dir='ltr'><strong>produci</strong></span> <span class='ocrx_word' id='word_1_324' title='bbox 773 5571 1003 5629; x_wconf 76' lang='lat' dir='ltr'><strong>debeant</strong></span> <span class='ocrx_word' id='word_1_325' title='bbox 1028 5591 1041 5627; x_wconf 92' lang='lat'><strong>:</strong></span> <span class='ocrx_word' id='word_1_326' title='bbox 1072 5575 1212 5628; x_wconf 92' lang='lat' dir='ltr'><strong>sicut</strong></span> <span class='ocrx_word' id='word_1_327' title='bbox 1230 5575 1394 5644; x_wconf 90' lang='lat' dir='ltr'><strong>etiam</strong></span> <span class='ocrx_word' id='word_1_328' title='bbox 1415 5571 1744 5644; x_wconf 81' lang='lat' dir='ltr'><strong>Prudentius</strong></span> <span class='ocrx_word' id='word_1_329' title='bbox 1769 5583 1824 5628; x_wconf 91' lang='lat' dir='ltr'><strong>et</strong></span> <span class='ocrx_word' id='word_1_330' title='bbox 1854 5574 2110 5630; x_wconf 70' lang='lat' dir='ltr'><strong>Walat‘ri-</strong></span> 
     </span>
    </p>
   </div>
   <div class='ocr_carea' id='block_1_59' title="bbox 515 5641 2110 5714">
    <p class='ocr_par' dir='ltr' id='par_1_59' title="bbox 515 5641 2110 5714">
     <span class='ocr_line' id='line_1_60' title="bbox 515 5641 2110 5714; baseline 0.001 -17"><span class='ocrx_word' id='word_1_331' title='bbox 515 5641 618 5714; x_wconf 81' lang='lat' dir='ltr'><strong>dus</strong></span> <span class='ocrx_word' id='word_1_332' title='bbox 649 5643 844 5699; x_wconf 86' lang='lat' dir='ltr'><strong>Strabo</strong></span> <span class='ocrx_word' id='word_1_333' title='bbox 863 5652 1112 5714; x_wconf 86' lang='lat' dir='ltr'><strong>correpta</strong></span> <span class='ocrx_word' id='word_1_334' title='bbox 1143 5643 1384 5714; x_wconf 85' lang='lat' dir='ltr'><strong>secunda</strong></span> <span class='ocrx_word' id='word_1_335' title='bbox 1411 5641 1566 5697; x_wconf 69' lang='grc' dir='ltr'><strong>ῖάῧια</strong></span> <span class='ocrx_word' id='word_1_336' title='bbox 1615 5643 1890 5714; x_wconf 75' lang='lat' dir='ltr'><strong>dixerunt.</strong></span> <span class='ocrx_word' id='word_1_337' title='bbox 1922 5645 2028 5701; x_wconf 87' lang='lat' dir='ltr'><strong>Sed</strong></span> <span class='ocrx_word' id='word_1_338' title='bbox 2055 5653 2110 5701; x_wconf 87' lang='lat' dir='ltr'><strong>et</strong></span> 
     </span>
    </p>
   </div>
   <div class='ocr_carea' id='block_1_60' title="bbox 519 5713 2111 5786">
    <p class='ocr_par' dir='ltr' id='par_1_60' title="bbox 519 5713 2111 5786">
     <span class='ocr_line' id='line_1_61' title="bbox 519 5713 2111 5786; baseline 0.001 -20"><span class='ocrx_word' id='word_1_339' title='bbox 519 5713 624 5768; x_wconf 83' lang='lat' dir='ltr'><strong>alia</strong></span> <span class='ocrx_word' id='word_1_340' title='bbox 653 5714 818 5768; x_wconf 84' lang='lat' dir='ltr'><strong>multa</strong></span> <span class='ocrx_word' id='word_1_341' title='bbox 843 5714 908 5768; x_wconf 82' lang='lat' dir='ltr'><strong>in‘</strong></span> <span class='ocrx_word' id='word_1_342' title='bbox 927 5713 1164 5783; x_wconf 89' lang='lat' dir='ltr'><strong>Alcuini,</strong></span> <span class='ocrx_word' id='word_1_343' title='bbox 1217 5713 1557 5785; x_wconf 88' lang='lat' dir='ltr'><strong>aliorumque</strong></span> <span class='ocrx_word' id='word_1_344' title='bbox 1597 5713 1738 5768; x_wconf 87' lang='lat' dir='ltr'><strong>illius</strong></span> <span class='ocrx_word' id='word_1_345' title='bbox 1796 5715 1894 5769; x_wconf 67' lang='lat' dir='ltr'><strong>aevi</strong></span> <span class='ocrx_word' id='word_1_346' title='bbox 1943 5717 2111 5786; x_wconf 89' lang='lat' dir='ltr'><strong>scrip-</strong></span> 
     </span>
    </p>
   </div>
   <div class='ocr_carea' id='block_1_61' title="bbox 1345 287 3765 368">
    <p class='ocr_par' dir='ltr' id='par_1_61' title="bbox 1345 287 3765 368">
     <span class='ocr_line' id='line_1_62' title="bbox 1345 287 3765 368; baseline -0.001 -3"><span class='ocrx_word' id='word_1_347' title='bbox 1345 311 1402 365; x_wconf 83' lang='lat' dir='ltr'><strong>n.</strong></span> <span class='ocrx_word' id='word_1_348' title='bbox 1449 313 1506 366; x_wconf 64' lang='grc' dir='ltr'><strong>[ε.</strong></span> <span class='ocrx_word' id='word_1_349' title='bbox 1550 311 1774 366; x_wconf 60' lang='grc' dir='ltr'>Αωῖκι</span> <span class='ocrx_word' id='word_1_350' title='bbox 1815 313 1944 368; x_wconf 74' lang='lat' dir='ltr'><strong>suo</strong></span> <span class='ocrx_word' id='word_1_351' title='bbox 1987 287 2261 366; x_wconf 69' lang='lat' dir='ltr'><strong>ALCUtNt</strong></span> <span class='ocrx_word' id='word_1_352' title='bbox 2301 311 2583 368; x_wconf 68' lang='lat' dir='ltr'><strong>ornum</strong></span> <span class='ocrx_word' id='word_1_353' title='bbox 2624 311 2800 366; x_wconf 70' lang='lat' dir='ltr'><strong>mus</strong></span> <span class='ocrx_word' id='word_1_354' title='bbox 2842 311 2904 364; x_wconf 88' lang='lat' dir='ltr'><strong>v.</strong></span> <span class='ocrx_word' id='word_1_355' title='bbox 3658 306 3765 362; x_wconf 70' lang='grc' dir='ltr'><strong>ἠδ</strong></span> 
     </span>
    </p>
   </div>
   <div class='ocr_carea' id='block_1_62' title="bbox 2804 422 3134 477">
    <p class='ocr_par' dir='ltr' id='par_1_62' title="bbox 2804 422 3134 477">
     <span class='ocr_line' id='line_1_63' title="bbox 2804 422 3134 477; baseline -0.012 0"><span class='ocrx_word' id='word_1_356' title='bbox 2804 422 3030 477; x_wconf 72' lang='lat' dir='ltr'><strong>CAPUT</strong></span> <span class='ocrx_word' id='word_1_357' title='bbox 3070 422 3134 475; x_wconf 74' lang='grc' dir='ltr'><strong>Χ.</strong></span> 
     </span>
    </p>
   </div>
   <div class='ocr_carea' id='block_1_63' title="bbox 2184 502 3766 579">
    <p class='ocr_par' dir='ltr' id='par_1_63' title="bbox 2184 502 3766 579">
     <span class='ocr_line' id='line_1_64' title="bbox 2184 502 3766 579; baseline 0 -15"><span class='ocrx_word' id='word_1_358' title='bbox 2184 510 2336 576; x_wconf 85' lang='lat' dir='ltr'><strong>Quod</strong></span> <span class='ocrx_word' id='word_1_359' title='bbox 2359 502 2728 566; x_wconf 65' lang='lat' dir='ltr'><strong>l&#39;l’illibrordus</strong></span> <span class='ocrx_word' id='word_1_360' title='bbox 2751 509 3069 564; x_wconf 80' lang='lat' dir='ltr'><strong>Fresonibus</strong></span> <span class='ocrx_word' id='word_1_361' title='bbox 3090 511 3378 579; x_wconf 65' lang='lat' dir='ltr'><strong>prtrdicore</strong></span> <span class='ocrx_word' id='word_1_362' title='bbox 3404 527 3639 564; x_wconf 78' lang='lat' dir='ltr'><strong>reversus</strong></span> <span class='ocrx_word' id='word_1_363' title='bbox 3659 522 3766 576; x_wconf 85' lang='lat' dir='ltr'><strong>est,</strong></span> 
     </span>
    </p>
   </div>
   <div class='ocr_carea' id='block_1_64' title="bbox 2470 579 3461 652">
    <p class='ocr_par' dir='ltr' id='par_1_64' title="bbox 2470 579 3461 652">
     <span class='ocr_line' id='line_1_65' title="bbox 2470 579 3461 652; baseline -0.003 -17"><span class='ocrx_word' id='word_1_364' title='bbox 2470 598 2657 652; x_wconf 87' lang='lat' dir='ltr'><strong>eosque</strong></span> <span class='ocrx_word' id='word_1_365' title='bbox 2684 581 2753 634; x_wconf 90' lang='lat' dir='ltr'><strong>ad</strong></span> <span class='ocrx_word' id='word_1_366' title='bbox 2775 581 2931 649; x_wconf 74' lang='lat' dir='ltr'><strong>ﬁdem</strong></span> <span class='ocrx_word' id='word_1_367' title='bbox 2966 579 3163 634; x_wconf 80' lang='lat' dir='ltr'><strong>Christi</strong></span> <span class='ocrx_word' id='word_1_368' title='bbox 3189 581 3461 634; x_wconf 71' lang='lat' dir='ltr'><strong>convertit.</strong></span> 
     </span>
    </p>
   </div>
   <div class='ocr_carea' id='block_1_65' title="bbox 2251 671 3769 742">
    <p class='ocr_par' dir='ltr' id='par_1_65' title="bbox 2251 671 3769 742">
     <span class='ocr_line' id='line_1_66' title="bbox 2251 671 3769 742; baseline -0.001 -16"><span class='ocrx_word' id='word_1_369' title='bbox 2251 672 2402 727; x_wconf 89' lang='lat' dir='ltr'><strong>Tunc</strong></span> <span class='ocrx_word' id='word_1_370' title='bbox 2424 673 2510 726; x_wconf 84' lang='lat' dir='ltr'><strong>vir</strong></span> <span class='ocrx_word' id='word_1_371' title='bbox 2534 673 2875 742; x_wconf 85' lang='lat' dir='ltr'><strong>evangelicus</strong></span> <span class='ocrx_word' id='word_1_372' title='bbox 2898 686 3149 726; x_wconf 86' lang='lat' dir='ltr'><strong>remeans</strong></span> <span class='ocrx_word' id='word_1_373' title='bbox 3168 671 3551 727; x_wconf 83' lang='lat' dir='ltr'><strong>Willihrordus</strong></span> <span class='ocrx_word' id='word_1_374' title='bbox 3578 679 3634 726; x_wconf 87' lang='lat' dir='ltr'><strong>et</strong></span> <span class='ocrx_word' id='word_1_375' title='bbox 3657 671 3769 725; x_wconf 83' lang='lat' dir='ltr'><strong>illis</strong></span> 
     </span>
    </p>
   </div>
   <div class='ocr_carea' id='block_1_66' title="bbox 2183 764 3576 833">
    <p class='ocr_par' dir='ltr' id='par_1_66' title="bbox 2183 764 3576 833">
     <span class='ocr_line' id='line_1_67' title="bbox 2183 764 3576 833; baseline -0.002 -13"><span class='ocrx_word' id='word_1_376' title='bbox 2183 765 2360 820; x_wconf 75' lang='lat' dir='ltr'><strong>Verba</strong></span> <span class='ocrx_word' id='word_1_377' title='bbox 2388 764 2568 820; x_wconf 79' lang='lat' dir='ltr'><strong>ferens</strong></span> <span class='ocrx_word' id='word_1_378' title='bbox 2583 765 2729 829; x_wconf 75' lang='lat' dir='ltr'><strong>vitze,</strong></span> <span class='ocrx_word' id='word_1_379' title='bbox 2759 780 2915 820; x_wconf 88' lang='lat' dir='ltr'><strong>sacro</strong></span> <span class='ocrx_word' id='word_1_380' title='bbox 2942 773 2998 819; x_wconf 87' lang='lat' dir='ltr'><strong>et</strong></span> <span class='ocrx_word' id='word_1_381' title='bbox 3019 765 3338 833; x_wconf 83' lang='lat' dir='ltr'><strong>baptismate</strong></span> <span class='ocrx_word' id='word_1_382' title='bbox 3360 765 3540 828; x_wconf 80' lang='lat' dir='ltr'><strong>tinxit,</strong></span> <span class='ocrx_word' id='word_1_383' title='bbox 3567 823 3576 828; x_wconf 90' lang='lat'>_</span> 
     </span>
    </p>
   </div>
   <div class='ocr_carea' id='block_1_67' title="bbox 2183 851 3478 928">
    <p class='ocr_par' dir='ltr' id='par_1_67' title="bbox 2183 851 3478 928">
     <span class='ocr_line' id='line_1_68' title="bbox 2183 851 3478 928; baseline 0.002 -17"><span class='ocrx_word' id='word_1_384' title='bbox 2183 851 2330 925; x_wconf 85' lang='lat' dir='ltr'><strong>Quos</strong></span> <span class='ocrx_word' id='word_1_385' title='bbox 2352 853 2475 912; x_wconf 91' lang='lat' dir='ltr'><strong>ﬁdei</strong></span> <span class='ocrx_word' id='word_1_386' title='bbox 2505 857 2662 913; x_wconf 90' lang='lat' dir='ltr'><strong>donis</strong></span> <span class='ocrx_word' id='word_1_387' title='bbox 2694 860 2870 928; x_wconf 90' lang='lat' dir='ltr'><strong>primo</strong></span> <span class='ocrx_word' id='word_1_388' title='bbox 2899 873 3055 913; x_wconf 86' lang='lat' dir='ltr'><strong>sacer</strong></span> <span class='ocrx_word' id='word_1_389' title='bbox 3078 858 3272 912; x_wconf 86' lang='lat' dir='ltr'><strong>imbuit</strong></span> <span class='ocrx_word' id='word_1_390' title='bbox 3299 857 3478 922; x_wconf 86' lang='lat' dir='ltr'><strong>almis,</strong></span> 
     </span>
    </p>
   </div>
   <div class='ocr_carea' id='block_1_68' title="bbox 2183 947 3444 1003">
    <p class='ocr_par' dir='ltr' id='par_1_68' title="bbox 2183 947 3444 1003">
     <span class='ocr_line' id='line_1_69' title="bbox 2183 947 3444 1003; baseline 0.001 -2"><span class='ocrx_word' id='word_1_391' title='bbox 2183 947 2252 1002; x_wconf 86' lang='lat' dir='ltr'><strong>Et</strong></span> <span class='ocrx_word' id='word_1_392' title='bbox 2277 947 2366 1000; x_wconf 79' lang='lat' dir='ltr'><strong>lux</strong></span> <span class='ocrx_word' id='word_1_393' title='bbox 2392 957 2509 1002; x_wconf 76' lang='lat' dir='ltr'><strong>orla</strong></span> <span class='ocrx_word' id='word_1_394' title='bbox 2535 949 2634 1002; x_wconf 81' lang='lat' dir='ltr'><strong>fuit</strong></span> <span class='ocrx_word' id='word_1_395' title='bbox 2658 949 2916 1003; x_wconf 86' lang='lat' dir='ltr'><strong>residenti</strong></span> <span class='ocrx_word' id='word_1_396' title='bbox 2943 949 3134 1003; x_wconf 87' lang='lat' dir='ltr'><strong>mortis</strong></span> <span class='ocrx_word' id='word_1_397' title='bbox 3173 949 3228 1002; x_wconf 88' lang='lat' dir='ltr'><strong>in</strong></span> <span class='ocrx_word' id='word_1_398' title='bbox 3256 949 3444 1002; x_wconf 90' lang='lat' dir='ltr'><strong>umbra</strong></span> 
     </span>
    </p>
   </div>
   <div class='ocr_carea' id='block_1_69' title="bbox 2184 1037 3590 1112">
    <p class='ocr_par' dir='ltr' id='par_1_69' title="bbox 2184 1037 3590 1112">
     <span class='ocr_line' id='line_1_70' title="bbox 2184 1037 3590 1112; baseline -0.001 -18"><span class='ocrx_word' id='word_1_399' title='bbox 2184 1038 2411 1109; x_wconf 83' lang='lat' dir='ltr'><strong>Jamque</strong></span> <span class='ocrx_word' id='word_1_400' title='bbox 2431 1041 2520 1096; x_wconf 87' lang='lat' dir='ltr'><strong>diu</strong></span> <span class='ocrx_word' id='word_1_401' title='bbox 2543 1037 2775 1112; x_wconf 87' lang='lat' dir='ltr'><strong>populo;</strong></span> <span class='ocrx_word' id='word_1_402' title='bbox 2809 1049 2970 1096; x_wconf 80' lang='lat' dir='ltr'><strong>v‘erus</strong></span> <span class='ocrx_word' id='word_1_403' title='bbox 3001 1042 3079 1096; x_wconf 89' lang='lat' dir='ltr'><strong>sol</strong></span> <span class='ocrx_word' id='word_1_404' title='bbox 3115 1039 3361 1095; x_wconf 88' lang='lat' dir='ltr'><strong>Christus</strong></span> <span class='ocrx_word' id='word_1_405' title='bbox 3389 1041 3590 1111; x_wconf 87' lang='lat' dir='ltr'><strong>ubique</strong></span> 
     </span>
    </p>
   </div>
   <div class='ocr_carea' id='block_1_70' title="bbox 2185 1129 3383 1198">
    <p class='ocr_par' dir='ltr' id='par_1_70' title="bbox 2185 1129 3383 1198">
     <span class='ocr_line' id='line_1_71' title="bbox 2185 1129 3383 1198; baseline 0.002 -15"><span class='ocrx_word' id='word_1_406' title='bbox 2185 1129 2391 1198; x_wconf 79' lang='lat' dir='ltr'><strong>Eluxit,</strong></span> <span class='ocrx_word' id='word_1_407' title='bbox 2419 1131 2596 1187; x_wconf 90' lang='lat' dir='ltr'><strong>subito</strong></span> <span class='ocrx_word' id='word_1_408' title='bbox 2621 1132 2862 1187; x_wconf 87' lang='lat' dir='ltr'><strong>tenebris</strong></span> <span class='ocrx_word' id='word_1_409' title='bbox 2885 1129 3202 1187; x_wconf 86' lang='lat' dir='ltr'><strong>cedentibus</strong></span> <span class='ocrx_word' id='word_1_410' title='bbox 3228 1132 3383 1187; x_wconf 88' lang='lat' dir='ltr'><strong>atris.</strong></span> 
     </span>
    </p>
   </div>
   <div class='ocr_carea' id='block_1_71' title="bbox 2791 1221 3146 1277">
    <p class='ocr_par' dir='ltr' id='par_1_71' title="bbox 2791 1221 3146 1277">
     <span class='ocr_line' id='line_1_72' title="bbox 2791 1221 3146 1277; baseline -0.003 0"><span class='ocrx_word' id='word_1_411' title='bbox 2791 1221 3017 1277; x_wconf 87' lang='lat' dir='ltr'><strong>CAPUT</strong></span> <span class='ocrx_word' id='word_1_412' title='bbox 3054 1221 3146 1276; x_wconf 68' lang='lat' dir='ltr'><strong>Kl.</strong></span> 
     </span>
    </p>
   </div>
   <div class='ocr_carea' id='block_1_72' title="bbox 2188 1307 3770 1382">
    <p class='ocr_par' dir='ltr' id='par_1_72' title="bbox 2188 1307 3770 1382">
     <span class='ocr_line' id='line_1_73' title="bbox 2188 1307 3770 1382; baseline 0.004 -19"><span class='ocrx_word' id='word_1_413' title='bbox 2188 1307 2342 1376; x_wconf 85' lang='lat' dir='ltr'><strong>Quod</strong></span> <span class='ocrx_word' id='word_1_414' title='bbox 2379 1311 2426 1364; x_wconf 76' lang='lat' dir='ltr'><strong>ei</strong></span> <span class='ocrx_word' id='word_1_415' title='bbox 2454 1311 2599 1366; x_wconf 86' lang='lat' dir='ltr'><strong>sedes</strong></span> <span class='ocrx_word' id='word_1_416' title='bbox 2645 1311 2953 1382; x_wconf 76' lang='lat' dir='ltr'><strong>episcopalis</strong></span> <span class='ocrx_word' id='word_1_417' title='bbox 2998 1314 3054 1366; x_wconf 85' lang='lat' dir='ltr'><strong>in</strong></span> <span class='ocrx_word' id='word_1_418' title='bbox 3092 1312 3334 1382; x_wconf 80' lang='lat' dir='ltr'><strong>Trajecto</strong></span> <span class='ocrx_word' id='word_1_419' title='bbox 3385 1313 3600 1369; x_wconf 85' lang='lat' dir='ltr'><strong>castello</strong></span> <span class='ocrx_word' id='word_1_420' title='bbox 3637 1316 3770 1369; x_wconf 82' lang='lat' dir='ltr'><strong>data</strong></span> 
     </span>
    </p>
   </div>
   <div class='ocr_carea' id='block_1_73' title="bbox 2351 1381 3602 1454">
    <p class='ocr_par' dir='ltr' id='par_1_73' title="bbox 2351 1381 3602 1454">
     <span class='ocr_line' id='line_1_74' title="bbox 2351 1381 3602 1454; baseline 0.002 -20"><span class='ocrx_word' id='word_1_421' title='bbox 2351 1385 2446 1444; x_wconf 87' lang='lat' dir='ltr'><strong>est,</strong></span> <span class='ocrx_word' id='word_1_422' title='bbox 2475 1393 2522 1434; x_wconf 87' lang='lat' dir='ltr'><strong>et</strong></span> <span class='ocrx_word' id='word_1_423' title='bbox 2543 1381 2682 1452; x_wconf 87' lang='lat' dir='ltr'><strong>quod</strong></span> <span class='ocrx_word' id='word_1_424' title='bbox 2705 1396 2798 1452; x_wconf 86' lang='lat' dir='ltr'><strong>per</strong></span> <span class='ocrx_word' id='word_1_425' title='bbox 2820 1381 2944 1435; x_wconf 82' lang='lat' dir='ltr'><strong>loco</strong></span> <span class='ocrx_word' id='word_1_426' title='bbox 2971 1381 3294 1452; x_wconf 79' lang='lat' dir='ltr'><strong>presbyteros</strong></span> <span class='ocrx_word' id='word_1_427' title='bbox 3325 1385 3602 1454; x_wconf 79' lang='lat' dir='ltr'><strong>disposuit.</strong></span> 
     </span>
    </p>
   </div>
   <div class='ocr_carea' id='block_1_74' title="bbox 2260 1464 3658 1542">
    <p class='ocr_par' dir='ltr' id='par_1_74' title="bbox 2260 1464 3658 1542">
     <span class='ocr_line' id='line_1_75' title="bbox 2260 1464 3658 1542; baseline 0.004 -17"><span class='ocrx_word' id='word_1_428' title='bbox 2260 1464 2412 1526; x_wconf 78' lang='lat' dir='ltr'><strong>Tunc</strong></span> <span class='ocrx_word' id='word_1_429' title='bbox 2441 1473 2562 1525; x_wconf 87' lang='lat' dir='ltr'><strong>data</strong></span> <span class='ocrx_word' id='word_1_430' title='bbox 2585 1465 2826 1542; x_wconf 89' lang='lat' dir='ltr'><strong>pontiﬁci</strong></span> <span class='ocrx_word' id='word_1_431' title='bbox 2855 1481 2939 1527; x_wconf 91' lang='lat' dir='ltr'><strong>est</strong></span> <span class='ocrx_word' id='word_1_432' title='bbox 2968 1464 3214 1542; x_wconf 86' lang='lat' dir='ltr'><strong>Trajecto</strong></span> <span class='ocrx_word' id='word_1_433' title='bbox 3237 1467 3395 1529; x_wconf 89' lang='lat' dir='ltr'><strong>sedes</strong></span> <span class='ocrx_word' id='word_1_434' title='bbox 3423 1476 3474 1529; x_wconf 92' lang='lat' dir='ltr'><strong>in</strong></span> <span class='ocrx_word' id='word_1_435' title='bbox 3500 1477 3658 1540; x_wconf 74' lang='lat' dir='ltr'><strong>urbe,</strong></span> 
     </span>
    </p>
   </div>
   <div class='ocr_carea' id='block_1_75' title="bbox 2189 1559 3464 1633">
    <p class='ocr_par' dir='ltr' id='par_1_75' title="bbox 2189 1559 3464 1633">
     <span class='ocr_line' id='line_1_76' title="bbox 2189 1559 3464 1633; baseline 0.004 -17"><span class='ocrx_word' id='word_1_436' title='bbox 2189 1559 2257 1616; x_wconf 86' lang='lat' dir='ltr'><strong>Et</strong></span> <span class='ocrx_word' id='word_1_437' title='bbox 2287 1577 2418 1633; x_wconf 87' lang='lat' dir='ltr'><strong>gens</strong></span> <span class='ocrx_word' id='word_1_438' title='bbox 2442 1570 2553 1618; x_wconf 88' lang='lat' dir='ltr'><strong>tota</strong></span> <span class='ocrx_word' id='word_1_439' title='bbox 2583 1563 2744 1619; x_wconf 90' lang='lat' dir='ltr'><strong>simul</strong></span> <span class='ocrx_word' id='word_1_440' title='bbox 2766 1563 3064 1619; x_wconf 83' lang='lat' dir='ltr'><strong>Fresonum</strong></span> <span class='ocrx_word' id='word_1_441' title='bbox 3094 1567 3344 1621; x_wconf 86' lang='lat' dir='ltr'><strong>subditur</strong></span> <span class='ocrx_word' id='word_1_442' title='bbox 3365 1567 3464 1630; x_wconf 90' lang='lat' dir='ltr'><strong>illi,</strong></span> 
     </span>
    </p>
   </div>
   <div class='ocr_carea' id='block_1_76' title="bbox 2191 1652 3542 1723">
    <p class='ocr_par' dir='ltr' id='par_1_76' title="bbox 2191 1652 3542 1723">
     <span class='ocr_line' id='line_1_77' title="bbox 2191 1652 3542 1723; baseline 0.001 -16"><span class='ocrx_word' id='word_1_443' title='bbox 2191 1653 2436 1708; x_wconf 89' lang='lat' dir='ltr'><strong>Disceret</strong></span> <span class='ocrx_word' id='word_1_444' title='bbox 2463 1662 2522 1707; x_wconf 90' lang='lat' dir='ltr'><strong>ut</strong></span> <span class='ocrx_word' id='word_1_445' title='bbox 2546 1668 2740 1723; x_wconf 87' lang='lat' dir='ltr'><strong>magno</strong></span> <span class='ocrx_word' id='word_1_446' title='bbox 2763 1652 2884 1708; x_wconf 89' lang='lat' dir='ltr'><strong>ﬁdei</strong></span> <span class='ocrx_word' id='word_1_447' title='bbox 2907 1655 3230 1709; x_wconf 87' lang='lat' dir='ltr'><strong>documenta</strong></span> <span class='ocrx_word' id='word_1_448' title='bbox 3270 1657 3542 1711; x_wconf 87' lang='lat' dir='ltr'><strong>ministro.</strong></span> 
     </span>
    </p>
   </div>
   <div class='ocr_carea' id='block_1_77' title="bbox 2117 1743 3590 1820">
    <p class='ocr_par' dir='ltr' id='par_1_77' title="bbox 2117 1743 3590 1820">
     <span class='ocr_line' id='line_1_78' title="bbox 2117 1743 3590 1820; baseline 0.001 -24"><span class='ocrx_word' id='word_1_449' title='bbox 2117 1759 2164 1820; x_wconf 72' lang='grc' dir='ltr'><strong><em>Β</em></strong></span> <span class='ocrx_word' id='word_1_450' title='bbox 2193 1743 2312 1797; x_wconf 85' lang='lat' dir='ltr'><strong>Mox</strong></span> <span class='ocrx_word' id='word_1_451' title='bbox 2337 1750 2646 1798; x_wconf 88' lang='lat' dir='ltr'><strong>constructa</strong></span> <span class='ocrx_word' id='word_1_452' title='bbox 2678 1743 2787 1797; x_wconf 88' lang='lat' dir='ltr'><strong>Deo</strong></span> <span class='ocrx_word' id='word_1_453' title='bbox 2811 1743 3099 1812; x_wconf 82' lang='lat' dir='ltr'><strong>viguerunt</strong></span> <span class='ocrx_word' id='word_1_454' title='bbox 3123 1743 3319 1813; x_wconf 88' lang='lat' dir='ltr'><strong>templa</strong></span> <span class='ocrx_word' id='word_1_455' title='bbox 3339 1745 3590 1814; x_wconf 86' lang='lat' dir='ltr'><strong>perenni,</strong></span> 
     </span>
    </p>
   </div>
   <div class='ocr_carea' id='block_1_78' title="bbox 2189 1833 3552 1903">
    <p class='ocr_par' dir='ltr' id='par_1_78' title="bbox 2189 1833 3552 1903">
     <span class='ocr_line' id='line_1_79' title="bbox 2189 1833 3552 1903; baseline 0.003 -16"><span class='ocrx_word' id='word_1_456' title='bbox 2189 1833 2293 1888; x_wconf 89' lang='lat' dir='ltr'><strong>Per</strong></span> <span class='ocrx_word' id='word_1_457' title='bbox 2322 1833 2438 1888; x_wconf 91' lang='lat' dir='ltr'><strong>loca</strong></span> <span class='ocrx_word' id='word_1_458' title='bbox 2467 1841 2592 1887; x_wconf 90' lang='lat' dir='ltr'><strong>sunt</strong></span> <span class='ocrx_word' id='word_1_459' title='bbox 2613 1834 2770 1903; x_wconf 89' lang='lat' dir='ltr'><strong>positi</strong></span> <span class='ocrx_word' id='word_1_460' title='bbox 2796 1843 2851 1890; x_wconf 92' lang='lat' dir='ltr'><strong>et</strong></span> <span class='ocrx_word' id='word_1_461' title='bbox 2878 1835 3128 1892; x_wconf 88' lang='lat' dir='ltr'><strong>doctores</strong></span> <span class='ocrx_word' id='word_1_462' title='bbox 3154 1836 3320 1891; x_wconf 89' lang='lat' dir='ltr'><strong>multa</strong></span> <span class='ocrx_word' id='word_1_463' title='bbox 3343 1837 3552 1897; x_wconf 85' lang='lat' dir='ltr'><strong>ndeles.</strong></span> 
     </span>
    </p>
   </div>
   <div class='ocr_carea' id='block_1_79' title="bbox 2189 1925 3639 1996">
    <p class='ocr_par' dir='ltr' id='par_1_79' title="bbox 2189 1925 3639 1996">
     <span class='ocr_line' id='line_1_80' title="bbox 2189 1925 3639 1996; baseline 0.002 -18"><span class='ocrx_word' id='word_1_464' title='bbox 2189 1926 2290 1993; x_wconf 85' lang='lat' dir='ltr'><strong>Qui</strong></span> <span class='ocrx_word' id='word_1_465' title='bbox 2319 1933 2565 1994; x_wconf 88' lang='lat' dir='ltr'><strong>regerent</strong></span> <span class='ocrx_word' id='word_1_466' title='bbox 2590 1925 2867 1995; x_wconf 90' lang='lat' dir='ltr'><strong>populum,</strong></span> <span class='ocrx_word' id='word_1_467' title='bbox 2893 1925 3018 1979; x_wconf 72' lang='lat' dir='ltr'><strong>vita:</strong></span> <span class='ocrx_word' id='word_1_468' title='bbox 3046 1926 3139 1996; x_wconf 89' lang='lat' dir='ltr'><strong>qui</strong></span> <span class='ocrx_word' id='word_1_469' title='bbox 3163 1927 3326 1981; x_wconf 90' lang='lat' dir='ltr'><strong>verba</strong></span> <span class='ocrx_word' id='word_1_470' title='bbox 3357 1928 3639 1993; x_wconf 88' lang='lat' dir='ltr'><strong>docerent,</strong></span> 
     </span>
    </p>
   </div>
   <div class='ocr_carea' id='block_1_80' title="bbox 2191 2015 3553 2086">
    <p class='ocr_par' dir='ltr' id='par_1_80' title="bbox 2191 2015 3553 2086">
     <span class='ocr_line' id='line_1_81' title="bbox 2191 2015 3553 2086; baseline 0.003 -18"><span class='ocrx_word' id='word_1_471' title='bbox 2191 2015 2292 2082; x_wconf 86' lang='lat' dir='ltr'><strong>Qui</strong></span> <span class='ocrx_word' id='word_1_472' title='bbox 2317 2015 2580 2084; x_wconf 86' lang='lat' dir='ltr'><strong>baptisma</strong></span> <span class='ocrx_word' id='word_1_473' title='bbox 2605 2016 2816 2082; x_wconf 88' lang='lat' dir='ltr'><strong>darent,</strong></span> <span class='ocrx_word' id='word_1_474' title='bbox 2844 2016 2967 2071; x_wconf 69' lang='lat' dir='ltr'><strong>cmli</strong></span> <span class='ocrx_word' id='word_1_475' title='bbox 2990 2017 3080 2086; x_wconf 91' lang='lat' dir='ltr'><strong>qui</strong></span> <span class='ocrx_word' id='word_1_476' title='bbox 3103 2033 3240 2086; x_wconf 90' lang='lat' dir='ltr'><strong>pane</strong></span> <span class='ocrx_word' id='word_1_477' title='bbox 3263 2018 3511 2074; x_wconf 88' lang='lat' dir='ltr'><strong>cibarent</strong></span> <span class='ocrx_word' id='word_1_478' title='bbox 3536 2035 3553 2086; x_wconf 87' lang='lat'><strong>;</strong></span> 
     </span>
    </p>
   </div>
   <div class='ocr_carea' id='block_1_81' title="bbox 2190 2108 3342 2179">
    <p class='ocr_par' dir='ltr' id='par_1_81' title="bbox 2190 2108 3342 2179">
     <span class='ocr_line' id='line_1_82' title="bbox 2190 2108 3342 2179; baseline 0.002 -17"><span class='ocrx_word' id='word_1_479' title='bbox 2190 2108 2268 2163; x_wconf 87' lang='lat' dir='ltr'><strong>Ne</strong></span> <span class='ocrx_word' id='word_1_480' title='bbox 2294 2109 2444 2178; x_wconf 86' lang='lat' dir='ltr'><strong>plebs</strong></span> <span class='ocrx_word' id='word_1_481' title='bbox 2479 2108 2728 2163; x_wconf 90' lang='lat' dir='ltr'><strong>esuriens</strong></span> <span class='ocrx_word' id='word_1_482' title='bbox 2758 2125 2787 2162; x_wconf 91' lang='lat' dir='ltr'><strong>a</strong></span> <span class='ocrx_word' id='word_1_483' title='bbox 2821 2124 2878 2164; x_wconf 89' lang='lat' dir='ltr'><strong>se</strong></span> <span class='ocrx_word' id='word_1_484' title='bbox 2901 2109 3087 2179; x_wconf 84' lang='lat' dir='ltr'><strong>jejuna</strong></span> <span class='ocrx_word' id='word_1_485' title='bbox 3119 2111 3342 2176; x_wconf 72' lang='lat' dir='ltr'><strong>rediret,</strong></span> 
     </span>
    </p>
   </div>
   <div class='ocr_carea' id='block_1_82' title="bbox 2193 2198 3697 2270">
    <p class='ocr_par' dir='ltr' id='par_1_82' title="bbox 2193 2198 3697 2270">
     <span class='ocr_line' id='line_1_83' title="bbox 2193 2198 3697 2270; baseline 0.003 -16"><span class='ocrx_word' id='word_1_486' title='bbox 2193 2198 2530 2254; x_wconf 89' lang='lat' dir='ltr'><strong>Sed&#39;cunctis</strong></span> <span class='ocrx_word' id='word_1_487' title='bbox 2553 2198 2802 2255; x_wconf 89' lang='lat' dir='ltr'><strong>Christus</strong></span> <span class='ocrx_word' id='word_1_488' title='bbox 2826 2208 3009 2270; x_wconf 81' lang='lat' dir='ltr'><strong>potus,</strong></span> <span class='ocrx_word' id='word_1_489' title='bbox 3036 2201 3189 2255; x_wconf 85' lang='lat' dir='ltr'><strong>cibus</strong></span> <span class='ocrx_word' id='word_1_490' title='bbox 3215 2209 3360 2256; x_wconf 87' lang='lat' dir='ltr'><strong>esset</strong></span> <span class='ocrx_word' id='word_1_491' title='bbox 3389 2203 3697 2258; x_wconf 87' lang='lat' dir='ltr'><strong>abundans.</strong></span> 
     </span>
    </p>
   </div>
   <div class='ocr_carea' id='block_1_83' title="bbox 2696 2289 3262 2362">
    <p class='ocr_par' dir='ltr' id='par_1_83' title="bbox 2696 2289 3262 2362">
     <span class='ocr_line' id='line_1_84' title="bbox 2696 2289 3262 2362; baseline 0 -16"><span class='ocrx_word' id='word_1_492' title='bbox 2696 2290 2856 2362; x_wconf 75' lang='lat'><strong>193</strong></span> <span class='ocrx_word' id='word_1_493' title='bbox 2885 2289 3112 2347; x_wconf 85' lang='lat' dir='ltr'><strong>CAPUT</strong></span> <span class='ocrx_word' id='word_1_494' title='bbox 3149 2292 3262 2347; x_wconf 80' lang='lat' dir='ltr'><strong>xu.</strong></span> 
     </span>
    </p>
   </div>
   <div class='ocr_carea' id='block_1_84' title="bbox 2187 2382 3777 2458">
    <p class='ocr_par' dir='ltr' id='par_1_84' title="bbox 2187 2382 3777 2458">
     <span class='ocr_line' id='line_1_85' title="bbox 2187 2382 3777 2458; baseline 0.005 -24"><span class='ocrx_word' id='word_1_495' title='bbox 2187 2382 2349 2450; x_wconf 78' lang='lat' dir='ltr'><strong>Quod</strong></span> <span class='ocrx_word' id='word_1_496' title='bbox 2373 2385 2700 2440; x_wconf 83' lang='lat' dir='ltr'><strong>devotissime</strong></span> <span class='ocrx_word' id='word_1_497' title='bbox 2722 2385 2933 2458; x_wconf 80' lang='lat' dir='ltr'><strong>verbum</strong></span> <span class='ocrx_word' id='word_1_498' title='bbox 2969 2385 3078 2458; x_wconf 78' lang='lat' dir='ltr'><strong>Dei</strong></span> <span class='ocrx_word' id='word_1_499' title='bbox 3097 2403 3190 2456; x_wconf 81' lang='lat' dir='ltr'><strong>per</strong></span> <span class='ocrx_word' id='word_1_500' title='bbox 3223 2404 3399 2442; x_wconf 75' lang='lat' dir='ltr'><strong>omnia</strong></span> <span class='ocrx_word' id='word_1_501' title='bbox 3432 2386 3549 2442; x_wconf 80' lang='lat' dir='ltr'><strong>loco</strong></span> <span class='ocrx_word' id='word_1_502' title='bbox 3574 2389 3777 2458; x_wconf 54' lang='lat' dir='ltr'><strong>pm&#39;die</strong></span> 
     </span>
    </p>
   </div>
   <div class='ocr_carea' id='block_1_85' title="bbox 2720 2456 3170 2526">
    <p class='ocr_par' dir='ltr' id='par_1_85' title="bbox 2720 2456 3170 2526">
     <span class='ocr_line' id='line_1_86' title="bbox 2720 2456 3170 2526; baseline 0.004 -17"><span class='ocrx_word' id='word_1_503' title='bbox 2720 2472 2840 2510; x_wconf 88' lang='lat' dir='ltr'><strong>care</strong></span> <span class='ocrx_word' id='word_1_504' title='bbox 2871 2456 3170 2526; x_wconf 80' lang='lat' dir='ltr'><strong>festinabat.</strong></span> 
     </span>
    </p>
   </div>
   <div class='ocr_carea' id='block_1_86' title="bbox 2265 2545 3664 2623">
    <p class='ocr_par' dir='ltr' id='par_1_86' title="bbox 2265 2545 3664 2623">
     <span class='ocr_line' id='line_1_87' title="bbox 2265 2545 3664 2623; baseline 0.006 -24"><span class='ocrx_word' id='word_1_505' title='bbox 2265 2545 2376 2601; x_wconf 81' lang='lat' dir='ltr'><strong>Hoc</strong></span> <span class='ocrx_word' id='word_1_506' title='bbox 2404 2562 2538 2617; x_wconf 89' lang='lat' dir='ltr'><strong>opus</strong></span> <span class='ocrx_word' id='word_1_507' title='bbox 2559 2547 2662 2603; x_wconf 90' lang='lat' dir='ltr'><strong>hoc</strong></span> <span class='ocrx_word' id='word_1_508' title='bbox 2692 2547 2868 2603; x_wconf 85' lang='lat' dir='ltr'><strong>fuerat</strong></span> <span class='ocrx_word' id='word_1_509' title='bbox 2887 2549 3144 2618; x_wconf 73' lang='lat' dir='ltr'><strong>prteclaro</strong></span> <span class='ocrx_word' id='word_1_510' title='bbox 3165 2551 3393 2620; x_wconf 71' lang='lat' dir='ltr'><strong>przcsule</strong></span> <span class='ocrx_word' id='word_1_511' title='bbox 3422 2568 3664 2623; x_wconf 88' lang='lat' dir='ltr'><strong>semper,</strong></span> 
     </span>
    </p>
   </div>
   <div class='ocr_carea' id='block_1_87' title="bbox 2194 2637 3576 2708">
    <p class='ocr_par' dir='ltr' id='par_1_87' title="bbox 2194 2637 3576 2708">
     <span class='ocr_line' id='line_1_88' title="bbox 2194 2637 3576 2708; baseline 0.004 -16"><span class='ocrx_word' id='word_1_512' title='bbox 2194 2637 2432 2693; x_wconf 91' lang='lat' dir='ltr'><strong>Plurima</strong></span> <span class='ocrx_word' id='word_1_513' title='bbox 2454 2639 2595 2708; x_wconf 88' lang='lat' dir='ltr'><strong>quod</strong></span> <span class='ocrx_word' id='word_1_514' title='bbox 2618 2639 2786 2694; x_wconf 84' lang='lat' dir='ltr'><strong>ferret</strong></span> <span class='ocrx_word' id='word_1_515' title='bbox 2812 2641 3116 2694; x_wconf 88' lang='lat' dir='ltr'><strong>animarum</strong></span> <span class='ocrx_word' id='word_1_516' title='bbox 3141 2641 3290 2696; x_wconf 90' lang='lat' dir='ltr'><strong>lucra</strong></span> <span class='ocrx_word' id='word_1_517' title='bbox 3317 2643 3576 2708; x_wconf 89' lang='lat' dir='ltr'><strong>Tonanti,</strong></span> 
     </span>
    </p>
   </div>
   <div class='ocr_carea' id='block_1_88' title="bbox 2193 2727 3650 2799">
    <p class='ocr_par' dir='ltr' id='par_1_88' title="bbox 2193 2727 3650 2799">
     <span class='ocr_line' id='line_1_89' title="bbox 2193 2727 3650 2799; baseline 0.005 -18"><span class='ocrx_word' id='word_1_518' title='bbox 2193 2727 2263 2782; x_wconf 89' lang='lat' dir='ltr'><strong>Et</strong></span> <span class='ocrx_word' id='word_1_519' title='bbox 2289 2728 2517 2782; x_wconf 91' lang='lat' dir='ltr'><strong>Domino</strong></span> <span class='ocrx_word' id='word_1_520' title='bbox 2549 2729 2614 2783; x_wconf 86' lang='lat' dir='ltr'><strong>ad</strong></span> <span class='ocrx_word' id='word_1_521' title='bbox 2641 2743 2828 2784; x_wconf 88' lang='lat' dir='ltr'><strong>servos</strong></span> <span class='ocrx_word' id='word_1_522' title='bbox 2853 2737 3116 2784; x_wconf 67' lang='lat' dir='ltr'><strong>remeant:</strong></span> <span class='ocrx_word' id='word_1_523' title='bbox 3146 2743 3460 2787; x_wconf 87' lang='lat' dir='ltr'><strong>occurreret</strong></span> <span class='ocrx_word' id='word_1_524' title='bbox 3481 2733 3650 2799; x_wconf 86' lang='lat' dir='ltr'><strong>ultro,</strong></span> 
     </span>
    </p>
   </div>
   <div class='ocr_carea' id='block_1_89' title="bbox 2195 2819 3556 2892">
    <p class='ocr_par' dir='ltr' id='par_1_89' title="bbox 2195 2819 3556 2892">
     <span class='ocr_line' id='line_1_90' title="bbox 2195 2819 3556 2892; baseline 0.003 -19"><span class='ocrx_word' id='word_1_525' title='bbox 2195 2819 2544 2889; x_wconf 86' lang='lat' dir='ltr'><strong>Multiplicata</strong></span> <span class='ocrx_word' id='word_1_526' title='bbox 2578 2819 2758 2875; x_wconf 82' lang='lat' dir='ltr'><strong>ferens</strong></span> <span class='ocrx_word' id='word_1_527' title='bbox 2777 2819 3026 2874; x_wconf 89' lang='lat' dir='ltr'><strong>manibus</strong></span> <span class='ocrx_word' id='word_1_528' title='bbox 3055 2821 3302 2892; x_wconf 88' lang='lat' dir='ltr'><strong>utrisque</strong></span> <span class='ocrx_word' id='word_1_529' title='bbox 3331 2823 3556 2878; x_wconf 87' lang='lat' dir='ltr'><strong>talenta.</strong></span> 
     </span>
    </p>
   </div>
   <div class='ocr_carea' id='block_1_90' title="bbox 2196 2908 3580 2979">
    <p class='ocr_par' dir='ltr' id='par_1_90' title="bbox 2196 2908 3580 2979">
     <span class='ocr_line' id='line_1_91' title="bbox 2196 2908 3580 2979; baseline 0.004 -17"><span class='ocrx_word' id='word_1_530' title='bbox 2196 2908 2404 2963; x_wconf 89' lang='lat' dir='ltr'><strong>Circuit</strong></span> <span class='ocrx_word' id='word_1_531' title='bbox 2432 2909 2634 2964; x_wconf 85' lang='lat' dir='ltr'><strong>idcirco</strong></span> <span class='ocrx_word' id='word_1_532' title='bbox 2663 2909 2789 2979; x_wconf 88' lang='lat' dir='ltr'><strong>vigil</strong></span> <span class='ocrx_word' id='word_1_533' title='bbox 2817 2909 2916 2964; x_wconf 89' lang='lat' dir='ltr'><strong>hoc</strong></span> <span class='ocrx_word' id='word_1_534' title='bbox 2944 2912 3206 2966; x_wconf 88' lang='lat' dir='ltr'><strong>tutamine</strong></span> <span class='ocrx_word' id='word_1_535' title='bbox 3233 2913 3493 2967; x_wconf 86' lang='lat' dir='ltr'><strong>mandras</strong></span> <span class='ocrx_word' id='word_1_536' title='bbox 3525 2925 3580 2979; x_wconf 71' lang='grc' dir='ltr'><em>ε,</em></span> 
     </span>
    </p>
   </div>
   <div class='ocr_carea' id='block_1_91' title="bbox 2150 2999 3491 3074">
    <p class='ocr_par' dir='ltr' id='par_1_91' title="bbox 2150 2999 3491 3074">
     <span class='ocr_line' id='line_1_92' title="bbox 2150 2999 3491 3074; baseline 0.004 -20"><span class='ocrx_word' id='word_1_537' title='bbox 2150 3044 2152 3047; x_wconf 93' lang='grc'>.</span> <span class='ocrx_word' id='word_1_538' title='bbox 2195 2999 2511 3055; x_wconf 89' lang='lat' dir='ltr'><strong>Nominibus</strong></span> <span class='ocrx_word' id='word_1_539' title='bbox 2536 2999 2747 3054; x_wconf 84' lang='lat' dir='ltr'><strong>meritis</strong></span> <span class='ocrx_word' id='word_1_540' title='bbox 2773 3008 2833 3054; x_wconf 90' lang='lat' dir='ltr'><strong>ut</strong></span> <span class='ocrx_word' id='word_1_541' title='bbox 2859 3001 3061 3056; x_wconf 89' lang='lat' dir='ltr'><strong>Christi</strong></span> <span class='ocrx_word' id='word_1_542' title='bbox 3085 3015 3306 3074; x_wconf 87' lang='lat' dir='ltr'><strong>augeret</strong></span> <span class='ocrx_word' id='word_1_543' title='bbox 3325 3004 3491 3070; x_wconf 84' lang='lat' dir='ltr'><strong>ovile,</strong></span> 
     </span>
    </p>
   </div>
   <div class='ocr_carea' id='block_1_92' title="bbox 2117 3089 3463 3171">
    <p class='ocr_par' dir='ltr' id='par_1_92' title="bbox 2117 3089 3463 3171">
     <span class='ocr_line' id='line_1_93' title="bbox 2117 3089 3463 3171; baseline 0.005 -29"><span class='ocrx_word' id='word_1_544' title='bbox 2117 3111 2165 3171; x_wconf 70' lang='grc' dir='ltr'><strong>ς</strong></span> <span class='ocrx_word' id='word_1_545' title='bbox 2197 3089 2265 3143; x_wconf 87' lang='lat' dir='ltr'><strong>Et</strong></span> <span class='ocrx_word' id='word_1_546' title='bbox 2289 3105 2608 3160; x_wconf 89' lang='lat' dir='ltr'><strong>quocunque</strong></span> <span class='ocrx_word' id='word_1_547' title='bbox 2641 3091 2761 3158; x_wconf 91' lang='lat' dir='ltr'><strong>pius</strong></span> <span class='ocrx_word' id='word_1_548' title='bbox 2788 3093 3029 3161; x_wconf 73' lang='lat' dir='ltr'><strong>perrexit</strong></span> <span class='ocrx_word' id='word_1_549' title='bbox 3051 3109 3227 3162; x_wconf 79' lang='lat' dir='ltr'><strong>praeco</strong></span> <span class='ocrx_word' id='word_1_550' title='bbox 3249 3095 3463 3161; x_wconf 86' lang='lat' dir='ltr'><strong>salutis,</strong></span> 
     </span>
    </p>
   </div>
   <div class='ocr_carea' id='block_1_93' title="bbox 2197 3179 3518 3253">
    <p class='ocr_par' dir='ltr' id='par_1_93' title="bbox 2197 3179 3518 3253">
     <span class='ocr_line' id='line_1_94' title="bbox 2197 3179 3518 3253; baseline 0.003 -19"><span class='ocrx_word' id='word_1_551' title='bbox 2197 3179 2384 3234; x_wconf 86' lang='lat' dir='ltr'><strong>Gratia</strong></span> <span class='ocrx_word' id='word_1_552' title='bbox 2405 3180 2718 3235; x_wconf 86' lang='lat' dir='ltr'><strong>celsithroni</strong></span> <span class='ocrx_word' id='word_1_553' title='bbox 2744 3197 2961 3252; x_wconf 84' lang='lat' dir='ltr'><strong>semper</strong></span> <span class='ocrx_word' id='word_1_554' title='bbox 2988 3185 3250 3253; x_wconf 68' lang='lat' dir='ltr'><strong>praevenit</strong></span> <span class='ocrx_word' id='word_1_555' title='bbox 3273 3195 3518 3249; x_wconf 81' lang='lat' dir='ltr'><strong>euntem,</strong></span> 
     </span>
    </p>
   </div>
   <div class='ocr_carea' id='block_1_94' title="bbox 2196 3269 3527 3345">
    <p class='ocr_par' dir='ltr' id='par_1_94' title="bbox 2196 3269 3527 3345">
     <span class='ocr_line' id='line_1_95' title="bbox 2196 3269 3527 3345; baseline 0.004 -19"><span class='ocrx_word' id='word_1_556' title='bbox 2196 3269 2458 3326; x_wconf 76' lang='lat' dir='ltr'><strong>Ell‘cctum</strong></span> <span class='ocrx_word' id='word_1_557' title='bbox 2480 3273 2728 3327; x_wconf 82' lang='lat' dir='ltr'><strong>tribdens</strong></span> <span class='ocrx_word' id='word_1_558' title='bbox 2759 3271 2916 3328; x_wconf 83' lang='lat' dir='ltr'><strong>factis</strong></span> <span class='ocrx_word' id='word_1_559' title='bbox 2945 3271 3232 3345; x_wconf 77' lang='lat' dir='ltr'><strong>verbisque</strong></span> <span class='ocrx_word' id='word_1_560' title='bbox 3264 3275 3527 3331; x_wconf 87' lang='lat' dir='ltr'><strong>docentis.</strong></span> 
     </span>
    </p>
   </div>
   <div class='ocr_carea' id='block_1_95' title="bbox 2579 3362 3185 3420">
    <p class='ocr_par' dir='ltr' id='par_1_95' title="bbox 2579 3362 3185 3420">
     <span class='ocr_line' id='line_1_96' title="bbox 2579 3362 3185 3420; baseline 0 -1"><span class='ocrx_word' id='word_1_561' title='bbox 2579 3363 2584 3366; x_wconf 73' lang='grc'><strong>’</strong></span> <span class='ocrx_word' id='word_1_562' title='bbox 2782 3362 3010 3420; x_wconf 87' lang='lat' dir='ltr'><strong>CAPUT</strong></span> <span class='ocrx_word' id='word_1_563' title='bbox 3049 3364 3185 3420; x_wconf 80' lang='lat' dir='ltr'><strong>Xlll.</strong></span> 
     </span>
    </p>
   </div>
   <div class='ocr_carea' id='block_1_96' title="bbox 2201 3440 3786 3578">
    <p class='ocr_par' dir='ltr' id='par_1_96' title="bbox 2201 3440 3786 3578">
     <span class='ocr_line' id='line_1_97' title="bbox 2201 3440 3786 3578; baseline 0.005 -71"><span class='ocrx_word' id='word_1_564' title='bbox 2201 3440 2355 3519; x_wconf 88' lang='lat' dir='ltr'><strong>Quod</strong></span> <span class='ocrx_word' id='word_1_565' title='bbox 2383 3469 2487 3508; x_wconf 87' lang='lat' dir='ltr'><strong>non</strong></span> <span class='ocrx_word' id='word_1_566' title='bbox 2512 3455 2691 3508; x_wconf 86' lang='lat' dir='ltr'><strong>omnia</strong></span> <span class='ocrx_word' id='word_1_567' title='bbox 2712 3471 2829 3526; x_wconf 72' lang='lat' dir='ltr'><strong>qua:</strong></span> <span class='ocrx_word' id='word_1_568' title='bbox 2851 3455 2990 3578; x_wconf 48' lang='lat' dir='ltr'><strong>idicem</strong></span> <span class='ocrx_word' id='word_1_569' title='bbox 3013 3457 3250 3527; x_wconf 72' lang='lat' dir='ltr'><strong>pontifex</strong></span> <span class='ocrx_word' id='word_1_570' title='bbox 3274 3456 3418 3527; x_wconf 83' lang='lat' dir='ltr'><strong>fecit,</strong></span> <span class='ocrx_word' id='word_1_571' title='bbox 3449 3475 3600 3514; x_wconf 77' lang='lat' dir='ltr'><strong>versu</strong></span> <span class='ocrx_word' id='word_1_572' title='bbox 3623 3478 3786 3516; x_wconf 68' lang='lat' dir='ltr'><strong>etiar-</strong></span> 
     </span>
     <span class='ocr_line' id='line_1_98' title="bbox 2786 3538 3181 3578; baseline 0 0"><span class='ocrx_word' id='word_1_573' title='bbox 2786 3542 2882 3578; x_wconf 89' lang='lat' dir='ltr'><strong>ran</strong></span> <span class='ocrx_word' id='word_1_574' title='bbox 2924 3543 2955 3578; x_wconf 89' lang='lat' dir='ltr'><strong>a</strong></span> <span class='ocrx_word' id='word_1_575' title='bbox 2992 3538 3181 3578; x_wconf 81' lang='lat' dir='ltr'><strong>essent.</strong></span> 
     </span>
    </p>
   </div>
   <div class='ocr_carea' id='block_1_97' title="bbox 2786 3538 3181 3582">
    <p class='ocr_par' dir='ltr' id='par_1_97' title="bbox 2786 3538 3181 3582">
     <span class='ocr_line' id='line_1_99' title="bbox 2786 3538 3181 3582; baseline 0.005 -4"><span class='ocrx_word' id='word_1_576' title='bbox 2786 3538 2955 3579; x_wconf 86' lang='lat' dir='ltr'><strong>rando</strong></span> <span class='ocrx_word' id='word_1_577' title='bbox 2992 3538 3181 3582; x_wconf 72' lang='grc' dir='ltr'><strong>εδδεητ.</strong></span> 
     </span>
    </p>
   </div>
   <div class='ocr_carea' id='block_1_98' title="bbox 2263 3613 3646 3686">
    <p class='ocr_par' dir='ltr' id='par_1_98' title="bbox 2263 3613 3646 3686">
     <span class='ocr_line' id='line_1_100' title="bbox 2263 3613 3646 3686; baseline 0.006 -18"><span class='ocrx_word' id='word_1_578' title='bbox 2263 3613 2501 3668; x_wconf 90' lang='lat' dir='ltr'><strong>Plurima</strong></span> <span class='ocrx_word' id='word_1_579' title='bbox 2527 3629 2730 3684; x_wconf 89' lang='lat' dir='ltr'><strong>perque</strong></span> <span class='ocrx_word' id='word_1_580' title='bbox 2759 3631 2915 3670; x_wconf 89' lang='lat' dir='ltr'><strong>suum</strong></span> <span class='ocrx_word' id='word_1_581' title='bbox 2946 3614 3075 3672; x_wconf 82' lang='lat' dir='ltr'><strong>fecit</strong></span> <span class='ocrx_word' id='word_1_582' title='bbox 3110 3618 3370 3674; x_wconf 90' lang='lat' dir='ltr'><strong>miracula</strong></span> <span class='ocrx_word' id='word_1_583' title='bbox 3399 3636 3646 3686; x_wconf 85' lang='lat' dir='ltr'><strong>servum,</strong></span> 
     </span>
    </p>
   </div>
   <div class='ocr_carea' id='block_1_99' title="bbox 2199 3703 3625 3777">
    <p class='ocr_par' dir='ltr' id='par_1_99' title="bbox 2199 3703 3625 3777">
     <span class='ocr_line' id='line_1_101' title="bbox 2199 3703 3625 3777; baseline 0.006 -20"><span class='ocrx_word' id='word_1_584' title='bbox 2199 3703 2325 3771; x_wconf 75' lang='lat' dir='ltr'><strong>Quze</strong></span> <span class='ocrx_word' id='word_1_585' title='bbox 2353 3720 2498 3759; x_wconf 91' lang='lat' dir='ltr'><strong>nunc</strong></span> <span class='ocrx_word' id='word_1_586' title='bbox 2519 3721 2629 3759; x_wconf 86' lang='lat' dir='ltr'><strong>non</strong></span> <span class='ocrx_word' id='word_1_587' title='bbox 2655 3705 2811 3760; x_wconf 92' lang='lat' dir='ltr'><strong>libuit</strong></span> <span class='ocrx_word' id='word_1_588' title='bbox 2832 3722 2996 3762; x_wconf 88' lang='lat' dir='ltr'><strong>versu</strong></span> <span class='ocrx_word' id='word_1_589' title='bbox 3033 3723 3357 3777; x_wconf 87' lang='lat' dir='ltr'><strong>percurrere</strong></span> <span class='ocrx_word' id='word_1_590' title='bbox 3383 3722 3581 3766; x_wconf 85' lang='lat' dir='ltr'><strong>cuncta</strong></span> <span class='ocrx_word' id='word_1_591' title='bbox 3611 3732 3625 3766; x_wconf 88' lang='lat'><strong>:</strong></span> 
     </span>
    </p>
   </div>
   <div class='ocr_carea' id='block_1_100' title="bbox 2199 3793 3676 3872">
    <p class='ocr_par' dir='ltr' id='par_1_100' title="bbox 2199 3793 3676 3872">
     <span class='ocr_line' id='line_1_102' title="bbox 2199 3793 3676 3872; baseline 0.007 -24"><span class='ocrx_word' id='word_1_592' title='bbox 2199 3793 2305 3848; x_wconf 86' lang='lat' dir='ltr'><strong>Sed</strong></span> <span class='ocrx_word' id='word_1_593' title='bbox 2330 3794 2562 3849; x_wconf 90' lang='lat' dir='ltr'><strong>strictim</strong></span> <span class='ocrx_word' id='word_1_594' title='bbox 2585 3796 2830 3866; x_wconf 81' lang='lat' dir='ltr'><strong>quaedam</strong></span> <span class='ocrx_word' id='word_1_595' title='bbox 2851 3807 3164 3866; x_wconf 77' lang='lat' dir='ltr'><strong>properanti</strong></span> <span class='ocrx_word' id='word_1_596' title='bbox 3191 3808 3412 3871; x_wconf 86' lang='lat' dir='ltr'><strong>tangere</strong></span> <span class='ocrx_word' id='word_1_597' title='bbox 3441 3802 3676 3872; x_wconf 84' lang='lat' dir='ltr'><strong>plectro,</strong></span> 
     </span>
    </p>
   </div>
   <div class='ocr_carea' id='block_1_101' title="bbox 2198 3884 3410 3962">
    <p class='ocr_par' dir='ltr' id='par_1_101' title="bbox 2198 3884 3410 3962">
     <span class='ocr_line' id='line_1_103' title="bbox 2198 3884 3410 3962; baseline 0.007 -24"><span class='ocrx_word' id='word_1_598' title='bbox 2198 3884 2265 3938; x_wconf 85' lang='lat' dir='ltr'><strong>Et</strong></span> <span class='ocrx_word' id='word_1_599' title='bbox 2295 3884 2461 3954; x_wconf 84' lang='lat' dir='ltr'><strong>gestis</strong></span> <span class='ocrx_word' id='word_1_600' title='bbox 2489 3885 2670 3940; x_wconf 89' lang='lat' dir='ltr'><strong>titulos</strong></span> <span class='ocrx_word' id='word_1_601' title='bbox 2693 3887 2882 3955; x_wconf 88' lang='lat' dir='ltr'><strong>paucis</strong></span> <span class='ocrx_word' id='word_1_602' title='bbox 2909 3889 3191 3962; x_wconf 67' lang='lat' dir='ltr'><strong>praeﬁgere</strong></span> <span class='ocrx_word' id='word_1_603' title='bbox 3219 3894 3410 3957; x_wconf 90' lang='lat' dir='ltr'><strong>musis,</strong></span> 
     </span>
    </p>
   </div>
   <div class='ocr_carea' id='block_1_102' title="bbox 2197 3975 3636 4054">
    <p class='ocr_par' dir='ltr' id='par_1_102' title="bbox 2197 3975 3636 4054">
     <span class='ocr_line' id='line_1_104' title="bbox 2197 3975 3636 4054; baseline 0.008 -24"><span class='ocrx_word' id='word_1_604' title='bbox 2197 3975 2278 4030; x_wconf 88' lang='lat' dir='ltr'><strong>Ad</strong></span> <span class='ocrx_word' id='word_1_605' title='bbox 2301 3992 2630 4046; x_wconf 86' lang='lat' dir='ltr'><strong>prosamque</strong></span> <span class='ocrx_word' id='word_1_606' title='bbox 2651 3992 2832 4031; x_wconf 87' lang='lat' dir='ltr'><strong>meum</strong></span> <span class='ocrx_word' id='word_1_607' title='bbox 2852 3978 3107 4035; x_wconf 87' lang='lat' dir='ltr'><strong>lectorem</strong></span> <span class='ocrx_word' id='word_1_608' title='bbox 3135 3986 3354 4040; x_wconf 88' lang='lat' dir='ltr'><strong>mittere</strong></span> <span class='ocrx_word' id='word_1_609' title='bbox 3379 3986 3636 4054; x_wconf 88' lang='lat' dir='ltr'><strong>primam,</strong></span> 
     </span>
    </p>
   </div>
   <div class='ocr_carea' id='block_1_103' title="bbox 2195 4066 3344 4144">
    <p class='ocr_par' dir='ltr' id='par_1_103' title="bbox 2195 4066 3344 4144">
     <span class='ocr_line' id='line_1_105' title="bbox 2195 4066 3344 4144; baseline 0.007 -23"><span class='ocrx_word' id='word_1_610' title='bbox 2195 4066 2312 4121; x_wconf 85' lang='lat' dir='ltr'><strong>Illic</strong></span> <span class='ocrx_word' id='word_1_611' title='bbox 2340 4067 2582 4122; x_wconf 88' lang='lat' dir='ltr'><strong>inveniet</strong></span> <span class='ocrx_word' id='word_1_612' title='bbox 2591 4081 2705 4134; x_wconf 74' lang='lat' dir='ltr'><strong>jam</strong></span> <span class='ocrx_word' id='word_1_613' title='bbox 2727 4067 2938 4137; x_wconf 91' lang='lat' dir='ltr'><strong>plenius</strong></span> <span class='ocrx_word' id='word_1_614' title='bbox 2959 4072 3143 4126; x_wconf 89' lang='lat' dir='ltr'><strong>omnia</strong></span> <span class='ocrx_word' id='word_1_615' title='bbox 3165 4082 3344 4144; x_wconf 84' lang='lat' dir='ltr'><strong>gesta,</strong></span> 
     </span>
    </p>
   </div>
   <div class='ocr_carea' id='block_1_104' title="bbox 2198 4156 3636 4237">
    <p class='ocr_par' dir='ltr' id='par_1_104' title="bbox 2198 4156 3636 4237">
     <span class='ocr_line' id='line_1_106' title="bbox 2198 4156 3636 4237; baseline 0.006 -24"><span class='ocrx_word' id='word_1_616' title='bbox 2198 4156 2483 4213; x_wconf 88' lang='lat' dir='ltr'><strong>Pontiﬁcis</strong></span> <span class='ocrx_word' id='word_1_617' title='bbox 2505 4158 2684 4228; x_wconf 81' lang='lat' dir='ltr'><strong>magni</strong></span> <span class='ocrx_word' id='word_1_618' title='bbox 2715 4159 2949 4214; x_wconf 92' lang='lat' dir='ltr'><strong>studium</strong></span> <span class='ocrx_word' id='word_1_619' title='bbox 2969 4201 2984 4226; x_wconf 95' lang='lat'><strong>,</strong></span> <span class='ocrx_word' id='word_1_620' title='bbox 3015 4161 3332 4218; x_wconf 85' lang='lat' dir='ltr'><strong>documenta</strong></span> <span class='ocrx_word' id='word_1_621' title='bbox 3363 4167 3636 4237; x_wconf 85' lang='lat' dir='ltr'><strong>magistri,</strong></span> 
     </span>
    </p>
   </div>
   <div class='ocr_carea' id='block_1_105' title="bbox 2135 4247 3791 4330">
    <p class='ocr_par' dir='ltr' id='par_1_105' title="bbox 2135 4247 3791 4330">
     <span class='ocr_line' id='line_1_107' title="bbox 2135 4247 3791 4330; baseline 0.007 -27"><span class='ocrx_word' id='word_1_622' title='bbox 2135 4255 2140 4266; x_wconf 84' lang='lat'><strong><em>&quot;</em></strong></span> <span class='ocrx_word' id='word_1_623' title='bbox 2198 4247 2544 4320; x_wconf 87' lang='lat' dir='ltr'><strong>Progeniem,</strong></span> <span class='ocrx_word' id='word_1_624' title='bbox 2609 4248 2774 4304; x_wconf 88' lang='lat' dir='ltr'><strong>vitam</strong></span> <span class='ocrx_word' id='word_1_625' title='bbox 2801 4289 2818 4316; x_wconf 92' lang='lat'><strong>,</strong></span> <span class='ocrx_word' id='word_1_626' title='bbox 2873 4266 3091 4318; x_wconf 90' lang='lat' dir='ltr'><strong>mores,</strong></span> <span class='ocrx_word' id='word_1_627' title='bbox 3141 4264 3464 4325; x_wconf 87' lang='lat' dir='ltr'><strong>mentesque</strong></span> <span class='ocrx_word' id='word_1_628' title='bbox 3517 4259 3791 4330; x_wconf 82' lang='lat' dir='ltr'><strong>benignas</strong></span> 
     </span>
    </p>
   </div>
   <div class='ocr_carea' id='block_1_106' title="bbox 2771 4339 3714 4422">
    <p class='ocr_par' dir='ltr' id='par_1_106' title="bbox 2771 4339 3714 4422">
     <span class='ocr_line' id='line_1_108' title="bbox 2771 4339 3714 4422; baseline 0.008 -28"><span class='ocrx_word' id='word_1_629' title='bbox 2771 4339 2965 4412; x_wconf 80' lang='lat' dir='ltr'><strong>[Mab.,</strong></span> <span class='ocrx_word' id='word_1_630' title='bbox 2998 4353 3344 4415; x_wconf 84' lang='lat' dir='ltr'><strong>mentemque</strong></span> <span class='ocrx_word' id='word_1_631' title='bbox 3365 4349 3714 4422; x_wconf 81' lang='lat' dir='ltr'><strong>Denignam].</strong></span> 
     </span>
    </p>
   </div>
   <div class='ocr_carea' id='block_1_107' title="bbox 2122 4430 3537 4526">
    <p class='ocr_par' dir='ltr' id='par_1_107' title="bbox 2122 4430 3537 4526">
     <span class='ocr_line' id='line_1_109' title="bbox 2122 4430 3537 4526; baseline 0.01 -44"><span class='ocrx_word' id='word_1_632' title='bbox 2122 4463 2176 4526; x_wconf 69' lang='grc' dir='ltr'><strong>ι)</strong></span> <span class='ocrx_word' id='word_1_633' title='bbox 2202 4430 2568 4502; x_wconf 90' lang='lat' dir='ltr'><strong>Devotumque</strong></span> <span class='ocrx_word' id='word_1_634' title='bbox 2596 4433 2707 4489; x_wconf 90' lang='lat' dir='ltr'><strong>Deo</strong></span> <span class='ocrx_word' id='word_1_635' title='bbox 2731 4449 2946 4504; x_wconf 90' lang='lat' dir='ltr'><strong>semper</strong></span> <span class='ocrx_word' id='word_1_636' title='bbox 2971 4451 3065 4490; x_wconf 90' lang='lat' dir='ltr'><strong>cor</strong></span> <span class='ocrx_word' id='word_1_637' title='bbox 3088 4439 3339 4494; x_wconf 90' lang='lat' dir='ltr'><strong>omnibus</strong></span> <span class='ocrx_word' id='word_1_638' title='bbox 3359 4440 3537 4508; x_wconf 86' lang='lat' dir='ltr'><strong>horis,</strong></span> 
     </span>
    </p>
   </div>
   <div class='ocr_carea' id='block_1_108' title="bbox 2200 4520 3602 4602">
    <p class='ocr_par' dir='ltr' id='par_1_108' title="bbox 2200 4520 3602 4602">
     <span class='ocr_line' id='line_1_110' title="bbox 2200 4520 3602 4602; baseline 0.01 -28"><span class='ocrx_word' id='word_1_639' title='bbox 2200 4520 2434 4594; x_wconf 85' lang='lat' dir='ltr'><strong>Legibus</strong></span> <span class='ocrx_word' id='word_1_640' title='bbox 2458 4521 2516 4576; x_wconf 92' lang='lat' dir='ltr'><strong>in</strong></span> <span class='ocrx_word' id='word_1_641' title='bbox 2537 4524 2707 4580; x_wconf 86' lang='lat' dir='ltr'><strong>sacris</strong></span> <span class='ocrx_word' id='word_1_642' title='bbox 2734 4525 3000 4581; x_wconf 85' lang='lat' dir='ltr'><strong>meditans</strong></span> <span class='ocrx_word' id='word_1_643' title='bbox 3030 4537 3326 4600; x_wconf 84' lang='lat' dir='ltr'><strong>noctesque</strong></span> <span class='ocrx_word' id='word_1_644' title='bbox 3352 4531 3602 4602; x_wconf 84' lang='lat' dir='ltr'><strong>diesque.</strong></span> 
     </span>
    </p>
   </div>
   <div class='ocr_carea' id='block_1_109' title="bbox 2779 4615 3182 4673">
    <p class='ocr_par' dir='ltr' id='par_1_109' title="bbox 2779 4615 3182 4673">
     <span class='ocr_line' id='line_1_111' title="bbox 2779 4615 3182 4673; baseline 0.005 -3"><span class='ocrx_word' id='word_1_645' title='bbox 2779 4615 3008 4672; x_wconf 90' lang='lat' dir='ltr'><strong>CAPUT</strong></span> <span class='ocrx_word' id='word_1_646' title='bbox 3047 4617 3182 4673; x_wconf 76' lang='lat' dir='ltr'><strong>XIV.</strong></span> 
     </span>
    </p>
   </div>
   <div class='ocr_carea' id='block_1_110' title="bbox 2201 4703 3782 4788">
    <p class='ocr_par' dir='ltr' id='par_1_110' title="bbox 2201 4703 3782 4788">
     <span class='ocr_line' id='line_1_112' title="bbox 2201 4703 3782 4788; baseline 0.008 -31"><span class='ocrx_word' id='word_1_647' title='bbox 2201 4703 2354 4770; x_wconf 85' lang='lat' dir='ltr'><strong>Quod</strong></span> <span class='ocrx_word' id='word_1_648' title='bbox 2379 4705 2960 4788; x_wconf 46' lang='lat' dir='ltr'><strong>confringet-uifa‘mulo</strong></span> <span class='ocrx_word' id='word_1_649' title='bbox 2996 4709 3093 4764; x_wconf 88' lang='lat' dir='ltr'><strong>Dei</strong></span> <span class='ocrx_word' id='word_1_650' title='bbox 3127 4708 3318 4788; x_wconf 65' lang='lat' dir='ltr'><strong>[Mab.,</strong></span> <span class='ocrx_word' id='word_1_651' title='bbox 3349 4711 3509 4788; x_wconf 82' lang='lat' dir='ltr'><strong>Quod</strong></span> <span class='ocrx_word' id='word_1_652' title='bbox 3540 4717 3782 4784; x_wconf 76' lang='lat' dir='ltr'><strong>confrin-</strong></span> 
     </span>
    </p>
   </div>
   <div class='ocr_carea' id='block_1_111' title="bbox 2268 4774 3784 4854">
    <p class='ocr_par' dir='ltr' id='par_1_111' title="bbox 2268 4774 3784 4854">
     <span class='ocr_line' id='line_1_113' title="bbox 2268 4774 3784 4854; baseline 0.007 -25"><span class='ocrx_word' id='word_1_653' title='bbox 2268 4792 2394 4854; x_wconf 71' lang='lat' dir='ltr'><strong>gens</strong></span> <span class='ocrx_word' id='word_1_654' title='bbox 2406 4774 2640 4854; x_wconf 59' lang='lat' dir='ltr'><strong>[urnulas</strong></span> <span class='ocrx_word' id='word_1_655' title='bbox 2655 4775 2775 4848; x_wconf 72' lang='lat' dir='ltr'><strong>Dei]</strong></span> <span class='ocrx_word' id='word_1_656' title='bbox 2799 4777 2979 4846; x_wconf 76' lang='lat' dir='ltr'><strong>fanum</strong></span> <span class='ocrx_word' id='word_1_657' title='bbox 3002 4774 3284 4854; x_wconf 46' lang='lat' dir='ltr'><strong>quod-dant,</strong></span> <span class='ocrx_word' id='word_1_658' title='bbox 3306 4774 3485 4854; x_wconf 70' lang='lat' dir='ltr'><strong>gladio</strong></span> <span class='ocrx_word' id='word_1_659' title='bbox 3506 4803 3538 4837; x_wconf 90' lang='lat' dir='ltr'><strong>a</strong></span> <span class='ocrx_word' id='word_1_660' title='bbox 3554 4774 3784 4854; x_wconf 70' lang='lat' dir='ltr'><strong>quddam</strong></span> 
     </span>
    </p>
   </div>
   <div class='ocr_carea' id='block_1_112' title="bbox 2293 4846 3789 4928">
    <p class='ocr_par' dir='ltr' id='par_1_112' title="bbox 2293 4846 3789 4928">
     <span class='ocr_line' id='line_1_114' title="bbox 2293 4846 3789 4928; baseline 0.005 -29"><span class='ocrx_word' id='word_1_661' title='bbox 2293 4846 2459 4914; x_wconf 76' lang='lat' dir='ltr'><strong>(editi)</strong></span> <span class='ocrx_word' id='word_1_662' title='bbox 2482 4847 2538 4926; x_wconf 68' lang='lat' dir='ltr'><strong>in</strong></span> <span class='ocrx_word' id='word_1_663' title='bbox 2557 4857 2732 4928; x_wconf 64' lang='lat' dir='ltr'><strong>caput</strong></span> <span class='ocrx_word' id='word_1_664' title='bbox 2759 4846 3034 4928; x_wconf 66' lang='lat' dir='ltr'><strong>percussus</strong></span> <span class='ocrx_word' id='word_1_665' title='bbox 3060 4890 3076 4913; x_wconf 95' lang='lat'><strong>,</strong></span> <span class='ocrx_word' id='word_1_666' title='bbox 3103 4852 3193 4904; x_wconf 87' lang='lat' dir='ltr'><strong>sed</strong></span> <span class='ocrx_word' id='word_1_667' title='bbox 3237 4846 3348 4906; x_wconf 67' lang='lat' dir='ltr'><strong>Deo</strong></span> <span class='ocrx_word' id='word_1_668' title='bbox 3374 4846 3789 4923; x_wconf 62' lang='lat' dir='ltr'><strong>defendentem!</strong></span> 
     </span>
    </p>
   </div>
   <div class='ocr_carea' id='block_1_113' title="bbox 2289 4921 3071 4984">
    <p class='ocr_par' dir='ltr' id='par_1_113' title="bbox 2289 4921 3071 4984">
     <span class='ocr_line' id='line_1_115' title="bbox 2289 4921 3071 4984; baseline 0.005 -15"><span class='ocrx_word' id='word_1_669' title='bbox 2289 4931 2473 4970; x_wconf 76' lang='lat' dir='ltr'><strong>mura:</strong></span> <span class='ocrx_word' id='word_1_670' title='bbox 2499 4921 2604 4968; x_wconf 84' lang='lat' dir='ltr'><strong>ictu</strong></span> <span class='ocrx_word' id='word_1_671' title='bbox 2633 4921 2867 4984; x_wconf 69' lang='lat' dir='ltr'><strong>ferientis</strong></span> <span class='ocrx_word' id='word_1_672' title='bbox 2889 4921 3071 4973; x_wconf 77' lang='lat' dir='ltr'><strong>sensit.</strong></span> 
     </span>
    </p>
   </div>
   <div class='ocr_carea' id='block_1_114' title="bbox 2270 5003 3665 5084">
    <p class='ocr_par' dir='ltr' id='par_1_114' title="bbox 2270 5003 3665 5084">
     <span class='ocr_line' id='line_1_116' title="bbox 2270 5003 3665 5084; baseline 0.009 -27"><span class='ocrx_word' id='word_1_673' title='bbox 2270 5003 2410 5058; x_wconf 83' lang='lat' dir='ltr'><strong>Ecce</strong></span> <span class='ocrx_word' id='word_1_674' title='bbox 2440 5003 2552 5060; x_wconf 91' lang='lat' dir='ltr'><strong>Deo</strong></span> <span class='ocrx_word' id='word_1_675' title='bbox 2575 5005 2773 5060; x_wconf 90' lang='lat' dir='ltr'><strong>charus</strong></span> <span class='ocrx_word' id='word_1_676' title='bbox 2796 5008 2994 5075; x_wconf 68' lang='lat' dir='ltr'><strong>prmsul</strong></span> <span class='ocrx_word' id='word_1_677' title='bbox 3011 5008 3126 5080; x_wconf 87' lang='lat' dir='ltr'><strong>jam</strong></span> <span class='ocrx_word' id='word_1_678' title='bbox 3152 5019 3394 5081; x_wconf 88' lang='lat' dir='ltr'><strong>tempore</strong></span> <span class='ocrx_word' id='word_1_679' title='bbox 3421 5013 3665 5084; x_wconf 82' lang='lat' dir='ltr'><strong>quodam</strong></span> 
     </span>
    </p>
   </div>
   <div class='ocr_carea' id='block_1_115' title="bbox 2203 5094 3574 5172">
    <p class='ocr_par' dir='ltr' id='par_1_115' title="bbox 2203 5094 3574 5172">
     <span class='ocr_line' id='line_1_117' title="bbox 2203 5094 3574 5172; baseline 0.008 -25"><span class='ocrx_word' id='word_1_680' title='bbox 2203 5094 2470 5149; x_wconf 85' lang='lat' dir='ltr'><strong>Tentabat</strong></span> <span class='ocrx_word' id='word_1_681' title='bbox 2494 5111 2594 5165; x_wconf 90' lang='lat' dir='ltr'><strong>per</strong></span> <span class='ocrx_word' id='word_1_682' title='bbox 2607 5111 2666 5150; x_wconf 89' lang='lat' dir='ltr'><strong>se</strong></span> <span class='ocrx_word' id='word_1_683' title='bbox 2691 5097 2962 5167; x_wconf 87' lang='lat' dir='ltr'><strong>quoddam</strong></span> <span class='ocrx_word' id='word_1_684' title='bbox 2986 5099 3327 5172; x_wconf 84' lang='lat' dir='ltr'><strong>confringere</strong></span> <span class='ocrx_word' id='word_1_685' title='bbox 3358 5102 3574 5170; x_wconf 77' lang='lat' dir='ltr'><strong>ianum,</strong></span> 
     </span>
    </p>
   </div>
   <div class='ocr_carea' id='block_1_116' title="bbox 2203 5184 3601 5258">
    <p class='ocr_par' dir='ltr' id='par_1_116' title="bbox 2203 5184 3601 5258">
     <span class='ocr_line' id='line_1_118' title="bbox 2203 5184 3601 5258; baseline 0.009 -20"><span class='ocrx_word' id='word_1_686' title='bbox 2203 5184 2315 5239; x_wconf 89' lang='lat' dir='ltr'><strong>lloc</strong></span> <span class='ocrx_word' id='word_1_687' title='bbox 2343 5201 2578 5240; x_wconf 90' lang='lat' dir='ltr'><strong>cernens</strong></span> <span class='ocrx_word' id='word_1_688' title='bbox 2609 5186 2732 5241; x_wconf 90' lang='lat' dir='ltr'><strong>idoli</strong></span> <span class='ocrx_word' id='word_1_689' title='bbox 2763 5197 2947 5243; x_wconf 78' lang='lat' dir='ltr'><strong>custos</strong></span> <span class='ocrx_word' id='word_1_690' title='bbox 2980 5191 3031 5254; x_wconf 74' lang='grc' dir='ltr'><strong>ι),</strong></span> <span class='ocrx_word' id='word_1_691' title='bbox 3065 5207 3362 5249; x_wconf 77' lang='lat' dir='ltr'><strong>succensus</strong></span> <span class='ocrx_word' id='word_1_692' title='bbox 3399 5195 3456 5248; x_wconf 88' lang='lat' dir='ltr'><strong>in</strong></span> <span class='ocrx_word' id='word_1_693' title='bbox 3490 5196 3601 5258; x_wconf 86' lang='lat' dir='ltr'><strong>ira,</strong></span> 
     </span>
    </p>
   </div>
   <div class='ocr_carea' id='block_1_117' title="bbox 2204 5300 3796 5382">
    <p class='ocr_par' dir='ltr' id='par_1_117' title="bbox 2204 5300 3796 5382">
     <span class='ocr_line' id='line_1_119' title="bbox 2204 5300 3796 5382; baseline 0.009 -30"><span class='ocrx_word' id='word_1_694' title='bbox 2204 5307 2382 5382; x_wconf 77' lang='lat' dir='ltr'><strong>torum</strong></span> <span class='ocrx_word' id='word_1_695' title='bbox 2438 5300 2768 5382; x_wconf 74' lang='lat' dir='ltr'><strong>carminibus</strong></span> <span class='ocrx_word' id='word_1_696' title='bbox 2823 5315 3117 5382; x_wconf 63' lang='lat' dir='ltr'><strong>occurrunt</strong></span> <span class='ocrx_word' id='word_1_697' title='bbox 3163 5311 3522 5382; x_wconf 86' lang='lat' dir='ltr'><strong>castigatione</strong></span> <span class='ocrx_word' id='word_1_698' title='bbox 3577 5312 3741 5382; x_wconf 81' lang='lat' dir='ltr'><strong>digna</strong></span> <span class='ocrx_word' id='word_1_699' title='bbox 3777 5355 3796 5379; x_wconf 95' lang='lat'><strong>,</strong></span> 
     </span>
    </p>
   </div>
   <div class='ocr_carea' id='block_1_118' title="bbox 2206 5369 3800 5448">
    <p class='ocr_par' dir='ltr' id='par_1_118' title="bbox 2206 5369 3800 5448">
     <span class='ocr_line' id='line_1_120' title="bbox 2206 5369 3800 5448; baseline 0.011 -26"><span class='ocrx_word' id='word_1_700' title='bbox 2206 5369 2251 5422; x_wconf 91' lang='lat' dir='ltr'><strong>si</strong></span> <span class='ocrx_word' id='word_1_701' title='bbox 2276 5369 2365 5448; x_wconf 56' lang='lat' dir='ltr'><strong>&quot;ad</strong></span> <span class='ocrx_word' id='word_1_702' title='bbox 2419 5370 2711 5448; x_wconf 73' lang='lat' dir='ltr'><strong>severioris</strong></span> <span class='ocrx_word' id='word_1_703' title='bbox 2771 5374 3034 5448; x_wconf 67' lang='lat' dir='ltr'><strong>prosodiae</strong></span> <span class='ocrx_word' id='word_1_704' title='bbox 3091 5375 3240 5448; x_wconf 83' lang='lat' dir='ltr'><strong>leges</strong></span> <span class='ocrx_word' id='word_1_705' title='bbox 3295 5369 3479 5434; x_wconf 64' lang='lat' dir='ltr'><strong>Enmia</strong></span> <span class='ocrx_word' id='word_1_706' title='bbox 3533 5369 3800 5440; x_wconf 58' lang='lat' dir='ltr'><strong>revocare</strong></span> 
     </span>
    </p>
   </div>
   <div class='ocr_carea' id='block_1_119' title="bbox 2205 5436 3794 5520">
    <p class='ocr_par' dir='ltr' id='par_1_119' title="bbox 2205 5436 3794 5520">
     <span class='ocr_line' id='line_1_121' title="bbox 2205 5436 3794 5520; baseline 0.011 -29"><span class='ocrx_word' id='word_1_707' title='bbox 2205 5436 2359 5520; x_wconf 69' lang='lat' dir='ltr'><strong>velis.</strong></span> <span class='ocrx_word' id='word_1_708' title='bbox 2395 5437 2531 5520; x_wconf 49' lang='lat' dir='ltr'><strong>&quot;Huc</strong></span> <span class='ocrx_word' id='word_1_709' title='bbox 2577 5436 2788 5520; x_wconf 69' lang='lat' dir='ltr'><strong>spectat</strong></span> <span class='ocrx_word' id='word_1_710' title='bbox 2832 5436 3452 5520; x_wconf 52' lang='lat' dir='ltr'><strong>observatiochaligeri</strong></span> <span class='ocrx_word' id='word_1_711' title='bbox 3506 5436 3586 5505; x_wconf 13' lang='lat' dir='ltr'><strong>in,</strong></span> <span class='ocrx_word' id='word_1_712' title='bbox 3613 5436 3794 5509; x_wconf 17' lang='lat' dir='ltr'><strong>“bili</strong></span> 
     </span>
    </p>
   </div>
   <div class='ocr_carea' id='block_1_120' title="bbox 2209 5509 3799 5592">
    <p class='ocr_par' dir='ltr' id='par_1_120' title="bbox 2209 5509 3799 5592">
     <span class='ocr_line' id='line_1_122' title="bbox 2209 5509 3799 5592; baseline 0.011 -32"><span class='ocrx_word' id='word_1_713' title='bbox 2209 5509 2455 5592; x_wconf 64' lang='lat' dir='ltr'><strong>Ausonii,</strong></span> <span class='ocrx_word' id='word_1_714' title='bbox 2485 5523 2604 5592; x_wconf 79' lang='lat' dir='ltr'><strong>cap.</strong></span> <span class='ocrx_word' id='word_1_715' title='bbox 2643 5511 2706 5564; x_wconf 77' lang='lat'><strong>2|</strong></span> <span class='ocrx_word' id='word_1_716' title='bbox 2744 5530 2755 5564; x_wconf 90' lang='lat'><strong>:</strong></span> <span class='ocrx_word' id='word_1_717' title='bbox 2793 5530 2811 5560; x_wconf 72' lang='grc' dir='ltr'><strong><em>ι</em></strong></span> <span class='ocrx_word' id='word_1_718' title='bbox 2863 5511 3186 5592; x_wconf 45' lang='grc' dir='ltr'><strong>ιίειὶξειικιηῑΔ,</strong></span> <span class='ocrx_word' id='word_1_719' title='bbox 3244 5509 3420 5592; x_wconf 73' lang='grc' dir='ltr'><strong>ἰιιίιῦἱι</strong></span> <span class='ocrx_word' id='word_1_720' title='bbox 3446 5562 3459 5584; x_wconf 88' lang='grc'><em>,</em></span> <span class='ocrx_word' id='word_1_721' title='bbox 3511 5524 3799 5592; x_wconf 79' lang='lat' dir='ltr'><strong>peculiare</strong></span> 
     </span>
    </p>
   </div>
   <div class='ocr_carea' id='block_1_121' title="bbox 2207 5577 3799 5659">
    <p class='ocr_par' dir='ltr' id='par_1_121' title="bbox 2207 5577 3799 5659">
     <span class='ocr_line' id='line_1_123' title="bbox 2207 5577 3799 5659; baseline 0.011 -29"><span class='ocrx_word' id='word_1_722' title='bbox 2207 5577 2386 5659; x_wconf 70' lang='lat' dir='ltr'><strong>Latini</strong></span> <span class='ocrx_word' id='word_1_723' title='bbox 2416 5577 2722 5659; x_wconf 74' lang='lat' dir='ltr'><strong>poeue,__ut</strong></span> <span class='ocrx_word' id='word_1_724' title='bbox 2772 5596 2876 5635; x_wconf 89' lang='lat' dir='ltr'><strong>non</strong></span> <span class='ocrx_word' id='word_1_725' title='bbox 2908 5584 3079 5659; x_wconf 77' lang='lat' dir='ltr'><strong>solum</strong></span> <span class='ocrx_word' id='word_1_726' title='bbox 3129 5577 3342 5643; x_wconf 55' lang='lat' dir='ltr'><strong>omni</strong></span> <span class='ocrx_word' id='word_1_727' title='bbox 3395 5577 3799 5649; x_wconf 67' lang='lat' dir='ltr'><strong>declinationes</strong></span> 
     </span>
    </p>
   </div>
   <div class='ocr_carea' id='block_1_122' title="bbox 2209 5647 3802 5726">
    <p class='ocr_par' dir='ltr' id='par_1_122' title="bbox 2209 5647 3802 5726">
     <span class='ocr_line' id='line_1_124' title="bbox 2209 5647 3802 5726; baseline 0.013 -25"><span class='ocrx_word' id='word_1_728' title='bbox 2209 5647 2264 5726; x_wconf 85' lang='lat' dir='ltr'><strong>in</strong></span> <span class='ocrx_word' id='word_1_729' title='bbox 2289 5647 2491 5703; x_wconf 73' lang='lat' dir='ltr'><strong>Grtecis</strong></span> <span class='ocrx_word' id='word_1_730' title='bbox 2525 5650 2873 5726; x_wconf 71' lang='lat' dir='ltr'><strong>negligerent,</strong></span> <span class='ocrx_word' id='word_1_731' title='bbox 2931 5652 3022 5707; x_wconf 87' lang='lat' dir='ltr'><strong>sed</strong></span> <span class='ocrx_word' id='word_1_732' title='bbox 3050 5664 3105 5708; x_wconf 90' lang='lat' dir='ltr'><strong>et</strong></span> <span class='ocrx_word' id='word_1_733' title='bbox 3145 5662 3503 5726; x_wconf 80' lang='lat' dir='ltr'><strong>qttantitatem</strong></span> <span class='ocrx_word' id='word_1_734' title='bbox 3537 5665 3607 5717; x_wconf 86' lang='lat' dir='ltr'><strong>ita</strong></span> <span class='ocrx_word' id='word_1_735' title='bbox 3641 5647 3802 5720; x_wconf 53' lang='lat' dir='ltr'><strong>ever;</strong></span> 
     </span>
    </p>
   </div>
   <div class='ocr_carea' id='block_1_123' title="bbox 2209 5722 3634 5786">
    <p class='ocr_par' dir='ltr' id='par_1_123' title="bbox 2209 5722 3634 5786">
     <span class='ocr_line' id='line_1_125' title="bbox 2209 5722 3634 5786; baseline 0.009 -16"><span class='ocrx_word' id='word_1_736' title='bbox 2209 5725 2407 5782; x_wconf 83' lang='lat' dir='ltr'><strong>terent,</strong></span> <span class='ocrx_word' id='word_1_737' title='bbox 2445 5728 2502 5772; x_wconf 86' lang='lat' dir='ltr'><strong>ut</strong></span> <span class='ocrx_word' id='word_1_738' title='bbox 2529 5731 2754 5775; x_wconf 75' lang='lat' dir='ltr'><strong>accentu</strong></span> <span class='ocrx_word' id='word_1_739' title='bbox 2803 5722 2946 5776; x_wconf 69' lang='lat' dir='ltr'><strong>illan:</strong></span> <span class='ocrx_word' id='word_1_740' title='bbox 2977 5722 3182 5781; x_wconf 82' lang='lat' dir='ltr'><strong>tantum</strong></span> <span class='ocrx_word' id='word_1_741' title='bbox 3207 5730 3531 5786; x_wconf 82' lang='lat' dir='ltr'><strong>metirentur</strong></span> <span class='ocrx_word' id='word_1_742' title='bbox 3563 5774 3574 5786; x_wconf 94' lang='lat'><strong>.</strong></span> <span class='ocrx_word' id='word_1_743' title='bbox 3615 5753 3634 5783; x_wconf 79' lang='grc' dir='ltr'>ι</span> 
     </span>
    </p>
   </div>
  </div>
