4044 6340
289 302 393 359 ’ῖιῖ

223 467 241 475 -
286 414 676 485 Pontilicisque
701 422 861 484 caput
883 414 1056 484 gladio
1083 414 1355 483 percussit
1381 422 1559 467 acuto.

288 510 395 565 Sed
416 509 500 562 vir
521 505 823 577 praecipuus
846 520 946 559 nec
970 505 1160 568 sensit,
1195 519 1295 558 nec
1320 504 1437 559 leve
1467 502 1679 559 vulnus.

286 600 459 668 Quem
486 597 707 653 voluere
729 594 811 649 sui
834 594 1059 649 comites
1078 594 1326 649 occidere
1346 594 1530 648 statim
1561 612 1575 647 :

286 690 443 746 Hunc
468 697 649 743 tamen
674 686 873 756 eripuit
902 684 1047 739 mitis
1075 685 1141 739 de
1166 691 1340 739 morte
1368 685 1643 739 sacerdos.

287 782 390 850 Qui
410 782 513 835 luit
540 788 788 849 arreptus
816 779 1045 832 miseras
1072 792 1197 831 mox
1230 785 1392 831 tcnuo
1428 792 1639 847 poenas,

284 874 523 942 Postque
552 873 668 926 dies
690 877 872 925 ternas
894 868 1060 922 vitam
1090 867 1265 921 finivit
1294 883 1554 921 amaram.

288 964 489 1035 Sicque
506 977 632 1019 suos
660 969 877 1017 sanctos
905 958 1157 1015 Christus
1182 957 1461 1012 ulciscitur
1486 957 1646 1012 ultro.

892 1088 1121 1146 CAPUT
1143 1088 1259 1142 XV.

289 1208 407 1275 Qad
440 1206 674 1275 quidam,
705 1205 793 1275 qui
838 1220 982 1259 servo
1013 1201 1514 1284 Deimaledixerat,
1545 1200 1630 1255 die
1656 1208 1864 1271 postera

973 1283 1148 1345 perm.

358 1391 482 1463 Egit
502 1391 607 1447 iter
629 1388 901 1460 quondam
928 1387 1265 1442 venerandus
1292 1385 1427 1441 forte
1456 1384 1649 1443 viator.

283 1483 425 1553 Quia
445 1498 503 1539 se
529 1497 623 1552 per
656 1489 864 1551 segetes
890 1480 1107 1550 propior
1129 1478 1244 1549 jam
1278 1479 1473 1533 semita
1504 1476 1657 1531 duxit

281 1577 422 1633 Cum
450 1576 611 1632 sociis
634 1576 820 1640 etiam,
843 1574 1018 1629 tenuit
1036 1588 1172 1643 quas
1200 1573 1353 1626 dives
1380 1587 1578 1625 avarus
1616 1586 1629 1623 :

280 1667 386 1721 Cui
410 1674 654 1737 segetum
674 1673 856 1719 custos
882 1663 1073 1718 callem
1100 1662 1388 1732 prohibere
1414 1662 1651 1724 volebat,

278 1756 525 1812 Plurima
551 1756 897 1812 conclamans
932 1762 1122 1809 sancto
1150 1752 1386 1807 convitia
1412 1751 1614 1815 verbis,

276 1845 399 1901 Nec
428 1861 536 1901 non
560 1844 789 1915 augebat
819 1841 976 1898 factis
1001 1842 1290 1912 opprobria
1320 1842 1474 1895 diris.

278 1938 390 2006 Qui
427 1938 648 1992 divertit
675 1938 797 2000 iter,
828 1952 932 2004 qua
963 1951 1021 1989 se
1055 1934 1141 1987 via
1164 1932 1375 2003 publica
1406 1938 1705 1987 monstrat:

276 2032 409 2088 Mox
430 2032 573 2101 perit
599 2030 784 2084 infelix
811 2032 989 2084 elusor
1018 2028 1135 2082 luce
1155 2027 1413 2090 secunda,

274 2122 422 2179 Tam
447 2122 574 2193 quia
593 2136 701 2176 non
724 2120 905 2175 timuit
928 2133 1084 2173 servo
1112 2119 1435 2174 maledicere
1456 2117 1676 2173 Christi.

873 2252 1102 2308 CAPUT
1142 2252 1280 2307 XVI.

277 2363 528 2432 Qualiter
562 2363 755 2434 fontem
792 2362 993 2416 orando
1016 2362 1080 2415 de
1114 2337 1267 2415 arida
1302 2360 1487 2415 tellure
1529 2361 1856 2430 produxerit.

355 2476 494 2531 Dum
517 2474 697 2529 divina
714 2474 834 2544 pius
861 2473 1100 2529 caelestis
1131 2474 1337 2528 semina
1359 2475 1484 2529 vita:

276 2566 552 2637 Spargere
571 2582 668 2636 per
690 2565 885 2619 multas
909 2574 1295 2635 properaverat
1313 2566 1494 2620 accola
1522 2573 1716 2633 terras,

273 2657 537 2713 Pervenit
562 2673 663 2726 qua
690 2656 766 2711 nil
806 2656 1021 2711 steriles
1051 2657 1158 2711 nisi
1192 2658 1361 2727 gignit
1392 2673 1604 2713 arenas.

271 2749 574 2807 Infecunda
604 2750 703 2805 soli
731 2750 941 2820 species
963 2763 1135 2820 prope
1162 2749 1341 2804 littora
1372 2752 1545 2819 ponti,

272 2840 402 2909 Qua
438 2856 538 2895 nec
561 2840 729 2895 dulcis
748 2855 900 2909 aqua:
931 2819 1148 2894 inventa
1173 2848 1256 2893 est
1282 2840 1589 2896 sitientibus
1621 2841 1782 2895 unda.

271 2929 380 2985 Vir
397 2929 621 2999 cupiens
650 2935 868 2983 sanctus
893 2927 1054 2982 sociis
1086 2942 1403 2983 succurrere
1425 2928 1606 2995 fessis,

269 3018 525 3078 Iusserat
548 3029 608 3075 ut
649 3019 891 3075 facerent
928 3021 1070 3074 intra
1095 3021 1316 3075 tectoria
1348 3019 1542 3093 [Mab.,
1597 3021 1854 3095 tentoria]

1540 3111 1781 3183 [fossam.

271 3205 399 3273 Quo
425 3205 592 3281 facto,
621 3203 814 3275 prmsul
846 3203 1017 3259 solum
1044 3220 1105 3259 se
1126 3202 1394 3259 clauserat
1423 3205 1593 3270 intus,

270 3297 348 3353 Et
364 3297 592 3369 genibus
621 3294 742 3350 ﬁxis
768 3296 1033 3367 lacrymas
1058 3296 1313 3351 fundebat
1340 3313 1555 3352 amaras

271 3388 421 3444 Ante
456 3388 649 3453 Deum,
688 3386 900 3441 dulcem
938 3402 1044 3455 quo
1082 3403 1206 3441 mox
1236 3403 1482 3443 meruere
1509 3391 1603 3445 sed
1631 3392 1855 3458 undam,

272 3480 545 3536 Produxit
565 3480 744 3535 subito
766 3477 973 3533 fontem
1004 3480 1157 3548 prius
1184 3481 1335 3535 arida
1361 3480 1541 3547 tellus,

273 3574 357 3629 De
384 3588 493 3642 quo
512 3572 770 3643 potabant
797 3572 929 3627 socii
953 3587 1245 3643 secumque
1267 3572 1532 3637 ferebant,

271 3663 516 3734 Indiguit
542 3669 801 3733 quantum
821 3662 1033 3717 steriles
1048 3663 1134 3716 via
1156 3671 1331 3733 coepta
1354 3678 1450 3732 per
1478 3679 1652 3733 agros.

846 3799 1074 3857 CAPUT
1112 3799 1277 3855 XVII.

273 3912 555 3980 Quomodo
590 3928 655 3966 ea:
675 3913 787 3979 eius
814 3911 1163 3966 benedictione
1184 3913 1416 3981 ﬂascona
1441 3912 1548 3966 vini
1578 3913 1632 3967 in
1653 3913 1855 3968 duode-

729 3982 829 4035 cim
852 3999 1103 4053 pauperes
1138 3983 1309 4053 suﬂice
1318 3992 1410 4036 ret.

344 4093 651 4150 Occurrere
666 4093 762 4148 Dei
793 4091 995 4147 famulo
1026 4100 1110 4147 ter
1134 4092 1273 4147 forte
1301 4094 1551 4162 quaterni

268 4184 592 4240 Panniculis
620 4184 801 4238 miseri
831 4183 1037 4249 vestiti,
1060 4192 1117 4239 et
1139 4185 1294 4253 panis
1322 4185 1500 4255 egeni,

267 4275 423 4343 Quos
452 4276 573 4345 pius
600 4282 660 4328 ut
678 4273 836 4339 vidit,
857 4281 1037 4329 motus
1056 4275 1259 4344 pietate
1290 4276 1581 4340 sacerdos;

264 4366 436 4422 Ferte
460 4380 662 4430 meam,
684 4364 842 4430 dixit,
868 4364 1179 4430 llasconem,
1213 4364 1348 4421 ferte
1377 4366 1639 4431 ministri,

264 4456 340 4511 Et
369 4456 595 4510 miscete
624 4455 756 4509 viris
784 4454 965 4509 illam:
997 4455 1300 4511 benedictio
1327 4457 1528 4511 Christi

265 4546 537 4603 Sutiicere
557 4546 614 4602 in
638 4554 779 4601 totos
802 4545 965 4601 faciat
985 4545 1290 4618 largissime
1312 4546 1500 4620 [Mab.,
1520 4548 1848 4621 largissime]

1569 4641 1773 4714 [credo.

260 4732 450 4787 Turba
471 4730 693 4787 bibebat
716 4747 884 4786 ovans
912 4738 1173 4801 quantum
1202 4732 1304 4787 sibi
1341 4732 1571 4803 quisque
1614 4734 1848 4799 volebat,

259 4821 464 4878 Flasco
484 4830 663 4877 tamen
688 4821 866 4877 fuerat
886 4822 1093 4877 meliori
1123 4822 1281 4892 plena
1303 4823 1528 4879 falerno.

834 4950 1061 5007 CAPUT
1099 4952 1282 5008 XVII.

254 5062 406 5119 Item
436 5063 665 5134 qualiter
696 5078 760 5116 ex
781 5062 896 5132 ejus
925 5062 1276 5118 benedictione
1302 5065 1476 5119 vinum
1500 5066 1555 5119 in
1586 5083 1717 5137 cupa
1739 5083 1850 5121 cre-

968 5142 1149 5186 sceret.

334 5248 657 5304 Veneratad
679 5248 965 5317 quamdam
992 5247 1181 5301 cellam
1204 5249 1527 5304 venerabilis
1558 5250 1772 5320 hospes.

253 5341 533 5398 Omnibus
560 5339 815 5393 Ecclesia“:
845 5338 1004 5392 rebus
1029 5336 1141 5407 jam
1165 5338 1265 5393 rite
1292 5341 1526 5408 peractis

250 5430 551 5488 Fratribus
576 5438 631 5484 et
657 5428 815 5484 solito
841 5429 1093 5484 mandata
1127 5444 1275 5485 more
1304 5431 1496 5495 salute,

250 5524 465 5579 Omnia
492 5521 825 5592 perspiciens
854 5535 1023 5575 sacrae
1050 5521 1238 5575 sedilia
1265 5522 1430 5576 cellae.

249 5615 584 5687 Ingrediens
610 5615 773 5668 etiam
805 5613 967 5667 sociis
997 5613 1217 5669 cellaria
1238 5616 1444 5685 paucis,

243 5709 311 5763 In
344 5723 455 5776 qua
487 5706 597 5759 sola
627 5718 813 5775 parum
840 5704 951 5758 vini
986 5705 1069 5759 vix
1096 5714 1262 5760 tunna
1295 5708 1533 5772 tenebat,

952 298 1527 358 IIACIOGRAPIIICA.
1570 329 1637 339 —-—
1677 299 1834 354 VITA
1878 299 1933 354 S.
1979 298 2458 356 WILLIBRORDI.
2498 329 2567 339 --
2607 299 2733 354 LIB.
2776 297 2838 352 II.
2968 370 2969 373 η

1886 413 1940 474 Α
1966 411 2137 479 Quam
2159 412 2360 466 Christi
2387 412 2616 468 famulus
2646 410 2835 467 baculo
2857 409 3135 466 benedixit
3161 410 3408 474 bonesro,
3490 429 3494 432 ~

3434 298 3537 352 7l8

1962 500 2133 567 Quem
2160 502 2408 557 manibus
2437 516 2652 571 semper
2678 508 2897 556 sanctus
2921 508 3140 569 portare
3164 498 3391 561 solebat.
3485 526 3489 531 -

1961 592 2129 648 Nocte
2150 602 2411 662 sequente
2429 609 2641 649 merum
2665 592 2761 648 sed
2790 607 2935 661 mox,
2964 591 3215 653 mirabile
3243 593 3388 647 dictu
3415 592 3429 645 ε

1964 684 2123 739 Solus
2154 685 2209 738 in
2229 685 2344 739 :ede
2371 699 2599 738 manens
2620 694 2867 738 servator
2890 698 3139 737 crescere
3158 682 3315 747 vidit,

1962 775 2143 832 Donec
2163 774 2415 829 mellilin
2429 774 2695 844 completa
2716 782 2799 829 est
2818 781 3036 829 nectare
3060 782 3247 827 tunna.

1963 866 2075 923 Hoc
2104 867 2255 922 laetus
2285 866 2469 922 retulit
2494 867 2804 922 venerando
2842 865 3001 921 Patre
3024 866 3220 921 silente
3245 862 3441 936 [Mab.,
3468 866 3542 918 si-

3224 954 3463 1028 [lentor].

1962 1047 2062 1104 Cui
2093 1048 2211 1119 pius
2238 1048 2465 1102 antistes
2490 1046 2710 1104 dederat
2735 1055 3003 1116 praecepta
3027 1046 3262 1112 tacendi,

1966 1142 2149 1211 Usque
2186 1140 2329 1196 diem
2348 1140 2559 1206 mortis,
2592 1140 2783 1195 nolens
2808 1139 2911 1194 sibi
2939 1153 3184 1209 quterere
3211 1137 3444 1194 laudem.

2549 1275 2777 1331 CAPUT
2809 1274 2950 1329 XIX.

1967 1389 2101 1466 Item
2139 1387 2366 1466 qualiter
2394 1403 2458 1466 ea:
2501 1385 2849 1466 benedictione
2898 1384 3132 1466 ejusdem
3161 1382 3540 1466 viriDeilquao

2036 1453 2286 1529 dragjinta
2317 1456 2502 1529 viriea:
2532 1466 2762 1527 quatuor
2794 1453 3112 1528 ﬂaseonibus
3137 1453 3355 1509 modicis
3380 1453 3539 1508 bibis-

2038 1527 2151 1583 sent
2174 1543 2337 1598 usque
2372 1527 2442 1581 ad
2471 1529 2789 1582 satietatem.

2041 1659 2136 1715 Vir
2151 1660 2252 1715 fuit
2279 1660 2335 1714 in
2360 1660 2557 1730 populo
2582 1659 2761 1731 largus
2784 1675 2881 1730 pro
2911 1660 3159 1731 gentibus
3180 1658 3399 1729 hospes,

1892 1754 1942 1815 Β
1970 1753 2176 1822 Βωρίιιε
2212 1752 2505 1822 hospitium
2535 1753 2687 1820 cujus
2710 1753 2913 1806 intrare
2928 1753 3137 1807 solebat

1966 1845 2225 1915 Egregius
2253 1842 2468 1913 praesul,
2492 1851 2676 1911 partes
2698 1843 2822 1896 dum
2852 1843 3004 1897 venit
3031 1843 3086 1895 in
3114 1840 3254 1896 illas.

1964 1933 2103 1987 Ecce
2128 1933 2215 1987 die
2243 1932 2475 2003 quadam
2504 1932 2752 1996 veniens,
2784 1931 2859 1985 nil
2883 1932 3141 2000 prmscius
3171 1929 3290 1999 ejus

1963 2021 2061 2076 Vir
2082 2023 2181 2077 fuit
2206 2023 2469 2077 adventus
2493 2038 2508 2087 ;
2540 2037 2644 2092 qua
2667 2029 2888 2091 propter
2908 2020 3100 2091 pocula
3129 2021 3245 2074 vini

1962 2112 2079 2168 Non
2110 2113 2298 2168 habuit
2323 2113 2489 2168 charo
2518 2113 2770 2168 veniente
2799 2119 3019 2181 repente
3046 2112 3326 2183 magistro.

1962 2204 2075 2260 Hoc
2094 2204 2256 2258 Pater
2284 2218 2604 2274 agnoscens,
2626 2202 2790 2273 jussit
2815 2202 2919 2257 sibi
2949 2201 3091 2257 ferre
3119 2210 3433 2272 quaternas,
3488 2214 3490 2216 '

1962 2295 2067 2350 Per
2090 2295 2204 2349 loca
2224 2310 2359 2365 quas
2386 2293 2540 2364 pueri
2569 2309 2754 2348 secum
2781 2301 3000 2363 portare
3024 2292 3291 2358 solebant,

1961 2385 2251 2439 Flascones
2278 2385 2483 2454 pariter
2506 2382 2766 2449 modicas,
2790 2383 3068 2438 benedixit
3092 2390 3147 2437 et
3166 2382 3375 2451 inquit:

1960 2474 2113 2530 Nunc
2134 2476 2359 2529 miscete
2380 2474 2600 2544 quidem
2630 2474 2810 2540 nobis,
2830 2473 3135 2529 benedictio
3159 2472 3363 2530 Christi

1964 2565 2190 2635 Augebit
2212 2565 2422 2628 vinum,
2444 2564 2627 2629 credo,
2649 2563 2847 2633 pietate
2868 2563 3119 2633 benigna.

1963 2650 2055 2706 Sic
2083 2652 2186 2706 fuit
2207 2661 2263 2707 et
2290 2652 2512 2718 factum,
2527 2651 2640 2721 jam
2667 2652 2752 2731 his
2772 2651 2935 2707 simul
2964 2666 3091 2707 ecce
3121 2651 3303 2707 viceni

1962 2743 2206 2813 Namque
2234 2741 2387 2798 fuere
2407 2743 2509 2797 viri
2531 2743 2794 2807 convivae,
2821 2742 2949 2795 vina
2976 2741 3249 2798 bibentes.

1962 2832 2172 2889 Sullicit
2191 2833 2275 2888 his
2304 2831 2506 2888 Christi
2520 2848 2617 2902 per
2644 2832 2844 2887 donum
2864 2831 3013 2901 potio
3034 2830 3266 2886 cunctis.

2543 2960 2770 3017 CAPUT
2834 2960 2954 3016 XX.

1964 3070 2040 3127 De
2069 3073 2295 3143 quodam
2331 3082 2570 3144 protervo
2601 3073 2776 3144 divite,
2804 3074 2894 3143 qui
2919 3090 3036 3127 cum
3061 3070 3379 3144 famuloDei
3400 3073 3541 3144 bibe-

1934 3198 1935 3201 η
2032 3142 2087 3215 re
2131 3142 2395 3215 renuit,'et
2427 3152 2539 3213 post
2566 3142 2742 3198 volens
2767 3184 2781 3209 ,
2816 3142 2920 3197 non
2951 3145 3142 3215 potuit,
3176 3142 3337 3197 donec
3380 3143 3446 3197 ab
3471 3157 3535 3199 eo

2030 3213 2300 3268 absolutus
2326 3223 2478 3268 esset.

2028 3349 2228 3404 Lassus
2251 3350 2356 3404 iter
2382 3348 2597 3405 Domini
2620 3348 2851 3405 famulus
2875 3346 3110 3405 faciebat
3132 3358 3398 3419 amatum,

1957 3439 2222 3495 Imbribus
2243 3440 2498 3496 aathereis
2526 3441 2749 3509 cupiens
2779 3449 2893 3495 sata
2933 3442 3042 3495 lata
3066 3442 3263 3513 rigare.

1958 3530 2120 3584 Prata
2141 3530 2264 3599 pius
2284 3529 2477 3599 praesul
2498 3530 2777 3599 cujusdam
2800 3531 2984 3585 divitis
3005 3532 3174 3586 intrat

1956 3618 2092 3674 Cum
2120 3618 2283 3673 sociis
2304 3618 2575 3673 modicum
2597 3613 2755 3673 lassis
2776 3620 3123 3689 requiescere
3144 3629 3376 3690 tempus.

1956 3708 2173 3764 Caedere
2198 3709 2363 3777 erepit
2391 3724 2559 3778 equos
2589 3709 2777 3781 virgis,
2806 3718 2862 3765 et
2886 3711 3101 3783 abigere
3128 3713 3321 3781 pratis.

1915 3838 1919 3841 τ
1955 3799 2126 3866 Quem
2145 3800 2267 3868 pius
2291 3798 2578 3869 alloquitur
2605 3799 2800 3854 blando
2819 3815 3071 3855 sermone
3098 3802 3387 3857 sacerdos:

1955 3890 2178 3955 Desine,
2200 3904 2403 3959 quaso,
2433 3890 2539 3944 tuis
2559 3906 2657 3945 nos
2680 3906 2824 3945 nunc
2847 3891 3119 3961 depellere
3151 3894 3343 3962 pratis,

1957 3982 2066 4039 Sed
2088 3982 2259 4053 magis
2280 3981 2346 4036 ad
2374 3992 2591 4036 nostras
2614 3983 2799 4051 epulas
2825 3983 3050 4038 conviva
3074 3985 3281 4052 venito,

1954 4076 2024 4130 Et
2048 4075 2173 4131 bibe
2201 4074 2505 4139 nobiscum,
2536 4074 2706 4130 simus
2735 4091 2950 4147 quoque
2969 4092 3186 4148 semper
3212 4077 3394 4136 amici.

1955 4166 2255 4236 Respondit
2282 4165 2432 4221 dives
2446 4163 2651 4220 furiosa
2679 4173 2861 4222 mente
2889 4168 3154 4236 superbus
3179 4185 3194 4222 :

1954 4256 2087 4314 Nolo
2108 4266 2229 4312 tuas
2255 4256 2464 4327 epulas,
2492 4264 2671 4311 tecum
2700 4265 2887 4326 potare
2914 4272 3127 4312 recuso.

1954 4351 2074 4406 Mox
2100 4350 2280 4419 rapuit
2304 4348 2498 4418 praesul
2521 4348 2742 4404 verbum
2771 4348 2839 4404 de
2862 4364 2996 4404 voce
3022 4349 3290 4418 loquentis
3313 4367 3329 4405 :

1884 4449 1932 4510 ι)
1956 4440 2014 4496 Si
2053 4448 2239 4511 potare
2263 4456 2428 4511 negas
2452 4455 2665 4496 mecum
2686 4440 2866 4506 modo,
2891 4455 3001 4495 non
3026 4440 3175 4505 bibe,
3199 4456 3403 4512 quaso.
3480 4502 3484 4506 ,

1954 4530 2050 4585 His
2077 4530 2238 4585 dictis
2262 4531 2474 4585 Domini
2504 4529 2735 4587 famulus
2762 4542 3081 4602 perrexerat
3104 4533 3272 4598 ultro,
3332 4576 3335 4577 ν

1951 4623 2127 4693 Atque
2144 4623 2358 4679 domum
2389 4623 2541 4679 dives
2564 4625 2840 4694 propriam
2866 4626 3146 4696 repedavit
3172 4627 3427 4697 iniquus:

1952 4713 2120 4781 Quem
2144 4714 2264 4769 sitis
2280 4713 2578 4770 inﬂammat
2597 4716 2765 4770 nimio
2788 4716 3000 4773 fervore
3020 4727 3244 4788 repente
3266 4735 3282 4783 ;

1950 4804 2052 4870 Qui
2081 4804 2308 4860 miseere
2336 4804 2522 4861 furens
2548 4804 2776 4861 famulos
2802 4806 2904 4861 sibi
2930 4807 3059 4861 vina
3080 4810 3338 4878 rogabat,

1949 4896 2235 4965 Accipiens
2261 4896 2509 4961 calicem,
2540 4897 2636 4951 sed
2660 4896 2737 4952 nil
2766 4899 2986 4955 sorbere
3007 4900 3239 4955 valebat.

1948 4985 2185 5040 Ardebat
2211 4986 2405 5040 sitiens
2424 4988 2758 5053 stomachus,
2783 4990 2876 5044 sed
2904 4990 3092 5059 pocula
3118 4990 3314 5048 Bacchi

1949 5074 2201 5144 Respuit,
2226 5083 2280 5129 et
2303 5080 2444 5129 totus
2470 5075 2701 5131 flammis
2724 5077 2948 5135 ardebat
2975 5080 3201 5136 anhelis.

1950 5165 2058 5221 Nec
2088 5166 2256 5219 valuit
2274 5167 2556 5236 quisquam
2580 5169 2822 5225 medicus
2844 5171 3089 5227 relevare
3118 5173 3377 5235 laborem,

1948 5254 2129 5309 Donec
2151 5254 2268 5324 ipse
2288 5255 2455 5310 miser
2482 5256 2692 5325 culpam
2722 5261 2977 5330 cognovit
2997 5261 3255 5330 iniquam,

1944 5343 2120 5412 Atque
2147 5343 2241 5397 Dei
2264 5341 2450 5397 famuli
2481 5359 2548 5398 ex
2570 5345 2712 5400 dicto
2741 5355 3005 5402 tormenta
3034 5347 3240 5402 luisset.

1947 5436 2179 5507 Optabat
2206 5438 2439 5493 reditum
2468 5450 2798 5510 quapropter
2823 5442 3069 5511 praesulis
3095 5442 3241 5496 almi.

1946 5527 2184 5583 Venerat
2208 5529 2324 5599 ipse
2350 5544 2537 5595 senex,
2562 5531 2698 5586 alter
2722 5533 2850 5587 dum
2878 5543 3103 5589 venerat
3127 5552 3320 5591 annus.

1945 5618 2042 5674 Cui
2068 5620 2239 5683 miser
2261 5621 2516 5687 occurrit,
2534 5636 2750 5691 poenam
2773 5623 3052 5679 confessus
3073 5642 3333 5693 amaram,

1945 5712 2041 5766 Cui
2067 5712 2186 5782 pius
2219 5712 2437 5769 indulsit
2466 5714 2725 5783 quidquid
2743 5715 3089 5771 commiserat
3111 5717 3165 5770 in
3194 5733 3279 5779 se,
