4044 6340
32 567 34 651 r

32 656 33 723 ι

32 780 34 863 ν

32 872 34 951 i

494 258 600 317 'll9
1325 253 1386 311 Β.
1428 256 1491 311 F.
1532 256 1760 315 ALBINI
1800 252 1933 314 SEU
1974 254 2246 312 ALCCINI
2285 253 2571 312 OPERUM
2613 253 2704 309 PA.

2183 254 2246 311 Νι
2285 253 2571 312 OPERUM
2613 253 2788 309 PARS
2828 253 2891 309 ῗ.
3660 254 3770 308 ’1ἰο

495 375 658 447 199
681 373 858 444 Atque
884 388 1045 428 manu
1076 372 1293 444 propria
1318 383 1503 444 potum
1528 383 1842 447 porrexerat
1869 375 2001 445 ipse.
2101 379 2150 437 Α
2178 371 2510 426 Francorum
2534 370 2781 435 ducibus,
2804 384 2939 440 quos
2965 367 3159 424 sarcula
3183 367 3341 441 longa
3378 367 3638 424 tulerunt.

492 468 594 537 Qui
626 482 752 523 mox
782 474 1034 529 sanatus,
1065 465 1282 521 fastidia
1314 466 1470 537 longa
1499 467 1827 537 relinquens,
2178 459 2277 516 Hic
2300 468 2450 531 reget
2472 461 2755 530 imperium
2786 460 2912 515 felix
2939 459 3170 516 feliciter
3190 460 3361 525 istud,

490 559 778 631 Accipiens
803 557 1025 615 calicem
1057 557 1216 629 pleno
1243 573 1301 614 se
1323 559 1525 629 proluit
1552 574 1669 614 ore.
2175 550 2420 606 Dilatans
2449 550 2586 607 fines
2616 552 2826 621 magnis
2852 552 2982 605 hinc
3011 551 3136 607 inde
3168 551 3482 620 triumphis.

568 648 571 649 ⁷
1080 670 1306 727 (mpm
1343 670 1483 726 χχι,
2174 638 2293 695 Non
2320 655 2456 710 opus
2483 650 2569 696 est
2594 641 2793 695 nostris
2824 640 2952 695 illud
2986 649 3296 695 monstrare
3322 640 3624 703 Cammnis,

493 764 767 832 Quomodo
792 765 848 817 in
877 762 1109 835 Treveris
1130 763 1342 835 ciuitate
1362 764 1560 819 orando
1584 774 1776 835 pestem
1800 762 2079 817 immitteu-
2176 730 2330 798 Qu“
2352 738 2468 789 toto
2493 731 2641 786 veris
2669 731 2972 787 celebratur
2998 731 3054 785 in
3081 733 3211 787 orbe
3236 732 3484 802 loquelis'

789 843 891 887 tem
919 833 984 887 ab
1020 832 1226 887 ancillis
1262 832 1455 889 Christi
1490 832 1781 889 ornavisset.
2735 841 2963 898 CAPUT
3003 841 3192 897 XXIV.

561 949 659 1004 Est
680 948 921 1017 antiqua,
954 956 1144 1019 potens
1171 947 1341 1002 muris
1368 956 1424 1003 et
1450 947 1689 1003 turribus
1717 946 1897 1018 ampla
2410 930 2491 985 De
2519 931 2704 986 ηιονίῦι

2410 930 2491 985 De
2519 931 2751 986 moribus
2780 940 2827 986 et
2853 931 2918 986 de
2943 931 3085 985 obitu
3114 933 3285 986 srmcti
3317 931 3517 987 Patris.

490 1041 633 1097 Urbs
663 1039 935 1104 Treveris,
965 1054 1068 1094 nec
1091 1054 1199 1095 non
1226 1054 1399 1094 sacris
1422 1039 1751 1094 circumdata
1778 1038 1951 1103 cellis,
2246 1041 2344 1096 Vir
2369 1040 2472 1097 fuit
2499 1042 2602 1097 iste
2625 1042 2743 1107 Dei,
2772 1043 3007 1112 patiens,
3037 1044 3367 1109 moderatus,
3406 1044 3701 1109 honestus,

487 1135 546 1191 In
577 1134 773 1203 quibus
803 1132 1009 1188 unatim
1048 1131 1367 1203 populorum
1400 1133 1556 1188 turba
1582 1132 1795 1201 piorum
2176 1131 2413 1188 Moribus
2438 1133 2710 1204 egregius,
2739 1142 2797 1189 et
2829 1134 2883 1188 in
2912 1133 3060 1189 omni
3088 1143 3343 1189 strenuus
3371 1143 3515 1199 actu,

489 1224 762 1279 Laudibus
795 1223 1077 1294 invigilant
1104 1222 1339 1289 Domini,
1371 1231 1635 1291 nocteque
1660 1221 1874 1291 dieque.
2175 1226 2350 1281 Corde
2377 1226 2521 1295 pius,
2548 1227 2739 1281 humili
2760 1227 2935 1293 mitis,
2960 1228 3273 1299 rigidusque
3298 1230 3554 1298 superbo,

488 1316 597 1369 llas
624 1314 767 1368 inter
796 1312 975 1368 fuerat
998 1326 1277 1367 sacrarum
1304 1312 1441 1367 cella
1468 1327 1739 1378 sororum,
2177 1316 2394 1374 Solator
2420 1318 2656 1385 miseris,
2689 1327 2744 1375 et
2768 1320 2925 1390 inops
2955 1320 3080 1385 sibi,
3110 1319 3263 1376 dives
3292 1322 3499 1391 egenis.

489 1403 637 1471 Quas
666 1403 845 1460 subito
875 1402 1102 1458 nimium
1131 1402 1411 1472 quassavit
1437 1403 1606 1473 pestis
1640 1403 1856 1468 acerba,
2177 1408 2280 1476 Qui
2304 1414 2591 1479 postquam
2622 1409 2747 1464 vitae
2772 1410 2983 1465 meritis
3018 1410 3294 1479 perfectus
3322 1411 3377 1465 in
3407 1408 3590 1475 annis,

487 1493 572 1549 Ex
594 1494 706 1547 vita
734 1493 838 1549 hac
863 1493 1043 1563 rapuit
1071 1508 1170 1563 per
1196 1508 1356 1564 quam
1392 1509 1537 1549 mors
1564 1494 1751 1550 ultima
1774 1494 2002 1559 multas;
2175 1500 2269 1556 Bis
2296 1507 2490 1555 octena
2517 1500 2640 1571 pius
2664 1500 2955 1571 complevit
2984 1501 3156 1556 lustra
3184 1502 3459 1567 sacerdos,

474 1578 804 1641 Semineces
833 1585 1077 1656 quaedam
1102 1585 1263 1656 longo
1283 1584 1504 1656 jacuere
1539 1587 1758 1652 dolore;
2178 1591 2288 1647 Ter
2314 1599 2507 1661 quater
2544 1598 2600 1646 et
2628 1606 2879 1659 menses,
2907 1592 3114 1647 mensis
3136 1591 3251 1662 jam
3275 1608 3497 1664 Jamque
3536 1592 3769 1648 Novemv

491 1674 693 1732 Terror
713 1674 903 1732 inertis
927 1682 1043 1732 erat
1068 1677 1286 1743 nimius,
1314 1679 1409 1735 sed
1436 1687 1491 1735 et
1518 1681 1768 1737 omnibus
1804 1680 1967 1738 idem.
2103 1719 2155 1783 Β
3539 1683 3703 1756 [bris.

491 1768 629 1838 Spes
658 1766 760 1821 fuit
780 1767 833 1821 in
862 1765 1065 1821 famqu
1093 1764 1317 1835 Christi,
1346 1777 1572 1826 vocatus
1600 1779 1656 1825 et
1683 1770 1774 1826 ille
2103 1764 2154 1783 ”
2177 1773 2357 1830 Idibus
2377 1774 2607 1840 octenis,
2632 1774 2756 1830 οωιὶ
2784 1775 3039 1847 migravit
3062 1775 3134 1831 ad
3160 1776 3362 1840 aulam,

489 1858 624 1914 Cum
652 1857 906 1928 lacrymis
925 1854 1087 1913 citius
1113 1856 1271 1913 fessis
1301 1874 1621 1915 succurrere
1652 1860 1836 1916 rebus.
2177 1863 2421 1921 Cmtibus
2448 1865 2707 1937 angelicis
2729 1862 2975 1935 junctus,
3005 1866 3318 1922 coelestibus
3338 1865 3561 1936 hymnis

490 1950 562 2005 At
588 1948 709 2019 pius
745 1946 833 2003 ille
857 1942 1020 2002 Pater
1041 1948 1332 2018 complevit
1359 1958 1483 2006 vota
1513 1966 1760 2007 sororum
2175 1955 2499 2014 Collaudans
2533 1955 2811 2013 Christum
2839 1973 3055 2029 semper
3080 1958 3199 2012 sine
3230 1960 3336 2012 tine
3362 1958 3578 2012 beatus.

485 2040 815 2105 Adveniens,
845 2039 965 2094 illas
985 2030 1237 2108 jamnec
1264 2055 1388 2111 spes
1416 2038 1556 2097 alma
1583 2038 1795 2109 fefellit,
2749 2069 2978 2126 CAPUT
3015 2069 3181 2124 xxv,

490 2130 878 2235 Ξῗδῇντθξίβιξδ
900 2130 1071 2235 “Boii
1250 2128 1421 2235 Ρίξδίίδ
1447 2134 1641 2235 ace”?
1665 2133 1918 2235 regem"
2180 2158 2336 2235 Quod
2364 2160 2554 2235 fratres
2569 2159 2784 2215 Patrem
2810 2160 3109 2235 sepelientes
3138 2161 3192 2235 in
3218 2160 3779 2235 sarqophagumquod

488 2219 557 2275 Et
586 2219 815 2273 Domino
843 2218 1055 2272 laudem
1084 2219 1317 2274 reddunt
1337 2234 1436 2290 pro
1464 2220 1667 2292 sospite
1687 2222 1821 2277 vita.
2184 2218 2223 2226 ’⁷
2250 2218 2453 2285 brevius
2478 2231 2651 2302 fuerat
2678 2218 2884 2302 corpori
2906 2231 3038 2300 ejus,
3069 2230 3240 2285 subito
3263 2230 3333 2283 ad
3355 2218 3535 2301 apta?»
3558 2218 3776 2285 mihi..-

1077 2323 1303 2386 CAPUT
1338 2330 1505 2385 χχιι,
2252 2317 2368 2353 ram
2393 2300 2704 2371 proteletur.

491 2419 647 2501 Quod
672 2430 855 2501 totum
900 2420 1127 2501 domum
1160 2419 1392 2501 ejusdem
1447 2418 1848 2501 ηᾳτήιίαηιέίίας
1896 2438 1929 2477 α
1963 2423 2080 2501 ἐξα-
2249 2412 2419 2481 Quem
2452 2412 2647 2470 fratres
2676 2416 2857 2472 studio
2885 2424 3151 2471 curarunt
3177 2417 3411 2473 condere
3437 2424 3630 2473 sancto

562 2493 773 2579 rissimu
813 2491 1066 2545 da'mauis
1112 2486 1397 2546 tentatione
1440 2486 1681 2546 liberaret
1723 2491 1913 2564 [Mab.,
1956 2486 2082 2545 libe—
2179 2504 2525 2573 psmmodiis,
2553 2508 2789 2578 hymnis,
2816 2523 3011 2579 magno
3039 2523 3160 2563 cum
3190 2508 3370 2563 lamis
3399 2508 3629 2564 honore_

569 2562 780 2635 rima]-
1374 2669 1377 2670 ν
1728 2562 1743 2564 ⁷
2092 2636 2095 2637 γ
2182 2562 2829 2667 Sarcophagumdbrevius
2856 2562 3034 2654 fuerat
3178 2562 3413 2670 corpore
3426 2562 3630 2662 Patris.

564 2677 728 2732 Τθθῑθ
758 2676 950 2730 domus
980 2673 1152 2746 Ρθιτίε
1187 2669 1469 2743 cuiu-illam
1499 2683 1740 2744 tempore
1771 2673 1942 2729 ῐι³ι¹¹ίο
2180 2684 2236 2738 In
2267 2700 2374 2754 quo
2403 2693 2529 2740 tunc
2555 2685 2755 2742 fratres
2782 2688 3070 2743 voluerunt
3094 2669 3327 2745 condere
3351 2704 3573 2760 corpus.

496 2768 705 2839 Saepius
739 2766 956 2821 incursu
993 2773 1259 2820 vexantur
1286 2760 1546 2849 daemonis
1572 2764 1699 2829 atri.
2180 2774 2373 2831 Etlecti
2400 2776 2627 2831 nimium
2658 2779 2864 2845 tristes,
2889 2779 3140 2836 mirabile
3162 2781 3345 2836 dictu!

494 2860 733 2931 Spiritus
758 2867 814 2914 et
848 2858 1014 2912 variis
1043 2857 1191 2912 dirus
1219 2856 1517 2911 terroribus
1548 2851 1694 2910 illam
2180 2865 2322 2921 Ecce
2344 2876 2567 2936 repente
2587 2864 2724 2938 lapis
2752 2885 2812 2926 se
2840 2872 3110 2940 ριιοιριπθ
3140 2872 3315 2928 locem

489 2951 822 3045 Tofquebali
854 2964 994 3045 νεηξο
1019 2965 1118 3005 nec
1139 2947 1253 3045 lani
1266 2950 1662 3045 Phifmaslllfile
1694 2954 1937 3045 lanium;
2182 2956 2379 3029 Cmpit,
2403 2969 2459 3015 et
2487 2960 2553 3015 ad
2584 2960 2815 3016 formam
2839 2978 2898 3017 se
2927 2965 3133 3045 aptavit
3155 2965 3402 3036 corporis
3420 2964 3569 3019 almi.

629 3039 815 3134 nocuit
851 3038 1080 3134 multum
1107 3035 1416 3092 manifestis
1447 3038 1668 3134 publice
1685 3038 1872 3106 gestis,
2109 3066 2158 3129 ο
2751 3035 2979 3134 CAN”?
3023 3079 3188 3134 XXVI

491 3132 763 3187 Multoties
788 3130 1035 3186 manibus
1063 3139 1245 3201 raptas
1270 3137 1579 3200 vestesque,
1604 3131 1864 3199 cibosque

491 3220 749 3290 lnjiciens
772 3218 1035 3284 flammis;
1068 3219 1331 3274 infantem
1362 3229 1518 3273 nocte
1539 3219 1812 3288 iacentem

491 3312 790 3383 Amplexus
819 3312 965 3368 inter
992 3312 1186 3368 tulerat
1211 3310 1293 3367 vis
1317 3311 1432 3365 dira
1459 3318 1770 3381 parentum,

497 3406 660 3461 Visus
693 3405 749 3460 in
779 3405 1062 3460 ardentem
1085 3403 1388 3475 plorantem
1417 3403 1634 3457 mittere
1667 3416 1882 3472 pyram,

2183 3176 2253 3232 Et
2276 3176 2413 3248 quod
2438 3177 2559 3231 miri
2588 3177 2765 3232 odoris
2795 3178 3089 3261 fragrantia
3118 3188 3280 3234 totam
3307 3180 3586 3261 asperserit
3619 3179 3783 3233 resle-

2892 3267 3049 3304 διαηι.

2253 3361 2398 3417 Inter
2434 3370 2488 3417 et
2514 3363 2800 3433 exsequias
2828 3364 2952 3420 miri
2983 3364 3282 3433 fragrantia
3308 3365 3496 3421 odoris

2184 3451 2471 3509 Ambrosio
2498 3452 2784 3508 ecclesiam
2813 3454 3087 3523 perfundit
3114 3463 3332 3511 nectare
3362 3464 3556 3519 totam,

2184 3542 2476 3613 Perspicue
2499 3542 2798 3611 angelicam
2820 3552 3128 3600 monstrans
3157 3545 3372 3600 venisse
3392 3552 3676 3600 catervam

2183 3636 2266 3691 Ad
2296 3635 2475 3691 Patris
2493 3634 2726 3692 cilicium
2751 3635 2887 3690 laztis
2916 3636 3268 3691 concentibus
3296 3635 3443 3691 almi.

496 3494 607 3551 Sed
630 3495 721 3550 vix
747 3502 965 3565 ereptus
991 3492 1239 3547 manibus
1266 3493 1332 3547 de
1356 3499 1530 3547 morte
1556 3506 1798 3547 suorum.

495 3587 649 3645 Hanc
678 3594 884 3658 pestem
911 3585 1090 3641 nullus
1115 3584 1289 3656 potuit
1315 3599 1513 3641 sanare
1540 3584 1816 3649 sacerdos,

494 3681 679 3736 Donec
707 3679 823 3749 ipse
857 3678 954 3735 Dei
980 3676 1212 3733 famulus
1242 3693 1271 3732 a
1301 3685 1457 3750 patre
1484 3684 1706 3750 rogatus

494 3771 647 3827 Hanc
676 3747 931 3842 precibus
957 3779 1167 3841 pestem
1190 3747 1395 3827 sanctis
1422 3747 1691 3844 purgavit,
1719 3783 1774 3828 et
1800 3769 1875 3828 illi
2734 3747 2963 3805 CAPUT
3007 3748 3217 3803 XXV“-

495 3862 725 3920 Nomine
755 3864 855 3918 sub
878 3861 1079 3918 Christi
1112 3861 1451 3918 benedictam
1482 3864 1707 3919 miserat
1737 3863 1955 3918 undam.
2189 3858 2343 3927 Quod
2377 3860 2482 3916 Deo
2512 3871 2754 3945 operante
2792 3863 2939 3944 signa
2981 3862 3480 3945 hucusquqsoleaut
3514 3862 3657 3931 ﬁeri,
3698 3863 3786 3916 ubi

496 3955 766 4013 Pmscius
796 3963 851 4011 et
876 3971 1059 4011 rerum
1085 3954 1280 4025 praesul
1308 3954 1634 4025 praedixerat
1659 3954 1759 4018 illi,
2539 3943 2704 3986 εαηειι

2539 3943 2751 3987 sanctus
2782 3943 2858 3988 ινιτ
2886 3949 3099 4005 corpore
3130 3943 3417 4005 requiescit.

493 4046 648 4116 Quod
678 4048 871 4103 domus
900 4046 991 4102 illa
1020 4056 1175 4102 vetus
1196 4045 1427 4101 flammis
1454 4047 1523 4100 ab
1549 4047 1705 4103 hoste
1735 4046 1929 4103 fuisset
2256 4045 2363 4101 Iste
2398 4042 2561 4101 Pater
2600 4054 2845 4111 sanctus,
2880 4056 3092 4116 pastor,
3116 4044 3454 4115 patriarcha,
3499 4044 3786 4106 sacerdos,

494 4140 876 4195 Consumenda
898 4139 1051 4210 prius
1084 4158 1096 4192 :
1126 4154 1196 4193 ne
1227 4147 1302 4203 te,
1330 4153 1479 4209 rogo,
1512 4146 1716 4193 terreat
1742 4139 1904 4209 ignis,
2186 4137 2244 4193 In
2272 4137 2486 4208 propria
2516 4146 2710 4208 pausat
2732 4136 2860 4191 felix
2888 4136 3190 4193 Asternaco
3217 4135 3380 4201 cella,

495 4230 781 4285 Construis
808 4238 1005 4300 optata
1031 4229 1223 4284 melius
1253 4229 1349 4283 tibi
1377 4238 1515 4285 tecta
1544 4229 1757 4296 salutis,
2187 4230 2245 4285 In
2274 4230 2488 4285 laudem
2518 4230 2764 4295 Domini,
2795 4246 2955 4305 quam
2982 4228 3097 4299 jam
3126 4236 3511 4284 construxerat
3535 4229 3656 4297 ipse

495 4321 627 4387 Quae
657 4310 871 4376 munire
892 4321 1005 4376 cito
1026 4320 1315 4376 benedicto
1344 4320 1493 4376 fonte
1519 4329 1811 4377 memento.
2190 4321 2247 4379 In
2276 4338 2380 4395 qua
2411 4322 2565 4394 signa
2587 4322 2729 4377 Deus
2757 4321 2920 4377 faciet
2950 4336 3092 4377 nunc
3120 4335 3297 4391 usque
3320 4317 3533 4374 salutis.

492 4409 624 4464 Post
646 4409 881 4483 donante
904 4409 1021 4464 Deo
1050 4411 1320 4479 serpentis
1348 4420 1502 4480 peste
1527 4412 1767 4477 carebis,
2119 4422 2168 4482 ι)
2195 4412 2272 4468 Ex
2300 4414 2405 4468 olei
2428 4421 2569 4469 tactu
2595 4412 2747 4466 multi
2776 4421 3042 4467 sanantur
3062 4410 3276 4483 aegroti,

492 4506 564 4560 Et
592 4511 683 4556 tua
710 4508 822 4555 tota
847 4499 1040 4554 domus
1071 4506 1246 4553 tecum
1280 4502 1537 4572 gaudebit
1560 4511 1758 4557 amata.
2192 4503 2344 4575 Quod
2376 4503 2513 4560 solet
2540 4502 2607 4561 ad
2632 4519 2829 4576 corpus
2855 4504 3038 4575 magni
3066 4503 3245 4558 lucere
3273 4500 3508 4572 patroni.

494 4592 689 4652 Omnia
716 4606 842 4647 mox
869 4588 1041 4660 patris
1068 4590 1408 4660 complentur
1434 4593 1488 4649 in
1508 4594 1695 4649 ordine
1722 4595 1893 4662 dicta,
2195 4597 2420 4653 Vincula
2450 4606 2770 4666 rumpuntur
2798 4613 2891 4666 per
2924 4613 2982 4653 se
3010 4596 3426 4670 properantibus
3456 4593 3607 4656 illuc,

494 4688 577 4743 Ex
598 4688 724 4742 hinc
750 4688 895 4742 nulla
924 4688 1140 4743 domum
1167 4688 1343 4760 tetigit
1370 4690 1600 4744 tentatio
1624 4690 1766 4755 talis,
2194 4688 2295 4758 Qui
2326 4704 2422 4743 sua
2448 4703 2570 4745 cum
2597 4686 2849 4758 lacrymis
2879 4690 3103 4745 veniunt
3132 4687 3273 4742 mala
3303 4688 3533 4741 crimina
3561 4684 3693 4738 flere

496 4776 605 4836 Sed
632 4779 771 4834 bene
801 4793 1028 4835 securus
1056 4780 1258 4835 mansit
1285 4781 1558 4836 habitator
1583 4781 1639 4836 in
1670 4780 1780 4837 illa.
2196 4781 2263 4836 Et
2287 4780 2391 4834 laeti
2423 4777 2667 4845 redeunt,
2695 4780 2909 4837 Christo
2938 4781 3194 4836 donante.
3225 4778 3406 4833 soluti.

1071 4895 1298 4955 CAPUT
1334 4895 1520 4953 XXIII.
2729 4893 2956 4951 CAPUT
2995 4892 3225 4950 XXVIII.

497 5011 653 5078 Quod
682 5010 759 5083 vir
790 5010 884 5067 Dei
912 5009 1090 5083 Ceroti
1130 5010 1281 5083 ducis
1318 5008 1649 5083 Francorum
1691 5010 1862 5080 [ilium
1908 5012 2088 5083 Pippi-
2194 5009 2347 5077 Quod
2373 5007 2549 5064 lumen
2569 5008 2962 5083 scrpe_cern_i_tur
2987 5024 3165 5083 supra
3184 5004 3431 5083 lectulum
3457 5002 3546 5057 ubi
3572 5012 3794 5058 sanctus

569 5097 693 5135 num
720 5080 1016 5150 baptizavit,
1043 5090 1089 5134 et
1114 5080 1351 5150 futurum
1375 5083 1421 5134 ei
1438 5076 1753 5152 prwdixerat
1780 5076 2018 5154 regnum:
2642 5076 2651 5081 ’
2706 5076 3079 5132 ῑνὶιιὶὺτοτάιίδ
3116 5078 3259 5131 obiit.

566 5191 676 5247 Istc
704 5192 799 5247 Dei
825 5204 1046 5250 sanctus
1071 5191 1397 5263 prmdixerat
1428 5203 1549 5248 ante
1579 5193 1778 5259 futura,
2262 5194 2427 5265 Inque
2456 5191 2575 5246 loco
2600 5191 2795 5256 sancti,
2831 5206 2939 5262 quo
2968 5199 3115 5247 stant
3147 5205 3299 5246 sacra
3330 5186 3549 5252 lectule,
3585 5185 3794 5248 Patris,

499 5285 631 5351 Quae
651 5293 774 5354 post
801 5292 1029 5341 eventus
1055 5299 1234 5340 rerum
1265 5284 1425 5339 modo
1453 5299 1577 5339 vera
1608 5286 1889 5354 probabat.
2196 5284 2402 5354 Smpius
2426 5283 2710 5339 aetherium
2736 5284 2914 5339 Iumcn
2942 5285 3156 5339 venisse
3184 5283 3422 5345 videtur,

500 5373 746 5445 Namque
773 5374 927 5430 ducis
960 5373 1136 5429 Caroli
1163 5374 1450 5445 Pippinum
1481 5377 1695 5431 nomine
1726 5385 1910 5433 natum
2197 5375 2294 5430 Hic
2314 5375 2439 5444 quia
2464 5374 2735 5445 pontificis
2764 5376 3013 5446 linquens
3039 5375 3307 5447 ergastula
3340 5380 3521 5435 carnis

502 5468 573 5523 Ut
600 5468 760 5523 Pater
787 5468 996 5537 optavit
1028 5482 1183 5523 sacro
1215 5468 1537 5539 baptismate
1562 5468 1742 5535 tinxit,
2196 5470 2429 5541 Spiritus
2460 5478 2604 5523 astra
2629 5470 2762 5540 petit
2783 5469 2993 5524 meritis
3024 5470 3299 5526 vivacibus
3322 5471 3455 5538 alta,

500 5558 579 5612 De
608 5550 1024 5630 quo'discipulis
1051 5560 1304 5630 praedixit
1336 5560 1462 5616 talia
1501 5568 1653 5615 vates
1684 5578 1697 5614 :
2194 5561 2329 5616 Cum
2358 5559 2574 5617 Christo
2604 5569 2658 5617 et
2687 5562 2891 5618 sanctis
2921 5560 3183 5615 fruiturus
3210 5560 3327 5616 luce
3356 5563 3605 5633 perenni,

506 5642 770 5705 Omnibus
798 5650 902 5709 iste
930 5651 1053 5707 aliis
1075 5648 1235 5709 fuerit
1265 5648 1546 5706 sublimior
1576 5649 1752 5707 infans
2196 5650 2348 5720 Quod
2385 5650 2477 5707 lux
2507 5650 2867 5719 demonstrat,
2896 5652 3089 5708 crebro
3120 5667 3334 5723 quoque
3363 5653 3606 5709 cernitur
3643 5651 3807 5711 istic.
