4044 6340
335 328 431 387 ’121
997 296 1570 383 melocaarmcs.
1610 351 1680 362 —
1718 319 1877 376 vm

2018 317 2494 377 WlLLlBRORDl.
2538 348 2604 357 —-
2639 317 2765 373 LIB.
2806 316 2870 371 II.
3481 308 3590 363 “72‘!

891 458 1119 517 CAPUT
1158 459 1347 515 XXIX.

2016 452 2019 457 ’
2548 446 2773 505 CAPUT
2814 443 3026 502 XXXII.

334 579 485 645 Quod
510 577 581 632 ibi
612 591 814 653 quoque
842 574 966 629 miri
996 573 1171 680 odoris
1196 571 1489 643 fragrantia
1514 585 1607 640 per
1629 570 1759 623 vices
1785 581 1887 620 scn-

2005 540 2084 597 De
2110 540 2336 612 quodam
2375 540 2620 604 diacono,
2651 539 2739 609 qui
2767 539 2957 597 misera
2998 543 3161 589 morte
3187 533 3588 616 periitpropter

2213 609 2411 679 furtum
2438 610 2576 680 quod
2604 609 2793 677 fecerat
2817 608 2871 662 in
2900 604 3116 662 ecclesia
3144 606 3243 660 viri
3274 603 3391 660 Des.
3518 670 3521 673 γ

1072 652 1082 656 -
2213 652 2411 679 ,.........
2439 652 2575 680 τη-..
2604 652 2793 677 ,._--...-
2900 652 3115 662 πη---
3274 652 3292 658 -

1041 652 1190 788 mf".
1262 781 1274 788 _
1417 772 1433 788 .
1473 770 1488 788 .
2072 719 2272 775 Altaris
2290 718 2506 788 juvenis
2531 727 2784 788 corrupta
2809 727 2993 774 mente
3022 717 3292 782 minister,

2003 808 2153 865 Clam
2185 809 2362 878 rapuit
2384 808 2628 877 quaedam
2650 809 2825 864 sancti
2853 808 3077 864 dOnaria
3104 807 3310 878 templi.

2003 898 2232 955 Tollitur
2255 916 2317 955 ac
2341 915 2491 961 saevo~
2508 901 2755 970 quaedam
2785 917 2919 956 crux
2947 916 3111 956 aurea
3135 900 3299 965 furto,

2004 993 2175 1061 Quam
2202 994 2401 1050 Christi
2429 994 2659 1049 famulus
2695 1010 2875 1049 secum
2904 1003 3123 1065 portare
3144 995 3374 1059 solebat,

2001 1086 2137 1142 Dum
2166 1087 2287 1157 pius
2313 1088 2426 1158 egit
2452 1088 2573 1152 iter,
2606 1087 2823 1142 Christo
2851 1088 3166 1152 comitante,
3196 1087 3393 1152 viator,

2004 1178 2278 1248 Peliqnias
2306 1187 2524 1249 propter
2550 1179 2747 1234 multas
2772 1195 2908 1249 quas
2932 1179 3119 1233 condit
3140 1179 3193 1232 in
3225 1178 3333 1234 illa.

2001 1267 2121 1323 Mox
2151 1278 2416 1324 tormenta
2442 1270 2540 1325 luit
2567 1270 2787 1325 sceleris
2814 1278 3177 1339 praesumptor
3205 1269 3423 1339 iniquus
3454 1287 3470 1325 :

2002 1357 2145 1413 Ultio
2168 1360 2517 1427 consequitur
2544 1367 2825 1429 peccatum
2848 1357 2993 1427 justa
3022 1356 3337 1421 nefandum,

2000 1444 2067 1501 Et
2089 1449 2229 1517 perit
2254 1447 2439 1505 infelix
2466 1450 2666 1505 crudeli
2691 1458 2843 1520 peste
2870 1458 3207 1519 peremptus.

2001 1534 2186 1593 Mortis
2218 1539 2276 1611 in
2302 1540 2531 1595 articulo
2553 1541 2740 1611 pandit
2766 1549 2947 1596 tamen
2977 1540 3140 1611 impia
3163 1539 3329 1603 furta.

326 1592 444 1666 Quo
470 1592 632 1653 Pater
658 1592 907 1670 egregius
927 1598 1141 1647 sacram
1165 1602 1391 1658 corpore
1410 1593 1621 1656 musa"
1999 1623 2069 1679 Et
2086 1641 2214 1695 quo,
2234 1610 2355 1697 quae
2377 1592 2593 1694 tulerat,
2620 1629 2903 1685 latuissent
2927 1592 3109 1686 omnia
3129 1639 3416 1686 monstrat.

898 1724 1127 1782 CAPUT
1162 1722 1329 1778 XXX.
1928 1779 1976 1793 _
2000 1713 2118 1782 Quo
2141 1727 2400 1787 pereunte
2428 1727 2631 1774 tremor
2658 1722 2829 1776 crevit
2857 1737 2979 1776 cum
3015 1722 3263 1778 laudibus
3286 1723 3477 1793 ingens

772 1836 955 1892 mulier
981 1834 1272 1908 paralytica
1304 1833 1373 1889 ad
1398 1833 1565 1888 sancti
1590 1848 1687 1887 rm
1715 1848 1901 1903 corpus
1928 1779 1979 1840 Β
2002 1804 2282 1908 [fratribus
2312 1817 2368 1908 et
2392 1811 2608 1908 populp,
2633 1821 2917 1867 cernentes
2941 1813 3147 1878 omnia,
3172 1813 3414 1908 Christo,

770 1924 927 1962 orans
951 1898 1333 1961 subito'sanata
1360 1915 1457 1959 est.
1805 1898 1814 1903 ’
2002 1898 2238 1971 Quthue
2268 1902 2352 1957 sui
2381 1904 2525 1958 servi
2551 1903 2781 1970 fuerant,
2813 1915 3066 1962 servante
3092 1907 3254 1961 tueri.

2238 2024 2595 2086 EIUSDEM
2629 2024 2950 2088 ALCUINI
2996 2026 3288 2087 ELEGIA
3321 2072 3336 2098 ,

2079 2139 2161 2181 DE
2199 2138 2251 2182 S.
2301 2139 2566 2184 WILGISO
2613 2142 2901 2184 PARENTE
2946 2141 2999 2184 S.
3050 2140 3493 2185 WILLIBRORDI.

2526 2220 2752 2277 CAPUT
2797 2222 3033 2277 XXXIII.
3268 2226 3269 2229 “

1996 2310 2075 2367 De
2094 2312 2315 2385 Wilgiso
2339 2313 2841 2397 patreAWillibrordi
2867 2316 3111 2397 episcppi,
3144 2323 3192 2370 et
3224 2315 3337 2387 ejus
3363 2317 3581 2373 honesta

2437 2386 2540 2440 vita
2569 2386 2623 2439 in
2650 2385 2896 2440 sa’culari
2928 2385 3130 2439 habitu.

1995 2472 2202 2530 Nobilis
2231 2474 2332 2531 iste
2357 2475 2458 2530 fuit
2487 2491 2678 2547 magna
2702 2476 2767 2531 de
2796 2484 2956 2546 gente
2982 2478 3261 2544 sacerdos,

2064 2563 2173 2621 Sed
2203 2566 2413 2637 magnis
2438 2566 2606 2621 multo
2635 2567 2867 2623 nobilior
2886 2569 3119 2624 meritis.

1996 2652 2068 2712 Ut
2096 2655 2293 2711 dudum
2314 2657 2511 2720 cecini.
2540 2656 2767 2714 fecunda
2793 2659 3070 2714 Britannia
3099 2669 3294 2724 mater,

2062 2748 2246 2803 Patria
2272 2748 2604 2817 Scottorum,
2634 2750 2780 2806 clara
2808 2751 3066 2822 magistra
3099 2750 3220 2806 fuit.

1992 2839 2220 2896 Francia
2251 2842 2344 2897 sed
2366 2840 2494 2897 felix
2523 2844 2722 2913 rapuit,
2758 2852 3071 2909 veneratur,
3096 2844 3356 2911 habebat,

316 2931 544 3023 dssibus
566 2931 631 3013 et.
648 2960 829 3015 nervis
861 2931 1031 3015 virtus
1061 2960 1201 3014 redit
1223 2931 1420 3031 inclyta
1455 2931 1683 3013 cunctis.
1993 3021 2039 3031 __
2061 2931 2392 3031 mhi-3f}de
2410 2933 2571 3031 hOdi‘?
2592 2934 2832 3031 memmi“
2856 2936 3062 3031 599"“?
3088 2944 3254 3031 lem?"

315 3050 566 3119 διηνεκῆ
583 3050 775 3105 mulier
806 3058 917 3106 ιοιο
945 3066 1070 3105 mox
1099 3021 1557 3121 corpore'sospes’
1992 3021 2147 3121 "tl—DC
2172 3024 2382 3097 Wilgils
2411 3026 2597 3121 genuit
2617 3027 3015 3121 propriopatcr
3045 3028 3275 3121 inclytus
3296 3043 3410 3085 aevo
3435 3047 3467 3099 ε,

313 3140 493 3211 Atque
522 3115 739 3196 domum
770 3141 1005 3211 propriis
1044 3115 1285 3212 gaudens
1321 3155 1382 3196 se
1422 3115 1641 3196 currere
1671 3136 1887 3208 plantis,

2063 3115 2161 3170 Vir
2185 3123 2422 3183 sanctus,
2452 3116 2687 3186 sapiens,
2718 3132 2782 3172 ac
2808 3117 3014 3186 pietate
3038 3118 3239 3189 probus

310 3204 445 3300 Quae
469 3230 619 3302 prius
638 3204 1157 3303 alterius-languens
1168 3239 1413 3302 portatur
1439 3229 1507 3286 ab
1531 3204 1691 3286 ulnis.
1874 3204 1877 3205 ν
1989 3204 2079 3303 Βε-
2091 3221 2199 3277 Ψ¹⁰
2226 3205 2476 3263 νθτδίθθο
2496 3207 2659 3263 liceat
2684 3223 2771 3263 me
2792 3208 3225 3303 ΨάθΓθ-Νθοξφν

2056 3295 2272 3364 Lector,
2305 3306 2366 3353 ut
2393 3313 2655 3370 agnoscas
2681 3300 2857 3370 qualis
2890 3309 2945 3356 ct
2973 3301 3087 3371 ipse
3114 3300 3243 3367 fuit;

1987 3385 2056 3442 Et
2079 3388 2144 3443 de
2167 3404 2271 3461 qua
2297 3398 2484 3446 sancta
2514 3392 2730 3461 generis
2759 3392 2940 3447 radice
2966 3403 3249 3462 parentum

2056 3478 2162 3535 Iste
2191 3479 2285 3535 Dei
2322 3481 2555 3536 famulus
2582 3482 2897 3553 progenitus
2923 3483 3103 3539 fuerit.

1985 3567 2082 3624 Vir
2109 3568 2210 3624 fuit
2233 3571 2287 3625 in
2315 3572 2511 3641 populo
2533 3572 2727 3643 dignus
2765 3575 3087 3644 cognomine
3114 3575 3325 3649 Wilgils

2054 3660 2111 3719 In
2138 3660 2624 3717 trans—Humbrana
2655 3663 2834 3717 nobile
2862 3673 3021 3732 gente
3046 3665 3248 3737 degens
3275 3679 3299 3707 ι

1986 3748 2224 3805 Moribus
2253 3751 2482 3821 egregiis
2506 3751 2699 3821 populo
2726 3752 3076 3822 peramabilis
3101 3756 3269 3820 onmi,

2056 3837 2175 3894 Vita
2200 3839 2299 3894 fuit
2326 3841 2411 3894 cui
2442 3856 2566 3895 cum
2596 3840 2821 3913 conjuge
2849 3852 2999 3898 casta
3022 3844 3183 3908 satis;

1982 3929 2113 3997 Quae
2130 3928 2244 3997 jam
2268 3939 2450 3986 mente
2479 3932 2565 4003 pia
2592 3931 2768 3987 fuerat
2792 3930 3032 4000 subjecta
3063 3936 3280 4003 marito,

2055 4019 2124 4076 Ut
2157 4021 2426 4090 quondam
2453 4022 2673 4093 proprio
2703 4022 2836 4078 Sara
2863 4023 2977 4079 viro
3013 4021 3205 4080 fuerat.

2511 4133 2741 4191 CAPUT
2777 4136 3016 4195 XXXIV.

1980 4221 2049 4275 Et
2076 4224 2333 4305 quomodo
2355 4228 2628 4305 ἔτην-θὴς
2656 4229 2869 4305 somnia
2892 4231 3122 4305 uidisset,
3152 4242 3201 4305 et
3226 4232 3454 4305 qualiter
3473 4234 3564 4291 ille

2048 4292 2297 4369 sarculum
2334 4292 2629 4369 dimisisset,
2662 4308 2712 4352 ct
2731 4300 2869 4369 quod
2900 4302 2955 4355 in
2982 4292 3221 4357 solitaria
3238 4292 3352 4358 'vita
3382 4322 3562 4361 sanun

2050 4364 2265 4429 nuisset,
2290 4374 2336 4419 et
2366 4365 2453 4418 ubi
2480 4383 2696 4437 corpore
2725 4364 3031 4441 requiescat.

1899 4474 1955 4535 D
1982 4451 2129 4517 Hzec,
2160 4454 2435 4511 revelante
2464 4456 2491 4495 δ
2520 4456 2652 4522 Deo,
2679 4459 2934 4515 cernebat
2960 4470 3142 4518 mente
3170 4462 3349 4520 futura

2048 4544 2105 4598 ln
2135 4545 2320 4601 stratis
2351 4547 2616 4603 recubans
2635 4590 2649 4612 ,
2675 4552 2885 4606 somnia
2909 4567 3038 4607 vera
3060 4553 3269 4609 videns.

1979 4632 2221 4705 Namque
2245 4651 2437 4690 novam
2466 4652 2586 4693 sese
2613 4639 2793 4695 lunam
2817 4642 3016 4698 vidisse
3042 4644 3288 4713 putabat,

398 780 458 833 In
489 794 595 850 quo
622 775 895 833 multoties
923 774 1128 831 caelesti
1157 781 1374 830 nectare
1402 770 1571 828 dulcis

329 870 559 937 Fragrat
585 870 739 934 odor,
762 885 889 933 vere
910 869 1182 937 pigmento
1209 865 1417 920 dulcior
1435 861 1603 918 omni.

333 958 580 1015 Testibus
599 975 631 1013 a
659 959 841 1013 multis
868 958 982 1013 ﬁeri
1004 973 1123 1027 quae
1146 972 1273 1011 vera
1297 955 1613 1025 probantur,

328 1049 568 1115 Quorum
598 1049 704 1102 vita
735 1047 891 1101 ﬁdem
925 1046 1164 1101 certabat
1187 1053 1335 1100 casta
1361 1043 1552 1097 relatu.

328 1141 503 1208 Quam
526 1139 763 1210 requiem
790 1154 975 1207 speras
998 1137 1236 1192 animam
1262 1133 1513 1190 habuisse
1540 1131 1780 1195 beatam,

328 1230 482 1284 Talia
507 1232 632 1286 dum
660 1229 818 1284 terris
837 1244 933 1298 per
953 1236 1170 1281 sanctas
1199 1227 1349 1295 signa
1377 1229 1638 1295 geruntur

330 1320 625 1390 Reliqtﬂas,
650 1318 784 1381 tanti
812 1316 1019 1373 meritis
1043 1317 1356 1391 dignissima
1379 1313 1586 1385 patris?

328 1408 430 1476 Qui
458 1409 657 1472 nostris
684 1408 883 1479 poterit
909 1407 1159 1478 precibus
1189 1403 1431 1459 relevare
1458 1401 1690 1465 dolores,

328 1498 386 1553 Si
404 1498 519 1567 jam
546 1500 708 1555 corde
731 1501 821 1575 pio
844 1498 1110 1569 lacrymas
1136 1494 1459 1552 effundimus
1478 1493 1612 1558 illic,

323 1839 479 1905 Quod
505 1838 743 1909 quazdam

387 2045 607 2100 Interea
634 2044 830 2099 mulier
863 2045 991 2099 totis
1017 2042 1312 2113 paralytica
1339 2039 1619 2106 membris,

319 2133 604 2190 Continuis
629 2150 845 2205 semper
872 2134 1108 2203 septenis
1132 2132 1340 2202 languit
1360 2131 1535 2193 annis,

320 2225 475 2279 Talia
505 2239 607 2280 nec
634 2224 802 2278 valuit
829 2225 1119 2294 quidquam
1145 2222 1248 2277 sibi
1272 2222 1512 2276 membra
1536 2235 1772 2277 movere.

322 2317 519 2374 Ultima
541 2318 627 2371 vix
652 2316 888 2371 moriens
910 2316 1139 2386 suspiria
1164 2314 1323 2369 corde
1346 2310 1619 2379 trahebat,

318 2411 461 2465 Ante
483 2410 580 2465 Dei
602 2409 777 2472 sancti
804 2423 999 2479 corpus
1022 2414 1233 2479 portata
1254 2402 1496 2474 jacebat,

318 2500 612 2558 Effundens
635 2500 900 2571 lacrymas
933 2500 1075 2555 fessa
1100 2514 1221 2553 cum
1249 2512 1382 2553 voce
1412 2503 1676 2567 tepentes.

317 2590 447 2647 Sola
476 2591 609 2647 ﬁdes
634 2592 827 2663 viguit,
855 2607 1014 2661 posse
1038 2605 1260 2659 sperare
1283 2588 1509 2645 salutem
1724 2646 1731 2652 ,

318 2682 425 2741 Per
452 2682 707 2747 famulum
735 2683 934 2739 Christi
969 2703 981 2738 :
1006 2699 1107 2739 nec
1129 2699 1188 2740 se
1216 2697 1342 2760 spes
1368 2681 1484 2751 ipsa
1508 2679 1717 2736 fefellit.

316 2773 460 2837 Ecce
497 2785 717 2844 repente
741 2775 887 2830 salus
912 2775 1104 2830 leviter
1131 2790 1228 2853 per
1255 2774 1501 2835 metabra
1528 2773 1787 2840 cucurrit,

316 2866 512 2938 lgneus
541 2878 702 2939 atque
731 2869 878 2929 color
909 2885 1072 2933 venas
1096 2868 1299 2927 alllavit
1324 2875 1560 2937 apertas,

864 3388 1093 3447 CAPUT
1130 3389 1321 3446 XXXI.

309 3501 467 3568 Quod
491 3501 702 3575 quidam
730 3502 941 3577 juvenis
980 3521 1023 3577 ag
1045 3505 1266 3575 pessimo
1295 3504 1545 3577 languore
1566 3511 1783 3559 sanatus
1810 3510 1887 3559 est

870 3575 939 3628 ad
975 3574 1089 3645 ejus
1118 3591 1323 3645 corpus.

376 3706 446 3760 Et
473 3706 689 3777 quidam
710 3705 926 3775 juvenis
953 3709 1129 3771 valido
1164 3709 1422 3780 languore
1445 3725 1543 3782 per
1571 3726 1743 3773 annos

306 3796 454 3854 Heu!
485 3798 681 3855 multos
710 3798 880 3855 doluit
910 3819 925 3855 :
956 3802 1108 3860 nervi
1138 3802 1227 3857 vix
1255 3803 1467 3860 ossibus
1488 3805 1715 3870 haerent,

306 3887 640 3945 Intremuere
663 3889 823 3945 simul
848 3893 1035 3955 vexati
1054 3894 1296 3962 corporis
1324 3900 1490 3949 artus.

252 4040 263 4051 ,
307 3978 418 4032 Ceu
442 3987 605 4049 caput
631 3980 874 4036 avulsum
903 3980 1132 4037 vidisses
1162 3983 1363 4039 vertice
1383 4000 1615 4049 summo,

307 4064 400 4125 Sic
427 4068 555 4133 huc,
586 4069 665 4125 sic
689 4070 814 4126 illuc
841 4072 1031 4127 dextra
1060 4072 1298 4143 laevaque
1327 4082 1561 4130 rotatum
1586 4093 1599 4135 ς

308 4158 464 4230 Saepe
493 4161 654 4215 etiam
677 4160 847 4231 jacuit
872 4163 1093 4221 multam
1123 4167 1414 4229 moriturus
1440 4167 1493 4228 in
1514 4167 1721 4225 horam.

304 4247 411 4304 Iste
444 4250 611 4307 miser
633 4252 758 4308 talis
781 4252 906 4309 fidei
929 4270 1051 4311 cum
1079 4265 1298 4331 pectore
1326 4257 1481 4313 ﬁrmo

311 4338 470 4397 Venit
488 4344 543 4397 in
573 4344 876 4413 ecclesiam,
908 4348 1155 4405 manibus
1184 4350 1445 4407 deductus
1474 4352 1685 4418 amicis,

303 4431 363 4487 In
391 4447 499 4503 qua
524 4436 796 4504 pontiﬁcis
823 4440 1003 4510 magni
1024 4441 1111 4511 pia
1141 4443 1377 4498 membra
1409 4444 1715 4515 quiescunt,

302 4524 514 4597 Proque
541 4528 713 4585 salute
735 4544 831 4586 sua
857 4530 1123 4603 lacrymas
1151 4533 1408 4590 fundebat
1433 4551 1664 4591 amaras.

301 4616 474 4686 Quem
503 4634 628 4674 mox
656 4622 859 4676 audivit
885 4623 1191 4680 miserantis
1210 4626 1381 4694 gratia
1409 4626 1629 4691 Christi,

300 4706 369 4763 Et
392 4709 635 4767 rediviva
661 4713 805 4768 salus
832 4729 931 4784 per
956 4718 1196 4773 membra
1225 4720 1456 4774 recurrit
1480 4720 1697 4791 ubique.
2046 4724 2312 4783 Cornibus
2339 4729 2554 4793 erectis,
2581 4739 2640 4783 ut
2667 4730 2803 4785 solet
2826 4746 2948 4787 esse
2976 4706 3135 4788 nova.

299 4799 690 4904 Eofvalpitque
858 4822 1144 4904 nervprum
1175 4808 1368 4867 ﬂexilis
1392 4812 1556 4878 ordo,
1977 4815 2257 4884 Crescere,
2288 4819 2651 4890 paulatimque
2680 4823 2900 4894 implere
2925 4833 2979 4880 et
3005 4841 3206 4884 cornua
3228 4832 3415 4904 etrapit,

296 4890 464 4962 200
502 4890 695 4965 lrrepit
725 4893 857 4966 [Αι.,
903 4897 1061 4971 repit]
1102 4914 1223 4955 ossa
1262 4901 1413 4973 vigor
1442 4902 1569 4958 totis
1598 4903 1875 4975 virtusque
2046 4909 2227 4965 Donec
2251 4911 2302 4966 ei
2328 4911 2487 4982 pleno
2516 4912 2692 4968 lumen
2724 4890 2777 4968 in
2807 4916 2938 4972 orbe
2965 4919 3148 4978 micat.

1509 4993 1800 5067 [medullis.
1972 4996 2117 5054 Illius
2147 5002 2261 5057 haec
2290 5002 2467 5056 subito
2494 5002 2762 5061 sorbentis
2784 5005 2838 5062 in
2860 5021 2956 5066 ore
2984 5010 3196 5079 ruebat,

292 5076 507 5131 Astauti
536 5077 734 5148 populo
759 5080 966 5136 cunctis
991 5083 1337 5139 cernentibus
1357 5084 1447 5141 ille
1473 5095 1559 5141 est
2047 5090 2264 5145 Viscera
2290 5092 2608 5161 perradians
2640 5094 2757 5149 luce
2784 5076 3018 5154 micante
3047 5101 3148 5156 sibi

292 5166 587 5224 Incolumis
615 5170 792 5227 subito
816 5169 1012 5237 factus,
1043 5189 1107 5228 ac
1130 5175 1322 5230 robore
1346 5176 1500 5232 fortis
1973 5179 2246 5250 Evigilans
2267 5196 2456 5237 somno
2486 5183 2679 5239 mulier
2704 5186 2819 5242 hsce
2849 5198 3027 5246 mente
3052 5198 3332 5259 retractat,

293 5258 544 5313 Perrexit
572 5274 756 5323 sanus,
781 5277 889 5332 quo
915 5278 973 5318 se
994 5279 1090 5318 sua
1116 5273 1238 5319 vota
1263 5264 1509 5321 ferebant
1537 5284 1553 5324 :
2042 5270 2181 5337 Quid
2204 5271 2306 5325 sibi
2335 5273 2478 5341 quod
2499 5276 2673 5329 cernit
2704 5276 3010 5348 signiﬁcare
3037 5291 3201 5351 queat
3226 5300 3238 5335 :

290 5349 663 5442 Dmnipotenti
692 5353 802 5408 Deo
828 5364 1005 5425 grates
1033 5356 1103 5411 ob
1130 5357 1267 5411 dona
1296 5357 1482 5413 salutis
1970 5363 2144 5432 Atque
2172 5365 2438 5420 sacerdoti
2467 5366 2677 5431 cuidam
2709 5370 2824 5424 haec
2850 5373 3031 5426 omnia
3055 5349 3265 5442 pandit,

285 5440 524 5513 Semper
550 5459 715 5515 agens
738 5445 983 5513 Christo,
1018 5445 1230 5502 Christo
1256 5449 1394 5515 laus,
1425 5449 1593 5521 gloria
1634 5467 1862 5521 semper.
2039 5452 2201 5523 Cujus
2226 5456 2278 5511 in
2306 5456 2544 5533 Ecclesia
2569 5460 2677 5517 vita
2707 5462 2932 5531 probata
2961 5440 3084 5518 fuit.

360 5610 388 5638 ι
434 5596 773 5682 Siccnrrigi‘t
797 5598 994 5682 Mabill.
1026 5600 1236 5682 pripres
1268 5604 1552 5682 editiones,
1582 5606 1634 5661 iu
1672 5608 1866 5682 quibus
1967 5608 2030 5682 de
2064 5618 2211 5679 gente
2250 5610 2456 5681 degens.
2499 5612 2767 5673 Uticensis
2801 5618 2967 5674 codex
3004 5637 3016 5673 :
3061 5619 3127 5676 In
3170 5621 3543 5682 Trans-llum-

274 5667 717 5737 curruptissime
738 5667 1013 5740 legebatur
1029 5667 1054 5724 ἐ
1098 5670 1311 5728 latrans
1364 5667 1672 5749 [lumbi-ana
1690 5667 1703 5680 ’
1718 5672 1861 5747 nobis

1988 5667 2129 5741 fruita
2152 5694 2298 5748 gente
2315 5667 2728 5754 degenswv‘alida.

2041 5749 2067 5791 δ
2107 5749 2269 5810 Mal)"
2309 5762 2584 5810 rcscrante.

2107 5790 2269 5820 ιιιιιιιι,
2310 5790 2321 5805 Ι
2336 5790 2433 5807 νυνι
2447 5790 2472 5806 η
2483 5790 2584 5810 συιδ
