4044 6340
488 1200 495 1203 .
542 1156 807 1212 Parvulos
832 1173 900 1212 ex
926 1168 1103 1221 utero,
1130 1158 1342 1222 mulier,
1370 1160 1463 1214 tibi
1492 1161 1732 1215 nascitur
1760 1160 1961 1226 infans,

456 1560 469 1573 .
539 1517 609 1571 Et
634 1533 768 1587 quos
801 1534 940 1574 caeca
973 1521 1124 1590 prius
1152 1522 1379 1592 populos
1406 1522 1577 1594 caligo
1606 1524 1847 1589 tenebat,

557 311 662 370 725
1365 319 1424 375 Β.
1466 320 1526 375 F.
1566 321 1792 377 ALBIN]
1828 321 1959 379 SEU
1997 321 2272 379 ALCUlNl
2310 321 2593 380 OPERUM
2628 322 2806 378 PARS
2846 321 2929 377 Vl.
2978 388 2981 391 _
3703 320 3798 376 725

2074 426 2075 429 “
2148 441 2196 497 Δ
2227 435 2335 492 Sed
2363 437 2504 492 Deus
2528 438 2870 506 omnipotens
2894 433 3229 503 sanctosqui
3260 431 3385 500 jure
3412 433 3733 506 triumphat,

2297 527 2543 595 Trophea
2569 526 2837 581 concessit
2862 525 3009 579 clara
3031 538 3130 579 suo
3156 522 3356 579 famulo
3378 537 3425 579 ει.

2225 617 2398 674 Ellicit
2422 626 2477 675 et
2502 618 2742 687 quaedam
2766 616 3076 672 miserantis
3100 615 3272 686 gratia
3300 613 3525 680 Christi,

2292 710 2398 765 Per
2422 710 2678 764 famulum
2712 724 2840 764 vere
2876 709 3029 778 signa
3057 707 3318 776 stupenda
3350 722 3529 763 suum.

2223 799 2333 854 Nec
2361 800 2543 855 decuit
2569 800 2747 855 modio
2773 796 3029 853 abscondi
3059 805 3167 851 tam
3198 797 3341 851 clara
3370 797 3617 863 lucerna,

2293 889 2402 946 Nec
2427 891 2693 945 thalamos
2723 890 2906 945 subter
2930 889 3258 957 subjicienda
3288 888 3405 943 fuit.

2224 979 2329 1036 Sed
2360 981 2605 1051 ponenda
2634 980 2805 1050 magis
2830 995 2991 1049 super
3018 978 3244 1048 vestigia
3270 977 3421 1042 tecti,

2293 1070 2582 1141 Spargeret
2607 1080 2667 1124 ut
2692 1070 2863 1125 lucem
2892 1068 3051 1123 altius
3078 1067 3165 1123 illa
3195 1068 3359 1137 piam.

2220 1161 2350 1228 Qua:
2376 1171 2555 1215 tamen
2584 1160 2727 1215 haud
2755 1160 2909 1213 libuit
2932 1158 3171 1213 currenti
3201 1165 3421 1227 tangere
3444 1155 3675 1227 plectro,

2290 1252 2488 1323 Inclyta
2518 1251 2601 1307 vel
2637 1251 2809 1306 musis
2833 1251 2982 1321 signa
3013 1250 3224 1319 aperire
3253 1249 3407 1305 meis.
3548 1315 3583 1343 .

2222 1338 2428 1396 Sufﬁcit
2455 1341 2663 1409 hocque
2691 1349 2873 1395 tamen
2903 1339 3117 1411 [vitam]
3146 1353 3470 1409 cognoscere
3496 1338 3693 1409 pa'tris,

2291 1430 2441 1498 Quod
2468 1430 2645 1500 placet
2666 1430 2955 1485 altithrono
2987 1446 3203 1499 semper
3228 1429 3428 1499 ubique
3457 1430 3652 1500 magis.

2219 1518 2340 1574 Vita
2368 1519 2463 1574 Dei
2489 1518 2674 1573 famuli
2698 1519 2881 1573 multis
2905 1519 3149 1589 exempla
3174 1519 3369 1574 salutis

2289 1609 2543 1674 Praabuit,
2571 1616 2625 1663 et
2654 1610 2806 1663 testis
2834 1610 3070 1679 pectoris
3094 1611 3268 1666 omnis
3302 1618 3439 1666 erat.

2218 1701 2356 1757 Huic
2381 1699 2580 1756 famulo
2608 1699 2809 1755 Christi
2836 1715 2990 1770 reges
3017 1698 3365 1768 famulantur,
3390 1712 3445 1757 et
3473 1700 3628 1757 illum

2144 1776 2192 1837 Β
2284 1792 2387 1848 Per
2410 1793 2639 1861 patriam
2667 1792 2895 1861 pepulus
2918 1798 3058 1846 totus
3079 1806 3262 1847 amore
3287 1790 3433 1847 colit.

2208 1884 2308 1940 Vir
2338 1882 2437 1937 fuit
2466 1885 2565 1939 iste
2594 1883 2689 1938 Dei
2718 1884 2957 1955 patiens,
2987 1884 3330 1948 moderatus,
3358 1884 3653 1950 honestus,

2283 1977 2519 2032 Moribus
2547 1976 2794 2046 egregius
2810 2015 2837 2041 ,η
2857 1974 3004 2029 mitis
3028 1981 3081 2029 et
3108 1988 3203 2028 ore
3228 1975 3369 2045 pius.

2210 2068 2446 2125 Plurima
2472 2068 2562 2135 qui
2590 2072 2875 2135 postquam
2903 2064 3143 2133 perfecto
3167 2064 3305 2118 dona
3340 2063 3525 2119 labore

2281 2159 2645 2224 Commeruit,
2679 2157 2894 2213 Christo
2919 2156 3232 2227 perﬁciente
3260 2156 3361 2211 sibi
3392 2174 3405 2208 :

2212 2250 2333 2305 Mox
2359 2248 2566 2304 meritis
2586 2289 2600 2313 ,
2629 2248 2783 2303 annis
2800 2288 2815 2313 ,
2848 2255 2956 2301 tota
2981 2255 3033 2301 et
3061 2248 3261 2318 pietate
3290 2247 3561 2317 repletus,

2282 2340 2595 2411 Tranquilla
2624 2340 2835 2395 tandem
2862 2339 2915 2393 in
2946 2354 3079 2409 pace
3104 2340 3310 2409 quievit
3336 2354 3525 2394 ovans.

2212 2433 2449 2505 Spiritus
2472 2431 2749 2487 aetheriam
2778 2430 2931 2485 laetus
2959 2430 3209 2501 migravit
3235 2430 3300 2485 ad
3331 2429 3507 2483 aulam
3524 2470 3540 2495 ,

2280 2522 2487 2579 Gaudia
2515 2537 2637 2577 cum
2664 2521 2867 2575 sanctis
2887 2518 3002 2586 jam
3032 2521 3146 2574 sine
3172 2519 3278 2574 fine
3307 2528 3516 2575 tenens.

2212 2615 2417 2686 Corpus
2443 2615 2498 2669 in
2523 2613 2752 2669 ecclesia
2776 2619 3037 2668 curarunt
3063 2611 3295 2667 condere
3320 2611 3519 2666 fratres
3537 2653 3552 2676 ,

2281 2705 2411 2773 ρυλε
2440 2712 2748 2759 constructa
2775 2702 2941 2757 maris
2970 2709 3075 2757 stat
3100 2716 3268 2771 prope
3293 2700 3601 2763 littoribus;

2210 2795 2385 2865 Atque
2413 2804 2623 2850 sacrata
2653 2794 2748 2849 Dei
2778 2793 3009 2865 genitrix
3040 2792 3339 2847 clarissima
3365 2790 3570 2847 Christi

2280 2886 2504 2941 Nomine
2530 2884 2809 2955 fuigescit,
2839 2881 3002 2953 Virgo
3032 2882 3231 2947 Maria,
3265 2890 3355 2937 tuo
3388 2899 3403 2936 :

2212 2977 2267 3032 ln
2302 2992 2409 3048 quo
2440 2984 2491 3031 te
2521 2975 2721 3031 nostris
2744 2975 2880 3029 bene
2904 2973 3176 3029 credimus
3201 2987 3321 3027 esse
3348 2970 3590 3026 futuram

2280 3067 2495 3122 Auxilio
2524 3066 2773 3137 precibus
2793 3106 2807 3129 ,
2841 3079 3055 3137 semper
3079 3064 3285 3137 honore
3312 3072 3526 3132 potens.

2132 3143 2182 3209 C
2210 3157 2287 3213 Tu
2319 3158 2506 3213 mundi
2530 3158 2694 3214 vitam
2714 3198 2730 3224 ,
2760 3156 2891 3213 totis
2920 3166 2977 3210 tu
3006 3156 3197 3226 gaudia
3228 3156 3421 3219 seclis,

2287 3251 2365 3305 Tu
2395 3266 2577 3321 regem
2612 3249 2732 3307 cmli
2752 3291 2766 3315 ,
2799 3257 2855 3304 tu
2880 3248 3165 3303 Dominum
3192 3256 3353 3316 atque
3382 3247 3551 3301 Deum

2216 3342 2433 3397 Ventris
2461 3342 2515 3396 in
2541 3341 2776 3411 hospitio
2805 3340 3077 3412 genuisti,
3105 3339 3255 3409 virgo
3276 3338 3529 3408 perennis
3560 3355 3576 3391 :

2287 3431 2367 3485 Tu
2393 3431 2549 3487 nobis
2569 3432 2820 3501 precibus
2846 3430 3105 3486 auxiliare
3126 3430 3256 3485 tuis.

2202 3522 2492 3593 .Carmiger
2521 3523 2770 3578 indoctus
2798 3523 2998 3581 cecinit
3022 3522 3122 3577 hos
3147 3520 3372 3576 Alcuine
3401 3534 3627 3584 versus,

2288 3613 2409 3680 Cui,
2440 3628 2601 3685 rogo,
2630 3613 2857 3687 quisque
2886 3613 3032 3683 legas
3052 3653 3068 3678 ,
3102 3612 3210 3678 dic,
3239 3612 3497 3667 miserere
3521 3610 3689 3665 Deus.

554 429 681 485 limo
707 429 796 484 ubi
823 432 1081 501 pensabat
1108 434 1395 503 priedietus
1420 434 1579 490 corde
1608 437 1880 501 sacerdos,

622 518 855 590 Conjicit
877 537 944 576 ex
972 524 1133 579 rebus
1155 526 1271 580 visa
1300 540 1531 596 superna
1562 528 1734 583 novis.

552 602 849 683 Respondit
879 616 1091 669 tandem
1117 617 1326 672 mulieri
1357 619 1483 672 talia
1504 627 1678 683 vates,

622 702 923 772 lnspirante
946 703 1081 769 Deo,
1112 704 1314 761 famine
1335 708 1572 764 veridico
1599 726 1614 762 :

552 791 630 847 Tu
662 793 855 849 mulier
880 794 1062 848 lunam
1086 795 1262 851 vidisti
1290 812 1535 854 crescere
1561 814 1805 869 parvam,

620 884 686 938 Et
707 893 818 939 tota
841 885 1051 953 impleri
1082 900 1282 941 cornua
1308 888 1425 943 luce
1451 876 1609 944 nova.

544 973 639 1029 Illa
668 983 827 1030 nocte
855 975 974 1029 viro
1007 974 1191 1030 forsan
1219 979 1510 1032 commixta
1540 977 1711 1045 fuisti,

616 1065 748 1133 Qua:
776 1082 1004 1136 generas
1034 1076 1149 1123 toto
1174 1068 1351 1123 lumen
1381 1069 1434 1122 in
1462 1070 1594 1124 orbe
1620 1085 1840 1125 novum.

569 1317 573 1320 ξ
614 1245 714 1314 Qui
744 1248 954 1302 meritis
982 1263 1209 1316 magnus
1243 1251 1439 1305 crescit
1468 1250 1801 1307 honorificis.

541 1335 650 1391 Iste
675 1337 778 1391 erit
803 1336 1037 1393 eximius
1060 1338 1270 1403 doctor,
1302 1340 1605 1411 prmsulque
1632 1341 1867 1408 futurus,

614 1427 966 1498 Splendescet
986 1437 1173 1484 nostro
1206 1430 1397 1486 lucifer
1420 1431 1552 1485 orbe
1572 1446 1764 1488 novus.

611 1610 843 1667 Irradiat
870 1615 1064 1668 summi
1093 1616 1209 1670 luce
1236 1616 1344 1684 poli
1370 1631 1584 1687 supera.

539 1698 732 1756 Omnia
756 1704 969 1759 vatidici
999 1706 1335 1775 complentur
1362 1708 1417 1761 in
1448 1708 1639 1763 ordine
1665 1708 1835 1773 dicta,

568 1800 569 1803 ‘
607 1791 677 1845 Et
701 1807 881 1848 rerum
910 1805 1135 1851 eventus
1159 1798 1367 1851 somnia
1397 1813 1523 1852 vera
1554 1799 1763 1868 probat.

535 1878 789 1937 Nascitur
812 1892 972 1953 atque
996 1900 1131 1954 puer
1156 1887 1342 1953 matri,
1372 1895 1427 1942 et
1455 1888 1774 1957 baptismate
1794 1888 1906 1944 loto

604 1974 863 2045 Imposuit
890 1977 1179 2033 Willbrord
1208 1995 1403 2037 nomen
1434 1980 1635 2036 habere
1664 1988 1835 2051 pater.

534 2064 696 2133 Cujus
723 2068 854 2131 vita,
887 2067 1042 2135 fides,
1071 2085 1268 2135 mores,
1299 2070 1563 2136 doctrina,
1589 2070 1862 2126 Camuanis

605 2155 743 2209 Olim
773 2158 968 2226 quippe
992 2157 1092 2212 fuit
1118 2159 1475 2228 pmtitulatus
1503 2160 1626 2220 eis”;

533 2242 653 2299 Mox
679 2254 835 2312 pater
861 2248 1109 2317 egregius
1136 2248 1387 2317 linquens
1412 2250 1553 2304 mala
1579 2250 1773 2319 gaudia
1798 2251 2007 2318 mundi,

602 2334 670 2391 Et
698 2336 903 2391 servire
927 2336 1061 2404 Deo,
1088 2348 1289 2403 mente,
1314 2356 1498 2405 manu,
1528 2341 1752 2410 cupiens
1779 2360 1792 2397 :

533 2420 818 2481 Coelestem
848 2426 1065 2496 rapiens
1094 2436 1206 2484 tota
1228 2428 1510 2487 dulcedine
1537 2430 1726 2498 vitam,

606 2513 672 2575 Et
692 2530 752 2570 se
775 2517 1023 2573 ccenobio
1051 2520 1269 2574 tradidit
1296 2521 1409 2591 ipse
1432 2536 1607 2577 sacro.

529 2602 817 2661 Fratribus
843 2607 1128 2677 adjunctus
1156 2610 1291 2664 vixit
1320 2612 1439 2666 sine
1465 2612 1696 2667 crimine
1720 2610 1913 2680 frater,

599 2692 718 2749 Jam
744 2696 989 2765 patiens,
1020 2697 1269 2765 humilis,
1298 2709 1581 2772 promptus
1608 2704 1662 2757 in
1702 2717 1861 2759 omne
1886 2705 2087 2760 bonum

528 2784 776 2844 Posthiec
804 2798 985 2852 mente
1012 2805 1166 2849 sacer
1193 2790 1424 2847 famulus
1452 2793 1658 2865 majora
1694 2803 1934 2861 secutus,

601 2876 924 2933 Theorieam
954 2881 1177 2949 cupiens
1206 2881 1353 2937 solus
1379 2884 1531 2939 adire
1555 2884 1701 2937 viam

528 2962 748 3034 Incipit,
773 2968 1021 3023 undisoni
1054 2970 1196 3024 inter
1218 2974 1589 3040 promontoria
1616 2964 1788 3044 ponti,

603 3055 716 3121 Qua
742 3056 859 3112 loca
887 3061 1163 3128 reperiens
1190 3077 1426 3133 congrua
1452 3066 1613 3120 corde
1642 3082 1739 3121 suo
1773 3086 1786 3121 :

530 3146 589 3200 1n
619 3147 817 3216 quibus
843 3149 1094 3206 aztherios
1122 3153 1294 3221 possit
1320 3152 1608 3224 decerpere
1639 3155 1797 3212 ﬂores

602 3236 671 3289 Et
697 3239 883 3293 mundi
912 3240 1056 3295 curis
1080 3241 1217 3297 liber
1245 3244 1434 3298 abesse
1463 3246 1615 3301 malis
1648 3266 1661 3300 :

533 3325 720 3387 Totius
748 3328 838 3385 hic
865 3331 1011 3387 solus
1040 3335 1298 3405 transegit
1326 3344 1565 3409 tempora
1593 3339 1737 3407 vitaz,

602 3417 769 3475 Nocte
796 3421 885 3477 die
914 3423 1123 3493 magnis
1144 3426 1437 3493 proﬁciens
1465 3430 1695 3490 meritis.

532 3507 768 3571 Plurima
793 3527 1083 3584 perpessus
1109 3518 1374 3589 serpentis
1401 3518 1541 3574 bella
1571 3520 1812 3589 nefandi,

602 3597 705 3666 Qui
736 3600 873 3657 solet
896 3603 949 3657 in
976 3613 1192 3663 sanctos
1218 3621 1367 3665 amia
1392 3623 1608 3667 movere
1635 3625 1754 3667 sua.

603 3768 629 3801 ι
668 3756 833 3824 Mab.,
862 3759 1123 3821 Concessit
1154 3764 1352 3829 famulo
1378 3766 1523 3821 clara
1555 3770 1787 3837 trophwa
1812 3787 1928 3825 suo.

533 3942 3793 3993 Μ

1138 4130 1708 4306 sunt:
1785 4131 2424 4246 νεώρει
2496 4130 2735 4242 ΔΙ.

1545 4133 1708 4245 I'I
1785 4131 2424 4246 PLAGGI
2496 4130 3142 4245 ALBINI

1711 4335 2629 4652 ALCEIINI

1631 4737 1923 4800 CAROLI
1986 4740 2245 4801 MAGNI
2299 4740 2684 4804 MAGISTRI

959 4908 1420 5065 0PElllllll
1522 4906 1820 5063 PARS
2442 4973 2679 5001 ---
2784 4907 3354 5065 GARMINA.

1514 5245 1669 5319 201
1723 5255 2216 5337 MONITUM
2280 5258 2799 5337 PBIEVIUM.

1981 5398 2373 5411 —

608 5476 736 5547 Qtue
773 5476 860 5531 hic
902 5478 1216 5535 exhibemus
1257 5479 1399 5536 beati
1429 5480 1637 5533 Aleuini
1664 5479 1939 5542 Carmina,
1976 5480 2110 5534 varii
2138 5486 2187 5545 D
2219 5478 2334 5533 loco
2361 5472 2510 5532 clmus
2540 5477 2601 5530 D.
2628 5476 2893 5532 Catelinot
2918 5476 2969 5531 in
3006 5494 3105 5533 suo
3131 5478 3258 5547 ms.)
3295 5476 3471 5544 Troja:
3504 5478 3774 5531 mcendia

536 5546 748 5629 generis
775 5557 899 5628 sunt
918 5550 1217 5629 ,ﬂnimirum
1248 5551 1655 5629 lnscriptipnes,
1690 5551 2108 5629 Epigrammata,
2215 5564 2321 5629 non
2352 5547 2711 5629 Argonautas,
2742 5564 2847 5601 non
2874 5563 3121 5629 aprinum
3149 5546 3311 5618 caput
3341 5567 3353 5599 :
3387 5565 3494 5603 non
3525 5547 3816 5629 celebrem

540 5612 857 5690 Epitaphia,
902 5618 1207 5690 Ainigmata
1228 5663 1241 5685 ,
1284 5612 1649 5676 Salutationes
1681 5612 1851 5690 et'lfis
1893 5619 2106 5671 similia.
2216 5612 2502 5690 Herculem
2528 5625 2619 5671 aut
2650 5612 2921 5690 Ulyssem;
2950 5620 3024 5671 uti
3060 5612 3363 5690 Homerus;
3386 5634 3494 5672 non
3521 5616 3777 5690 .{Eneatn
3801 5658 3817 5681 ,

549 5702 564 5735 ι
596 5683 712 5740 Non
738 5689 879 5742 canit
906 5683 1117 5751 quidEm
1146 5683 1302 5751 necta
1334 5700 1514 5746 noster
1544 5690 1637 5755 (ita
1663 5688 1985 5758 praefabatur
2011 5690 2109 5743 hoc
2216 5689 2290 5742 uti
2322 5686 2606 5756 Virgilius;
2655 5683 2758 5741 non
2788 5687 2924 5741 bella
2953 5696 3210 5759 gestaque
3245 5688 3403 5743 fortia
3438 5689 3819 5756 antiquorum
