4044 6340
543 341 648 397 ῚΞἹ

754 458 891 514 Ecce
921 466 1225 514 transactus
1256 459 1406 513 labor
1433 468 1515 516 est
1542 459 1667 524 diei,

754 547 968 619 Nosque
997 557 1050 604 te
1076 549 1176 603 tuti
1205 565 1391 605 sumus
1418 559 1719 616 annuente;

754 642 833 701 En
866 643 961 698 tibi
990 650 1172 715 grates
1199 643 1411 714 agimus
1434 658 1700 713 perennes

1037 732 1272 807 Tempus
1299 734 1352 787 in
1381 750 1559 797 omne.

755 820 894 879 Solis
922 824 1206 884 abscessus
1235 826 1486 881 tenebras
1514 825 1747 891 reduxit,

753 912 847 967 Ille
862 912 941 969 sol
952 929 1052 968 nos
1063 914 1294 969 inradiat
1306 912 1398 986 [F.
1408 954 1423 979 ,
1438 914 1688 986 inradiet]
1702 930 1978 979 coruscus,

752 1002 897 1059 Luce
923 1004 1015 1074 qui
1043 1004 1185 1059 fulva
1214 1003 1360 1060 fovet
1385 1004 1699 1075 angelorum

1031 1094 1262 1166 Agmina
1290 1103 1495 1152 sancta.

750 1186 973 1244 Cwlitus
999 1187 1182 1244 lumen
1214 1188 1431 1244 rutilum
1460 1187 1702 1253 refunde,

748 1278 817 1334 Et
843 1277 963 1348 fuga
995 1279 1189 1334 mentis
1220 1279 1407 1350 tepidae
1433 1280 1682 1334 tenebras
1709 1297 1722 1334 :

748 1369 930 1426 Simus
958 1372 1192 1439 accensi,
1222 1381 1283 1427 ut
1307 1372 1423 1428 face
1450 1370 1711 1442 spiritalis

1031 1464 1258 1519 Vaseula
1287 1463 1441 1519 lucis.

747 1550 893 1618 Quas
921 1552 1037 1607 dies
1059 1552 1245 1622 culpas
1269 1552 1527 1609 hodierna
1557 1550 1713 1616 texit,

745 1642 964 1699 Christe
990 1644 1166 1700 deleto
1193 1645 1317 1715 pius
1342 1652 1505 1715 atque
1534 1643 1681 1699 mitis
1710 1661 1725 1697 :

746 1734 941 1790 Pectus
966 1744 1020 1790 ct
1044 1751 1179 1805 puro
1206 1735 1390 1791 rutilet
1413 1735 1591 1791 nitore

1030 1826 1293 1898 Tempore
1320 1826 1517 1882 noctis.

744 1918 827 1977 Sit
850 1918 1035 1989 procul
1066 1919 1237 1984 luxus,
1265 1919 1453 1990 procul
1475 1917 1653 1974 omnis
1679 1917 1871 1982 honor,

740 2009 913 2079 Atque
942 2009 1258 2079 phantasma
1290 2008 1602 2078 speciesque
1626 2006 1873 2078 pulchra,

743 2102 891 2164 Mens
917 2104 1008 2157 sed
1036 2102 1258 2158 inermis
1282 2100 1457 2156 valeat
1483 2114 1747 2171 supernos

1024 2193 1255 2249 Cernere
1283 2194 1448 2248 cives.

745 2282 820 2339 Te
848 2284 1015 2338 Deum
1047 2298 1261 2352 semper
1286 2283 1512 2353 vigilans
1542 2281 1785 2352 requirat

742 2372 953 2441 Cogitet
980 2373 1190 2428 cunctis
1222 2372 1455 2427 resoluta
1484 2372 1651 2447 curis,

742 2463 967 2519 Actibus
996 2464 1204 2523 cunctis
1233 2473 1395 2534 queat
1423 2472 1481 2523 ut
1508 2463 1725 2537 placere

1024 2559 1141 2614 Rex
1171 2559 1267 2615 tibi
1298 2573 1528 2615 summe.

743 2649 1208 2713 Muniatfrontem,
1229 2649 1364 2716 loca,
1378 2651 1490 2705 sive
1500 2648 1677 2705 cordis
1688 2645 1804 2721 [F.,
1819 2643 2006 2721 corda]

741 2744 933 2800 Sermo
961 2744 1195 2808 divinus,
1225 2743 1399 2804 crucis
1427 2751 1482 2798 et
1510 2752 1771 2811 tropaeum

743 2828 1057 2901 Daemonum
1085 2836 1266 2893 vafros
1296 2837 1476 2907 abigat
1506 2836 1794 2893 meandros

1024 2928 1150 2985 Sive
1181 2929 1416 2999 rapinas.

741 3021 1002 3089 Membra,
1031 3038 1151 3093 qua)
1179 3031 1326 3077 casta
1354 3020 1599 3076 dabimus
1623 3018 1805 3085 cubili,

740 3114 992 3185 Prompta
1018 3121 1346 3183 consurgant
1367 3127 1500 3181 opus
1524 3111 1592 3166 ad
1617 3111 1889 3171 diurnum,

739 3206 869 3273 Quae
888 3216 1041 3261 suum
1062 3206 1321 3261 mundum
1340 3203 1488 3257 venit
1503 3215 1622 3257 esse
1642 3200 1921 3271 templum,

1025 3293 1258 3365 Spiritus
1285 3292 1475 3347 almus.

739 3387 894 3455 Quod
915 3388 1036 3459 pius
1062 3394 1232 3442 totum
1259 3386 1463 3441 habitet
1488 3400 1586 3455 per
1611 3396 1783 3439 :evum
1812 3395 1831 3439 :

739 3480 894 3536 Hunc
918 3494 1018 3535 nec
1042 3479 1279 3535 oll'endat
1303 3479 1491 3533 vitium
1519 3479 1740 3547 luesque
1768 3493 1782 3530 :

740 3571 848 3635 Sed
875 3581 1034 3630 vocet
1058 3574 1184 3628 vitae
1212 3572 1474 3643 probitas,
1504 3570 1726 3640 fiatque;

750 3710 753 3711 ν
1022 3663 1229 3722 Mansio
1254 3671 1427 3738 grata.

741 3752 848 3810 Sed
862 3754 945 3808 vla
958 3755 1190 3824 prodens
1202 3752 1293 3826 [F.
1304 3794 1319 3818 ,
1332 3751 1611 3824 prudens],
1626 3751 1713 3806 via
1727 3750 1899 3817 fortis,
1914 3760 2062 3807 arcta
2096 3792 2097 3795 η

738 3842 891 3899 Iusta
917 3859 1010 3899 seu
1034 3844 1224 3909 solers,
1251 3845 1389 3899 bene
1415 3851 1728 3912 temperata

740 3933 909 4004 Hujus
932 3943 992 3990 ut
1017 3950 1207 3991 cursus
1230 3949 1550 4006 peragamus
1576 3933 1674 3993 αξγί

1025 4026 1264 4082 Tratnite
1294 4034 1464 4082 recto.

741 4113 846 4170 Sex
875 4115 987 4171 dies
1007 4114 1184 4184 iustos
1212 4132 1500 4187 operamur
1523 4124 1696 4183 actus,

741 4206 983 4277 Septimo
1008 4216 1224 4278 captent
1249 4209 1429 4264 animo
1454 4209 1689 4279 quietem
1715 4226 1730 4263 :

743 4295 863 4356 Sint
890 4296 944 4350 in
970 4304 1161 4352 octavo
1190 4298 1426 4353 rediviva
1450 4299 1606 4355 nobis

1024 4385 1229 4441 Gaudia
1257 4388 1399 4442 vitae.

743 4474 940 4529 Gloriae
967 4476 1176 4531 laudem
1204 4478 1291 4547 pia
1316 4478 1590 4547 plenitudo

745 4567 827 4619 Sit
853 4566 1001 4620 Patri
1026 4566 1121 4621 soli
1150 4566 1267 4638 [F.,
1298 4567 1475 4639 Filio],
1511 4570 1605 4624 tibi
1644 4570 1985 4644 Spiritusque

748 4658 967 4725 Sancte,
992 4660 1080 4729 qui
1109 4660 1252 4715 trino
1276 4661 1428 4716 velils
1450 4661 1589 4717 alma
1615 4675 1825 4736 sceptra

1026 4749 1254 4806 Nomine
1281 4752 1444 4806 solus.

925 4876 1710 4955 INSCRIPTIONES

1094 5005 1266 5051 SACBI
1307 5005 1575 5049 CODICIS.

531 5218 814 5293 Inscriptio
833 5222 972 5293 sacri
994 5215 1543 5293 codicisi’alliccllani,
1560 5218 1856 5293 cxﬂqronii
1876 5231 2014 5283 toruo
2029 5220 2111 5275 IX

851 5288 1043 5345 Annal.
1073 5287 1274 5342 Eccles.
1305 5289 1374 5342 ad
1403 5306 1598 5343 annum
1629 5289 1730 5345 778
1755 5303 1802 5343 ι.

534 5400 763 5457 Nomine
785 5400 1091 5455 Pandecten
1119 5400 1336 5471 proprio
1360 5400 1599 5455 vocitare
1625 5410 1895 5463 memento

606 5492 720 5548 Hoc
745 5505 941 5560 corpus
964 5504 1200 5555 sacrum,
1228 5489 1413 5555 lector,
1443 5489 1497 5543 in
1521 5505 1616 5547 ore
1643 5498 1752 5546 tuo.

608 5636 632 5661 ιι
674 5621 901 5677 Exstant
935 5622 989 5677 hi
1020 5638 1208 5678 versus
1235 5624 1303 5677 ad
1329 5622 1528 5678 calcem
1559 5621 1757 5677 codicis
1794 5620 1893 5676 SS.
1920 5620 2117 5678 Biblio-

541 5708 659 5745 rum
682 5691 1018 5748 bibliotheca:
1037 5692 1413 5757 Vallicellanaa,
1435 5693 1527 5761 qui
1551 5693 1856 5746 universam
1879 5691 2113 5747 divinam

543 5762 878 5828 Scripturam
900 5777 930 5818 c
957 5763 1334 5819 vetustioribus
1364 5779 1425 5818 ac
1455 5762 1753 5820 verioribus
1782 5761 2018 5818 fontibus
2048 5764 2115 5820 ab

1362 344 1421 399 Β.
1464 345 1524 399 l“.
1562 343 1789 399 ALBINI
1828 342 1960 400 SEU
2000 341 2275 399 ALCUINI
2314 344 2599 403 OPERUM
2637 346 2816 404 PARS
2855 348 2939 404 VI.

2138 462 2192 519 Α
2221 456 2371 525 Quod
2397 476 2539 515 nunc
2565 478 2594 515 a
2626 461 2810 517 multis
2838 471 3052 518 constat
3077 463 3407 521 Bibliotheca
3433 466 3579 522 dicta
3608 486 3621 521 :

3696 314 3793 411 728

2290 549 2517 606 Nomine
2539 567 2646 606 non
2672 551 2909 622 proprio,
2936 561 2997 606 ut
3018 553 3199 623 lingua
3223 554 3443 627 Pelasga
3468 557 3651 612 docet.

2219 642 2385 711 Inque
2412 643 2515 698 hoc
2538 643 2682 698 dicta
2708 642 2803 698 Dei
2830 643 3134 698 conduntur
3158 645 3383 716 mystica
3407 647 3627 712 summi,

2288 732 2366 788 De
2386 733 2582 803 quibus
2602 734 2851 805 egregius
2871 742 3021 790 vates
3042 735 3097 789 in
3117 750 3212 790 ore
3227 737 3372 791 canit
3387 735 3560 809 (Paul.
3576 736 3794 809 cum):

2221 824 2318 880 Est
2341 826 2473 880 mihi
2498 827 2583 881 lex
2607 827 2820 881 Domini
2846 826 3017 882 dulcis
3040 844 3203 898 super
3224 830 3404 884 omnia
3427 831 3609 897 mella,

2290 915 2521 972 Charior
2548 927 2711 989 atque
2738 920 2856 974 auri
2886 920 3051 976 millia
3080 922 3248 977 multa
3272 939 3450 994 super.

2220 1003 2486 1062 Strenuus
2511 1007 2651 1063 hanc
2678 1008 2890 1064 Domini
2916 1008 3148 1067 famulus
3173 1014 3440 1070 custodiet
3467 1030 3679 1082 arcem,

2262 1098 2385 1154 'Cui
2416 1115 2625 1155 merces
2650 1100 2774 1156 cceli
2804 1116 2997 1172 perpes
3026 1103 3079 1157 in
3112 1119 3238 1159 arce
3266 1114 3464 1161 manet.

2218 1188 2431 1244 Codicis
2456 1190 2603 1245 illius
2629 1200 2761 1259 quot
2784 1200 2912 1246 sunt
2936 1193 2990 1247 in
3016 1208 3241 1264 corpore
3267 1205 3455 1251 sancto

2288 1278 2524 1349 Depictm
2549 1279 2741 1335 formis
2768 1279 3018 1337 litterulae
3044 1284 3240 1350 variis;
3548 1338 3581 1361 ,

2217 1370 2489 1429 Mercedes
2514 1373 2730 1439 habeat,
2756 1373 2973 1431 Christo
2998 1376 3374 1448 donante,per
3395 1395 3569 1436 aevum

2288 1466 2392 1521 Tot
2415 1464 2640 1521 Carolus
2667 1480 2784 1530 rex,
2813 1468 2905 1537 qui
2932 1468 3170 1525 scribere
3186 1469 3349 1539 jussit
3370 1486 3514 1526 eum.

2216 1557 2342 1613 Haec
2368 1560 2525 1613 dator
2548 1567 2782 1615 :eternus
2807 1550 3145 1627 cunctorum,
3171 1561 3404 1630 Christe,
3432 1563 3718 1627 bonorum,

2286 1646 2505 1705 Munera
2534 1649 2600 1703 de
2625 1648 2780 1705 donis
2805 1651 2989 1720 accipe
3016 1660 3201 1707 sancta
3230 1653 3357 1707 tuis.

2218 1737 2348 1807 Quae
2375 1738 2470 1792 tibi
2499 1738 2690 1794 devoto
2713 1738 2939 1796 Carolus
2964 1757 3059 1796 rex
3088 1752 3308 1812 pectore
3336 1742 3560 1814 supplex

2286 1827 2529 1883 Nominis
2555 1827 2622 1882 ad
2650 1828 2861 1884 laudem
2888 1830 3084 1885 obtulit
3111 1847 3236 1887 ecce
3265 1832 3363 1887 tui.

2216 1916 2386 1987 Quem
2419 1924 2509 1971 tua
2538 1918 2814 1987 perpetuis
2842 1928 3125 1975 conservet
3153 1922 3345 1981 dextra
3374 1921 3586 1987 diebus,

2288 2006 2359 2065 Ut
2384 2005 2508 2062 felix
2540 2014 2717 2063 tecum
2745 2009 2892 2064 vivat
2921 2010 2976 2064 in
3005 2025 3128 2066 arce
3158 2011 3284 2080 poli.

2690 2122 2849 2176 Aliud
2878 2140 3086 2177 carmen
3115 2123 3325 2179 ibidem.

2132 2272 2133 2275 η
2215 2211 2341 2268 Ηαξο
2353 2212 2531 2268 divina
2549 2213 2645 2268 tibi
2660 2213 2787 2285 [Ed.
2797 2255 2810 2277 ,
2825 2213 2945 2286 Dei}
2958 2214 3163 2284 placeat
3177 2214 3452 2285 Scriptura
3462 2256 3477 2280 ,
3487 2229 3791 2285 precamur,

2286 2302 2547 2359 Sensibus
2568 2312 2731 2374 atque
2753 2304 2947 2369 oculis,
2972 2305 3141 2361 lector
3164 2306 3409 2368 honeste,
3436 2307 3561 2361 tuis.

2216 2393 2451 2466 Spiritus
2474 2397 2615 2449 hanc
2642 2394 2764 2450 cceli
2796 2403 3015 2450 sanctus
3045 2395 3264 2450 dictavit
3295 2397 3363 2450 ab
3390 2411 3539 2460 arce,

2283 2486 2340 2540 In
2369 2501 2476 2556 qua
2506 2500 2632 2541 vera
2663 2485 2797 2540 ﬁdes
2824 2483 3016 2557 fulget,
3043 2494 3097 2542 et
3125 2486 3267 2540 alma
3296 2486 3462 2541 salus.

2920 2596 3099 2652 Aliud.

2213 2689 2317 2747 Pro
2340 2705 2446 2757 me,
2472 2689 2701 2761 quisque
2729 2689 2875 2761 legas
2896 2704 3109 2754 versus,
3136 2704 3295 2744 orare
3320 2696 3614 2754 memento,

2283 2780 2472 2835 Alcuin
2497 2780 2651 2835 dicor
2674 2794 2793 2849 ego.
2824 2776 2923 2845 Tu,
2953 2780 3070 2834 sine
3095 2778 3203 2833 line
3229 2777 3376 2833 vale!

2914 2888 3094 2943 Aliud.

2914 2888 3094 2949 Aliud.

2214 2982 2391 3054 Magni
2419 2996 2612 3053 magna
2638 2981 2748 3045 Deo
2776 2988 3053 3052 portantes
3079 2994 3303 3035 munera
3329 2977 3573 3048 templo,

2282 3072 2428 3139 Quos
2453 3071 2687 3127 laudavit
2713 3085 2882 3126 ovans
2903 3085 2999 3125 ore
3023 3069 3113 3141 pio
3137 3069 3396 3139 populus;

2138 3140 2185 3203 (ἶ
2213 3160 2441 3216 Parvula
2468 3161 2562 3215 sed
2586 3161 2761 3215 viduae
2783 3140 3042 3214 Dominus
3066 3160 3169 3214 duo
3193 3157 3471 3213 nummula
3495 3153 3739 3247 prafert,

2281 3250 2554 3309 Nobilium
2584 3251 2758 3316 donis,
2790 3250 2990 3306 famine
3016 3250 3273 3305 veridico.

2210 3339 2329 3395 Non
2358 3356 2456 3410 ego
2480 3355 2644 3409 parva
2677 3340 2804 3405 tuis,
2834 3349 3033 3406 rector,
3064 3338 3382 3419 munuscula
3407 3338 3559 3409 gazis

2282 3431 2477 3496 lnfero,
2505 3446 2735 3501 persona
2763 3432 2833 3486 sit
2857 3447 2976 3487 mea
3002 3446 3169 3500 parva
3197 3430 3341 3486 licet.

2182 3520 2428 3577 Munera
2457 3522 2551 3576 sed
2577 3520 2787 3576 Domini
2815 3520 3126 3577 caelestibus
3154 3520 3352 3591 inclyta
3384 3519 3569 3590 regnis

2279 3616 2442 3673 Porto
2467 3616 2562 3671 tibi
2589 3616 2780 3686 plenis,
2806 3616 3007 3686 optime
3037 3630 3151 3679 rex,
3178 3614 3449 3669 manibus.

2209 3708 2412 3779 Nempe
2437 3723 2588 3762 nova:
2612 3722 2676 3761 ac
2700 3708 2899 3762 veteris
2922 3706 3126 3776 pariter
3148 3706 3235 3775 pia
3262 3702 3461 3758 famina
3488 3701 3623 3773 legis

2279 3802 2338 3856 In
2366 3800 2575 3874 [Inque]
2604 3801 2707 3856 hoc
2736 3800 3057 3855 clauduntur
3079 3813 3307 3868 corpore
3329 3798 3528 3868 quippe
3556 3811 3735 3851 sacro.

2208 3888 2336 3947 Haec
2358 3906 2457 3962 ego
2480 3898 2636 3960 porto
2661 3890 2834 3945 libens
2856 3890 2924 3944 ad
2950 3898 3133 3945 sancta
3159 3887 3397 3943 sacraria
3425 3886 3629 3957 templi,

2279 3979 2433 4047 Quod
2454 3987 2545 4034 tua
2569 3992 2722 4035 mens
2745 3980 2956 4035 noviter
2978 3979 3217 4034 condidit
3238 3977 3377 4032 alma
3400 3977 3532 4032 Deo.

2209 4068 2480 4124 Laudibus
2501 4078 2561 4122 ut
2581 4076 2778 4138 przesto
2798 4068 2999 4124 Christi
3024 4068 3095 4123 sit
3118 4083 3331 4138 semper
3354 4069 3408 4122 in
3431 4067 3523 4122 illo

2278 4159 2382 4226 Iste
2406 4160 2564 4226 liber,
2589 4175 2849 4215 resonans
2868 4160 3032 4214 verba
3056 4173 3287 4229 superna
3310 4159 3426 4213 Dei.

2811 4269 2974 4342 204
3009 4270 3187 4324 Aliud.

2209 4380 2383 4437 Nauta
2415 4381 2563 4436 rudis
2588 4379 2764 4452 pelagi
2792 4380 2949 4436 saevis
2977 4388 3195 4450 ereptus
3224 4380 3292 4434 ab
3323 4379 3484 4436 undis
3508 4428 3515 4433 .

2134 4482 2189 4543 ι)
2277 4473 2337 4527 In
2364 4481 2582 4541 portum
2612 4471 2833 4526 veniens
2859 4480 3079 4539 pectora
3106 4470 3228 4525 laeta
3258 4478 3424 4525 tenet.

2212 4561 2303 4617 Sic
2328 4562 2558 4631 scriptor
2586 4559 2777 4624 fessus,
2805 4559 3071 4617 calamum
3097 4560 3195 4615 sub
3222 4558 3368 4614 calce
3397 4557 3602 4614 laboris

2282 4653 2584 4722 Deponens,
2612 4649 2808 4704 habeat
2836 4660 3056 4719 pectora
3086 4650 3207 4705 laeta
3237 4650 3389 4704 satis.

2210 4743 2301 4799 Ille
2326 4743 2435 4797 Deo
2458 4742 2605 4797 dicat
2628 4748 2808 4811 grates
2832 4756 2931 4812 pro
2956 4742 3157 4810 sospite
3181 4741 3309 4805 vita,

2280 4833 2493 4903 Proque
2516 4831 2717 4887 laboris
2742 4842 2867 4903 agat
2890 4832 3173 4899 fructibus,
3200 4841 3255 4887 et
3283 4832 3493 4902 requie.

2913 4946 3092 5001 Aliud.

2214 5038 2401 5108 Perge,
2433 5036 2610 5094 libelle
2637 5053 2808 5101 sacer,
2840 5038 3049 5093 cunctis
3077 5037 3386 5108 praeclarior
3409 5037 3553 5101 edis,

2282 5129 2563 5199 Prospere,
2593 5130 2815 5199 paciﬁce
2842 5145 3003 5194 nunc,
3032 5129 3322 5183 miserante
3346 5127 3458 5183 Deo
3485 5146 3497 5162 ·

2213 5218 2281 5284 Ει
2305 5227 2422 5289 pete
2443 5218 2689 5288 praeclari
2717 5217 2973 5287 praeclara
2996 5215 3195 5287 palatia
3220 5216 3402 5286 Regis,

2214 5310 2215 5313 “
2287 5310 2357 5366 Ut
2383 5325 2604 5365 maneas
2629 5308 2828 5363 Christi
2853 5323 3065 5377 semper
3089 5307 3142 5361 in
3167 5307 3280 5362 :ede
3302 5322 3480 5361 sacra.

2215 5404 2389 5472 Atque
2411 5401 2507 5456 Dei
2531 5400 2745 5455 famulis
2764 5400 2914 5469 pacis
2937 5399 3019 5454 fer
3043 5415 3264 5454 munera
3290 5399 3521 5457 cunctis.

2288 5493 2517 5550 Dextera
2542 5506 2678 5561 quos
2705 5490 2912 5546 Domini
2936 5497 3181 5561 protegat
3204 5498 3364 5559 atque
3385 5496 3556 5558 regat.

2214 5624 2441 5697 Alcuino
2462 5622 2804 5697 descriptam,
2829 5631 3236 5697 recognitamct
3259 5620 3615 5697 emendatam,
3643 5616 3781 5697 (lein

2217 5710 2343 5763 ceps
2369 5695 2437 5746 ab
2463 5686 2655 5748 eodeni
2676 5691 2907 5745 oblatam
2940 5686 3130 5748 Carolo
3157 5691 3346 5761 Magno
3376 5691 3627 5745 continet.
3666 5686 3812 5741 Vide

2217 5763 2503 5819 Baronium
2538 5764 2570 5816 l.
2605 5763 2679 5817 cit
