4044 6340
299 320 405 376 729

1292 311 1618 370 CARMINA.
1652 341 1724 355 -—
1756 308 2282 366 INSCRIPTIONES
2320 308 2554 363 νΑΒιΑς

3449 300 3555 361 750

297 436 444 503 Quos
467 432 587 489 colo
612 428 793 495 corde,
822 429 943 493 ﬁde,
971 437 1157 483 sancto
1184 441 1394 496 quoque
1422 438 1635 494 semper
1660 436 1865 487 amore,
1894 424 1935 480 Α
1970 416 2159 473 Omnia
2189 433 2424 488 namque
2452 433 2601 473 novae
2629 432 2694 472 ac
2718 416 2916 471 veteris
2940 413 3194 487 mysteria
3218 413 3371 485 legis.

366 526 499 583 Cum
524 524 777 595 lacrymis
800 531 1013 591 optans,
1041 528 1100 575 ut
1125 520 1357 590 vigeant,
1384 517 1617 571 valeant.

1045 630 1131 686 Ill.

354 728 421 783 In
447 743 484 782 ι
511 725 751 781 Conone:
778 724 993 780 Eusebii
1020 740 1111 777 seu
1142 720 1568 777 concordantiam
1593 728 1811 791 quotum

865 792 1316 864 evangelistarum.

370 886 543 953 Quam
572 885 836 955 imprimis
862 883 1102 955 speciosa
1131 881 1420 952 quadriga!
1452 880 1633 943 homo,
1665 876 1769 941 leo,
1798 874 1878 930 vi-

301 978 444 1033 tulus
469 985 524 1031 et
549 975 753 1046 aquila,

373 1066 721 1136 Septuaginta
761 1078 927 1118 unum
961 1077 1060 1133 per
1098 1059 1359 1132 capitula,
1398 1056 1775 1127 colloquuntur
1810 1053 1877 1108 de

301 1154 529 1210 Domino
554 1155 726 1225 paria.

372 1246 429 1301 ln
459 1245 692 1301 secunda
722 1245 1122 1313 subsequuntur
1146 1239 1408 1309 protinus,
1443 1237 1625 1300 homo,
1662 1234 1766 1299 leo,
1796 1233 1878 1288 lo-

302 1334 489 1402 quitur
512 1342 567 1387 et
590 1332 811 1398 vitulus,

374 1421 582 1489 Quibus
614 1426 755 1477 inest
780 1420 1027 1476 ordinate
1055 1418 1285 1490 positus,
1314 1398 1743 1493 decimus’atque
1776 1426 1877 1465 no-

300 1529 422 1569 vem
452 1528 725 1568 numerus.

374 1606 526 1661 Tunc
552 1606 742 1661 deinde
777 1604 969 1659 tertius
1001 1603 1057 1658 in
1094 1600 1303 1666 ordine,
1341 1598 1525 1663 homo,
1560 1608 1747 1666 pecus,
1782 1591 1881 1646 bos

300 1697 541 1766 loquitur
569 1711 692 1751 eum
720 1694 971 1759 volucre;

1972 504 2074 560 Hie
2102 514 2186 560 est
2210 505 2329 560 fons
2351 508 2495 571 vitae,
2521 507 2610 561 hic
2633 514 2756 560 sunt
2782 513 3049 575 praecepta
3075 503 3286 570 salutis,

1974 597 2129 651 Hunc
2150 596 2387 652 dictante
2412 599 2522 653 Deo
2548 599 2813 669 scripsere
2837 598 2891 652 in
2917 597 3110 653 szecula
3136 596 3328 651 sancti.

1973 688 2100 744 llaec
2124 696 2207 743 est
2230 682 2413 743 saneta
2440 689 2594 754 fides,
2620 691 2746 744 hinc
2768 698 2852 744 est
2872 688 3107 744 caelestis
3128 688 3300 757 origo.

1971 777 2189 847 Legii'er
2211 778 2300 832 ille
2320 779 2441 847 pius
2464 779 2722 848 quidquid
2739 779 2850 847 jam
2879 780 3167 848 scripserat
3191 778 3321 832 olim

1975 866 2295 931 Venturum,
2323 868 2579 936 quidquid
2607 869 2781 922 sancti
2807 870 3053 923 cecinere
3077 868 3355 938 pr0phela3

1975 957 2222 1013 Hebraiei
2252 958 2451 1027 populi,
2480 966 2535 1012 et
2561 958 2820 1027 quidquid
2850 960 3073 1013 historia
3102 959 3292 1029 gessit,

1975 1046 2294 1117 llymnidica
2322 1055 2416 1101 aut
2442 1048 2700 1115 quidquid
2727 1049 2924 1103 cecinit
2951 1047 3068 1103 laus
3096 1049 3325 1119 mystica
3352 1046 3518 1102 David
3539 1086 3555 1113 ,

1977 1137 2073 1191 Vel
2103 1138 2363 1207 quidquid
2392 1136 2719 1205 apostolicus
2746 1138 2929 1193 docuit
2954 1154 3053 1209 per
3082 1139 3276 1194 saecula
3305 1146 3499 1203 cretus,

1977 1224 2072 1279 Vel
2102 1225 2363 1295 quidquid
2391 1224 2641 1278 Salvator
2668 1225 2889 1281 veniens
2908 1225 3021 1294 jam
3048 1225 3174 1281 fecit
3200 1227 3255 1282 in
3280 1229 3433 1293 orbe,

1976 1316 2227 1371 Continet
2256 1317 2346 1370 hic
2376 1316 2521 1370 solus
2549 1317 2755 1385 pariter
2784 1317 2898 1371 haec
2925 1317 3105 1371 omnia
3132 1318 3320 1372 codex.

1977 1410 2004 1463 J
2011 1418 2218 1464 usserat
2242 1409 2385 1464 hunc
2410 1417 2614 1464 tomum
2638 1408 2918 1463 Gerfridus
2947 1419 2968 1447 ο
2997 1409 3238 1464 scribere
3259 1406 3458 1479 prmsul

1978 1501 2036 1554 In
2061 1501 2270 1556 laudem
2294 1500 2517 1565 Christi,
2546 1501 2833 1570 genitricis
2846 1508 2901 1554 et
2923 1500 3064 1555 illius
3087 1500 3273 1566 almae;

1979 1592 2135 1647 Esset
2164 1591 2217 1646 in
2248 1590 2474 1646 ecclesia
2496 1599 2558 1645 ut
2580 1600 2778 1659 praesto
2804 1589 3103 1659 legentibus
3132 1589 3239 1645 ille.

1979 1684 2037 1739 In
2065 1701 2170 1754 quo
2198 1685 2425 1754 quisque
2452 1684 2595 1754 legat
2619 1682 2831 1737 Domini
2860 1683 3167 1737 dulcissima
3194 1680 3377 1744 verba,

372 1788 431 1843 ln
470 1802 698 1842 numero
725 1801 832 1856 quo
874 1784 1068 1856 [Edit.,
1094 1783 1152 1837 In
1190 1777 1545 1852 numeroque]
1577 1776 1883 1833 consistunt
1912 1766 1955 1826 Β
1985 1778 2067 1832 Sit
2095 1792 2302 1849 memor
2328 1774 2581 1836 auctoris,
2616 1773 2764 1827 illum
2792 1774 2883 1842 qui
2913 1773 3150 1826 scribere
3170 1769 3350 1841 jussit.

298 1877 541 1946 antiqua:
567 1874 837 1944 alphabeti
864 1873 1207 1928 Hebraeorum
1232 1870 1445 1924 litterae.

372 1967 583 2034 Quarto
615 1966 734 2021 loco
764 1963 946 2019 fantur
975 1961 1220 2033 :equalia,
1252 1974 1358 2014 una
1380 1959 1563 2016 homo.
1591 1955 1697 2020 leo,
1722 1962 1883 2023 atque

298 2057 505 2111 annua.

375 2072 505 2111 nua.

338 2074 497 2202 qUno
516 2160 611 2202 ore
631 2144 912 2214 loquentes
930 2138 1161 2212 capitula
1180 2137 1332 2194 verbi
1354 2135 1550 2193 summi
1570 2149 1699 2191 sena
1721 2141 1883 2202 atque

298 2253 502 2293 vlcma.

342 2254 502 2293 uerna.

377 2327 572 2396 Quinta
595 2326 713 2382 vice
741 2323 1069 2382 concordant
1101 2321 1158 2376 in
1190 2318 1423 2388 loquela,
1458 2316 1619 2371 homo
1644 2312 1883 2385 prudens

302 2428 469 2490 atque
496 2418 644 2472 mitis
671 2416 872 2471 hostia.

376 2509 502 2564 Jesu
530 2506 729 2563 Christi
752 2506 1027 2561 imitantes
1048 2501 1262 2574 agmina
1286 2498 1422 2555 Juda
1447 2497 1565 2554 sine
1588 2494 1884 2553 Salvatoris

300 2597 526 2656 credula
556 2608 604 2651 ι.

380 2709 518 2764 Ecce
550 2715 703 2763 sexto
740 2707 880 2777 patri
914 2713 1070 2761 sonat
1102 2703 1338 2761 clamore
1366 2709 1526 2757 natus
1554 2698 1726 2754 Adam
1759 2711 1883 2753 cum

305 2800 548 2856 clamoso
579 2799 754 2853 leone.

381 2887 718 2957 Computatis
737 2883 947 2940 traditis
967 2898 1064 2953 pro
1083 2896 1305 2937 munere
1324 2885 1660 2937 sacerdotum
1679 2875 1888 2948 Oppidis

305 2981 536 3038 honore.

381 3072 461 3127 En
488 3071 780 3141 loquuntur
803 3069 1001 3140 septies
1023 3069 1076 3123 in
1102 3067 1356 3137 septimo,
1384 3067 1566 3131 homo,
1594 3064 1731 3128 avis,
1758 3077 1888 3118 con-

310 3177 449 3218 sona
478 3162 545 3217 de
574 3162 820 3216 Domino.

384 3254 442 3308 In
469 3260 661 3309 octavo
688 3266 830 3306 nunc
858 3250 1067 3305 leonius
1090 3246 1322 3312 catulus,
1347 3258 1577 3314 quorum
1602 3241 1892 3297 verborum
1945 3296 1953 3301 ,

312 3350 664 3414 comparatur
688 3355 946 3420 numerus
971 3337 1181 3407 adjecto
1204 3337 1369 3391 Paulo
1395 3334 1657 3405 apostolo.

393 3430 577 3487 Nonus
595 3431 728 3487 ordo
748 3430 802 3483 in
823 3418 930 3500 quo
949 3428 1056 3483 duo
1077 3426 1284 3498 pariter
1303 3424 1679 3493 colloquuntur
1700 3418 1896 3473 vitulus

315 3532 376 3579 et
399 3522 635 3586 volucer,

392 3615 646 3686 lnspirati
684 3628 844 3668 sensu
886 3610 1204 3683 spiritaliter
1247 3607 1641 3679 proloquuntur
1683 3609 1895 3658 ternum

318 3705 660 3775 simpliciter.

394 3800 565 3855 Homo
592 3812 787 3868 nempe
800 3784 1039 3851 \erbum
1076 3792 1282 3865 profert
1302 3788 1580 3862 proprium
1608 3800 1678 3840 ιι.
1710 3791 1767 3839 et
1802 3796 1899 3853 per

320 3891 431 3947 duo
460 3903 744 3945 numerum

397 3980 878 4050 Rugientemquem
905 3976 1116 4031 leonem
1142 3968 1420 4028 audaciter
1448 3965 1624 4024 solum
1648 3978 1781 4020 sane
1807 3963 1900 4018 de-

323 4074 440 4129 cies
466 4081 520 4124 et
543 4068 747 4123 novies.

400 4161 599 4217 Bovem
618 4158 813 4231 [Edit.,
828 4154 1050 4227 bonum]
1066 4153 1239 4209 solum
1255 4151 1455 4206 fantem
1474 4147 1732 4212 invenies,
1750 4144 1901 4201 verbi

326 4251 470 4305 divis
498 4251 525 4290 ι’
553 4258 610 4305 et
636 4248 963 4318 septuagies.

404 4343 790 4398 Subvolantem
814 4339 883 4394 ad
909 4345 1056 4393 astra
1085 4332 1340 4405 reperies,
1368 4329 1626 4401 nonagies
1650 4327 1794 4396 loqui
1827 4332 1906 4379 at-

331 4450 439 4505 que
467 4444 685 4504 septies.
1078 4495 1168 4551 Iv.

478 4592 544 4647 In
572 4591 797 4645 codicem
814 4591 971 4659 jussu
994 4585 1225 4655 (ἱστρίάὶ
1248 4583 1470 4655 episcopi
1493 4583 1764 4650 scriptum.

332 4684 587 4741 Continet
613 4684 699 4738 hic
723 4690 940 4738 sanctus
964 4694 1070 4735 uno
1097 4680 1197 4734 sub
1225 4690 1449 4744 corpore
1476 4674 1663 4736 codex,

409 4835 437 4863 ⁸
475 4821 651 4876 Locus
678 4826 986 4888 corruptus.

413 4895 441 4933 δ
477 4892 652 4945 Locus
689 4877 994 4958 corru'ptus.
1039 4885 1199 4940 Forte
1235 4883 1365 4954 leg.,
1419 4878 1574 4934 Verbi
1612 4877 1709 4932 Dei
1751 4878 1827 4932 bis
1866 4887 1914 4931 et

335 4963 650 5034 septquies.

416 5045 437 5073 ε
476 5016 556 5086 (ΖΚ
584 5028 886 5085 Cathelinot
915 5026 968 5080 in
1009 5042 1108 5081 ms.
1140 5038 1238 5078 suo
1271 5022 1572 5081 existimat,
1611 5020 1753 5073 hunc
1787 5016 1917 5072 Ger-

338 5104 541 5159 fridum
568 5101 733 5154 fuisse
756 5098 925 5151 sancti
955 5095 1182 5164 Ludgeri
1202 5134 1217 5155 ,
1248 5092 1337 5164 qui
1368 5107 1508 5164 anno
1535 5088 1638 5143 809
1664 5088 1822 5164 obiit,
1853 5102 1917 5141 ex

340 5158 534 5229 ενοι-ονε
559 5178 826 5239 nepotem,
859 5158 1369 5239 acipostEautau—ijn
1396 5161 1704 5239 episcopatu
1734 5158 1917 5211 Mona-

339 5241 596 5299 steriensi
619 5231 781 5309 quam
814 5238 869 5292 in
897 5231 1114 5309 abbatia
1135 5231 1503 5309 Werthinensi
1532 5242 1918 5309 successorem.

338 5298 415 5368 At
441 5312 586 5367 enim
610 5298 867 5364 A'lcuinus
890 5305 1000 5374 jam
1028 5304 1263 5374 quinque
1289 5300 1444 5354 annis
1470 5307 1758 5374 antequam
1791 5298 1923 5352 Ger—-

338 5384 522 5438 Iridus
546 5388 731 5435 sancto
758 5370 1004 5444 Ludgero
1031 5370 1330 5444 succedere
1344 5370 1532 5440 potuit,
1560 5377 1801 5444 mortuus
1820 5374 1919 5444 est,

341 5436 406 5508 et
436 5461 616 5506 tamen
640 5450 695 5504 in
721 5449 824 5503 hoc
847 5436 1084 5503 carmine
1119 5436 1401 5496 Gcrfridus
1438 5436 1680 5508 przesulis
1712 5437 1925 5508 nomine

346 5506 658 5593 insignitur.
685 5519 768 5593 An
804 5519 850 5593 is
880 5506 1679 5593 vivente_etiamnum’Aleuinq
1708 5506 1926 5593 alterius

345 5575 632 5659 cujuusdam
658 5589 897 5645 ecclesiae
920 5602 1013 5640 seu
1035 5582 1318 5653 episcopus
1342 5594 1436 5659 seu
1464 5579 1629 5659 abbas
1655 5575 1791 5629 fuit?

422 5646 449 5701 δ
488 5646 691 5718 Versus
718 5646 1157 5729 quisequunt'ur,
1202 5646 1307 5704 non
1346 5650 1416 5729 ad
1459 5647 1688 5729 codicis,
1730 5647 1823 5701 sed
1864 5646 1929 5729 ad

342 5733 599 5790 ecclesia:
634 5746 664 5786 a
705 5718 952 5786 σθήιήἀῦ
994 5729 1303 5781 restaurauc
1345 5720 1399 5774 in
1431 5718 1721 5790 eriptiones
1760 5719 1926 5790 perti-

1981 1864 2137 1919 Dicat
2160 1871 2216 1918 et
2242 1877 2335 1917 ore
2358 1862 2449 1930 pio
2482 1878 2494 1913 :
2527 1859 2855 1923 Gerfridum,
2885 1858 3116 1921 Christe,
3150 1865 3322 1921 tuere,
3353 1924 3361 1931 .

1982 1957 2207 2028 Semper
2235 1956 2290 2011 in
2319 1964 2579 2010 :eternum
2610 1955 2755 2008 vivat
2781 1952 3013 2007 feliciter
3042 1952 3152 2007 ille.

1982 2046 2170 2103 Tuuue
2202 2045 2376 2100 valeto
2409 2044 2623 2116 legens,
2656 2041 2751 2098 tibi
2782 2042 3021 2099 maxima
3051 2057 3183 2097 cura
3212 2038 3410 2110 legenti
3446 2036 3562 2110 [F.,

3259 2126 3494 2199 legendi]

1982 2226 2083 2291 Sit,
2114 2240 2325 2295 precor,
2356 2232 2415 2278 ut
2445 2231 2596 2279 recto
2623 2237 2845 2278 resones
2873 2221 3113 2278 coelestia
3141 2235 3302 2276 sensu

1981 2318 2158 2373 Verba
2186 2315 2281 2371 Dei
2307 2314 2529 2377 Christi,
2559 2328 2768 2368 merces
2792 2312 2889 2365 tibi
2917 2327 3110 2383 magna
3136 2308 3394 2364 manebit.

1979 2408 2007 2448 δ
2040 2407 2167 2462 Haec
2192 2406 2385 2461 domus
2413 2406 2554 2460 alma
2582 2404 2695 2467 Dei,
2726 2402 2927 2458 Christi
2955 2410 3009 2457 et
3038 2398 3361 2457 venerabilis
3388 2395 3513 2451 aula

1982 2496 2246 2566 Tempore
2275 2496 2546 2566 praelongo
2575 2494 2730 2548 viluit
2759 2494 2937 2549 diruta
2967 2492 3159 2547 ruinis.

1983 2588 2091 2645 Sed
2115 2589 2243 2641 dum
2271 2585 2551 2641 Gerfridus
2581 2584 2933 2655 prmsulisque
2962 2594 2985 2621 ε
3020 2581 3286 2636 Sacerdos

1982 2677 2236 2734 Ecclesia:
2264 2676 2501 2746 regimen
2530 2682 2844 2743 susceperat
2870 2672 3025 2726 istius
3052 2670 3207 2725 almae

1984 2771 2185 2825 Ductus
2210 2783 2393 2823 amore
2418 2766 2512 2822 Dei
2542 2775 2710 2821 totam
2735 2769 3088 2819 renovaverat
3115 2759 3263 2814 illam
3293 2757 3313 2797 ί

1985 2859 2306 2921 Parietibus,
2340 2858 2516 2922 tectis,
2547 2855 2774 2925 picturis
2803 2863 2966 2923 atque
2991 2851 3275 2913 columnis,

1987 2950 2238 3005 Vestibus
2267 2957 2321 3004 et
2349 2949 2510 3014 vasis,
2542 2947 2673 3002 cleri
2700 2945 2859 3002 simul
2886 2944 3074 2999 ordine
3101 2955 3277 3004 sacro,

1989 3040 2106 3095 Non
2133 3056 2359 3110 parcens
2383 3038 2616 3109 propriis
2639 3037 2850 3106 opibus.
2876 3033 3012 3088 Nam
3039 3030 3299 3101 quidquid
3321 3028 3573 3095 habebat,

1992 3133 2274 3187 Distribuit
2299 3132 2445 3201 larga
2472 3138 2650 3185 mente
2674 3128 2730 3181 in
2758 3126 2980 3181 donaria
3007 3123 3232 3188 Christi,

1993 3224 2210 3280 Viribus
2236 3222 2455 3276 intentis
2477 3226 2697 3273 ornaret
2722 3225 2782 3271 ut
2806 3215 3041 3284 undique
3070 3212 3345 3282 templum.

1993 3314 2066 3371 Ut
2089 3315 2251 3368 decus
2275 3310 2549 3382 egregium
2573 3307 2788 3363 Domini
2815 3305 3053 3360 fulsisset
3076 3305 3304 3366 honore,

1993 3403 2200 3459 Divinis
2230 3408 2537 3455 resonasset
2564 3413 2665 3453 nec
2693 3413 2798 3451 non
2830 3395 3077 3450 laudibus
3101 3392 3245 3457 aula,

1993 3492 2240 3555 Fecerat,
2265 3498 2323 3543 ut
2349 3489 2530 3543 dicunt
2557 3485 2688 3559 [Al.,
2711 3494 2772 3539 ut
2792 3483 3048 3555 Domini],
3076 3490 3325 3552 septenas
3348 3488 3457 3534 tota
3480 3494 3579 3549 per

3297 3570 3504 3643 [horas.

1997 3670 2219 3740 Suscipe
2243 3667 2457 3723 Christe
2482 3666 2623 3720 Deus
2647 3665 2885 3720 clemens
2908 3664 3025 3719 haec
3047 3663 3225 3718 omnia
3250 3669 3421 3732 grate,

1997 3763 2179 3831 Deque
2214 3759 2291 3813 tui
2324 3756 2509 3811 famuli
2541 3755 2789 3810 manibus
2820 3755 2936 3810 haec
2978 3761 3101 3809 vota
3147 3760 3399 3824 precatur
3442 3749 3578 3821 [Al.,

3198 3845 3530 3919 precamur],

1998 3946 2184 4014 Tuque
2214 3944 2307 3998 Dei
2338 3941 2565 4014 genitrix
2594 3941 2931 3996 sanctissima
2962 3940 3113 4011 virgo
3141 3939 3308 3994 Maria

1997 4035 2272 4091 Auxiliare
2297 4047 2486 4101 preces
2512 4029 2835 4085 famulorum
2863 4032 3016 4101 virgo
3044 4038 3280 4086 tuorum.

2001 4124 2124 4179 Haec
2151 4132 2359 4177 sacrata
2383 4129 2477 4174 tuo
2503 4118 2756 4190 quoniam
2786 4127 2911 4174 sunt
2937 4119 3155 4174 nomine
3184 4116 3401 4187 templa,

2002 4215 2102 4270 llic
2131 4214 2264 4277 laus,
2294 4212 2492 4277 cultus,
2521 4213 2692 4267 honor
2718 4220 2970 4267 maneant
2994 4227 3095 4282 per
3119 4212 3311 4267 smcula
3341 4209 3575 4267 Christo.

2003 4304 2100 4359 Dic
2123 4318 2253 4374 rogo
2278 4310 2356 4368 tu,
2388 4300 2574 4366 lector,
2603 4300 2876 4365 Albinum,
2905 4299 3137 4367 Christe,
3166 4310 3337 4356 tuere.

1938 4440 1986 4500 υ
2660 4451 2819 4524 205
2858 4452 2923 4505 νο

2198 4554 2265 4620 In
2291 4581 2500 4620 sacrum
2525 4561 2769 4619 Codicem
2786 4562 2944 4632 jussu
2971 4560 3094 4614 Avo:
3121 4560 3392 4629 scriptum.

2012 4683 2163 4739 Hunc
2188 4678 2379 4735 ancilla
2407 4676 2501 4731 Dei
2527 4676 2636 4747 iam
2654 4675 2893 4745 jusserat
2916 4674 3031 4727 Ava
3060 4675 3085 4714 ⁸
3116 4672 3354 4728 libellum

2013 4820 2170 4875 ηεντῑς
2213 4824 2347 4877 quos
2379 4818 2557 4877 tamen
2592 4802 2994 4877 hinc_divellere
3030 4801 3318 4867 noluimus,
3349 4798 3489 4869 quod
3518 4797 3588 4854 ad

2013 4874 2255 4939 eumdem
2280 4876 2586 4932 Cert‘ridnm
2614 4874 2936 4941 pertineant.

2090 4964 2111 4990 ε
2150 4951 2320 5004 Locus
2347 4937 2651 5012 corruptus.
2679 4942 2840 4996 Forte
2878 4941 3000 5012 leg.,
3033 4940 3229 5011 pra’sul
3254 4937 3411 4995 simul
3436 4948 3591 5007 atque

2015 5019 2273 5141 “iam:
2295 5082 2650 5152 przelaudatus
2685 5082 2748 5135 D.
2773 5081 3087 5152 Cathelinot
3107 5074 3592 5152 interpretaturﬂc

2018 5158 2234 5215 basilica
2266 5143 2559 5208 Salvatoris
2590 5152 2643 5204 in
2675 5152 3000 5207 monasterio
3023 5143 3385 5205 Werthinensi
3411 5143 3592 5266 ivnlgo

2019 5227 2240 5266 ωρηιρ..
2259 5224 2321 5266 ml
2342 5223 2540 5266 Rnram
2570 5218 2828 5266 {Invian
2857 5222 2949 5266 sed
2976 5222 3091 5266 hmo.
3112 5218 3338 5266 ecclesia
3364 5216 3406 5266 A
3431 5214 3592 5266 cuino

2019 5214 2242 5282 Werden
2258 5224 2324 5277 ad
2342 5223 2542 5276 ituram
2569 5218 2830 5293 fluvium),
2857 5222 2949 5293 sed
2976 5222 3091 5293 haec
3112 5218 3338 5275 ecclesia
3364 5214 3592 5293 Alcuino

2020 5299 2229 5350 vivente
2263 5299 2527 5347 vetustate
2567 5291 2704 5345 dirui
2747 5291 2888 5347 haud
2933 5291 3124 5360 potuit.
3173 5291 3597 5360 quani_sanctus

2023 5367 2297 5435 Ludgerus
2325 5361 2439 5431 ejus
2467 5361 2767 5435 discipulus
2787 5351 2974 5435 primo
2994 5351 3309 5435 eo_nstruxit.
3342 5354 3474 5435 Vid.‘
3488 5351 3597 5435 Ob-

2022 5420 2925 5502 servationes-pravius.Mabillonii
2964 5431 3017 5484 in
3043 5428 3222 5502 _VitaI_n
3254 5420 3598 5502 sanctiLud-

2024 5506 2168 5578 geri,
2195 5492 2531 5578 part.__t'saec.
2569 5500 2919 5578 1V3,_p38.__‘|‘5,
2953 5516 3004 5552 n.
3034 5498 3067 5551 6
3093 5492 3457 5578 et_7n;uAnnlarl‘.
3495 5492 3597 5546 Be-

2025 5564 2305 5632 nedatom.
2330 5573 2391 5637 ιι,
2422 5582 2544 5641 pag.
2569 5564 2694 5634 325;
2724 5564 2779 5625 n'.
2809 5570 2895 5629 se,
2922 5578 2975 5623 et
3000 5566 3273 5641 pag._585,
3296 5582 3353 5641 _n.
3380 5564 3467 5618 69.

2099 5648 2119 5685 ε
2158 5646 2215 5700 lu
2245 5634 2399 5699 editis
2422 5634 2559 5695 Ἰοὲο
2590 5640 2696 5694 Avu
2732 5634 3016 5710 legebatur
3042 5634 3201 5710 Aula,
3232 5634 3418 5710 utique
3446 5648 3598 5710 tuen-

2027 5717 2168 5773 dose.
2205 5714 2308 5770 Nos
2336 5728 2514 5769 veram
2545 5703 2849 5771 lectionem.
2882 5722 3042 5765 quam
3075 5707 3236 5762 etiam
3280 5706 3451 5762 celeb.
3486 5703 3598 5759 Ma-
