4044 6340
514 309 608 364 ’151

511 421 761 480 Scribere
788 435 900 490 pra:
927 433 1124 488 magno
1154 419 1365 474 Domini
1391 419 1621 474 deducta
1643 419 1838 472 timore
1861 427 1885 454 α

512 515 596 570 Ad
623 515 786 570 decus
811 511 1085 578 Ecclesize,
1117 512 1389 581 propriam
1419 511 1578 566 simul
1604 511 1765 578 inque
1788 508 2015 562 salutem

511 604 704 662 Omnia
733 604 965 674 florigeri
992 603 1021 642 ιι
1048 603 1234 670 pandit
1260 602 1555 670 primordia
1577 599 1782 662 mundi,

509 699 852 764 Eventusque
879 691 1039 749 simul
1067 691 1246 747 sa:culi
1275 706 1371 761 per
1400 699 1641 760 tempora
1661 690 1821 759 longa
1850 705 1863 742 :

507 787 641 855 Qua:
665 785 811 841 dedit
836 784 1173 852 omnipotens
1199 782 1402 837 homini
1429 790 1485 835 et
1510 787 1777 850 praecepta
1805 776 2016 842 salutis,

510 876 704 932 Omnia
733 874 1043 930 celsithroni
1074 887 1174 928 nec
1200 889 1306 927 non
1329 872 1588 926 miracula
1616 869 1838 932 Christi,

513 968 582 1022 Et
604 982 752 1036 spem
782 972 1052 1038 perpetua:
1073 971 1193 1034 post
1213 963 1329 1019 hzec
1355 977 1567 1032 quoque
1589 961 1782 1016 sa:cula
1806 960 1957 1023 vitae;

511 1058 763 1114 Continet
783 1059 884 1112 iste
906 1057 1070 1112 etiam
1094 1055 1276 1112 Codex
1301 1057 1419 1110 ιιωο
1437 1055 1620 1110 omnia
1649 1053 1794 1108 solus
1821 1069 1834 1104 :

515 1149 722 1204 Idcirco
750 1148 801 1200 in
833 1162 1027 1217 magno
1053 1161 1262 1216 semper
1286 1147 1548 1200 habeatur
1571 1143 1793 1198 honore.

510 1238 610 1304 Da,
638 1254 788 1310 rogo,
811 1238 1025 1292 Christe
1053 1245 1264 1308 potens,
1293 1245 1508 1291 aeterna:
1530 1237 1750 1304 prmmia
1778 1233 1922 1295 vitm,

509 1331 696 1398 Daque
720 1337 823 1382 tua:
845 1327 1074 1390 famulze,
1107 1343 1226 1396 quae
1255 1323 1742 1392 scriberejusserat
1762 1323 1946 1384 istum,

511 1422 584 1478 lit
615 1421 856 1491 requiem
893 1430 1014 1489 post
1042 1420 1184 1474 hanc
1223 1419 1390 1473 vitam
1420 1426 1694 1471 mereatur
1714 1414 1916 1468 habere

510 1512 854 1584 Perpetuam,
881 1526 1106 1566 numero
1137 1517 1448 1565 satetorum
1468 1509 1656 1580 juncta
1679 1518 1776 1576 per
1801 1517 1998 1560 aevum.

1261 1621 1348 1676 Vl.

520 1748 542 1776 ο
577 1736 644 1792 In
671 1754 879 1792 sacrum
935 1735 1342 1810 Codicemjura
1385 1731 1628 1810 _Rad_onis
1663 1727 1864 1784 abbatis
1906 1743 2089 1783 mona-
2119 1747 2165 1810 Β

904 1807 1048 1860 sterii
1087 1805 1148 1861 S.
1184 1803 1396 1858 Vedasti
1423 1804 1754 1884 scriptum‘.‘

509 1922 568 1978 In
599 1923 701 1978 hoc
727 1921 961 1992 quinque
982 1919 1128 1984 libri,
1154 1918 1454 1974 retinentur
1475 1915 1669 1970 Codice
1692 1912 1877 1978 Mosis,

509 2011 656 2068 Bella
680 2013 830 2067 ducis
849 2009 1030 2074 Josne,
1061 2011 1333 2063 seniorum
1363 2015 1418 2061 et
1450 2016 1692 2075 tempora
1721 2013 1958 2074 patrum.

509 2101 676 2168 Ruth,
697 2101 818 2166 Job,
845 2109 900 2155 et
925 2099 1132 2169 Regum
1157 2099 1238 2153 bis
1267 2098 1377 2153 bini
1405 2111 1633 2165 namque
1661 2094 1854 2157 libelli;

508 2191 684 2260 Atque
712 2191 1104 2259 Prophetarum
1129 2188 1300 2243 sancti
1331 2188 1412 2241 bis
1432 2197 1552 2240 octo
1583 2184 1745 2240 libelli
1769 2201 1783 2248 ;

510 2281 763 2335 Carmina
787 2279 1031 2350 pmclari
1057 2279 1253 2332 Cbrist'
1286 2277 1454 2346 patris
1478 2275 1731 2345 bymnica
1753 2272 1944 2336 David,

512 2369 582 2422 Et
607 2369 708 2421 tria
741 2365 949 2436 pacifici
977 2365 1282 2420 Salomonis
1307 2363 1562 2432 opuscula
1587 2362 1750 2431 regis.

510 2457 761 2527 Jungitur
798 2456 882 2510 bis
912 2455 1125 2524 Sophia:
1149 2455 1275 2510 Jesu
1307 2454 1464 2509 simul
1493 2460 1653 2522 atque
1683 2450 1911 2516 libellus,

509 2548 580 2603 Et
609 2547 1029 2618 Paralipomenis
1053 2547 1196 2601 enim
1225 2546 1330 2600 duo
1355 2559 1544 2612 nempe
1573 2543 1757 2598 libelli.

511 2637 647 2693 Hinc
671 2638 842 2701 Ezrze,
864 2637 1150 2700 Nchemim,
1188 2637 1400 2700 Hester,
1427 2635 1608 2690 Judith
1635 2642 1797 2704 atque
1827 2630 1991 2688 libelli

510 2731 578 2784 Et
599 2730 962 2805 duonamque
985 2729 1105 2784 libri
1139 2729 1440 2783 Machabrea
1471 2726 1610 2781 bella
1642 2733 1902 2780 tenentes.

509 2822 746 2878 Matthtei
768 2831 823 2878 et
846 2821 1032 2888 Marci,
1064 2821 1223 2876 Luc:e
1256 2821 1410 2884 liber,
1437 2826 1597 2888 atque
1617 2816 1837 2872 Joannis

507 2913 706 2985 Inclyta
733 2923 882 2984 gesta
916 2923 1100 2968 tenens
1127 2914 1384 2968 salvantis
1411 2912 1604 2968 smcula
1628 2910 1850 2966 Christi.

511 3005 743 3060 Sanctus
765 3005 1098 3076 Apostolicos
1123 3005 1299 3058 Lucas
1325 3005 1720 3075 conscripserat
1743 3001 1939 3066 Actus;

506 3094 602 3150 Bis
630 3103 834 3164 septem
860 3096 1032 3148 sancti
1062 3109 1158 3164 per
1178 3095 1396 3149 chartas
1430 3094 1675 3158 dogmata
1702 3091 1875 3156 Pauli,

509 3184 716 3249 Jacobi,
747 3185 915 3246 Petri,
937 3185 1085 3240 Juda:
1114 3195 1168 3239 et
1196 3185 1280 3254 pia
1308 3184 1447 3238 dicta
1471 3183 1692 3236 Joannis
1719 3199 1733 3234 :

512 3275 784 3332 Scrib'rtur
808 3286 1049 3332 extremo
1071 3277 1291 3331 Joannis
1317 3278 1369 3330 in
1399 3277 1589 3330 ordine
1613 3284 1807 3328 tomus.

512 3366 623 3421 Hos
648 3367 780 3437 lege,
809 3376 863 3420 tu
889 3368 1058 3422 lector
1082 3367 1227 3430 felix,
1263 3367 1491 3422 feliciter
1517 3381 1728 3430 omnes,

511 3459 593 3513 Ad
623 3459 831 3514 laudem
859 3458 1058 3512 Christi
1085 3459 1462 3528 propriamque
1489 3457 1540 3510 in
1571 3456 1728 3510 srecla
1767 3456 2011 3512 salutem.

512 3549 748 3620 Alteram
769 3549 1000 3620 ejusdem
1027 3549 1233 3620 Alcaini
1260 3565 1458 3620 poema,
1485 3547 1624 3620 quod
1644 3547 1952 3620 prtrcedenti
1976 3549 2088 3604 sine

629 3619 736 3672 ulla
768 3616 896 3674 riora
933 3618 1085 3673 titulo
1117 3616 1304 3672 ibidem
1331 3616 1682 3686 subjungitur,
1719 3616 1815 3670 hac
1843 3627 1916 3670 est
1949 3634 1966 3670 :

513 3710 648 3764 Dum
669 3709 876 3780 primus
901 3710 1125 3779 pulchro
1153 3709 1326 3763 fuerat
1351 3710 1511 3762 homo
1534 3707 1718 3775 pulsus
1744 3706 1812 3760 ab
1835 3707 2012 3794 horto,

580 3799 637 3853 In
665 3801 825 3864 hanc,
852 3802 1018 3870 proh!
1049 3801 1299 3854 miseram
1331 3807 1523 3863 morte,
1557 3798 1739 3852 dolore
1761 3797 1900 3853 diem
1926 3815 1939 3852 :

509 3890 715 3944 Infandi
746 3899 799 3944 et
823 3891 1026 3959 gemuit
1053 3890 1315 3961 condigna
1347 3889 1556 3959 piacula
1581 3887 1731 3953 facti,

580 3981 714 4035 Cum
742 3988 851 4035 tota
876 3981 1079 4050 pariter
1106 3980 1255 4051 prole
1279 3980 1467 4034 salutis
1495 3980 1669 4049 inops.

510 4073 627 4127 Non
663 4080 838 4125 tamen
876 4072 1216 4140 omnipotens
1245 4071 1457 4125 bonitas
1481 4069 1759 4123 dimiserat
1787 4083 1944 4124 omne

580 4163 636 4216 lu
663 4161 890 4216 miseros
912 4171 1117 4232 magnze
1131 4159 1243 4228 jam
1273 4161 1491 4230 pietatis
1512 4173 1676 4227 opus;

509 4251 747 4306 Plurima
775 4251 869 4306 sed
897 4251 1045 4305 mitis
1069 4249 1321 4320 lacrymis
1343 4248 1531 4303 solatia
1557 4248 1753 4303 nostris
1779 4284 1788 4294 .

583 4343 776 4396 Attulit
803 4357 834 4396 e
859 4343 1034 4406 cmlis,
1067 4343 1120 4396 in
1148 4342 1388 4396 bonitate
1414 4356 1547 4403 sua;

509 4433 655 4487 Illius
679 4441 740 4486 ut
766 4448 978 4501 semper
1003 4434 1174 4502 pietas
1203 4433 1470 4495 laudetur,
1501 4441 1730 4497 ametur,

583 4525 909 4579 Cunctorum
932 4525 1132 4591 pariter
1158 4532 1394 4593 pectore,
1425 4532 1622 4586 mente,
1648 4538 1890 4587 manu“

515 4613 784 4683 Quidquid
809 4613 1010 4667 habere
1040 4613 1162 4666 boni
1199 4612 1392 4682 poterit
1434 4628 1585 4666 mens
1614 4612 1828 4666 conscia
1861 4612 2010 4676 recti,

585 4705 731 4759 Illius
758 4705 860 4760 hoc
887 4711 1058 4757 totum
1085 4703 1255 4774 gratia
1287 4717 1494 4757 summa
1521 4701 1686 4757 dedit.

511 4794 656 4849 Inter
681 4809 802 4864 qua:
823 4793 1086 4864 siquidem
1113 4802 1236 4848 sunt
1269 4793 1502 4848 maxima
1531 4791 1668 4846 dona
1693 4791 1974 4858 librorum,

583 4885 684 4953 Qui
713 4885 881 4940 series
907 4901 1087 4940 rerum
1114 4893 1167 4940 et
1193 4893 1433 4954 tempora
1457 4892 1653 4939 cuncta
1683 4893 1904 4947 canunt,

511 5038 763 5094 billonius
787 5037 1230 5106 deprehenderat,
1257 5037 1584 5106 restituimns
1616 5050 1679 5088 ex
1721 5043 1929 5089 vetusto
1957 5036 2076 5090 cod.

513 5125 616 5164 ms.
645 5105 939 5178 Salisburg.
968 5109 1076 5178 Aea
1103 5123 1206 5178 non
1238 5107 1339 5160 alia
1383 5121 1500 5160 esse
1537 5105 1767 5178 videtur,
1797 5121 1964 5178 quam,
1992 5121 2078 5178 so-

513 5195 606 5232 ror
630 5179 714 5232 illa
746 5175 929 5242 Cislte,
957 5175 1110 5241 cujus
1134 5177 1389 5230 Alcuinus
1413 5177 1657 5230 meminit
1682 5176 1734 5228 in
1769 5176 1920 5243 epist.
1951 5177 2071 5230 127.

511 5249 633 5302 Vid.
669 5247 844 5302 Mabil.
872 5247 1061 5300 Annal.
1093 5257 1219 5300 tom.
1247 5247 1308 5312 ll,
1339 5261 1459 5316 pag.
1491 5246 1614 5298 527.

585 5331 609 5359 ε
651 5319 820 5382 Edit.,
849 5317 1103 5370 deductus
1131 5333 1324 5369 amore.

585 5389 612 5428 δ
651 5387 816 5449 Edit.,
839 5385 997 5439 simul
1021 5387 1151 5456 geri,
1176 5385 1320 5456 nullo
1348 5400 1528 5439 sensu.
1867 5455 1874 5456 ί
1999 5421 2003 5425 -

585 5469 606 5496 ε
653 5457 761 5511 Hoc
787 5472 1007 5510 carmen
1027 5455 1098 5509 ex
1123 5455 1308 5510 codice
1337 5472 1437 5509 ms.
1479 5461 1788 5524 pervetuslo
1813 5455 1878 5507 ad
1906 5471 2076 5509 tevum

511 5527 688 5581 Caroli
720 5526 893 5595 Magni
925 5535 1087 5594 atque
1116 5527 1250 5580 adeo
1285 5526 1449 5593 ipsius
1481 5522 1644 5578 etiam
1673 5522 1877 5576 Alcnini
1917 5526 2077 5592 perti-

513 5608 694 5661 nente,
722 5599 813 5666 qui
844 5606 1020 5650 exstat
1063 5597 1114 5648 in
1147 5596 1473 5649 Bibliotheca
1523 5595 1764 5666 Caesarea
1814 5595 2076 5666 Vinalobo-

513 5669 688 5733 nensi,
713 5663 929 5723 exhibet
958 5666 1339 5723 celeberrimus
1364 5664 1678 5718 Lambecius
1703 5671 1828 5716 tom.
1859 5664 1896 5716 ll
1923 5663 2076 5720 Com-

1349 304 1410 359 B.
1454 305 1512 359 F.
1555 299 1778 357 ALBINI
1815 297 1946 354 SEU
1987 295 2262 352 ALCUINI
2300 295 2584 354 OPERUM
2625 297 2800 353 PARS
2839 299 2922 352 γι.

2108 416 2156 472 Α
2186 411 2252 464 Et
2275 412 2512 467 dictante
2539 411 2650 468 Deo
2677 413 2908 468 retinent
2932 414 3225 483 primordia
3256 417 3462 485 mundi,

3655 300 3752 358 159

2259 503 2325 556 Et
2351 504 2622 558 Christum
2647 505 2821 560 szeclis
2849 507 3208 574 prtececinere
3235 509 3414 578 pium;

2186 596 2242 649 In
2269 597 2462 664 quibus
2485 605 2540 651 et
2569 597 2768 652 homini
2798 599 2934 651 ratio
2962 609 3044 653 est
3071 600 3194 654 data
3218 611 3363 655 certa
3395 603 3606 659 colendi

2256 690 2373 760 Ipsa
2403 691 2591 756 Deum,
2624 706 2752 745 vera
2779 700 2861 746 est
2887 707 3007 760 qute
3037 693 3145 757 via,
3169 693 3300 757 vita,
3325 694 3489 750 salus.
3515 722 3518 724 ·

2188 779 2296 833 llos
2319 779 2458 848 legat
2481 789 2535 837 et
2567 789 2765 845 teneat,
2791 781 3001 849 placeat
3028 783 3116 836 cui
3140 792 3358 853 pectore
3383 801 3520 854 puro

2258 871 2452 927 Vivere
2477 887 2601 928 cum
2626 872 2856 938 Christo,
2887 888 3080 942 perpes
3115 873 3170 928 in
3199 890 3323 930 arce
3351 877 3481 945 poli.

2190 963 2325 1018 Sunt
2346 978 2567 1018 numero
2593 964 2794 1033 pariter
2817 964 2937 1018 deni
2977 965 3083 1018 duo
3111 966 3313 1034 septies
3340 966 3366 1005 ἀ
3392 975 3558 1039 atque
3657 995 3662 1000 -

2259 1054 2336 1108 De
2360 1053 2555 1122 quibus
2579 1061 2635 1107 et
2662 1053 2795 1107 nulli
2829 1053 2942 1123 jam
2975 1055 3224 1110 dubitare
3261 1055 3410 1111 licet.

2187 1144 2244 1198 In
2274 1143 2475 1197 Christi
2501 1143 2657 1197 nobis
2679 1159 2937 1200 numerus
2963 1147 3285 1201 venerabilis
3311 1147 3414 1204 iste
3443 1186 3450 1194 -

2261 1233 2484 1304 Mystice
2513 1233 2790 1303 discipulis
2818 1250 3056 1303 namque
3072 1247 3322 1294 sacratus
3343 1237 3515 1293 adest.

2189 1324 2284 1378 llis
2313 1324 2478 1377 etiam
2509 1323 2660 1378 libris
2686 1324 2827 1378 inest
2856 1326 3092 1381 cmlestis
3121 1328 3294 1398 origo,

2259 1419 2368 1475 Hos
2392 1420 2520 1496 quia
2551 1421 2774 1476 dictavit
2805 1421 3040 1492 Spiritus
3059 1425 3174 1494 ipse
3204 1424 3365 1479 Deus.

2187 1509 2439 1565 Continet
2467 1512 2567 1566 iste
2596 1527 2702 1566 uno
2732 1521 2919 1568 sancto
2942 1513 3041 1568 sub
3070 1529 3295 1584 corpore
3325 1515 3504 1571 Codex

2259 1600 2358 1656 llic
2380 1601 2539 1656 simul
2565 1601 2664 1656 hos
2694 1610 2855 1666 totos,
2881 1618 3104 1657 munera
3133 1620 3329 1675 magna
3358 1605 3452 1660 Dei
3683 1671 3688 1682 ι

2190 1690 2380 1748 Omnia
2412 1707 2644 1761 namque
2674 1692 2836 1748 Novm
2865 1709 2929 1748 ac
2957 1693 3166 1748 Veteris
3191 1697 3278 1764 pia
3309 1697 3505 1752 famina
3533 1698 3694 1770 Legis

2258 1785 2421 1840 Ilicee
2448 1801 2557 1840 non
2587 1786 2818 1850 dubites,
2851 1787 3040 1851 lector,
3068 1787 3267 1842 habere
3288 1790 3428 1859 pius.

2187 1875 2286 1930 Hic
2314 1877 2435 1930 vita:
2462 1875 2581 1931 fons
2609 1885 2712 1943 est,
2740 1879 2855 1933 hmc
2883 1887 2966 1933 est
2998 1880 3257 1949 sapientia
3288 1897 3437 1945 vera,

2258 1967 2351 2023 Ha:
2379 1977 2506 2024 sunt
2527 1979 2796 2040 perpetua:
2821 1985 3050 2040 namque
3079 1971 3269 2026 salutis
3292 1987 3439 2041 opes.

2187 2061 2287 2129 Qui
2329 2063 2475 2132 cupit
2513 2062 2750 2119 inveniet
2787 2064 3095 2135 Scripturas
3127 2065 3307 2122 dicere
3339 2067 3490 2138 μίση
3524 2069 3764 2142 αἰδεεηῖ

3463 2157 3690 2231 [sacrare

2257 2244 2579 2302 Sanctorum
2614 2245 2756 2302 dicta
2781 2247 2869 2303 hic
2895 2250 3200 2304 veneranda
3225 2249 3472 2305 Patrum.
3653 2255 3726 2344 ’θ’

2185 2334 2400 2406 Legifer
2424 2337 2510 2391 ille
2533 2338 2652 2407 pius
2676 2339 3058 2409 quidquidg'am
3087 2342 3379 2411 scripserat
3404 2341 3556 2410 olim,

2257 2429 2332 2482 De
2361 2430 2542 2483 mundi
2568 2445 2630 2483 ac
2658 2445 2838 2485 rerum
2863 2432 3128 2502 principio
3151 2433 3415 2504 siquidem
3446 2450 3464 2490 :

2188 2517 2429 2586 Qualiter
2452 2517 2802 2590 Omnipotens
2823 2530 3047 2579 naturas
3071 2525 3326 2580 conderet
3344 2540 3554 2591 omnes,

2257 2608 2474 2678 Ingenio
2503 2618 2765 2678 quantum
2793 2611 2935 2666 scire
2957 2612 3081 2668 licet
3106 2614 3362 2668 hominis.

2187 2699 2286 2756 Hic
2312 2701 2475 2756 etiam
2509 2701 2702 2773 legitur
2725 2703 2957 2760 hominis
2981 2704 3189 2762 factura
3217 2707 3404 2772 creati,

2257 2791 2497 2858 Qualiter
2527 2801 2619 2846 aut
2643 2791 2841 2864 fugerit
2861 2795 3011 2850 exsul
3040 2797 3106 2851 ab
3133 2811 3227 2851 ore
3255 2813 3440 2862 sacro,

2187 2883 2387 2953 Impius
2414 2895 2507 2939 aut
2533 2883 2705 2940 frater
2723 2887 3038 2942 sceleratam
3067 2891 3326 2958 sanguine
3352 2893 3606 2948 dextram

2258 2975 2519 3031 Fraterno
2549 2977 2796 3047 impleret
2821 2995 2917 3034 cur
2945 2980 3159 3049 pietatis
3183 2981 3357 3051 inops.

2113 3089 2163 3154 ο
2191 3066 2322 3122 Post
2339 3067 2502 3122 etiam
2533 3069 2730 3124 retinet
2751 3085 3006 3127 numeros
3026 3079 3082 3126 et
3106 3075 3322 3128 nomina
3351 3075 3594 3142 Patrum,

2265 3155 2557 3212 Steclorum
2583 3174 2679 3227 per
2703 3176 2841 3229 quos
2865 3163 2998 3217 ordo
3023 3165 3262 3220 cucurrit
3288 3181 3474 3220 ovans.

2121 3303 2132 3312 ,
2191 3247 2316 3302 Inde
2343 3247 2456 3303 Noe
2488 3252 2704 3319 requies
2721 3254 2902 3307 mundi
2928 3255 3036 3324 jam
3061 3257 3302 3311 nascitur
3325 3258 3474 3321 almi,

2262 3337 2524 3406 Tempore
2547 3341 2647 3393 sub
2686 3341 2838 3410 cujus
2855 3344 2966 3414 jam
2991 3347 3346 3420 cataclysmus
3370 3355 3509 3413 erat,

2192 3429 2326 3483 Dum
2354 3438 2505 3484 natat
2532 3447 2658 3488 arca
2690 3433 2784 3488 Dei
2813 3434 3018 3505 pelago,
3048 3451 3170 3506 spes
3198 3437 3366 3493 altera
3398 3440 3590 3494 mundi

2261 3518 2449 3574 Totius
2478 3529 2531 3575 et
2557 3522 2700 3576 StecIi
2727 3524 2878 3592 prole
2905 3525 3106 3593 repleta
3135 3527 3316 3582 simul.

2187 3608 2432 3664 Exstruit
2459 3611 2776 3668 immensam
2813 3617 3113 3671 damnanda
3139 3617 3386 3686 superbia
3419 3626 3650 3685 turrem,

2259 3700 2364 3754 Pro
2387 3717 2490 3770 qua
2525 3703 2780 3758 dividitur
2807 3720 3040 3761 consona
3079 3722 3179 3762 vox
3210 3707 3505 3764 hominum.

2188 3793 2324 3848 Tum
2349 3794 2510 3849 Pater
2537 3794 2809 3850 Abraham
2833 3798 2954 3853 (εωιὶ
2975 3799 3110 3854 bene
3135 3783 3322 3854 doedts
3349 3800 3402 3854 in
3432 3802 3616 3866 astris,

2259 3883 2356 3940 Cui
2384 3886 2684 3956 promissus
2705 3896 2824 3942 erat
2852 3888 3019 3944 Filius
3049 3891 3163 3959 ipse
3187 3890 3303 3945 Dei.

2185 3974 2385 4030 Exsilia
2410 3975 2536 4031 hinc
2557 3976 2726 4041 Isaae,
2750 3976 2916 4033 Jacob
2943 3994 3156 4048 quoque
3174 3979 3330 4051 longa
3357 3979 3630 4052 leguntur,

2257 4063 2464 4134 Perque
2487 4075 2668 4136 patres
2691 4068 2774 4122 bis
2797 4083 2890 4123 ses
2918 4070 3089 4136 gentis
3112 4071 3264 4140 origo
3289 4084 3476 4125 sacrze.

2185 4157 2446 4210 Venditur
2472 4158 2597 4212 hinc
2625 4156 2851 4213 fratrum
2875 4159 3076 4213 scelere
3103 4171 3156 4214 et
3185 4169 3488 4230 puer-tatur
3519 4174 3544 4203 σ
3571 4172 3692 4220 atro

2253 4245 2448 4316 Joseph
2477 4247 2530 4301 in
2556 4246 2864 4318 Egyptum,
2895 4257 3046 4317 patre
3073 4249 3286 4304 dolente
3305 4251 3414 4320 pio,

2184 4337 2286 4404 Qui
2312 4339 2462 4410 regni
2491 4349 2575 4395 est
2601 4341 2779 4394 subito
2800 4339 2973 4395 factus
3003 4342 3067 4395 de
3089 4356 3308 4396 carcere
3333 4352 3533 4410 rector,

2105 4450 2158 4510 Β
2252 4428 2468 4484 Etcum
2503 4429 2652 4498 prole
2687 4438 2898 4499 patrem
2927 4430 3079 4484 duxit
3111 4431 3164 4484 in
3201 4448 3328 4487 arva
3369 4447 3556 4489 senem
3596 4434 3757 4506 [Hs.,

3477 4524 3701 4581 Cesenl.

3477 4524 3655 4581 Gesen

2179 4606 2430 4662 Continet
2453 4609 2568 4663 lucc
2594 4607 2807 4664 Genesis
2828 4610 3030 4680 pariter
3056 4610 3194 4665 liber
3216 4612 3394 4667 omnia
3419 4523 3678 4683 pE'imus,]

2249 4699 2430 4768 Usque
2455 4699 2556 4754 fuit
2581 4701 2779 4772 Joseph
2808 4703 2997 4758 mortis
3020 4720 3205 4759 amara
3234 4706 3367 4760 dies.

2178 4786 2304 4844 Post
2325 4790 2477 4859 cujus
2508 4800 2732 4847 mortem
2762 4793 2974 4849 Pharao
3005 4810 3098 4849 rex
3129 4797 3324 4865 impius
3354 4797 3495 4854 alter

2251 4879 2508 4951 Imposuit
2533 4881 2748 4938 famulis
2773 4884 2982 4940 vincula
3015 4886 3150 4940 dura
3179 4887 3294 4941 Dei.

2178 5047 2343 5115 ment:
2378 5039 2731 5115 Bil)l.AC':BSlll‘
2786 5059 2909 5115 pag.
2947 5045 3050 5100 405
3090 5053 3194 5099 vet.
3243 5046 3393 5106 ediL,
3441 5062 3592 5100 nova:
3627 5063 3757 5102 vero

2177 5118 2302 5191 tom.
2321 5110 2362 5175 Ι,
2382 5110 2638 5231 pag_.,6l8.
2664 5112 2720 5165 In
2740 5129 2846 5181 quo
2862 5110 3088 5168 carmini
3112 5118 3405 5186 prmfigitnr
3432 5116 3619 5171 titulus
3648 5135 3659 5169 :
3687 5115 3754 5169 In

2177 5190 2337 5231 capite
2367 5181 2448 5231 ὑπὸ
2472 5182 2684 5231 tothcca:
2727 5183 2790 5231 ab
2823 5183 3040 5231 Alcm'm)
3071 5185 3215 5231 editi-
3249 5186 3752 5231 mthinlelliapmlnm

2174 5180 2337 5247 capite
2367 5180 2684 5235 bibliotheca:
2727 5180 2790 5234 ab
2823 5183 3040 5238 Alcuino
3071 5180 3217 5250 editi,
3249 5180 3753 5250 subintelligendum

2176 5250 2272 5304 abs
2317 5251 2478 5322 dubio
2521 5253 2913 5322 substantivum
2963 5255 3214 5322 plurale:
3263 5255 3472 5308 Versus.
3525 5250 3757 5310 Nomine

2176 5334 2304 5394 vero
2355 5321 2687 5394 bibliotheca:
2735 5323 2824 5377 hic
2870 5321 3204 5392 signiﬁcatur
3247 5326 3514 5394 integrum
3558 5342 3756 5394 corpus

2176 5391 2341 5472 totius
2359 5391 2652 5461 Scriptura:
2670 5407 2840 5448 sacrae
2859 5391 2980 5448 cum
3010 5394 3237 5462 Veteris,
3265 5391 3383 5450 tum
3403 5394 3536 5450 Novi
3563 5391 3754 5450 Testa-

2177 5469 2363 5514 menti.

2245 5529 2270 5568 ἀ
2308 5530 2361 5602 Id
2397 5539 2497 5596 est,
2527 5533 2860 5602 septuaginta
2894 5533 3017 5589 duo.

2252 5611 2272 5640 ε
2313 5600 2436 5667 Ms,
2475 5612 2522 5656 et
2542 5619 2674 5673 puer
2700 5600 2944 5674 inclytus.
