4044 6340
301 364 403 423 755
682 328 687 333 ’
1281 358 1607 417 CARMINA.
1644 392 1713 401 _
1750 336 2267 419 uss-enip'rtouns
2306 362 2564 418 νΛιιιΑε.
3450 365 3553 423 754

297 483 427 538 Post
448 481 665 535 Exodus
684 477 847 535 habet
875 474 1118 547 praeclari
1148 484 1387 543 tempora
1408 473 1590 539 Mosis,
1901 475 1954 537 Α
2049 475 2201 530 Alma
2230 476 2325 532 Dei
2346 478 2579 548 genitrix
2605 478 2769 548 Virgo
2800 480 2965 535 Maria
2992 478 3112 534 fuit.

368 574 471 643 Qui
499 574 787 629 mandante
816 573 927 628 Deo
951 572 1059 626 dux
1084 570 1185 624 fuit
1212 570 1263 623 in
1299 569 1514 639 populo,
1975 567 2241 625 Paciﬁcus
2268 579 2391 639 post
2414 587 2572 639 quem
2602 570 2855 628 Salomon
2894 572 2915 611 ί
2948 588 3113 643 regna
3140 570 3376 643 regebat,

298 666 537 722 Fortiter
558 665 793 721 educens
813 662 1030 733 Egypti
1059 661 1126 715 de
1147 668 1305 732 gente
1328 659 1583 729 maligna,
2045 660 2147 727 Qui
2180 663 2485 716 construxit
2512 678 2680 717 ovans
2703 665 2896 733 templa
2938 673 3150 719 sacrata
3179 663 3290 720 Deo
3323 679 3338 718 :

370 760 578 829 Perque
607 758 794 812 decem
821 755 1021 825 plagas,
1062 753 1274 824 agmina
1300 761 1485 807 sancta
1513 751 1632 817 Dei,
1974 754 2031 809 In
2068 760 2194 807 nato
2221 751 2375 820 cujus
2402 752 2675 809 (induntur
2693 756 2903 810 viscera
2931 756 3103 825 regni,

301 851 420 919 Egit
452 850 555 904 iter
575 848 800 920 populus
828 846 987 901 siccis
1019 858 1115 914 per
1138 858 1355 912 atquora
1380 842 1594 911 plantis,
2047 847 2114 901 Et
2140 845 2329 901 Iudam
2362 853 2571 901 tantum
2600 848 2715 902 Rex
2743 848 2983 915 Roboam
3013 848 3206 904 tenuit.

372 938 669 994 Cantantes
696 936 923 990 Domino
945 932 1185 989 carmina
1207 932 1427 986 Ιίιὲιίιίῖεο
1976 936 2151 991 Induit
2190 935 2512 991 Ilicroboam
2546 936 2803 993 Samaria:
2834 947 3117 994 stemmate
3142 953 3341 1008 parvus
3379 941 3404 978 ε

302 1030 463 1101 206
487 1029 624 1083 Ilinc
646 1031 768 1083 data
795 1028 880 1080 lex
910 1025 1083 1080 fuerat
1110 1023 1259 1079 Sinai
1284 1024 1350 1077 de
1371 1022 1572 1077 vertice
1597 1020 1767 1085 celso,
2048 1026 2149 1095 Qui
2177 1042 2364 1097 regum
2393 1027 2600 1095 primus
2628 1028 2863 1084 excoluit
2884 1030 3099 1085 vitulos.

371 1118 428 1171 In
458 1116 652 1172 tabulis
690 1123 877 1169 sancto
900 1113 1099 1183 scripta
1128 1112 1222 1166 Dei
1253 1111 1454 1180 digito;
1979 1117 2115 1172 IIinc
2146 1117 2247 1189 sibi
2279 1132 2441 1186 regna
2466 1116 2572 1171 duo
2599 1117 2815 1171 fuerunt
2849 1119 3123 1173 contraria
3150 1133 3385 1189 semper,

301 1209 473 1277 Quam
499 1208 667 1262 turbis
694 1206 896 1269 retulit,
930 1204 1261 1260 descendens
1290 1202 1492 1259 vertice
1516 1201 1736 1265 montis,
2046 1212 2113 1265 Et
2144 1186 2351 1263 fr'ntres‘
2368 1210 2508 1263 inter
2536 1209 2674 1264 bella
2706 1209 2856 1266 fuere
2885 1224 2997 1264 rea,

370 1299 606 1355 Cornuta
630 1297 767 1353 facie
798 1296 986 1367 legifer
1011 1296 1125 1366 ipse
1161 1297 1303 1366 pius.
1980 1300 2072 1355 Sic
2095 1316 2280 1370 regum
2310 1301 2478 1355 series
2500 1316 2599 1370 per
2622 1308 2865 1371 tempora
2894 1302 3049 1369 longa
3073 1301 3332 1365 cucurrit,

301 1390 484 1459 Longa
508 1388 723 1458 quidem
747 1386 957 1456 populis
982 1399 1007 1427 ιι
1032 1387 1119 1440 vix
1145 1401 1242 1456 per
1265 1386 1477 1440 deserta
1499 1390 1805 1454 vagantem.
2048 1392 2166 1446 prae
2195 1392 2377 1446 munis
2404 1392 2666 1448 scelerum
2695 1392 2854 1447 noxia
2884 1392 3204 1447 criminibus
3231 1411 3243 1445 ε

371 1478 614 1533 Condere
641 1477 958 1546 prmcipiens
982 1475 1120 1529 atria
1148 1482 1335 1529 sancta
1361 1473 1492 1528 Deo.

1978 1483 2159 1537 Donec
2180 1484 2234 1536 in
2265 1491 2517 1537 externas
2538 1483 2767 1552 pepulus
2792 1498 2912 1537 cum
2942 1484 3183 1553 principe
3211 1491 3398 1553 gentes

298 1568 434 1625 Cum
465 1568 687 1633 mensis,
717 1568 882 1630 vasis,
914 1566 1114 1621 tabulis
1139 1565 1298 1619 simul
1325 1572 1487 1633 atque
1514 1562 1770 1626 lucernis,
2052 1574 2253 1628 Ductus
2277 1581 2412 1636 erat,
2441 1588 2631 1643 pugnas
2653 1571 2873 1641 jamque
2896 1573 3045 1628 luere
3075 1590 3222 1628 suas,

371 1660 679 1728 Sanctaque
701 1659 1046 1723 Sanctorum,
1073 1672 1179 1727 quo
1204 1656 1305 1711 fuit
1332 1671 1455 1710 arca
1480 1655 1594 1709 Dei.

1981 1663 2224 1730 Quatuor
2251 1663 2367 1717 hare
2400 1662 2556 1717 libris
2580 1663 2905 1718 clauduntur
2932 1671 3172 1731 tempora
3203 1662 3421 1733 Regum.

293 1752 425 1808 Inde
454 1750 796 1807 sacerdotum
822 1748 1080 1803 describit
1107 1748 1160 1801 in
1190 1746 1379 1801 ordine
1408 1744 1605 1809 cultus,
1908 1806 1952 1822 ﬁ
2050 1754 2194 1809 Urbs
2219 1754 2360 1821 perit
2383 1768 2554 1822 usque
2581 1769 2756 1816 sacra,
2784 1768 2880 1806 rex
2906 1753 3063 1807 simul
3090 1762 3143 1807 et
3166 1752 3413 1822 populus.

366 1843 445 1897 Ac
472 1842 770 1896 Levitarum
798 1839 989 1894 tertius
1018 1839 1131 1907 ipse
1150 1838 1308 1902 liber,
1906 1806 1953 1867 Β
1979 1844 2105 1898 Inde
2136 1843 2518 1913 Prophetarum
2544 1843 2806 1913 prrcclara
2835 1843 3110 1896 volumina
3149 1806 3416 1906 constant,

292 1933 568 2002 Tempora
597 1939 913 1987 sanctorum
940 1929 1213 1985 currentia
1235 1928 1369 1983 festa
1399 1927 1628 1990 dierum,
2046 1932 2317 1989 Venturos
2343 1933 2569 1998 Christi,
2594 1949 2713 2002 qua:
2745 1934 2994 1988 cecinere
3021 1933 3168 1998 dies;

368 2027 437 2080 Et
468 2035 645 2079 vestes
672 2024 852 2078 Aaron
874 2022 1299 2093 progeniemque
1331 2034 1560 2073 sacram.
1978 2022 2293 2077 Nominibus
2319 2022 2554 2091 propriis
2576 2022 2665 2090 qui
2699 2031 2822 2076 sunt
2843 2022 2928 2077 bis
2953 2030 3076 2077 octo
3104 2021 3291 2085 libelli,

297 2115 572 2172 Scribitur
601 2114 653 2168 in
684 2123 876 2183 quarto
912 2111 1267 2165 Numerorum
1297 2109 1559 2179 mysticus
1584 2107 1737 2172 ordo,
1796 2130 1800 2137 -
2049 2109 2333 2164 Ilieremim
2356 2110 2481 2163 hinc
2508 2110 2738 2176 gemitus
2762 2126 2862 2179 pro
2882 2110 3045 2165 Iosua
3069 2117 3124 2165 et
3146 2110 3361 2180 populo.

369 2207 474 2261 Per
506 2205 680 2260 tribus
703 2212 757 2257 et
786 2210 993 2257 turmas
1017 2216 1224 2255 summa
1254 2198 1349 2253 Dei
1377 2198 1593 2268 populo.
1979 2202 2240 2272 Hymnica
2263 2199 2584 2255 Psalterium
2614 2210 2826 2256 constat
2858 2218 2951 2271 per
2984 2203 3223 2257 carmina
3254 2210 3449 2265 tomus,

296 2293 526 2365 Mystica
564 2290 658 2347 sed
684 2290 903 2344 Balaam
928 2289 1158 2345 senioris
1183 2290 1346 2343 verba
1368 2287 1641 2357 prophetae
2049 2292 2180 2359 Quae
2208 2292 2406 2346 cecinit
2439 2291 2638 2347 Christi
2670 2309 2764 2346 rex
2794 2302 2949 2362 pater
2974 2294 3087 2361 ipse
3110 2290 3301 2347 David.

370 2384 510 2439 Vera
534 2397 733 2439 canens
758 2381 980 2450 quinam
1009 2379 1241 2450 plurima
1274 2378 1605 2447 praecocinit.
1682 2370 1687 2373 ⁷
1980 2383 2115 2438 Tres
2140 2381 2388 2437 Salomon
2422 2383 2589 2439 libros
2612 2384 2875 2438 mirabilis
2903 2383 3072 2437 edidit
3096 2389 3303 2446 auctor,

296 2476 543 2544 Quatuor
556 2475 692 2543 hinc
718 2473 896 2528 decies
921 2488 1019 2543 per
1044 2479 1197 2527 vasta
1224 2470 1435 2525 silentia
1465 2468 1671 2532 mundi,
2049 2472 2146 2528 llis
2174 2474 2282 2528 duo
2303 2473 2605 2544 junguntur
2622 2489 2718 2543 per
2755 2473 3068 2544 paradigma
3096 2472 3216 2527 libri
3241 2488 3255 2537 ;

370 2568 587 2622 Erravit
608 2566 797 2620 sitiens
824 2565 978 2635 plebs
1002 2564 1248 2620 malefida
1278 2564 1407 2617 Deo.
1980 2564 2222 2632 Quorum
2247 2567 2444 2635 quippe
2470 2566 2620 2636 prior
2651 2564 2919 2637 Sapientia
2945 2565 3143 2621 dicitur
3165 2565 3327 2629 alma,

298 2661 419 2716 Dux
443 2667 665 2715 renovat
682 2659 855 2729 legem
886 2658 916 2698 δ
942 2658 1099 2713 dictis
1124 2657 1465 2712 mordacibus
1486 2655 1701 2717 almam,
2052 2656 2281 2711 Notatur
2304 2655 2431 2711 Iesu
2470 2658 2685 2711 nomine
2712 2656 2981 2726 posterior

371 2750 619 2820 Dumque
644 2750 785 2805 diem
818 2751 1010 2804 mortis
1034 2749 1202 2803 sensit
1237 2748 1425 2801 adesse
1446 2746 1568 2799 sibi.
1984 2748 2120 2804 Ilinc
2153 2746 2645 2818 Paralipomenonis
2677 2748 2828 2802 adest
2858 2762 3013 2802 sacer
3039 2745 3385 2811 illqlibellus,

296 2841 416 2897 Hoc
444 2849 592 2896 tenet
619 2840 834 2912 egregio
864 2840 1084 2910 quintus
1113 2852 1361 2894 sermone
1383 2836 1611 2901 libellus,
2053 2840 2156 2908 Qui
2182 2838 2383 2894 veteris
2409 2838 2569 2905 Legis
2598 2838 2795 2893 dicitur
2822 2839 3067 2907 epitome-

370 2931 429 2985 In
456 2940 687 2986 mentem
726 2945 987 2986 revocans
1015 2929 1155 2983 dona
1185 2928 1276 2983 Dei
1306 2926 1521 2997 populo.
1984 2932 2121 2986 IIinc
2145 2929 2319 2993 Ezrte,
2348 2928 2611 2992 Neltmim,
2636 2928 2846 2992 Iudith,
2876 2927 3162 2997 Hesterque
3188 2924 3384 2987 libelli;

294 3023 407 3080 Per
434 3024 645 3078 deserta
680 3037 880 3093 negans
916 3022 1200 3077 Dominum
1241 3021 1381 3091 perit
1416 3018 1659 3088 improba
1702 3018 1855 3072 turba
2054 3024 2205 3078 Tunc
2230 3022 2407 3077 Tobia;
2441 3022 2636 3090 pietas,
2662 3018 2904 3090 angelus,
2932 3028 3104 3082 actus,
3143 3018 3267 3071 iter.

370 3114 451 3169 Ac
473 3113 762 3215 mandante
787 3113 897 3215 Deo
920 3112 1110 3215 legifer
1135 3112 1308 3215 almus
1335 3122 1357 3150 ο
1392 3112 1529 3215 obit.
1905 3156 1948 3215 ϐ
1984 3115 2185 3186 Inclyta
2216 3129 2342 3168 nam
2377 3113 2521 3168 binis
2544 3111 2852 3215 Machalt‘a’a
2878 3111 3019 3165 bella
3044 3109 3238 3215 libellis

296 3205 466 3261 Iosue
492 3205 746 3270 surrexit,
780 3206 966 3261 turbas
995 3206 1101 3259 dux
1135 3204 1369 3274 inclytus
1394 3204 1560 3258 armis
1905 3196 1948 3215 υ
2056 3209 2401 3272 Scribuntur,
2431 3207 2589 3261 victis
2615 3206 2864 3276 gentibus
2891 3212 2945 3260 et
2969 3196 3198 3276 populis.

372 3295 636 3352 Inducens
657 3297 912 3365 patriam,
941 3311 1102 3365 quam
1132 3296 1273 3350 Deus
1302 3296 1415 3364 ipse
1444 3294 1591 3349 dedit
1618 3308 1632 3346 :
1983 3301 2107 3356 Haec
2133 3308 2216 3354 est
2244 3307 2430 3354 sancta
2465 3298 2681 3368 quidem
2710 3297 2869 3367 Legis
2897 3296 3178 3367 Scriptura
3203 3294 3460 3359 Vetustas,

294 3385 539 3442 Plurima
570 3388 660 3456 qui
693 3386 857 3457 gessit
883 3385 1157 3457 praeclaris
1190 3385 1329 3439 bella
1358 3384 1666 3453 triumphis,
1876 3446 1879 3451 η
2052 3389 2257 3443 Divinis
2287 3397 2399 3443 tota
2432 3404 2550 3458 qua:
2582 3386 2753 3441 titulis
2782 3386 3007 3442 redolet.

383 3480 705 3550 Dispergens
733 3478 759 3517 ἀ
791 3488 978 3549 gentes
1000 3477 1282 3532 Cananeas
1307 3477 1514 3547 gladio;
1983 3480 2248 3548 Tempora
2277 3479 2530 3548 Baptisttc
2554 3479 2846 3532 decurrens
2873 3492 3043 3546 usque
3072 3475 3314 3542 Ioannis,

297 3569 408 3624 Per
428 3569 599 3624 tribus
627 3578 678 3624 et
700 3577 892 3635 sortes,
922 3583 1018 3639 per
1040 3569 1256 3623 nomina
1284 3568 1425 3622 clara
1458 3578 1737 3636 parentum
1757 3585 1775 3598 ν
2054 3567 2285 3622 Sanctus
2316 3566 2587 3637 Evangelii
2620 3567 2746 3620 hinc
2775 3566 3078 3620 celebratur
3106 3565 3309 3628 honor;

375 3660 577 3731 Inclyta
601 3660 929 3715 distribuens
957 3674 1122 3729 regna
1149 3659 1244 3713 Dei
1270 3658 1499 3729 populo;
1982 3657 2040 3711 In
2068 3672 2175 3725 quo
2203 3665 2344 3711 tecta
2371 3657 2461 3710 diu
2488 3671 2767 3711 sacrorum
2796 3661 2946 3726 gesta
2970 3655 3253 3717 librorum,

300 3749 469 3818 Cujus
496 3759 641 3821 gesta
666 3758 811 3821 tenet
832 3751 944 3821 jam
973 3761 1157 3805 sextus
1178 3749 1231 3803 in
1254 3749 1442 3804 ordine
1474 3756 1669 3811 tomus,
2054 3746 2110 3799 In
2137 3744 2338 3799 Christi
2364 3745 2595 3799 adventu
2620 3745 2733 3814 jam
2762 3751 3005 3798 reserata
3034 3751 3244 3813 patent,

374 3841 741 3897 Praetitulatus
765 3818 910 3896 e‘him
932 3841 1148 3895 nomine
1172 3856 1405 3909 namque
1437 3856 1557 3895 suo.
1988 3836 2072 3898 Et,
2105 3837 2353 3891 veniente
2377 3837 2487 3891 Deo
2513 3836 2787 3907 praeclara}
2811 3834 2948 3890 lucis
2977 3835 3028 3888 in
3056 3833 3269 3897 orbem,

300 3932 435 3989 Post
462 3942 691 3988 mortem
720 3932 873 4001 cujus
906 3933 1135 4003 pepulus
1162 3948 1284 3988 eum
1314 3940 1555 4002 tempore
1584 3932 1776 3997 multo,
2064 3925 2390 3980 Umbrarum
2417 3928 2653 3982 tenebrat
2684 3942 2807 3981 mox
2831 3926 3012 3981 abiere
3042 3922 3229 3995 procul
3256 3936 3269 3975 :

382 4026 563 4097 Usque
587 4026 703 4081 dies
730 4026 900 4091 Sauli,
931 4026 1210 4079 Iudicibus
1237 4026 1461 4095 regitur,
1988 4013 2125 4069 "inc
2156 4018 2418 4087 quadriga
2448 4016 2565 4081 Dei,
2588 4016 2848 4070 cherubin
2878 4014 3189 4077 comitante,
3220 4009 3450 4081 refulget

303 4117 547 4185 Quorum
569 4126 740 4189 gesta,
763 4134 948 4188 genus,
966 4126 1193 4186 tempus,
1212 4116 1351 4181 loca,
1374 4116 1531 4179 bella,
1561 4114 1883 4185 triumphos,
2061 4112 2190 4178 Qum
2220 4108 2421 4164 Christi
2448 4107 2501 4161 in
2531 4106 2789 4161 mundum
2816 4114 3059 4173 tempora
3087 4116 3241 4157 sacra
3268 4108 3453 4164 sonat;

380 4208 603 4261 Nomina
630 4223 862 4277 namque
892 4207 1058 4262 refert
1083 4207 1342 4275 septimus
1370 4206 1457 4259 ille
1483 4205 1650 4271 liber;
1990 4203 2292 4265 Mattha’us,
2328 4199 2560 4263 Marcus,
2598 4196 2768 4249 Lucas
2806 4195 3155 4263 simulatque
3191 4193 3445 4273 Ioannes,

304 4300 376 4354 Et
402 4301 613 4368 patiens
647 4311 669 4337 ε
700 4299 843 4354 enim
868 4299 1068 4353 librum
1090 4298 1330 4353 decurrit
1354 4298 1409 4351 in
1434 4297 1592 4352 istum
1625 4315 1636 4349 :
2061 4296 2371 4352 Scribentes
2404 4292 2607 4347 Christi
2641 4300 2791 4361 gesta
2819 4296 3033 4345 sacrata
3060 4286 3176 4341 Dei.

379 4392 551 4459 Quem
582 4390 717 4445 Ruth
749 4390 1097 4459 consequitur
1126 4389 1323 4445 femina
1360 4389 1506 4444 clara
1535 4387 1688 4443 satis.
1995 4387 2230 4442 Sanctus
2251 4383 2576 4455 Apostolicos
2605 4382 2780 4436 Lucas
2818 4379 3176 4448 descripserat
3210 4376 3391 4439 Actus,

306 4483 448 4538 Hinc
473 4483 575 4537 Iob
603 4483 899 4553 intrepidus
929 4483 1052 4538 ﬁdei
1078 4483 1307 4539 bellator
1335 4484 1387 4537 in
1417 4482 1603 4547 armis,
1919 4523 1968 4581 Β
2066 4476 2604 4581 ῡοεηηιει,“ευ‹],οιιθε
2630 4482 2792 4576 atque
2812 4473 3021 4575 laboris
3048 4471 3167 4581 iter.

380 4575 722 4645 Prmsignans
744 4574 945 4630 Christi
974 4584 1213 4646 tempora
1237 4590 1390 4629 sacra
1413 4574 1530 4628 Dei.
1919 4560 1965 4581 ν
1990 4571 2080 4625 Bis
2106 4578 2309 4638 septem
2342 4565 2546 4620 Paulus
2574 4563 2852 4633 rescripsit
2882 4563 2935 4616 in
2965 4562 3154 4615 ordine
3181 4560 3389 4612 chartas

305 4665 447 4721 Ilinc
471 4666 779 4720 scribuntur
800 4667 943 4721 enim
972 4665 1233 4721 Samuelis
1258 4675 1407 4736 gesta
1433 4666 1724 4735 prophetae,
2064 4658 2369 4729 Discipulis,
2404 4672 2503 4710 nec
2540 4671 2645 4710 non
2685 4654 2912 4707 urbibus
2943 4660 2997 4706 et
3026 4649 3236 4721 populis
3266 4667 3278 4702 :

379 4756 616 4825 Saulque
640 4756 914 4812 Philistaro
938 4758 1026 4827 qui
1055 4757 1192 4826 perit
1223 4774 1350 4811 ense
1379 4756 1491 4811 fero
1520 4776 1531 4810 :
1988 4753 2033 4806 A
2060 4751 2287 4805 Domino
2311 4749 2517 4802 electus
2541 4744 2793 4816 specialis
2824 4745 2877 4797 in
2902 4742 3032 4797 orbe
3071 4740 3349 4809 magister,

304 4847 551 4903 Israelita
574 4858 763 4918 potens
790 4850 979 4918 primis
1005 4851 1209 4904 electus
1239 4850 1306 4904 ab
1334 4849 1509 4912 annis,
1826 4846 1827 4849 “
2060 4842 2322 4897 Gentibus
2352 4837 2650 4893 innumeris
2684 4835 2933 4904 dogmata
2964 4847 3117 4887 sacra
3145 4829 3346 4884 ferens.

376 4937 507 4992 Post
535 4954 694 5007 quem
720 4938 949 4994 detinuit
974 4956 1137 5009 regna
1160 4939 1318 4994 beata
1344 4939 1531 5004 David,
1990 4932 2127 4987 IIinc
2154 4930 2404 4993 Iacobus,
2437 4928 2649 4991 Petrus,
2672 4924 2845 4977 Iudas
2871 4922 3029 4978 simul
3060 4930 3221 4991 atque
3246 4920 3477 4977 Ioannes.

306 5025 572 5099 Hymnica
603 5030 693 5098 qui
723 5030 919 5085 cecinit
943 5030 1277 5085 Psalmorum
1306 5030 1547 5084 carmina
1571 5035 1743 5093 vates,
2062 5023 2341 5091 Scripsere
2369 5017 2537 5073 titulis
2568 5016 2792 5086 mystica
2822 5015 2987 5069 verba
3016 5012 3208 5067 sacris.

378 5117 724 5174 Prmtitulans
749 5119 947 5173 Christi
976 5128 1239 5190 tempora,
1268 5128 1440 5191 gesta,
1468 5119 1609 5174 dicm
1638 5136 1651 5170 :
1994 5115 2091 5169 llic
2115 5115 2275 5169 etiam
2300 5110 2532 5165 recubus
2566 5108 2729 5163 divini
2754 5107 2988 5177 pectoris
3017 5105 3209 5168 almus,

309 5205 532 5264 Semine
561 5209 803 5278 de‘cujus
826 5211 993 5276 regali
1022 5218 1306 5266 stemmate
1332 5209 1459 5265 felix
2063 5202 2225 5258 Exsul
2258 5201 2325 5255 ab
2349 5201 2584 5255 humano
2610 5196 2896 5267 expellitur
2921 5194 3052 5248 orbe
3078 5192 3228 5263 pius;

385 5354 412 5381 ι
452 5341 614 5397 rene
638 5342 769 5411 ιεςη
810 5341 1076 5413 pomum.
1995 5336 2403 5413 [ιεριαιειιεξιυεν
2449 5347 2542 5413 ser
2579 5344 2758 5413 tomus
2789 5331 3000 5413 primus
3039 5318 3566 5413 sacruﬁﬁkﬁt‘:

358 5413 413 5452 'b
1992 5389 2443 5461 ruin’continens
2496 5389 2913 5473 Pentateuchum
2972 5414 3064 5451 seu
3116 5395 3350 5473 quinque
3400 5389 3566 5473 librtas

326 5538 329 5543 .
387 5492 409 5554 αῖ
1993 5458 2481 5554 ξιῖὀέδίξῖάυοῖψιε
2518 5480 2821 5543 sequentes,
2860 5469 3021 5554 Insue
3048 5458 3412 5554 :I-udi'cum.
3444 5458 3564 5513 Vid.

384 5550 412 5591 (ι
452 5537 928 5625 ὶίεξζᾶῑερέῖἀέὶιε.
1042 5623 1052 5625 _
1246 5619 1258 5625 _
1350 5619 1365 5625 _
1504 5617 1591 5625 _,
1852 5616 1886 5625 ..

1852 5616 1886 5625 __
1992 5537 2414 5625 Glossarium
2445 5537 2715 5615 Ducange,
2742 5557 2894 5605 voce,
2930 5537 3251 5607 lleptaticus.

388 5633 413 5661 θ
448 5622 519 5677 Et
546 5616 768 5693 paticus.
806 5623 1091 5693 Lambecio
1132 5619 1460 5693 prmlaudato
1504 5617 1661 5693 hujus
1704 5616 1887 5693 mendi
2070 5619 2091 5693 ξ
2139 5619 2242 5693 his.
2270 5618 2416 5679 add.,
2452 5632 2560 5668 rex.

306 5687 613 5765 emendatio
659 5696 839 5765 ignota
889 5694 1008 5765 fuit.
1042 5687 1151 5765 Abs
1194 5691 1356 5744 dubio
1388 5698 1578 5765 tamen
1607 5687 1888 5765 legendum
2068 5690 2093 5730 ι
2137 5689 2315 5753 Forte,
2345 5703 2554 5757 pravus.

304 5758 706 5836 cstEptaticuE
741 5781 835 5821 seu
888 5763 1212 5835 Ιισριηιὶειιδ,
1262 5760 1403 5830 quod
1454 5758 1592 5814 idem
1643 5764 1799 5813 sonat
1827 5771 1889 5810 ac
