4044 6340
504 314 608 371 755

499 428 848 500 Plurimaque
883 442 1110 485 cernens
1146 427 1319 483 steclis
1340 436 1568 483 ventura
1597 428 1819 493 futuris,

573 522 704 589 Quae
732 522 803 577 sit
830 537 988 592 paena
1018 520 1193 584 malis,
1224 519 1392 590 gloria
1428 534 1615 591 quaeve
1638 520 1817 574 bonis.

501 612 603 667 Hic
631 612 767 667 liber
794 619 1068 666 extremus
1096 610 1389 680 Scriptura:
1416 610 1731 665 inscribitur
1760 609 1935 674 almae,

573 703 778 758 Divinis
807 711 950 757 totus
976 702 1247 772 mysteriis
1284 701 1531 756 redolens
1558 714 1583 741 ι

501 795 629 852 Haec
653 801 777 850 sunt
806 794 945 848 dona
970 793 1064 847 Dei
1097 794 1407 849 cmlestibus
1435 792 1634 863 inclyta
1656 790 1827 861 gazis,

571 887 629 942 In
656 885 743 942 bis
774 886 909 950 vita,
943 885 1107 949 salus,
1139 884 1332 954 gloria,
1363 883 1584 938 divitiae.

499 976 597 1033 His
627 977 742 1031 sine
763 991 923 1031 nemo
948 976 1117 1030 Deum
1148 974 1348 1045 poterit
1373 985 1699 1045 cognoscere
1736 986 1924 1034 sensu.

571 1069 665 1125 Vel
692 1076 962 1139 praecepta
989 1067 1107 1133 Dei,
1137 1073 1231 1120 aut
1257 1079 1423 1135 regna
1443 1064 1599 1118 beata
1627 1062 1755 1131 poli.

496 1157 556 1216 In
585 1158 670 1213 his
696 1172 822 1213 vera
851 1158 1067 1227 quidem
1095 1155 1262 1225 fulget
1295 1154 1557 1223 sapientia
1586 1161 1820 1218 tantum,

567 1252 625 1306 In
649 1250 735 1307 his
760 1250 898 1318 laus,
922 1266 1152 1312 merces.
1175 1249 1302 1313 vita,
1334 1248 1480 1303 salus
1508 1247 1808 1303 hominum.

497 1343 594 1399 His
616 1344 731 1399 sine
759 1343 969 1399 seducit
995 1342 1133 1397 male
1170 1341 1303 1394 falsa
1326 1339 1551 1394 scientia
1580 1346 1839 1403 mentem,

568 1430 788 1491 Discere
816 1449 922 1489 non
956 1447 1154 1488 curans
1177 1430 1341 1485 verba
1372 1438 1585 1487 sacrata
1612 1428 1706 1482 Dei
1743 1444 1755 1480 :

496 1526 555 1583 In
585 1528 780 1596 quibus
810 1534 1026 1584 aeterna:
1057 1541 1186 1580 vera
1214 1531 1297 1578 est
1323 1523 1587 1593 sapientia
1612 1522 1757 1587 vitae,

568 1614 773 1679 Gloria,
796 1615 908 1679 lux,
936 1616 1129 1683 pietas,
1152 1621 1313 1668 notus
1337 1620 1392 1667 et
1416 1613 1527 1681 ipse
1555 1612 1718 1667 Deus.

498 1704 734 1775 Quisque
757 1705 901 1776 legat
924 1704 1083 1773 hujus
1113 1712 1325 1759 sacrato
1354 1704 1406 1757 in
1434 1717 1657 1773 corpore
1678 1702 1825 1770 libri,

567 1793 760 1849 Lector
788 1795 842 1848 in
872 1794 1122 1859 ecclesia,
1147 1793 1311 1849 verba
1340 1798 1570 1862 superna
1600 1792 1717 1856 Dei,

496 1882 659 1953 207
687 1882 987 1954 Distinguat
1014 1898 1222 1948 sensus,
1241 1881 1448 1947 titulos,
1476 1880 1614 1946 cola,
1634 1891 1902 1936 commata
1923 1896 2080 1947 voce.

568 1975 723 2029 Dicat
760 1973 873 2047 [Ρη
909 1974 1133 2047 discat],
1163 1982 1223 2029 ut
1251 1983 1507 2030 accentus
1534 1989 1629 2029 ore
1659 1990 1853 2031 sonare
1884 1976 2042 2032 sciat.

493 2064 729 2120 Auribus
761 2064 1002 2120 ecclesia:
1028 2074 1242 2120 resonet
1268 2080 1373 2119 vox
1400 2064 1581 2119 vinula
1607 2065 1636 2105 ι)
1666 2065 1843 2139 longe,
1908 2056 1911 2057 ⁷

564 2155 753 2211 Omnis
779 2164 840 2211 ut
864 2156 1078 2210 auditor
1104 2156 1284 2210 laudet
1315 2157 1383 2211 ab
1407 2172 1502 2212 ore
1533 2157 1725 2212 Deum.

493 2248 803 2318 Regnorum
831 2248 946 2319 regi
968 2247 1183 2303 Christo
1200 2288 1214 2312 ,
1245 2257 1300 2303 et
1325 2248 1554 2304 Domino
1581 2250 1919 2304 dominorum

563 2338 765 2403 Gloria,
800 2338 912 2404 lux,
937 2339 1135 2401 virtus,
1165 2338 1284 2395 laus
1316 2342 1489 2397 honor
1523 2349 1684 2411 atque
1712 2341 1858 2397 salus
1886 2359 1900 2395 :

492 2427 594 2495 Qui
620 2428 758 2499 regit
780 2428 1009 2497 imperio
1046 2436 1268 2493 terram,
1301 2430 1628 2502 pelagusque
1657 2430 1967 2501 polumque,

563 2518 665 2586 Qui
695 2518 862 2575 voluit
888 2519 1027 2575 scire
1051 2517 1204 2591 [Ms.,
1227 2519 1414 2592 scribi]
1442 2536 1635 2575 nomen
1658 2520 1711 2574 in
1738 2521 1872 2576 orbe
1896 2537 2073 2577 smmi.

489 2607 561 2664 Et
592 2625 762 2681 genus
789 2610 1082 2665 humanum
1106 2609 1404 2666 clementer
1430 2612 1498 2665 ab
1525 2612 1680 2666 hoste
1707 2612 1965 2683 maligno,

559 2702 617 2756 In
643 2717 804 2758 cruce
822 2700 934 2770 jam
958 2703 1196 2758 moriens
1222 2718 1404 2768 carne,
1432 2704 1662 2758 redemit
1685 2720 1855 2759 ovans
1879 2721 1894 2772 ;

487 2794 591 2864 Qui
620 2794 776 2851 solita
804 2794 1056 2850 Carolum
1084 2808 1267 2865 regem
1291 2794 1490 2864 pietate
1518 2794 1801 2866 gubernet,

560 2884 786 2955 Semper
819 2883 874 2937 in
902 2893 1165 2940 aeternum
1192 2893 1437 2956 protegat
1458 2891 1620 2954 atque
1650 2893 1821 2956 regat.

487 2971 645 3028 Dicat
666 2980 720 3027 et
742 2972 920 3027 omnis
945 2971 1114 3026 Amen
1141 2972 1461 3041 populorum
1490 2975 1647 3029 turba
1676 2990 1774 3045 per
1811 2973 1996 3029 orbem
2021 2992 2035 3028 :

559 3067 672 3123 Hoc
703 3068 907 3121 tribuat
939 3067 1059 3122 οωιί
1082 3066 1330 3121 Christus
1359 3066 1426 3121 ab
1449 3081 1574 3122 arce
1602 3066 1742 3135 pius.

490 3156 562 3211 Ut
591 3157 773 3211 multis
797 3157 942 3210 vivat
969 3155 1095 3210 felix
1124 3156 1354 3212 feliciter
1379 3157 1553 3218 annis,

560 3246 689 3300 Post
723 3246 839 3301 haec
866 3252 922 3300 et
956 3253 1136 3300 teneat
1157 3259 1322 3315 regna
1349 3245 1505 3299 beata
1537 3244 1653 3298 Dei.

488 3336 776 3392 Codicibus
799 3336 969 3391 sacris
996 3335 1179 3390 hostili
1208 3335 1359 3391 clade
1382 3336 1643 3406 perustis,

559 3428 627 3482 Et
655 3425 806 3482 Rado
833 3438 855 3466 ο
884 3426 1098 3493 fervens
1129 3428 1232 3482 hoc
1257 3428 1531 3497 reparavit
1556 3444 1692 3499 opus
1717 3445 1731 3493 ;

486 3516 600 3574 Hoc
624 3532 779 3586 opus,
813 3517 917 3573 hoc
940 3517 1139 3573 etenim
1169 3516 1402 3572 ﬂammis
1430 3524 1483 3572 te
1513 3518 1782 3573 subtrahit
1810 3520 1964 3587 atris,

556 3605 602 3662 0
626 3608 813 3676 lector,
851 3609 897 3665 si
932 3615 990 3664 tu
1016 3607 1163 3680 pacis
1188 3623 1372 3664 amore
1401 3608 1555 3681 legis.

834 3806 1347 3887 HISTOBUE
1407 3809 1737 3888 VARI/I43

754 4000 1018 4046 VETERIS
1054 4004 1135 4045 ET
1182 4003 1331 4049 NOV!
1377 4005 1802 4049 TESTAMENTI.

1216 4146 1327 4203 VII.

964 4278 1043 4333 De
1073 4278 1281 4335 Christo
1312 4279 1608 4338 Saluatore.

488 4407 739 4463 Nascitur
760 4409 990 4466 humana
1018 4412 1195 4469 celsus
1222 4415 1289 4469 de
1314 4431 1478 4472 carne
1506 4416 1749 4481 Creator,

563 4499 631 4554 Ut
655 4498 816 4555 homo
842 4516 938 4569 per
971 4502 1242 4558 hominem
1268 4505 1493 4561 scandat
1519 4508 1585 4561 ad
1612 4517 1758 4564 astra
1786 4509 1974 4569 Deum.

488 4589 627 4644 Ecce
655 4589 759 4657 leo,
794 4580 942 4647 Iuda:
970 4600 1127 4648 natus
1156 4595 1223 4649 de
1246 4596 1506 4665 germine,
1540 4600 1795 4656 mundum

558 4680 805 4749 Liberat,
852 4690 908 4737 et
950 4682 1088 4738 laetis
1133 4682 1251 4757 [F.,
1300 4686 1455 4760 letbi]
1508 4696 1719 4759 sceptra
1773 4693 2068 4764 triumphat

1786 4782 1994 4855 [ovans.

489 4858 674 4917 Hostia
708 4877 916 4919 summa
946 4862 1121 4920 Patris
1151 4867 1386 4937 pretioso
1416 4869 1674 4939 sanguine
1698 4869 1965 4940 Christus,

559 4952 929 5012 Permundans
956 4958 1162 5020 orbem.
1190 4975 1353 5030 regna
1383 4964 1483 5017 sub
1509 4962 1617 5017 alta
1642 4973 1815 5020 vocat.

486 5045 792 5116 Assumptis
817 5048 1009 5119 aquila:
1034 5048 1285 5107 Christus
1312 5053 1447 5122 petit
1474 5054 1671 5108 aethera
1697 5057 1907 5124 pennis,

555 5135 963 5211 Conregnatque
989 5141 1093 5211 poli
1122 5157 1315 5213 perpes
1342 5144 1396 5199 in
1427 5160 1551 5200 arce
1581 5145 1751 5201 Patri.

561 5300 586 5361 ρ
617 5288 992 5361 Apocalypsis.

559 5360 586 5399 δ
617 5358 730 5437 γορ
763 5358 960 5437 υῂἱῂᾼᾴζα.
992 5381 1031 5437 ἑ
1053 5360 1336 5437 Vinnolata
1363 5380 1465 5437 vox
1499 5376 1582 5421 est
1607 5367 1741 5425 levis
1770 5376 1824 5424 et
1863 5369 2058 5437 mollis,

484 5438 647 5506 atque
680 5428 948 5506 ﬂexibilis.
992 5433 1356 5506 Et¢vinnolat_a
1379 5435 1517 5506 dicta
1556 5453 1586 5491 a
1618 5440 1802 5504 vinno,
1830 5439 1933 5494 hoc
1956 5428 2059 5506 est,

483 5499 756 5565 cincinuo,
795 5502 1026 5558 molliter
1059 5502 1212 5559 ﬂexo.
1247 5523 1265 5556 ι
1315 5504 1393 5559 Ita
1419 5505 1653 5563 Isidorus
1688 5499 1810 5563 libr.
1852 5525 1913 5565 ut
1943 5499 2062 5566 Ori;

486 5570 666 5641 ginum
691 5586 805 5641 cap.
840 5574 922 5627 l9.

559 5651 579 5677 ο
618 5639 785 5694 Rado.
815 5642 995 5699 Abhas
1026 5644 1357 5700 celeberrimi
1393 5648 1705 5702 monasterii
1729 5646 2060 5706 Benedictini

486 5708 544 5764 ὃ.
596 5707 807 5766 Vedasti
862 5716 999 5787 apud
1043 5715 1354 5782 Atrebates,
1395 5718 1487 5787 qui
1531 5732 1671 5772 anno
1716 5718 1912 5775 Christi
1960 5720 2060 5777 795

1325 313 1387 370 Β.
1426 313 1487 369 F.
1528 312 1755 370 ALBINI
1798 310 1930 369 SEU
1970 308 2248 367 ALCUINI
2288 309 2573 372 OPERUM
2612 315 2793 373 PARS
2835 318 2919 374 VI.

2110 426 2163 485 Δ

2098 3124 2147 3188 ϐ

2087 4470 2144 4535 D

2911 429 3043 485 VIII.

2420 520 2690 591 Apparitio
2716 522 2888 593 angeli
2916 522 3059 591 facta
3085 532 3272 579 sancta
3285 522 3537 593 Iosephu-

2181 609 2419 680 Angelus
2444 612 2667 667 illtesum
2707 612 2888 668 Mariae
2915 628 3012 683 per
3045 613 3253 668 somnia
3279 612 3475 682 Josepb

2182 698 2503 770 Conjugium
2529 716 2750 761 servare
2776 710 2960 758 monet
2985 718 2999 768 ;
3046 701 3135 757 hic
3159 702 3314 756 docte
3350 701 3467 774 [F.,
3497 700 3649 777 dote]
3684 719 3774 762 re-

3527 793 3701 866 [pleta

2182 877 2416 950 Spiritus
2435 881 2561 947 hoc,
2590 881 2733 953 quod
2761 882 2832 936 sit
2858 880 3110 952 ﬂagrans,
3140 881 3387 938 Salvator
3420 882 3629 940 honore
3654 884 3707 939 δ.

2920 972 3014 1026 IX.

2556 1068 2635 1123 De
2665 1078 2847 1123 sancto
2875 1068 3083 1123 Joanne
3111 1068 3374 1140 Baptista.

2178 1154 2433 1212 Ostendis
2460 1154 2735 1213 Christum
2764 1158 2975 1229 populis
3002 1158 3242 1226 Baptista
3270 1157 3533 1225 Joannes,

2178 1247 2278 1304 Hic
2300 1264 2425 1305 ecce
2445 1247 2648 1320 Agnus,
2679 1258 2735 1305 et
2757 1250 2867 1316 hic,
2900 1250 2991 1319 qui
3026 1249 3165 1305 tollit
3188 1250 3417 1305 crimina
3445 1251 3655 1310 mundi.

2936 1342 3003 1396 X.

2710 1430 2872 1486 Fides
2909 1434 3252 1487 centurionis.

2178 1522 2247 1578 Et
2271 1522 2403 1578 mihi
2428 1521 2696 1589 Salvator,
2726 1524 2923 1578 salvari
2953 1540 3141 1579 servus
3168 1524 3424 1579 anhelat:

2177 1612 2297 1668 Non
2323 1628 2421 1684 ego
2454 1628 2573 1669 sum
2603 1614 2815 1685 dignus,
2849 1614 3001 1683 cujus
3030 1623 3088 1669 tu
3119 1622 3263 1670 tecta
3291 1629 3544 1682 capessas
3570 1628 3588 1667 :

2181 1702 2289 1758 Sed
2315 1703 2479 1759 verbo
2502 1718 2693 1758 sanare
2712 1714 2885 1773 potes,
2916 1720 3040 1759 nam
3071 1702 3272 1761 suﬂicis
3300 1705 3513 1759 absens.

2934 1794 3027 1850 XI.

2476 1884 2656 1939 Versio
2681 1900 2832 1955 aqua:
2867 1887 2924 1938 in
2950 1885 3123 1939 vinum
3161 1886 3231 1938 ad
3257 1886 3486 1954 nuptias.

2180 1972 2401 2042 Insipidi
2425 1974 2694 2043 quondam
2725 1975 2900 2031 laticis
2933 1974 3196 2030 elementa
3221 1991 3469 2045 saporem

2183 2064 2485 2134 Flagrantis
2510 2082 2787 2137 sumpsere
2816 2066 2988 2132 meri;
3021 2082 3147 2122 nam
3176 2069 3431 2146 providus
3457 2079 3661 2130 auctor

2180 2156 2402 2212 Munera
2428 2157 2646 2224 laztitiaz,
2681 2158 2944 2213 virtutum
2969 2157 3192 2213 exordia
3219 2158 3365 2214 fecit.

2572 2240 2609 2261 ⁸
2909 2246 3021 2301 ΧΠ.

2582 2336 2817 2408 Refectio
2848 2337 3027 2409 populi
3053 2338 3108 2390 in
3136 2338 3361 2396 deserto.

2179 2427 2280 2483 Hic
2303 2427 2535 2497 panibus
2558 2436 2786 2497 septem,
2816 2427 3134 2497 populorum
3164 2428 3334 2483 millia
3357 2431 3537 2498 pascit

2178 2521 2440 2589 Quatuor,
2473 2528 2528 2576 et
2547 2520 2705 2590 pauci
2733 2528 2979 2597 saturant
3008 2518 3252 2592 [satiant]
3283 2522 3530 2577 convivia
3554 2521 3767 2592 pisces:

2177 2611 2313 2667 Nam
2342 2620 2547 2685 septem
2573 2611 2810 2683 reliquas
2838 2621 3054 2681 sportas
3078 2611 3377 2682 fragmenta
3405 2611 3631 2683 replevit
3659 2624 3712 2668 ο.

2907 2702 3023 2759 XIII

2529 2792 2753 2849 Sanatio
2777 2792 3095 2847 miraculosa
3125 2809 3407 2864 (agrorum.

2177 2884 2281 2939 Dat
2309 2884 2553 2939 dextram
2582 2882 2795 2937 miseris
2819 2898 2832 2945 ;
2864 2882 3234 2952 miseransque
3260 2882 3456 2937 attollit
3480 2883 3547 2938 ab
3574 2882 3767 2950 humo.l

2177 2974 2347 3040 Quam
2376 2974 2663 3045 longinqua
2691 2972 2772 3026 sui
2797 2980 3092 3027 curvarant
3122 2974 3252 3028 vitia
3290 2974 3505 3039 morbo,

2178 3062 2396 3135 Surgite
2422 3070 2569 3118 recta
2608 3062 2734 3128 Sde,
2764 3064 2988 3117 mundat
3027 3079 3180 3119 mens
3216 3064 3305 3135 pia
3333 3064 3665 3120 credentem.

2896 3146 3034 3209 XIV.

2507 3243 2588 3299 De
2613 3242 2788 3297 Maria
2817 3252 2867 3297 et
2894 3243 3107 3298 Martha
3133 3244 3421 3300 sororibus.

2174 3332 2365 3403 Arguit
2392 3332 2678 3387 immeritis
2700 3341 3010 3387 consortem
3037 3331 3245 3388 Martha
3271 3333 3530 3404 querelis,

2176 3421 2330 3488 Quod
2352 3431 2508 3476 vacat
2531 3421 2711 3477 omcio
2736 3439 2750 3489 ;
2781 3422 2868 3477 cui
2897 3438 3060 3479 verax
3087 3424 3291 3479 arbiter
3327 3424 3503 3495 inquit
3527 3441 3543 3480 :

2178 3512 2334 3567 Utilis
2359 3527 2490 3566 cura
2517 3511 2726 3577 domus,
2758 3511 2952 3567 melior
2974 3527 3094 3581 quae
3120 3526 3333 3583 semper
3356 3513 3617 3579 habetur.

2903 3602 2998 3658 XV

2574 3732 2591 3767 ε
2649 3690 2723 3743 De
2751 3688 2963 3749 Zachwi
2999 3694 3291 3755 vocatione.

2173 3779 2355 3835 Dulcis
2382 3780 2556 3833 honor
2583 3779 2795 3837 Domini
2827 3780 3051 3839 Zachazo
3078 3780 3451 3849 fulsitamico,

2172 3871 2451 3942 Majestate
2473 3886 2692 3936 sonans,
2725 3871 2886 3927 hodie
2909 3872 3039 3927 mihi
3062 3874 3281 3943 proficis
3304 3874 3516 3944 hospes.

2171 3963 2253 4018 Ad
2290 3961 2512 4033 majora,
2545 3962 2612 4017 de
2635 3964 2719 4018 his
2748 3964 2920 4020 ramis
2946 3965 3212 4022 descende
3243 3966 3462 4023 relictis.

2903 4057 3039 4113 XVI.

2680 4148 2758 4203 De
2787 4148 2822 4203 J
2827 4150 2932 4204 uda
2958 4150 3249 4220 proditore.

2171 4236 2387 4292 Nummi
2426 4238 2539 4293 dira
2566 4237 2734 4297 fames
2758 4239 3030 4310 compellit
3054 4241 3285 4295 vendere
3308 4237 3529 4308 Iudam,

2170 4329 2229 4384 In
2266 4344 2476 4400 plenam
2507 4330 2685 4402 regale
2712 4341 2895 4401 caput,
2923 4332 3248 4387 commercia
3276 4332 3409 4387 tanti

2174 4418 2461 4491 Sanguinis
2490 4421 2684 4492 exiguo
2710 4422 2919 4491 peragit
2943 4436 3097 4476 mens
3123 4421 3287 4491 impia
3312 4420 3482 4476 lucro.

2884 4508 3045 4566 XVII.

2653 4598 2736 4653 Ad
2766 4616 2919 4654 cruce
2944 4598 3271 4670 pendentem.

2164 4688 2352 4745 Gestat
2377 4690 2708 4744 onerandum
2737 4692 3015 4745 cunctis...
3048 4690 3214 4747 indita
3242 4704 3427 4762 regum
3461 4685 3511 4743 τ.

2165 4780 2311 4847 Quos
2335 4786 2520 4835 escant
2550 4783 2574 4820 ε
2606 4779 2713 4835 sint
2739 4782 2975 4849 pendere
3000 4781 3218 4835 victima
3248 4780 3453 4846 mundi,

2164 4873 2438 4929 Perditam
2468 4881 2529 4929 ut
2557 4874 2769 4929 miseris
2795 4874 2982 4929 reddat
3016 4889 3164 4930 mors
3190 4890 3297 4929 una
3320 4873 3577 4931 salutem.

2878 4965 3058 5022 XVIII.

2703 5056 2781 5112 De
2804 5057 2938 5111 bono
2970 5056 3193 5112 latrone.

2165 5149 2373 5205 Sacrati
2412 5149 2651 5205 nemoris
2679 5146 2890 5203 Domini
2915 5144 2941 5184 ιι
2970 5162 3068 5218 per
3094 5162 3308 5203 amoena
3336 5149 3533 5214 vireta,

2162 5306 2431 5360 abbatiam
2452 5304 2703 5359 obtinuit.
2732 5296 2866 5359 Vide
2890 5318 3010 5373 qure
3036 5303 3104 5373 de
3122 5303 3345 5358 Radone
3368 5303 3567 5360 adnota
3578 5303 3741 5359 vimus

2161 5376 2229 5430 ad
2257 5375 2433 5429 Vitam
2468 5374 2525 5429 S.
2554 5374 2777 5430 Vedasti
2813 5372 2974 5430 supra
2998 5372 3100 5427 col.
3129 5373 3252 5427 665.

2231 5445 2259 5485 (ι
2292 5446 2472 5516 ιξόηθ,
2499 5461 2777 5516 prtegnans
2807 5443 3042 5499 salvetur
3075 5443 3289 5498 honore.

2234 5526 2257 5585 ἒ
2285 5514 2469 5579 Forte,
2499 5514 2776 5585 replerunt.

2240 5584 2257 5624 ῐ
2286 5585 2470 5649 Forte,
2497 5582 2861 5639 honorandum
2890 5584 3091 5640 cunctis
3119 5599 3250 5640 crux
3284 5582 3476 5655 inclyta
3504 5596 3686 5653 regem.

2235 5658 2260 5696 ε
2287 5656 2461 5710 Locus
2489 5663 2793 5722 corruptus.

2232 5727 2256 5766 δ
2289 5726 2472 5795 Forte,
2513 5724 2851 5780 Domino.....
2892 5726 3042 5780 duce.
