4044 6340
470 308 577 366 759

534 424 537 425 '
1180 407 1347 461 XXX.

811 483 995 538 Oratio
1021 479 1090 533 ad
1124 488 1362 532 sanctum
1390 475 1704 529 Amandum.

468 578 672 635 Przesul
704 576 943 630 Amande
980 576 1113 636 Deo,
1148 571 1242 624 tali
1273 577 1329 623 tu
1358 568 1574 622 nomine
1610 566 1843 635 dignus;

469 671 762 732 Auxiliare,
788 668 970 729 Pater,
1001 663 1324 718 famulorum
1350 667 1474 713 vota
1516 667 1745 718 tuorum,

471 763 541 817 Et
575 759 816 823 defende,
849 758 953 827 piis
979 755 1246 825 precibus,
1280 751 1615 818 famulosque
1644 748 2005 814 domumque.

671 925 751 975 Ad
777 936 925 974 aram
952 925 1119 972 sancti
1146 843 1397 984 sligﬁhi
1420 910 1849 981 protomartyrisa

471 1016 599 1071 Haec
628 1011 887 1081 Stephani
917 1009 1085 1078 fulget
1114 1005 1321 1059 meritis
1351 999 1763 1073 protomartyris
1789 1012 1901 1059 ara,

544 1104 645 1170 Qui
682 1100 884 1171 lapides
909 1099 1050 1151 inter
1075 1095 1209 1148 vidit
1233 1095 1287 1147 in
1327 1107 1451 1146 arce
1477 1091 1666 1144 Deum.

474 1197 575 1264 Qui
598 1194 809 1249 veniam
844 1191 1085 1262 rogitans
1111 1186 1361 1249 inimicis,
1396 1193 1569 1239 morte
1597 1184 1696 1237 sub
1722 1182 1858 1251 ipsa,

546 1287 650 1341 Pro
676 1284 887 1339 famulis
913 1281 1127 1335 veniam
1149 1294 1397 1349 poscere,
1429 1286 1576 1332 certe
1598 1275 1760 1330 valet.

472 1376 708 1446 Inclytns
734 1382 790 1427 et
809 1371 1008 1427 Christi
1038 1369 1333 1439 praeclarus
1358 1373 1569 1420 amatus
1592 1364 1889 1427 Amandus,

550 1467 617 1521 Et
640 1466 803 1521 decus
834 1471 889 1518 et
910 1469 1114 1531 pastor,
1144 1458 1314 1514 dulcis
1349 1469 1609 1525 amorque
1645 1454 1773 1509 suis.

1168 1548 1384 1605 XXXII.

972 1622 1052 1676 Ad
1076 1630 1281 1692 portam
1313 1617 1562 1673 ecclesias.

480 1718 605 1774 Haec
634 1723 788 1786 porta
816 1721 898 1770 est
917 1712 1060 1776 coeli,
1093 1719 1307 1767 aeternae
1336 1709 1451 1763 haec
1476 1703 1739 1774 estjanua
1770 1702 1914 1766 vitae,

546 1809 653 1863 Ista
673 1808 937 1861 viatorem
971 1804 1121 1859 ducit
1151 1802 1217 1857 ad
1241 1809 1389 1856 astra
1414 1813 1591 1855 suum.

475 1898 787 1970 Ingrediens
811 1896 995 1956 istam,
1028 1900 1239 1963 portam
1266 1888 1572 1961 penetravit
1597 1900 1621 1928 α
1648 1884 1892 1956 Olympi;

549 1990 641 2047 Sic
676 1987 781 2061 [Si]
810 1988 1098 2043 comitetur
1130 1970 1288 2048 eum,
1318 1995 1547 2053 spesque
1578 1979 1817 2046 fidesque
1843 1972 2023 2029 simul.

474 2081 569 2137 Ha:
592 2082 793 2151 petitur
826 2077 995 2132 venia:
1020 2077 1047 2114 b
1074 2092 1090 2142 ;
1122 2074 1315 2128 devoto
1344 2072 1484 2125 hanc
1512 2067 1695 2133 corde,
1719 2066 1895 2119 viator

548 2171 757 2240 Smpius
784 2184 817 2223 o
841 2169 854 2220 ι
887 2166 1115 2237 pedibus
1139 2169 1380 2217 transeat
1416 2160 1531 2229 ipse
1557 2158 1689 2213 suis.

477 2261 641 2332 209
668 2259 768 2313 Hic
794 2271 1007 2327 quoque
1035 2262 1287 2324 peccator
1310 2251 1606 2306 sceleratos
1627 2247 1810 2304 abluat
1837 2254 2013 2309 actus,

548 2353 614 2406 Et
640 2348 894 2418 lacrymis
928 2346 1069 2401 lavet
1096 2344 1283 2398 limina
1323 2358 1478 2398 sacra
1504 2341 1635 2395 suis.

475 2442 745 2511 Purgatus
770 2437 1045 2507 lacrymis,
1071 2435 1261 2489 humili
1290 2434 1507 2497 decore,
1536 2429 1795 2500 profusis,

545 2532 630 2587 Ad
654 2522 773 2585 mea
801 2536 987 2583 sancta
1016 2526 1113 2581 Dei
1141 2525 1354 2595 dignior
1379 2532 1437 2577 ut
1461 2522 1658 2584 veniat,

479 2621 653 2678 Credo
681 2620 803 2692 pius
827 2616 984 2672 Jesus
1009 2616 1194 2684 culpas
1225 2614 1454 2683 ignoscit
1480 2624 1534 2667 et
1563 2611 1662 2677 illi,

548 2711 608 2768 Si
635 2709 816 2767 veniat
845 2706 1037 2773 tristis,
1068 2705 1242 2760 laetior
1271 2712 1333 2758 ut
1362 2704 1567 2759 redeat.

1156 2817 1389 2873 XXXIII.

865 2913 947 2968 Ad
972 2928 1123 2966 aram
1148 2911 1318 2965 sancti
1347 2908 1638 2964 Laurentii.

478 3007 630 3064 Hanc
657 3003 822 3059 levita
850 3002 947 3056 Dei
976 3010 1144 3056 totam
1171 3000 1501 3054 Laurentius
1527 2999 1705 3053 aulam

547 3093 862 3154 Conservet,
894 3088 1149 3157 quoniam
1178 3087 1294 3141 hmc
1324 3101 1415 3140 ara
1438 3086 1615 3141 dicata
1646 3084 1748 3140 sibi
1776 3092 1881 3140 est.

479 3181 578 3236 Vir
604 3181 822 3243 virtute,
857 3177 981 3241 fide,
1004 3176 1343 3230 flammarum
1372 3175 1619 3230 incendia
1634 3175 1764 3229 vicit

553 3272 746 3330 Omnia
773 3277 1043 3325 tormenta
1072 3276 1124 3322 et
1148 3267 1280 3321 vicit
1305 3281 1487 3321 amore
1510 3266 1626 3320 Dei.

483 3361 820 3431 Pauperibus
848 3360 1114 3423 tribuens,
1145 3358 1198 3410 in
1229 3357 1429 3410 mundo
1460 3355 1721 3425 quidquid
1748 3353 2002 3418 habebat,

554 3453 614 3509 In
643 3451 781 3508 cmlo
808 3458 869 3505 ut
887 3448 1089 3504 Christi
1119 3448 1334 3504 divitias
1362 3455 1597 3516 caperet.

1150 3560 1391 3615 XXXIV.

840 3645 921 3689 Aa
946 3632 1214 3688 ecclesiam
1238 3630 1405 3685 sancti
1428 3628 1644 3684 Martini
1670 3641 1717 3683 ε.

484 3729 749 3787 Martinus
772 3726 980 3783 meritis
1009 3722 1218 3779 Domini
1246 3721 1547 3792 eondignus
1569 3736 1773 3784 amore,

556 3820 657 3887 Qui
689 3818 791 3873 sibi
819 3823 1085 3872 sacratam
1112 3814 1255 3868 hanc
1280 3812 1420 3883 regit
1441 3810 1725 3866 ecclesiam
1754 3828 1767 3863 :

484 3912 747 3984 Egregius
774 3906 969 3980 praesul
1000 3912 1112 3961 toto
1135 3904 1429 3975 praeclarus
1456 3903 1511 3957 in
1534 3902 1686 3966 orbe,
1824 3951 1857 3971 ο

554 4004 769 4059 Turona
792 4014 1025 4070 pausans
1049 4005 1234 4068 pastor
1263 3998 1317 4050 in
1342 3996 1474 4050 urbe
1499 3994 1649 4067 [Ed.,
1675 3994 1827 4065 orbe]
1852 3992 1994 4063 pius.

486 4094 614 4150 Haec
633 4092 826 4149 domus
856 4090 995 4143 alma
1020 4089 1129 4143 Deo
1149 4087 1323 4158 prima
1349 4095 1431 4142 est
1445 4085 1664 4141 fundata
1680 4085 1929 4150 Tonanti,

553 4183 694 4237 Ante
720 4181 823 4235 alia
851 4186 906 4235 et
935 4178 1078 4233 sacri
1108 4186 1257 4248 septa
1287 4176 1622 4233 monasterii.

484 4273 669 4329 Crevit
692 4274 865 4327 honor
890 4272 1107 4335 horum,
1135 4269 1363 4324 Domino
1384 4270 1636 4334 donante,
1659 4269 1925 4335 locorum,

556 4360 625 4413 Et
645 4358 815 4427 major
839 4358 1067 4412 Domino
1092 4365 1176 4412 est
1205 4358 1467 4412 aedificata
1498 4358 1708 4412 domus.

486 4449 623 4503 Dum
661 4456 879 4504 sanctus
904 4446 1098 4517 praesul
1128 4447 1214 4500 hic
1246 4447 1567 4501 inhabitavit
1590 4446 1887 4513 Amandus,

555 4538 737 4595 Crevit
762 4539 933 4593 honor
960 4537 1158 4601 Patris,
1183 4537 1355 4590 crevit
1386 4544 1439 4589 et
1470 4536 1572 4590 iste
1600 4536 1770 4592 locus.

1174 4643 1392 4698 XXXV.

706 4730 800 4790 ‘Ad
832 4737 1120 4790 oratorium
1146 4736 1313 4790 sancti
1342 4735 1567 4789 Andrea!
1592 4736 1834 4806 apostoli.

489 4827 703 4884 Primus
732 4828 1059 4897 apostolicos
1109 4826 1384 4882 Christum
1413 4827 1503 4897 qui
1529 4838 1824 4897 agnoverat
1843 4829 1984 4885 inter

557 4923 819 4989 Andreas,
854 4921 1077 4976 fratrem
1102 4928 1361 4975 convocat
1390 4929 1551 4989 atque
1582 4936 1759 4976 suum.

489 5087 613 5145 tur;
652 5078 753 5135 sibi
781 5096 909 5134 vero
950 5087 1011 5134 ut
1042 5078 1255 5133 veniam
1290 5076 1565 5148 aiChristo
1609 5080 2068 5148 preceturlector,

486 5157 723 5218 exoptat.
767 5150 884 5221 Qun
915 5151 1072 5205 modo
1098 5147 1374 5221 scribendi
1419 5149 1509 5201 vix
1547 5149 1705 5221 alius,
1753 5167 1913 5220 quam
1957 5152 2072 5221 ipse

488 5217 674 5273 auctor
699 5237 827 5275 usus
855 5219 1061 5274 fuisset.
1098 5217 1207 5273 Nec
1230 5233 1453 5272 securus
1474 5227 1557 5272 est
1576 5217 1811 5275 calculus
1837 5217 2067 5284 Milonis,

486 5289 602 5359 qui,
637 5290 751 5359 ipso
774 5290 1080 5344 Mabillonio
1105 5290 1156 5342 in
1183 5289 1326 5343 notis
1346 5290 1400 5343 in
1435 5290 1615 5343 Vitam
1640 5293 1812 5346 sancti
1840 5291 2068 5346 Amandi

488 5374 732 5423 censore,
765 5360 958 5428 szrpius
982 5362 1215 5414 aberrat.

560 5442 585 5500 ξ
621 5429 658 5500 Β
664 5440 800 5493 orte,
827 5431 1134 5500 penetrabit.

559 5499 588 5538 ι’
618 5499 795 5571 Locus
821 5499 1127 5571 Corruptus.
1156 5500 1319 5555 Forte
1345 5501 1476 5571 leg.,
1512 5501 1610 5554 Hic
1636 5503 1830 5571 petitur
1862 5503 2031 5556 venia.

563 5570 784 5651 σει-μορ...
800 5570 1041 5651 carmen_
1070 5572 1200 5651 clar.
1235 5570 1538 5651 Catheliuot
1589 5570 2071 5651 interpretaturnde

488 5637 717 5720 basilica
743 5641 1063 5720 Turonensi,
1097 5643 1186 5696 ubi
1212 5650 1433 5720 sanctus
1454 5637 1750 5720 Amandus,
1779 5651 1835 5694 ut
1866 5643 1917 5695 in
1938 5641 2068 5720 _Vit_a

488 5707 657 5777 ipsius
704 5711 919 5783 legitur,
964 5728 1174 5769 comam
1206 5713 1402 5783 capitis
1426 5713 1625 5782 posuit,
1656 5712 1878 5784 adeptus
1905 5711 2063 5766 cleri-

1290 299 1350 353 B.
1389 298 1451 353 F.
1492 291 1718 350 ALBINI
1759 290 1891 348 SEU
1931 283 2206 343 ALCUINI
2242 278 2530 337 OPERUM
2568 275 2747 332 PARS
2785 274 2873 329 Vl.

2075 396 2128 456 Α
2153 392 2232 447 Ita
2256 390 2369 445 suis
2392 386 2599 443 meritis
2620 384 2734 455 jam
2764 390 2906 438 tecta
2946 386 3159 435 sacrata
3181 384 3378 443 tuetur,

3630 263 3739 318 740

2225 483 2295 539 Ut
2321 478 2510 552 procul
2534 476 2757 547 effugiat
2781 471 2955 528 hostis
2982 470 3049 525 ab
3072 469 3187 524 aede
3213 485 3330 524 sua.

2782 579 3024 637 XXXVI.

2412 679 2492 734 Ad
2517 676 2805 731 oratorium
2834 672 3001 727 sancti
3028 668 3175 723 Petri
3204 667 3446 738 apostoli.

2152 772 2345 828 Petrus
2373 767 2696 839 apostolicus
2718 767 2994 835 princeps,
3020 770 3313 832 pastorque
3343 760 3536 821 ﬁdelis,

2160 882 2166 891 ν
2224 863 2343 917 Jam
2372 862 2549 933 gregis
2572 858 2815 923 aetherei,
2840 856 2952 925 jam
2987 855 3151 911 decus
3178 852 3453 907 Ecclesim.

2157 954 2258 1021 Qui
2280 960 2426 1007 tenet
2452 950 2641 1007 aeterni
2666 950 2845 1005 claves
2869 962 2966 1016 per
2992 944 3188 1000 saecula
3212 942 3388 1014 regni,

2229 1046 2449 1101 Solvere
2481 1043 2566 1098 vel
2594 1042 2708 1097 sola
2735 1056 2864 1096 voce
2888 1038 3057 1110 ligare
3080 1045 3293 1107 potens.

2157 1137 2323 1207 Cujus
2352 1138 2557 1192 honore
2583 1150 2740 1190 sacro
2770 1146 3015 1203 praesens
3042 1132 3158 1185 haec
3185 1128 3311 1182 aula
3338 1126 3515 1181 dicata
3537 1134 3644 1191 est,

2228 1229 2503 1299 Protegat,
2529 1235 2688 1295 atque
2712 1232 2864 1293 regat
2892 1233 3080 1294 pastor
3101 1220 3239 1275 ovile
3266 1234 3444 1273 suum.

2159 1319 2523 1390 Digneturque
2550 1316 2661 1371 suis
2689 1322 2876 1385 portas
2903 1313 3135 1382 aperire,
3162 1323 3465 1379 precamur,

2230 1408 2519 1464 Ethereas
2544 1406 2757 1468 ovibus,
2787 1416 3010 1457 munere
3031 1407 3311 1470 perpetuo.

2806 1509 3067 1566 XXXVII.

2438 1605 2519 1659 Ad
2535 1620 2683 1658 aram
2710 1603 2878 1657 sancti
2906 1598 3180 1654 Michaelis
3203 1595 3523 1667 archangeli.

2164 1695 2390 1751 Michael
2423 1695 2690 1749 :ethereus
2714 1692 2988 1761 princeps,
3015 1690 3334 1759 primusque
3359 1686 3638 1757 magister,

2090 1745 2140 1806 Β
2234 1786 2448 1842 Eterni
2474 1785 2647 1855 regni,
2673 1799 2913 1839 summus
2941 1783 2994 1836 in
3026 1797 3149 1836 arce
3172 1780 3299 1850 poli,

2164 1877 2457 1934 Conservet
2477 1876 2634 1931 donis
2660 1876 2821 1930 istam
2841 1872 3119 1927 vivacibus
3148 1886 3318 1936 aram,

2233 1967 2364 2034 Quae
2388 1976 2599 2023 sacrata
2627 1966 2792 2021 micat
2810 1965 3027 2020 nomine
3054 1978 3287 2032 namque
3315 1976 3430 2017 suo.

2164 2060 2304 2116 Ante
2333 2058 2625 2127 oculosque
2654 2056 2752 2112 Dei
2785 2056 2983 2111 summi
3008 2056 3061 2108 in
3088 2062 3297 2110 secreta
3323 2053 3574 2123 polorum

2236 2149 2423 2208 Ofﬁcio
2450 2158 2635 2205 nostro
2661 2147 2687 2188 ἀ
2721 2148 2933 2213 offerat,
2966 2156 3129 2217 atque
3154 2160 3363 2217 preces.

2807 2260 3091 2316 XXXVIII.

2353 2356 2435 2410 Ad
2454 2370 2605 2410 aram
2631 2362 2935 2408 sanctorum
2965 2350 3164 2405 Hilarii
3194 2360 3243 2404 et
3287 2348 3527 2403 Victoris.

2165 2448 2278 2503 lloe
2307 2446 2477 2501 altare
2494 2453 2649 2515 pater
2671 2442 2868 2513 prtesul
2904 2440 3140 2495 Ililarius
3167 2448 3350 2505 ornat,

2237 2537 2403 2593 Notus
2432 2536 2485 2590 in
2510 2535 2641 2589 orbe
2665 2534 2853 2603 procul
2882 2532 3071 2587 doctor
3099 2531 3297 2600 ubique
3316 2530 3461 2600 pius,
3556 2574 3559 2577 λ

2164 2632 2277 2686 Hac
2301 2628 2511 2699 magnis
2536 2627 2723 2682 Victor
2750 2625 2958 2681 meritis
2984 2632 3317 2679 memoratur
3336 2624 3391 2679 in
3420 2639 3538 2688 ara,

2234 2723 2433 2794 Inclyta
2458 2721 2751 2793 praeclarus
2772 2719 2928 2774 miles
2960 2719 3015 2773 in
3051 2734 3203 2773 arma
3225 2726 3438 2788 potens.

2824 2833 3066 2889 XXXIX.

2236 2907 2316 2962 Ad
2337 2906 2568 2960 tumbam
2590 2905 2759 2960 sancti
2785 2905 3011 2958 Amandi
3030 2904 3094 2957 ab
3122 2902 3332 2957 Arnone
3358 2913 3688 2971 renovatum,

2168 2998 2408 3053 Antistes
2435 2994 2654 3052 humilis
2680 2996 2916 3060 Domini,
2944 3002 3000 3049 et
3028 2995 3252 3050 devotus
3280 2995 3486 3049 honore

2088 3083 2134 3143 C
2166 3087 2418 3143 Arnonus
2447 3098 2493 3153 ο,
2525 3085 2697 3142 sancti
2726 3085 2965 3139 tumbam
2994 3082 3542 3146 renovavitAmandi,

2168 3178 2286 3234 Non
2310 3192 2539 3249 parcens
2565 3178 2758 3246 opibus
2782 3193 2796 3242 ;
2823 3175 3040 3231 miseris
3066 3192 3191 3230 nam
3222 3175 3485 3245 quidquid
3520 3175 3766 3231 habebat

2170 3270 2476 3340 Sparserat,
2499 3275 2554 3321 et
2578 3266 2779 3323 Christi
2802 3267 3033 3336 compsit
3052 3281 3207 3322 sacra
3231 3267 3429 3336 templa
3456 3268 3759 3322 sacerdos:

2168 3360 2275 3417 Pro
2300 3375 2428 3431 quo,
2453 3358 2682 3428 quisque
2710 3357 2861 3426 legas
2885 3372 3099 3423 versus,
3132 3371 3293 3411 orare
3318 3365 3611 3412 memento.

2934 3471 3048 3525 XL.

2350 3564 2426 3619 De
2451 3573 2629 3619 sancto
2658 3563 2897 3617 Amando
2928 3564 3167 3634 episcopo
3208 3562 3551 3632 Trajectensi.

2171 3655 2270 3711 IIic
2297 3664 2449 3724 pater
2471 3663 2526 3709 et.
2552 3663 2738 3723 pastor
2760 3669 3009 3724 magnus,
3041 3652 3351 3723 Christique
3378 3652 3638 3707 sacerdos

2174 3747 2405 3802 Sanctus
2425 3738 2703 3800 Amahdus
2716 3746 2849 3809 obit,
2865 3744 3139 3798 Christum
3165 3743 3258 3813 qui
3273 3757 3487 3812 semper
3513 3743 3758 3796 amavit:

2171 3836 2411 3891 Plurima
2440 3836 2530 3906 qni
2584 3836 2807 3891 veniens
2838 3833 2954 3906 [F.,
2985 3834 3198 3906 vivens]
3234 3833 3446 3888 meritis
3482 3833 3755 3887 miracula

3470 3922 3691 3995 [gessit.

2172 4015 2337 4085 Cujus
2363 4017 2470 4071 vita
2502 4016 2602 4071 fuit
2626 4016 2895 4081 doctrina,
2921 4016 3175 4085 salusque
3209 4032 3430 4071 suorum

2174 4104 2274 4172 Qui
2306 4106 2419 4176 jam
2450 4106 2663 4160 divitias
2687 4105 2829 4160 saecli
2862 4107 3186 4176 contempsit
3212 4108 3432 4171 habere,

2174 4195 2431 4250 [Eternas
2456 4194 2656 4249 Christi
2693 4203 2753 4247 ut
2782 4196 2903 4249 cmli
2926 4196 3166 4251 lueraret
3192 4196 3244 4249 in
3270 4196 3411 4252 aula.

2175 4286 2547 4355 Multiplicavit
2565 4300 2695 4355 opes
2723 4286 3027 4340 animarum
3058 4287 3246 4341 doctor
3268 4286 3485 4354 ubique,

2174 4376 2448 4446 Exemplis
2478 4376 2735 4444 formans,
2766 4386 2821 4431 et
2854 4377 2872 4415 ί
2902 4377 3121 4431 doctore
3147 4377 3420 4447 magister.

2093 4433 2149 4496 Β
2172 4468 2271 4524 llic
2296 4433 2450 4538 pater
2476 4433 2734 4539 egregius,
2754 4468 2970 4523 Christo
3002 4467 3105 4521 hoc
3128 4433 3369 4521 fundavit
3398 4466 3565 4532 ovile,

2168 4561 2237 4615 Et
2260 4570 2381 4631 post
2406 4561 2650 4630 perpetui
2680 4575 2799 4629 qua:
2829 4560 3028 4629 sparsit
3062 4560 3267 4614 semina
3292 4560 3443 4629 regni

2167 4653 2224 4707 In
2248 4653 2493 4723 populos,
2518 4660 2761 4706 nostrum
2798 4652 2951 4720 longe
2976 4651 3188 4720 lateque
3210 4667 3307 4720 per
3330 4652 3537 4706 orbem.

2168 4743 2298 4799 Post
2323 4743 2528 4798 fructus
2554 4743 2723 4805 verbi,
2753 4758 2893 4796 smva
2921 4749 2976 4794 et
2998 4750 3122 4810 post
3148 4741 3330 4812 pratlia
3360 4743 3546 4796 mundi

2169 4834 2622 4904 Contemplativos
2646 4833 2847 4903 placuit
2870 4832 2957 4887 hic
2981 4848 3203 4903 carpere
3231 4832 3463 4887 fructus.

2169 4925 2343 4994 Atque
2370 4924 2480 4979 Deo
2516 4923 2613 4978 soli
2641 4931 2849 4977 tantum
2873 4922 3079 4978 servire
3112 4923 3343 4993 quietus,

2170 5091 2323 5138 catus
2369 5084 2647 5138 honorem.
2684 5083 2812 5137 Mihi
2853 5082 3213 5136 verosimilius
3262 5080 3496 5144 videtur,
3552 5080 3766 5134 intellis

2172 5155 2403 5223 gendum
2429 5169 2552 5207 esse
2593 5154 2659 5207 de
2701 5154 2875 5223 prima
2925 5153 3153 5207 ecclesia
3196 5150 3403 5204 Elnone
3452 5151 3760 5223 honoribus

2171 5221 2340 5278 sancti
2374 5223 2587 5277 Martini
2619 5221 2967 5285 constructa;
3003 5232 3188 5292 postea
3229 5236 3259 5292 a
3289 5228 3478 5292 sancto
3508 5221 3763 5292 Amando

2170 5294 2494 5364 amplificata
2528 5314 2538 5347 :
2570 5310 2712 5347 nunc
2745 5291 3048 5362 paroecialis
3078 5291 3458 5364 oppidisancti
3500 5291 3763 5364 Amandi,

2170 5360 2278 5419 sub
2298 5365 2605 5419 Patrocinio
2635 5360 2807 5419 sancti
2832 5364 3065 5429 Martini,
3102 5360 3405 5418 Mabillonio
3440 5369 3599 5426 teste,
3630 5360 3761 5414 Act.

2172 5433 2269 5489 SS.
2297 5450 2421 5504 saec.
2454 5451 2528 5499 ιν,
2554 5443 2690 5504 part.
2724 5452 2761 5497 ι,
2792 5450 2912 5503 pag.
2951 5434 3037 5487 65.

2240 5505 2266 5544 ἀ
2309 5503 2489 5575 Forte,
2518 5503 2697 5575 ofﬁcia
2727 5514 2924 5557 nostra.

2248 5586 2269 5615 θ
2308 5574 2442 5629 Vide
2465 5574 2713 5631 superius
2738 5590 2882 5628 num.
2914 5574 2984 5629 28
3007 5583 3061 5631 et
3085 5575 3175 5630 29.

2251 5646 2267 5684 ί
2306 5646 2488 5702 Forte.
2518 5646 2723 5701 Christo
2751 5646 2979 5699 doctore.
