4044 6340
237 256 248 265 ·
297 264 395 320 τῃ
1273 256 1596 313 causam.
1632 287 1704 297 —
1737 252 2254 310 mscemroaes
2295 251 2547 307 unm.
3437 252 3543 310 ’με

292 375 570 434 Perfectus
599 373 810 430 meritis
846 380 1050 443 pastor,
1079 371 1375 440 plenusque
1405 371 1637 434 dierum,
1898 367 1954 427 Δ
2670 362 2848 418 XLIV.

292 469 536 525 (luctibus
561 465 818 538 angelicis
857 464 1059 519 Christi
1087 465 1374 518 subvectus
1401 463 1453 516 in
1482 461 1684 525 aulam,
2387 458 2466 511 Ad
2493 473 2641 511 aram
2669 458 2836 511 sancti
2867 455 3103 511 Martini.

293 561 530 632 corpore
550 559 830 614 ηοδῖδθῖιῐη
861 565 1050 612 saneto
1077 555 1368 625 νείιυίθεοῖι
1394 555 1648 609 humatus
1675 569 1690 618 ἶ
1970 567 2086 624 Hoc
2114 568 2284 623 altare
2316 568 2434 633 Dei,
2464 567 2752 638 praeclarus
2785 569 2835 622 in
2869 569 3000 623 orte
3026 572 3298 634 sacerdos,

292 650 397 705 Pro
427 649 582 719 cujus
605 649 812 703 meritis
837 653 1049 702 nosmet
1070 647 1179 710 hic,
1210 645 1445 709 Christe,
1475 653 1625 699 tuere
1659 663 1672 696 :
1777 645 1788 655 '
2043 658 2306 712 Martinus
2335 659 2542 713 meritis
2570 668 2750 713 servat
2773 659 2972 728 ubique
3001 659 3133 713 suis.

295 741 593 811 semper‘i“
622 749 884 795 internum
920 739 1012 794 tibi
1037 738 1108 793 δίῑ
1131 739 1268 802 laus:
1301 736 1493 808 ςτοτῑει,
1526 737 1720 801 "mus,
1968 751 2166 804 Abluat
2189 759 2244 803 et
2271 741 2543 822 lacrymas
2562 751 2868 821 plangentis
2898 751 3121 806 crimina
3143 751 3334 821 plebis,

294 833 395 900 Qui
427 833 586 888 talem
615 832 841 887 dederas
867 831 1022 886 nobis
1054 844 1146 883 rex
1171 829 1412 898 piissime
1446 827 1682 881 Patrem.
2040 835 2350 912 Depogcens
2379 843 2611 908 veniam,
2641 859 2773 898 voce
2796 851 3034 913 potente,
3061 844 3225 914 piam.

513 953 598 1000 ιι.
625 952 716 998 ιι
744 950 1118 998 εααιειιι
1147 948 1207 996 Ι.
1240 947 1576 995 VIBII?!
1595 948 1646 990 Il.

2677 955 2837 1010 XLV.

411 1121 415 1124 _
484 1047 490 1054 ’
973 1051 1106 1108 XLI.
2382 1042 2463 1096 Ad
2492 1061 2640 1097 aram
2669 1045 2836 1098 sancti
2863 1045 3122 1115 Dionysii.

297 1181 326 1220 ι)
358 1168 434 1223 De
463 1168 677 1223 ecclesia
710 1169 880 1223 sancti
937 1165 1151 1221 Vedasli
1179 1183 1212 1219 α
1241 1165 1459 1219 Radonc
1505 1164 1690 1220 abbate
1720 1181 1871 1219 reno-

1995 1131 2248 1202 ianguine
2285 1133 2532 1214 martyrii
2559 1134 2756 1203 przesul
2793 1135 3077 1206 Dionysius
3107 1151 3258 1190 aram

2045 1221 2195 1275 Hanc
2223 1230 2398 1278 ornet.
2429 1222 2634 1278 pariter
2660 1238 2781 1276 cum
2813 1224 3077 1278 sociismie
3107 1227 3218 1278 suis
3263 1233 3267 1242 ’

2187 1240 2195 1272 :
2223 1240 2398 1287 ornet,
2429 1240 2634 1287 pariter
2660 1240 2781 1276 cum
2813 1240 3077 1287 socusque
3107 1241 3218 1278 SlllS

1007 1267 1144 1313 υαεα.
2045 1238 2195 1275 naue
2223 1238 2398 1287 ornet,
2429 1238 2634 1291 pariter
2660 1238 2781 1276 cum
2813 1239 3077 1293 sociisque
3107 1241 3218 1278 suis
3263 1238 3267 1242 '

1002 1369 1015 1385 ,
1069 1371 1098 1386 ,,
1251 1373 1264 1386 ,
1460 1372 1496 1386 __
1779 1371 1814 1386 ν
1974 1311 2286 1382 Magniﬁcus
2312 1313 2518 1373 doctor,
2545 1313 2695 1367 verbi
2718 1313 2807 1382 qui
2839 1314 3043 1367 semina
3070 1314 3288 1382 sparsit,

297 1374 426 1428 llzcc
457 1373 648 1475 domus
694 1369 835 1428 alma
867 1383 890 1414 ε
922 1368 1017 1427 Dei
1067 1371 1296 1427 ﬂammis
1330 1372 1720 1442 crepitantibus
1745 1371 1872 1475 olim
2044 1368 2310 1458 l‘l’nbribus
2339 1368 2588 1458 mther'eis
2613 1368 2764 1458 “id;
2795 1421 2926 1475 ruga
2957 1368 3153 1475 rigan‘s.

366 1465 533 1529 Arsit,
557 1471 610 1518 et
631 1463 688 1518 in
717 1463 928 1518 cineres
949 1470 1058 1517 tota
1085 1463 1302 1516 redacta
1325 1461 1425 1516 fuit
1453 1461 1684 1534 [Lamb.,
1709 1459 1872 1531 ruit];
2696 1459 2878 1549 XLVI:

299 1553 408 1658 scf
433 1561 723 1658 mléemgte
752 1553 882 1658 θεὼ
915 1553 1105 1608 Radon
1129 1553 1154 1593 ἆ
1187 1553 1509 1658 mnf-aramus
1536 1564 1560 1592 θ
1590 1552 1728 1608 abba
1977 1585 2060 1640 Ad
2094 1601 2242 1640 aram
2267 1593 2569 1639 sanctorum
2599 1582 2906 1658 Landiberti
2953 1587 3200 1656 martyris
3228 1597 3274 1640 et
3315 1586 3552 1642 Ricltm'ii

369 1643 685 1700 Construxit
709 1645 918 1709 melius,
950 1659 1014 1699 ac
1037 1644 1320 1699 renovavit
1341 1658 1482 1698 eam.
2653 1654 2877 1708 abbatis.
3017 1662 3019 1664 ·

291 1732 538 1788 Plurima
563 1734 817 1803 praesenti
841 1734 1022 1788 domui
1056 1742 1374 1788 ornamenta
1397 1733 1732 1798 ministrans,

369 1823 660 1881 Exornans
683 1830 850 1877 totam
879 1823 1299 1892 muneribusque
1328 1822 1522 1878 sacris.

291 1913 569 1969 Cancellis
601 1913 619 1953 ί
651 1930 776 1970 aras
801 1915 971 1970 voluit
1002 1915 1204 1970 vestire
1231 1915 1482 1980 metallis,

370 2005 588 2060 Vedasti
615 2005 886 2060 fabricans
910 2007 1408 2077 sarcophagumque
1429 2005 1630 2061 Patris.

291 2095 467 2150 Pallia
495 2095 779 2165 suspendit
805 2097 1104 2166 parietibus
1127 2104 1287 2165 atque
1309 2095 1578 2162 lucernas,

367 2185 605 2250 Addidit,
637 2193 698 2240 ut
727 2185 878 2240 ﬁeret
903 2186 1082 2240 lumen
1107 2187 1159 2240 in
1190 2187 1302 2242 aede
1327 2201 1560 2240 sacrum.

292 2275 463 2346 210
491 2273 697 2331 Ofﬁciis
725 2276 936 2330 Domini
967 2275 1093 2331 fecit
1117 2291 1330 2346 quoque
1360 2291 1485 2331 vasa
1515 2282 1730 2331 sacrata

369 2365 626 2434 Argento,
655 2380 759 2420 nec
782 2381 888 2421 non
922 2381 1084 2420 aurea
1122 2373 1235 2421 tota
1260 2367 1496 2436 quidem.

295 2454 478 2510 Induit
508 2457 696 2512 altaris
726 2459 970 2528 speciosa
1002 2467 1151 2513 veste
1179 2458 1479 2522 ministros,

373 2547 447 2604 Ut
467 2545 608 2604 foret
629 2550 900 2620 egregium
933 2563 1147 2619 semper
1174 2549 1374 2618 ubique
1401 2548 1588 2604 decus.

297 2636 496 2694 Omnia
544 2637 797 2694 mellitluo
823 2637 1032 2694 Christi
1060 2638 1286 2694 devotus
1313 2653 1500 2694 amore

373 2725 706 2784 Restaurans
730 2745 891 2800 opera
921 2733 967 2796 Β,
993 2729 1077 2785 vir
1108 2730 1247 2800 pius,
1285 2730 1341 2784 in
1369 2729 1582 2786 melius.

297 2821 414 2876 Pro
436 2835 543 2890 quo
577 2822 804 2892 quisque
845 2821 995 2892 legas
1023 2821 1228 2888 titulos,
1261 2821 1500 2894 rogitare
1533 2822 1562 2862 ιι
1587 2832 1877 2889 memento,

373 2911 786 2984 Adjuvetutque
812 2912 962 2967 illum
993 2913 1166 2984 gratia
1204 2927 1417 2968 summa
1450 2911 1564 2967 Dei.

1006 3025 1164 3081 XLII.

707 3139 789 3194 Ad
814 3156 1001 3209 corpus
1028 3139 1198 3194 sancti
1241 3138 1478 3194 Vedasti.

304 3249 408 3306 llic
431 3247 592 3304 Pater
617 3251 864 3322 egregius
891 3249 1158 3305 Vedastus
1193 3263 1422 3319 corpore
1451 3259 1664 3319 pausat,

379 3342 545 3413 Cujus
573 3342 778 3402 honore
808 3355 966 3396 sacro
990 3341 1107 3396 ιιωο
1141 3341 1332 3395 domus
1368 3339 1507 3394 alma
1527 3340 1714 3394 micat.

303 3432 556 3487 Fulcitur
579 3433 711 3487 tanti
741 3433 945 3487 meritis
974 3448 1071 3502 per
1105 3431 1262 3486 saecla
1283 3431 1523 3500 patroni,

381 3523 486 3578 Per
509 3538 667 3593 quem
697 3524 866 3578 multa
895 3524 1036 3578 Deus
1058 3523 1212 3594 signa
1249 3523 1437 3578 salutis
1461 3523 1591 3593 agit.

305 3617 414 3684 Qui
442 3633 598 3672 sacra
624 3617 936 3672 celsithroni
963 3616 1150 3670 vivens
1187 3615 1407 3685 vestigia
1439 3614 1662 3678 Christi,

383 3708 610 3778 Lingua,
640 3716 840 3772 mente,
869 3721 1033 3761 manu
1063 3720 1296 3774 namque
1316 3712 1532 3761 secutus
1555 3713 1692 3759 erat.

309 3797 683 3868 Multiplicavit
709 3813 840 3867 opes
873 3798 956 3853 bis
984 3797 1166 3867 quinis
1187 3796 1326 3850 forte
1354 3795 1599 3861 talentis,

371 3888 496 3953 ;Nec
511 3890 637 3944 data
673 3889 929 3958 marsupii
957 3888 1104 3942 lucra
1133 3887 1318 3956 ligavit
1341 3887 1489 3941 iners
1516 3887 1531 3926 ί

309 3982 510 4038 Audiet
535 3983 734 4038 idcirco
759 3995 954 4037 vocem
976 3997 1100 4036 mox
1127 3980 1324 4051 iudicis
1348 3979 1473 4033 almi
1503 3999 1515 4032 :

385 4075 532 4129 Intra
559 4087 702 4128 nunc
729 4072 939 4128 Domini
967 4072 1159 4143 gaudia
1189 4079 1376 4126 sancta
1407 4069 1500 4124 tui.

980 4181 1160 4266 xuii.

736 4297 818 4351 Ad
841 4313 988 4351 aram
1023 4295 1192 4350 sancti
1232 4293 1466 4349 Vedasti.

314 4409 649 4468 Pontiﬁcalis
675 4425 831 4481 apex,
872 4409 1080 4464 meritis
1107 4405 1407 4470 vivacibus,
1433 4419 1585 4458 aram

391 4502 654 4558 Vedastus
676 4510 896 4558 sanctus
923 4500 1063 4554 hanc
1091 4499 1225 4568 regit
1255 4498 1368 4566 ipse
1394 4495 1576 4550 Pater.

317 4597 472 4656 Hanc
498 4596 664 4651 abbas
689 4593 908 4650 humilis
933 4592 1149 4648 vestivit
1176 4591 1325 4644 Rado
1346 4588 1598 4653 metallis,

391 4686 447 4740 lu
478 4685 689 4741 Domini
717 4683 929 4738 laudem
959 4680 1155 4737 ductus
1180 4695 1365 4736 amore
1389 4679 1587 4734 Patris.

393 4839 418 4884 ά
459 4841 568 4896 Cur
622 4840 865 4895 carmina
915 4837 1194 4908 sequentia
1245 4850 1418 4906 usque
1462 4835 1530 4890 ad
1557 4848 1705 4888 num.
1739 4833 1807 4887 65
1833 4831 1901 4886 ad

313 4913 602 4969 ecclesiam
617 4911 789 4965 sancti
819 4908 1036 4963 Vedasti
1059 4908 1330 4978 pertinuere
1366 4920 1718 4978 censeamus,
1738 4917 1900 4956 causa

313 4993 426 5049 est,
454 4997 596 5054 quon
627 4998 732 5054 n_on
750 4980 916 5054 initio
935 4975 1256 5054 selum,__serl
1285 4985 1339 5031 et
1365 4976 1416 5031 in
1456 4975 1632 5054 medio
1652 4980 1905 5028 occurrat

315 5045 527 5110 mentio
553 5054 619 5108 de
646 5052 870 5106 Ratione
901 5051 1093 5104 abbate
1123 5048 1264 5101 illius
1290 5045 1624 5102 monasterii.

397 5125 425 5164 ι’
466 5123 580 5179 Hoc
607 5138 826 5178 carmen
857 5119 1263 5174 emendavimus
1285 5133 1352 5172 cx
1382 5119 1514 5172 edit.
1564 5111 1903 5169 celeberrimi

403 5194 593 5236 mlwpii
623 5202 751 5236 mm-
781 5190 823 5236 ΙΙ
853 5191 1151 5236 Comment.
1193 5189 1325 5236 Bibl.
1376 5186 1575 5236 Cresar.
1629 5200 1750 5236 nae.
1778 5181 1901 5236 414.

1629 5200 1750 5255 pag.
1778 5200 1901 5255 4M.

313 5194 596 5250 Lambecii
623 5202 752 5248 tom.
781 5190 824 5244 ll
853 5191 1151 5246 Comment.
1193 5189 1325 5242 Bibl.
1376 5186 1575 5241 Cresar.

315 5264 489 5320 Nova:
515 5265 642 5319 edit.
689 5272 818 5317 tom.
851 5261 890 5326 l,
921 5276 1043 5330 pag.
1093 5258 1214 5330 645.
1248 5259 1303 5330 In
1351 5259 1473 5330 cod.
1503 5251 1904 5330 Vindoboncnsi
1979 5300 1981 5302 .
2041 5251 2098 5330 __i
2141 5251 2382 5330 Ingerit:

313 5309 1208 5404 L'iE'RFsIHus'ﬁiééngniii-‘Iiungs
1229 5309 1341 5404 {In
1363 5309 1774 5404 ecclesiasancti
1809 5321 1908 5375 Vc-
2005 5319 2178 5404 citsuel
2205 5309 2652 5404 *Βίξρξιξξξξιὶξξξῖεηξ

314 5406 463 5459 dasti
487 5405 539 5460 in
557 5393 754 5476 parieie
773 5393 1122 5476 scribendam.
1149 5399 1247 5456 Ubi
1275 5393 1908 5476 notarivultlideanam-

1921 4412 1972 4474 Ι)
1997 4417 2092 4472 Ad‘
2121 4405 2270 4472 aram
2320 4421 2623 4469 sanctarum

1907 1727 1952 1788 Β
1984 1748 2338 1803 Landibertus
2369 1745 2382 1797 i
2425 1746 2589 1802 habet
2615 1747 2755 1800 hanc
2797 1755 2957 1816 atque
2993 1747 3278 1802 Richarins
3299 1763 3472 1812 aram,

2049 1838 2148 1892 Hic
2185 1835 2462 1892 confessor
2489 1843 2628 1901 erat,
2654 1843 2864 1906 martyr
2891 1843 2946 1889 et
2975 1836 3062 1890 ille
3083 1837 3219 1906 pius.

1977 1929 2149 1984 Ambo
2177 1929 2287 1982 Deo
2307 1927 2476 1992 chari,
2505 1925 2820 1980 meritorum
2849 1925 3086 1994 pondere
3113 1933 3314 1994 patres,

2046 2019 2285 2074 Plurima
2311 2026 2592 2089 portantes
2618 2017 2768 2072 lucra
2793 2033 2892 2072 suo
2917 2017 3161 2071 Domino.

2683 2105 2889 2162 XLVII.

2144 2209 2223 2250 Aa
2251 2213 2400 2254 aram
2428 2205 2733 2250 sanctorum
2754 2195 2984 2249 Remedii
3009 2205 3058 2250 et
3096 2195 3353 2249 Audoini.

1977 2285 2305 2342 Francorum
2333 2289 2519 2340 doctor
2551 2285 2844 2340 Remedius
2871 2285 3104 2356 inclytus
3129 2301 3278 2340 aram

2048 2376 2199 2431 Hanc
2225 2382 2392 2442 tenet,
2425 2374 2708 2430 almivolus
2733 2373 3122 2446 Audoinusque
3149 2375 3328 2430 simul.

1983 2465 2182 2521 dorum
2207 2480 2332 2520 nam
2360 2464 2570 2519 meritis
2591 2480 2816 2520 currens
2839 2474 2892 2519 te
2915 2463 3057 2520 ferto
3085 2465 3264 2520 viator

2049 2556 2153 2612 Per
2177 2557 2295 2612 loca
2319 2562 2504 2610 sancta
2530 2555 2672 2625 pius,
2702 2555 2775 2609 sit
2804 2555 2900 2609 tibi
2926 2563 3076 2610 certa
3099 2555 3265 2610 salus.

2689 2643 2919 2698 XLVIII.

2167 2735 2249 2791 Ad
2276 2745 2483 2791 sanctos
2511 2732 2822 2805 Gregorium
2847 2744 2894 2788 et
2927 2733 3324 2804 Hieronymum.

1981 2828 2272 2900 Gregorius
2295 2826 2514 2899 praesul,
2544 2827 2839 2896 doctorque
2868 2825 3227 2896 Hieronymus
3259 2827 3434 2881 almus

2053 2921 2308 2977 Ecclesiae
2329 2920 2418 2974 ille
2438 2929 2614 2989 pater,
2654 2919 2755 2980 iste
2786 2917 3042 2988 magister
3062 2925 3199 2972 erat.

1983 3012 2178 3068 Nostra
2202 3010 2382 3066 ferant
2397 3009 2647 3080 precibus
2670 3009 2876 3077 pariter
2895 3021 3108 3076 quoque
3132 3014 3259 3060 vota
3281 3005 3515 3060 Tonanti
3543 3021 3561 3072 ;

2057 3105 2130 3162 Ut
2155 3119 2254 3160 nos
2291 3110 2574 3159 conservet
2607 3116 2822 3171 semper
2852 3100 3052 3169 ubique
3077 3097 3237 3154 Deus.

2681 3211 2866 3268 XLIX.

2091 3306 2173 3360 Ad
2200 3322 2347 3360 aram
2373 3314 2673 3360 sanctorum
2711 3301 2979 3356 Benedicti
3005 3310 3052 3353 et
3073 3297 3432 3354 Scholasticw.

1987 3397 2101 3453 llac
2120 3397 2281 3451 Pater
2313 3395 2560 3466 egregius
2597 3392 2792 3446 colitur
2815 3389 3135 3444 Benedictus
3161 3388 3214 3441 in
3237 3401 3356 3452 ara,

2060 3487 2164 3554 Qui
2197 3487 2363 3540 vitam
2395 3483 2677 3538 monachis
2697 3481 2990 3549 scripserat
3023 3479 3136 3549 ipse
3158 3478 3322 3547 piam.

1986 3577 2159 3648 Ipsius
2186 3583 2345 3644 atque
2375 3588 2530 3628 soror
2547 3570 2807 3641 prmclara
2832 3568 3168 3623 Scholastica
3197 3566 3350 3636 virgo

2059 3667 2308 3740 Jungitur
2329 3665 2419 3720 hic
2444 3662 2599 3716 fratri
2626 3660 2822 3716 nobilis
2847 3660 2964 3729 ipsa
3005 3672 3125 3712 suo.

2746 3752 2808 3806 L.

2178 3848 2258 3901 Ad
2282 3862 2430 3900 aram
2457 3851 2760 3899 sanctorum
2791 3838 2992 3894 Casina:
3017 3846 3066 3892 et
3097 3835 3370 3890 Damiani.

1993 3941 2107 3997 Ilac
2131 3925 2237 3994 duo
2273 3935 2528 3992 Germani
2550 3932 2775 3987 Cosmas
2797 3939 2853 3985 et
2880 3927 3172 3983 Damianus
3198 3926 3254 3980 in
3283 3941 3376 3980 ara

2066 4029 2389 4085 Scribuntur
2411 4025 2638 4096 pariter,
2667 4022 3012 4076 versiﬁcante
3036 4033 3220 4072 manu.

1996 4123 2274 4192 Quamque
2291 4119 2489 4174 bonum
2503 4123 2585 4170 est
2601 4114 2797 4168 fratres
2810 4126 3021 4180 semper
3037 4110 3284 4164 habitare
3308 4109 3358 4163 in
3383 4125 3570 4174 unum,

2067 4215 2136 4271 Ut
2170 4212 2458 4268 Psalmista
2489 4209 2652 4276 canit,
2691 4223 2816 4263 ecce
2835 4204 3104 4276 jucundus
3123 4217 3293 4256 amor.

2689 4317 2937 4471 Clnl’cilice,
2987 4402 3228 4473 Agatmc,
3287 4397 3494 4468 Agnetis
3522 4405 3571 4449 et

2683 4475 2882 4531 Lucia’.

1997 4578 2232 4641 Cmcilia,
2255 4575 2512 4646 Agathes,
2536 4571 2713 4641 Agnes
2743 4574 2798 4620 et
2833 4562 2996 4619 Lucia
3027 4560 3178 4630 virgo
3202 4599 3216 4623 ,

2068 4672 2198 4743 Haec
2230 4669 2348 4724 istis
2376 4664 2582 4737 pariter
2613 4676 2709 4714 ara
2732 4663 2943 4714 sacrata
2973 4650 3151 4706 micat.

2073 4837 2096 4865 ο
2134 4823 2442 4878 Henschen.
2466 4817 2595 4887 leg.,
2625 4813 2753 4866 alta.

2069 4895 2097 4936 (ι
2144 4895 2274 4948 Vide
2300 4900 2414 4946 not.
2439 4889 2504 4942 ad
2522 4880 2749 4940 carmen
2781 4880 2832 4934 6.

2077 4979 2100 5007 θ
2133 4954 2759 5031 Quercet.,_miserabi.'is.

2079 5037 2100 5076 τ
2134 5024 2348 5095 Lamb”
2380 5024 2670 5082 Cancellos.

2079 5109 2104 5147 8
2141 5105 2412 5176 Quercet.,
2437 5111 2620 5176 opere.

2076 5178 2103 5216 h
2143 5175 2420 5241 Quereet.,
2452 5174 2710 5241 cogitare.

2084 5248 2098 5286 ί
2737 5233 2851 5314 haec
2878 5236 2981 5312 cst,
3014 5227 3089 5280 ait

2569 5306 2652 5362 ius
2703 5304 2804 5358 loci
2838 5301 3033 5362 lectio;
3067 5310 3170 5350 nou
3221 5294 3484 5362 au_tem_ut
3514 5294 3568 5338 in

2007 5357 2591 5449 afluitSucoéuercetani
2618 5357 3011 5449 :vltttfrllﬁljgﬂ-lfil‘
3021 5359 3144 5449 Pref
3165 5379 3190 5449 ;ν
3209 5357 3573 5449 νξιὶξιξξξιη

314 5426 462 5486 ααδει
487 5426 539 5460 ιη
557 5426 754 5487 pariete
773 5426 1122 5485 acnueuuitm.
1153 5426 1247 5456 UUI
1275 5426 1908 5477 "Utill’l.vUIIuIUCllkllelll_
2007 5426 2239 5482 tte-fw":
2274 5426 2403 5480 ‘f‘w‘
2419 5426 2591 5461 “"3"”
2619 5426 2629 5430 '
2687 5426 2694 5427 “
2725 5426 2730 5427 ⁷
2870 5426 2893 5440 “’
3037 5426 3068 5466 ,⁷
3261 5426 3574 5482 ιηρηεεὶλε-

313 5476 532 5540 bemus,
565 5491 672 5530 non
703 5476 790 5529 Inc
814 5474 914 5544 legi
943 5482 1213 5542 scriptam,
1241 5469 1334 5523 sed
1360 5466 1688 5520 scribendum
1714 5481 1730 5544 ξ
1758 5477 1909 5517 nem-
2005 5458 2215 5540 dlClbUb
2237 5469 2398 5544 mss,
2423 5451 2617 5544 quibus
2645 5436 3203 5544 IEELBEEIBB'IBMUS
3228 5446 3256 5485 θ

315 5529 560 5615 pequod
605 5529 961 5618 pervetust’us‘
1001 5529 1088 5596 ille
1116 5529 1284 5618 code;
1329 5540 1610 5618 Ca'sarens
1649 5535 1798 5618 prius
1827 5539 1912 5614 est
2011 5529 2130 5618 nius

317 5605 624 5689 curatus:
669 5635 828 5689 quam
881 5615 1210 5689 epigramma
1267 5613 1366 5667 hoc
1419 5608 1610 5680 parieti
1667 5605 1810 5660 ecclc
1845 5605 1908 5656 ize

319 5689 505 5744 sancti
534 5687 754 5746 νωθὲιὶ
779 5688 1098 5756 inscriptum
1121 5692 1222 5737 est.
1265 5703 1269 5708 ί

2170 5527 2249 5580 usi
2275 5511 2402 5579 sunt
2431 5511 2457 5575 ε’
2495 5519 2642 5573 lucra
2674 5511 2917 5583 migrari!
2955 5523 3089 5578 opes.
3241 5571 3252 5584 ο
3277 5570 3290 5584 _
3371 5565 3506 5584 mu

2084 5562 2130 5649 iw
2151 5562 2249 5650 '
3206 5570 3311 5625 vid.
3370 5562 3572 5622 Mabill.
3597 5631 3606 5634 __

2013 5682 2139 5726 tom.
2167 5668 2207 5720 ll
2237 5664 2430 5721 Annal.
2467 5661 2598 5715 Ben.
2631 5672 2750 5726 pag.
2791 5655 2852 5707 18
