4044 6340
521 264 629 322 745

518 380 653 435 Lilia
685 394 809 438 cum
841 378 980 434 rosis
1008 375 1210 445 fulgent
1229 375 1284 429 in
1314 372 1519 428 vertice
1554 385 1806 438 quarum,

589 471 657 525 Et
683 470 889 539 lampas
920 467 1101 522 rutilat
1127 466 1242 521 luce
1270 476 1504 534 perenne
1533 460 1711 517 simul.

1257 555 1365 610 LII.

518 650 602 706 Ad
626 666 773 705 aram
800 659 994 705 sanctte
1014 647 1198 703 Crucis
1221 657 1605 730 .et_sanctorum
1643 647 1874 719 Crispini
1906 654 1955 701 et
1980 644 2079 701 Cri-

1153 735 1384 789 spumam

519 812 647 874 Ilazc
671 818 754 866 est
782 826 875 866 ara
904 808 1093 865 Crucis
1122 817 1319 865 sancta:
1346 818 1562 864 sacrata
1596 807 1905 877 triumphis,

586 904 647 960 In
664 919 771 975 qua
792 903 907 974 jam
934 900 1119 957 mundi
1148 901 1255 955 vita
1287 901 1433 956 salus
1481 900 1705 970 patitur.

519 995 771 1067 Martyris
805 993 1003 1065 egregii
1029 991 1259 1062 Crispini
1283 999 1337 1046 et
1363 989 1708 1060 Crispiniani,

588 1086 903 1142 Nominibus
934 1098 1162 1155 quorum
1187 1081 1353 1154 fulget
1381 1090 1435 1136 et
1462 1081 1552 1136 illa
1575 1080 1767 1137 sacris.

1238 1194 1367 1250 LIII.

622 1287 703 1341 Ad
727 1304 876 1341 aram
911 1287 1074 1341 beata:
1113 1286 1343 1357 Virginis
1374 1295 1423 1341 et
1448 1286 1616 1341 sancti
1652 1283 1951 1342 Clementis.

518 1380 631 1437 Hoc
664 1381 834 1436 altare
866 1381 962 1435 Dei
996 1381 1223 1451 genitrix
1250 1381 1338 1451 pia
1363 1381 1515 1451 virgo
1544 1378 1711 1435 Maria

585 1471 846 1540 Aspiciat,
878 1469 1035 1525 solita
1060 1486 1181 1526 cum
1211 1471 1415 1540 pietate
1441 1478 1636 1539 potens

518 1560 846 1616 Pontiﬁcalis
874 1576 1032 1631 apex,
1054 1561 1197 1615 Petri
1222 1575 1507 1616 successor
1531 1569 1585 1615 et
1610 1559 1760 1625 almi,

587 1652 868 1708 Praeclaris
888 1652 1136 1707 Clemens
1165 1660 1360 1724 augeat
1395 1660 1449 1708 et
1476 1653 1705 1709 meritis.

1236 1765 1369 1821 LIV.

550 1912 557 1917 ,
725 1854 808 1908 Ad
833 1872 982 1910 aram
1013 1868 1311 1913 sanctorum
1333 1858 1558 1913 Joannis
1582 1866 1632 1913 et
1660 1855 1921 1912 Matthxi.

517 1941 631 1998 Hoc
658 1943 875 2000 sinistra
903 1945 999 2002 Dei
1027 1956 1205 2003 teneat
1230 1950 1401 2005 altare
1433 1948 1695 2015 Joannes,

587 2036 854 2093 Mattheus
876 2053 909 2093 ο
928 2040 1137 2095 meritis
1162 2046 1394 2097 ornet‘et
1417 2042 1533 2111 ipse
1570 2043 1685 2097 suis
1709 2042 1723 2095 !

514 2128 581 2184 Hi
608 2130 873 2200 scripsere
898 2132 1116 2200 quidem
1137 2133 1339 2189 Christi
1365 2150 1518 2190 sacra
1548 2142 1701 2205 gesta
1733 2132 2019 2201 Tonantis,

586 2221 921 2294 Quapropter
948 2223 1151 2293 pariter
1175 2225 1290 2279 haec
1320 2232 1469 2279 tenet
1494 2240 1588 2279 ara
1611 2226 1775 2281 duos.

1268 2335 1379 2389 LV.

717 2421 789 2475 4d
813 2439 964 2477 aram
993 2433 1292 2479 sanctorum
1318 2423 1555 2481 Platonii
1576 2438 1623 2481 et
1649 2424 1876 2500 Georgii.

515 2509 791 2567 Platonius
816 2522 1036 2586 martyr,
1064 2516 1343 2586 victorque
1369 2516 1635 2590 Georgius
1660 2534 1810 2574 aram

588 2603 912 2660 Priesentem
938 2613 1180 2670 teneant,
1204 2608 1365 2663 ambo
1385 2606 1490 2678 piis
1526 2610 1785 2677 meritis"

517 2695 618 2764 Qui
641 2712 739 2767 pro
757 2711 889 2766 pace
919 2697 1015 2752 Dei
1042 2699 1292 2754 vicerunt
1316 2700 1501 2770 praelia
1523 2701 1735 2767 mundi,

585 2784 653 2841 Et
680 2800 929 2842 meruere
953 2801 1190 2854 sacrum,
1230 2802 1352 2845 rore
1378 2790 1625 2855 rubente,
1646 2790 1856 2860 polum.

1231 2902 1362 2957 LVI.

618 2990 697 3044 Aa
724 3007 871 3044 aram
892 3001 1189 3046 sanctorum
1214 2989 1459 3058 Joannis,
1491 2987 1671 3060 Pauli,
1692 2990 1982 3049 Laurentii.

517 3079 774 3145 Joannes,
805 3079 1001 3137 Paulus
1032 3083 1254 3151 pariter,
1280 3082 1608 3139 Laurentius
1638 3093 1799 3154 atque

586 3170 917 3225 Conservent
940 3187 1090 3226 aram
1110 3173 1267 3236 hanc,
1304 3173 1597 3228 miserante
1623 3174 1751 3230 Deo.

516 3259 617 3314 Hic
642 3260 803 3313 levita
836 3258 956 3326 fuit,
996 3261 1074 3316 illi
1112 3262 1207 3317 sed
1231 3265 1494 3333 sanguine
1514 3264 1653 3331 fuso,

586 3349 844 3420 Martyrio
874 3351 971 3406 toti
998 3346 1116 3424 [Ρη
1141 3350 1291 3423 forti]
1320 3367 1484 3423 regna
1512 3352 1669 3408 beata
1696 3362 1898 3410 tenent.

1193 3458 1347 3518 LVII.

800 3551 882 3606 Ad
903 3552 1148 3623 templum
1175 3557 1346 3609 sancti
1378 3554 1521 3611 Petri
1547 3555 1791 3628 apostoli.

516 3642 762 3713 Claviger
793 3640 1079 3708 aethereus,
1106 3655 1288 3699 servat
1312 3647 1404 3715 qui
1434 3649 1675 3718 regmina
1702 3649 1846 3714 cmli,

585 3732 803 3789 Solvere
830 3748 1054 3804 qumque
1073 3735 1264 3805 placet,
1297 3746 1460 3809 atque
1476 3740 1644 3811 ligare
1666 3752 1876 3811 potens.

512 3824 758 3881 Piscator
777 3824 1069 3895 quondam,
1106 3826 1229 3881 cteli
1251 3843 1393 3885 nunc
1414 3830 1620 3901 janitor
1642 3833 1837 3900 almus,

583 3916 838 3971 Ecclesiae
857 3916 1124 3987 princeps,
1155 3925 1344 3987 pastor
1371 3928 1425 3973 et
1451 3921 1564 3992 ipse
1594 3922 1785 3979 bonus.

513 4006 610 4062 Cui
641 4005 991 4078 Christusque
1020 4024 1175 4063 suum
1201 4011 1521 4066 servandum
1552 4014 1715 4067 tradit
1738 4016 1878 4071 ovile

583 4099 716 4152 Dum
745 4100 884 4153 redit
906 4100 974 4154 ad
1000 4100 1176 4156 Patris
1208 4118 1373 4173 regna
1402 4104 1559 4159 beata
1586 4101 1687 4158 sui.

516 4186 670 4259 211
700 4189 744 4246 Ο
772 4189 997 4245 nimium
1026 4190 1172 4256 felix,
1200 4201 1344 4248 totus
1369 4210 1531 4264 quem
1558 4194 1729 4268 diligit
1766 4200 1945 4255 orbis!

589 4279 720 4336 Huic
749 4281 996 4338 Christus
1031 4299 1226 4339 nomen
1254 4286 1446 4343 Petrus
1476 4290 1674 4345 habere
1707 4292 1872 4347 dedit.

518 4370 633 4426 Hoc
657 4372 855 4440 pietate
880 4389 976 4428 sua
1006 4376 1281 4445 templum,
1305 4395 1518 4448 precor,
1554 4384 1793 4453 undique
1815 4385 2016 4457 cingat,

589 4461 940 4531 Adventuque
970 4480 1068 4518 suo
1090 4475 1355 4538 protegat,
1385 4479 1548 4541 atque
1580 4482 1751 4543 regat.

521 4549 898 4618 Auxiliumque
923 4553 1035 4607 suis
1060 4551 1278 4610 famulis
1301 4566 1580 4626 protector
1607 4561 1659 4615 in
1695 4563 1808 4619 illo.

596 4640 857 4705 Perierat,
881 4650 936 4696 et
957 4644 1204 4712 precibus
1226 4646 1367 4701 adsit
1392 4649 1590 4719 ubique
1612 4653 1743 4707 suis.

523 4730 766 4786 Dirutum
795 4731 1021 4787 ﬂammis
1057 4746 1409 4791 renovaverat
1435 4739 1536 4793 hoc
1557 4756 1768 4810 quoque
1795 4742 1945 4799 Rado
1968 4758 2016 4810 ει,

594 4822 690 4877 Cui
715 4838 844 4895 rogo
876 4826 1177 4882 mercedem
1207 4828 1401 4884 reddat
1428 4838 1484 4885 et
1509 4831 1623 4901 ipse
1643 4832 1855 4889 Petrus.

1217 4940 1392 4997 LVIII.

849 5027 929 5081 Ad
950 5045 1096 5083 aram
1128 5032 1358 5101 ejusdem
1383 5038 1551 5090 sancti
1582 5034 1747 5093 Petri.

472 5156 475 5157 ν
525 5115 676 5172 Hanc
704 5131 912 5188 quoque
935 5130 1176 5176 servator
1202 5125 1383 5195 templi
1412 5130 1675 5185 tutabitur
1706 5148 1856 5187 aram

596 5207 843 5262 Ecclesia:
871 5210 1142 5282 princeps,
1171 5222 1314 5270 totus
1339 5226 1393 5271 et
1424 5218 1538 5289 ipse
1564 5220 1677 5275 Dei.

523 5296 751 5365 Adjuvet
778 5306 937 5367 atque
966 5301 1073 5355 Deo
1095 5300 1306 5359 Christo
1334 5307 1423 5362 hic
1457 5317 1577 5365 vota
1616 5309 1871 5384 ferentes,

595 5384 862 5442 Laetemur
894 5403 1103 5459 semper
1135 5391 1273 5448 illius
1298 5403 1359 5448 ut
1398 5400 1626 5455 meritis.

599 5510 625 5573 ξ
655 5498 795 5573 _Vide
818 5504 1057 5573 superius
1079 5520 1313 5573 carmen,
1338 5509 1426 5564 41.

597 5568 625 5609 ιι
655 5569 833 5636 Forte,
864 5568 1101 5629 Joannis.

600 5650 620 5677 ο
653 5637 749 5693 Hic
778 5643 912 5695 forte
934 5643 1298 5717 supplendum,
1323 5648 1454 5705 lure.

1360 258 1422 311 Β.
1463 257 1523 311 F.
1565 254 1790 312 ALBINI
1831 254 1961 313 SEU
1996 206 2274 312 ALCUINI
2312 252 2593 309 OPEBUM
2630 253 2808 309 PARS
2848 251 2932 307 Vl.

3659 249 3753 305 7H

2530 460 2611 514 Ad
2644 477 2793 514 aram
2824 459 2993 514 sancti
3020 455 3180 513 Pauli
3200 457 3445 528 apostoli.

2195 550 2305 605 Ara
2328 550 2548 620 quidem
2571 566 2810 620 prazsens
2840 558 3055 606 sacrata
3082 558 3167 606 est
3192 551 3411 606 nomine
3441 550 3612 617 Pauli,

2267 642 2370 707 Qui
2396 642 2625 712 populos
2659 641 2843 697 mundi
2868 642 3024 696 duxit
3049 642 3118 696 ad
3144 650 3290 697 astra
3313 641 3441 713 poli,

2196 729 2461 787 Gentibus
2488 740 2542 787 et
2568 733 2797 803 populis,
2828 734 3010 804 regnis
3034 743 3197 803 atque
3221 733 3450 788 urbibus
3475 733 3577 788 iste

2267 822 2312 876 Α
2342 822 2572 881 Domino
2596 824 2801 880 electus
2825 825 3016 880 doctor
3036 825 3236 896 ubique
3258 822 3380 879 finit.

2923 916 3038 971 LX.

2496 1003 2579 1067 Ad
2605 1021 2755 1059 aram
2781 1007 2961 1060 sancti
2982 1005 3210 1061 Andreae
3232 1005 3476 1077 apostoli.

2267 1095 2468 1152 Doctor
2497 1098 2827 1168 apostolicus
2849 1101 3017 1171 (hunc
3038 1101 3155 1155 haec
3179 1115 3282 1154 vox
3303 1099 3444 1154 alma
3470 1097 3697 1156 Joannes
3714 1100 3758 1167 δ,

2268 1188 2405 1244 Ecce
2428 1190 2526 1245 Dei
2546 1192 2768 1247 veniens
2788 1210 2954 1264 agnus
2980 1194 3049 1249 ab
3072 1209 3199 1250 arce
3219 1194 3417 1260 Patris,

2196 1277 2418 1334 Miserat
2444 1280 2512 1334 ad
2537 1279 2839 1348 Christum,
2869 1298 3085 1353 semper
3103 1293 3427 1355 sequeretur
3449 1291 3509 1339 ut
3536 1282 3700 1354 illum)

2266 1370 2516 1426 Andreas
2546 1385 2697 1426 aram
2721 1381 2903 1427 servet
2929 1374 2999 1427 ab
3028 1374 3185 1429 hoste
3212 1388 3388 1430 suam.

2913 1462 3048 1517 LXI.

2451 1550 2533 1604 Ad
2579 1567 2729 1605 aram
2780 1554 2950 1605 sancti
2993 1552 3219 1608 Joannis
3254 1552 3528 1624 Baptistae.

2198 1645 2313 1702 Hoc
2338 1645 2511 1702 altare
2540 1654 2691 1703 tenet
2721 1656 2940 1702 sanctus
2968 1648 3210 1729 Baptista
3239 1647 3499 1712 Joannes,

2269 1736 2579 1793 Praecursor
2605 1736 2832 1802 Christi,
2862 1754 3089 1809 magnus
3118 1739 3170 1794 in
3196 1740 3348 1802 orbe,
3379 1738 3497 1795 Dei.

2199 1826 2301 1895 Qui
2329 1826 2476 1882 solus
2505 1827 2674 1899 digito
2701 1828 2976 1885 Christum
3003 1831 3329 1885 monstravit
3354 1830 3569 1895 adesse.

2268 1917 2372 1972 Iste
2397 1930 2585 1989 preces
2612 1926 2829 1974 nostras
2857 1918 3094 1988 adjuvet,
3125 1928 3272 1991 opto,
3302 1921 3434 1977 suis.

2118 371 2175 430 Δ

2907 2009 3065 2065 LXII.

2907 2012 3065 2065 LXII.

2579 2100 2663 2154 Ad
2705 2116 2856 2155 aram
2898 2103 3068 2156 sancti
3113 2101 3362 2158 Germani

2266 2187 2520 2247 Pmsulis
2546 2202 2568 2231 ε
2596 2191 2853 2248 Germani
2877 2209 3069 2265 magna
3095 2202 3181 2250 est
3208 2210 3301 2249 ara
3328 2195 3531 2263 dicata,

2338 2283 2514 2351 Quam
2539 2286 2701 2342 modo
2722 2285 2835 2356 jam
2862 2288 3065 2353 cernis,
3089 2302 3217 2342 ecce
3241 2288 3419 2343 viator
3441 2294 3642 2347 ovans!

2896 2374 3079 2429 LXIII.

2621 2466 2704 2521 Ad
2734 2481 2883 2520 aram
2907 2469 3075 2522 sancti
3105 2467 3355 2526 Amandi.

2266 2556 2417 2611 Hanc
2447 2572 2598 2611 aram
2626 2556 2830 2614 Christi
2868 2561 3158 2630 praclarus
3184 2572 3397 2619 amator
3425 2565 3678 2621 Amandu

2337 2644 2602 2701 Defendat
2621 2648 2832 2703 meritis
2855 2665 3069 2719 semper
3093 2652 3162 2707 ab
3192 2654 3347 2709 hoste
3371 2655 3508 2711 suis.

2899 2739 3082 2796 LXIV.

2899 2741 3014 2795 LXI
3068 2782 3082 2796 .

2194 2826 2278 2881 Ad
2304 2843 2455 2882 aram
2484 2830 2653 2883 sancti
2686 2827 2927 2896 Quintini
2960 2741 3203 2955 efzancti
3234 2834 3510 2894 Michaelis
3546 2842 3763 2894 archan-

2925 2918 2985 2955 ae
3009 2920 3049 2955 ι.
3180 2952 3193 2955 ,

2959 2920 3049 2957 ειι.

2959 2918 3049 2957 eu.

2194 2988 2445 3060 Martyris
2467 2990 2670 3061 egregii
2695 2918 2957 3058 Quintinig
2962 2994 3132 3051 altare
3160 2952 3453 3069 ti-iumphis

2263 3079 2377 3136 Hoc
2406 3079 2594 3153 fulget,
2620 3082 2817 3153 populo
2840 3083 2929 3140 hic
2959 3086 3052 3156 qui
3076 3085 3217 3143 ferat
3245 3090 3528 3146 auxilium.

2191 3168 2458 3240 Alligeros
2489 3170 2632 3225 inter
2655 3172 2854 3239 socios,
2889 3188 3237 3247 summosque
3258 3178 3539 3236 ministros

2264 3260 2493 3316 Michael
2518 3263 2786 3334 princeps,
2811 3266 3019 3335 primus
3043 3268 3098 3322 in
3130 3284 3257 3325 arce
3284 3270 3418 3339 poli,

2190 3350 2317 3407 Hice
2345 3350 2461 3408 loca
2489 3363 2772 3410 conservet
2792 3372 2985 3427 magna
3018 3360 3220 3428 pietate
3250 3360 3529 3429 Tonantis,

2266 3443 2331 3497 Et
2358 3446 2581 3500 veniens
2609 3446 2820 3502 veniam
2852 3460 3042 3520 poscat
3066 3460 3123 3506 et
3149 3453 3268 3523 ipse
3294 3469 3469 3510 suam.

2903 3537 3063 3596 LXV.

2612 3627 2693 3680 Ad
2728 3638 2965 3683 sanctam
3006 3630 3344 3704 Genovefam.

2190 3714 2358 3789 Virgo
2389 3728 2606 3775 sacrata
2637 3722 2748 3777 Deo
2776 3724 3087 3782 cmlestibus
3118 3728 3322 3802 inclyta
3353 3732 3526 3797 donis,

2259 3807 2495 3863 Laetetur
2523 3810 2663 3867 votis
2689 3812 2778 3868 hic
2801 3813 3071 3871 Genovefa
3102 3818 3230 3874 tuis.

2226 3910 2343 3956 ns.
2384 3910 2475 3956 II
2514 3911 2850 3975 ρυουικ
2889 3917 3433 3976 κοπιιτιιιο.
3476 3925 3727 3977 toan

2735 3986 3229 4038 τσιιοιιιιηι.

2894 4063 3078 4119 LXVI.

2604 4148 2685 4204 De
2719 4152 2899 4207 schola
2924 4165 2972 4208 et
3002 4157 3349 4216 scholasticis.

2190 4233 2288 4292 llic
2322 4237 2475 4307 pueri
2500 4238 2709 4295 discant
2731 4247 2962 4301 senioris
2984 4250 3053 4303 ab
3079 4264 3177 4305 ore
3203 4230 3475 4325 magistri,

2261 4328 2612 4399 Hymnidicas
2640 4333 2824 4392 laudes
2848 4347 2905 4392 ut
2935 4356 3190 4400 resonare
3212 4357 3431 4416 queant.

2116 4397 2164 4457 υ
2192 4397 2414 4474 Hauriat
2437 4436 2500 4476 os
2528 4430 2772 4480 tenerum
2794 4428 3038 4500 lymphas
3060 4397 3487 4502 devotewsa—lu‘tis.

2262 4510 2469 4567 Forsan
2492 4513 2547 4568 in
2569 4515 2794 4571 ecclesia
2829 4535 2897 4575 ne
2923 4522 3078 4578 sileat
3106 4528 3305 4582 senior.

2193 4595 2331 4692 Sunt
2359 4601 2486 4692 anni
2508 4600 2768 4671 juvenum
2802 4608 3009 4667 habiles
3036 4616 3314 4675 addiscere
3345 4621 3632 4692 quidquam
3656 4640 3668 4676 :

2268 4687 2407 4743 Usus
2428 4690 2485 4745 in
2513 4694 2751 4764 antiquis
2778 4701 3016 4767 postulat
3036 4705 3307 4773 Ecclesiae,

2189 4772 2426 4835 Instruat
2451 4782 2504 4836 in
2534 4784 2725 4842 studiis
2745 4787 3005 4857 juvenum
3033 4796 3172 4852 bona
3203 4807 3445 4871 tempora
3471 4804 3686 4870 doctor,

2262 4872 2395 4928 Nam
2431 4874 2641 4947 l‘ugiunt
2664 4882 2791 4936 anni
2817 4899 2967 4941 more
2991 4885 3206 4945 fluentis
3234 4909 3409 4963 aquae.

2189 4962 2442 5019 Annosus
2465 4966 2492 5005 ά
2524 4968 2688 5038 sylvis
2714 4986 2945 5039 quercus
2972 4977 3059 5031 vix
3087 4977 3320 5036 ﬂectitur
3350 4981 3608 5054 unqua’m,

2263 5054 2371 5111 Sed
2397 5056 2594 5129 frangit
2621 5060 2855 5119 hominis
2883 5066 3070 5121 dextra
3106 5074 3340 5139 potentis
3369 5090 3513 5130 eam.

2191 5142 2327 5200 Nam
2357 5158 2380 5185 ε
2413 5163 2514 5203 nec
2544 5151 2727 5205 senior
2751 5154 2935 5209 multis
2963 5157 3184 5214 adsueta
3216 5165 3420 5232 rapinis

2263 5239 2376 5293 Sub
2400 5236 2529 5311 juga
2557 5242 2862 5300 nullatenus
2896 5245 3056 5303 fortia
3083 5251 3216 5306 colla
3241 5255 3409 5311 dabit.

2190 5326 2302 5384 Nec
2342 5330 2478 5384 bene
2520 5347 2758 5403 namque
2781 5351 2943 5392 senex
2967 5343 3167 5409 poterit
3191 5344 3456 5414 ediscere,
3483 5365 3577 5420 per
3595 5366 3754 5419 quem

2262 5420 2596 5477 Toudentem
2627 5424 2645 5463 τ
2672 5426 2725 5480 in
2754 5431 3016 5498 gremium
3040 5437 3267 5493 candida
3292 5440 3458 5496 barba
3490 5442 3640 5497 cadit.

2259 5531 2287 5572 ἀ
2318 5532 2499 5611 Forte,
2529 5552 2728 5592 annosa
2754 5541 2806 5593 in
2833 5542 3006 5611 sylvis.

2267 5615 2290 5677 ξ
2320 5602 2493 5677 Locus
2516 5618 2821 5677 corruptus.

2267 5672 2287 5711 τ
2320 5671 2442 5747 Ms,
2479 5680 2663 5745 poterit
2682 5671 2762 5734 rel
2789 5680 2985 5739 discere
3011 5698 3282 5761 postquam
3314 5694 3563 5749 tondenti.
