4044 6340
280 284 382 351 τ.ιὸ

281 413 409 467 Esto
430 409 573 478 pius,
600 396 781 477 pueris
803 402 1072 459 studiosus
1096 411 1150 457 et
1173 411 1288 458 esto
1318 402 1591 472 magister,

352 500 461 554 Vos
490 506 721 559 vestros,
750 486 927 564 pueri,
960 508 1174 562 semper
1198 500 1376 545 amate
1404 500 1603 560 patres.

284 592 357 648 Ut
379 597 597 645 maneat
626 587 782 643 nobis
817 587 987 642 dulcis
1012 584 1315 639 benedictio
1340 583 1536 647 Patris,

352 681 420 737 Et
443 697 509 737 ne
532 696 659 736 nam
681 690 839 734 natus
863 691 888 719 ο
919 688 1099 733 mente
1122 685 1341 731 tenente
1368 676 1503 730 duos

970 782 1174 847 LXVII.

604 886 685 939 Ad
714 899 965 940 musteum
990 882 1147 936 libros
1184 881 1539 935 scribentium.

287 976 389 1032 Hic
419 977 642 1032 sedeant
664 991 832 1030 sacra:
856 974 1153 1028 scribentes
1177 971 1378 1024 famina
1406 970 1557 1039 legis,
1624 1020 1629 1023 _

357 1068 469 1123 Nec
492 1082 597 1122 non
626 1073 931 1122 sanctorum
956 1064 1097 1119 dicta
1120 1070 1330 1117 sacrata
1353 1058 1595 1113 Patrum.

286 1160 414 1217 Haec
437 1162 760 1215 interserere
787 1165 1012 1212 caveant
1046 1170 1143 1211 sua
1171 1153 1361 1208 frivola
1389 1151 1586 1213 verbis,

358 1250 569 1306 Frivola
606 1265 705 1304 nec
732 1258 949 1318 propter
974 1248 1003 1288 ι)
1030 1255 1176 1301 erret
1198 1252 1252 1299 et
1278 1244 1391 1313 ipsa
1418 1257 1606 1296 manus
1630 1259 1642 1294 :

285 1341 681 1411 Correctosque
711 1341 811 1396 sibi
838 1348 1083 1409 quaerant
1115 1337 1350 1392 studiose
1375 1335 1601 1397 libellos,

364 1432 603 1486 Tramite
632 1446 737 1501 quo
769 1438 915 1485 recto
939 1444 1113 1499 penna
1142 1428 1373 1483 volantis
1404 1435 1521 1509 eat}

286 1518 395 1577 Per
417 1523 532 1577 cola
557 1523 891 1592 distinguant
916 1521 1183 1591 proprios,
1212 1526 1267 1574 et
1287 1525 1555 1573 commata
1578 1531 1790 1573 sensus.

361 1614 429 1667 Et
452 1620 679 1682 punctos
703 1619 905 1681 ponant
924 1612 1113 1666 ordine
1135 1621 1376 1679 quosque
1410 1621 1528 1661 suo.

284 1703 368 1758 Ne
396 1704 481 1759 vel
515 1704 648 1758 falsa
684 1703 848 1773 legat,
877 1710 1052 1755 taceat
1076 1700 1158 1754 vel
1188 1698 1327 1752 forte
1352 1705 1592 1766 repente,

357 1794 499 1849 Ante
522 1792 640 1863 pios
663 1791 880 1856 fratres,
915 1792 1084 1845 lector
1109 1790 1162 1843 in
1186 1787 1445 1842 Ecclesia.

282 1881 383 1939 Est
414 1898 550 1953 opus
574 1884 845 1954 egregium
876 1894 1059 1937 saeros
1082 1879 1195 1949 jam
1226 1877 1463 1933 scribere
1491 1875 1679 1939 libros,

361 1972 471 2029 Nec
494 1976 743 2029 mercede
771 1990 867 2028 sua
900 1973 1134 2042 scriptor
1162 1978 1213 2025 et
1238 1971 1351 2039 ipse
1372 1977 1541 2024 caret.

280 2064 497 2120 Fodere
522 2078 684 2133 quam
709 2064 868 2127 vites,
899 2063 1089 2117 melius
1116 2068 1200 2115 est
1225 2061 1464 2116 scribere
1490 2060 1678 2124 libros,

361 2154 454 2207 Ille
482 2168 579 2208 suo
610 2154 789 2207 ventri
812 2152 1032 2216 serviet,
1065 2150 1166 2205 iste
1190 2151 1404 2203 animm.

284 2245 388 2301 Vel
410 2261 568 2310 nova,
596 2245 680 2300 vel
703 2253 885 2299 vetera
914 2244 1112 2313 poterit
1140 2241 1383 2312 proferre
1410 2241 1669 2310 magister

363 2338 619 2402 Plurima,
652 2337 877 2408 quisque
903 2336 1034 2405 legit
1060 2336 1203 2390 dicta
1230 2343 1443 2390 sacrata
1474 2334 1715 2407 Patrum,

957 2452 1186 2507 LXVIII.

402 2544 633 2599 Elevatio
657 2544 840 2598 mentis
865 2561 897 2596 a
926 2545 1142 2615 terrenis
1176 2543 1384 2615 palatiis
1413 2545 1482 2599 ad
1507 2538 1758 2599 cwlestem

877 2613 1267 2668 habitationem.

288 2726 533 2795 Quisque
559 2725 739 2795 legens
763 2740 950 2780 versus
971 2740 1067 2794 per
1090 2723 1233 2787 celsa
1262 2724 1458 2794 palatia
1490 2722 1688 2787 curris,

368 2818 592 2886 Semper
619 2818 812 2873 habeto
841 2816 935 2870 Dei
966 2830 1159 2871 nomen
1184 2816 1236 2870 in
1266 2832 1362 2871 ore
1390 2823 1513 2875 tuo.

292 2907 366 2962 Et
395 2908 521 2963 dum
545 2908 724 2978 lingua
754 2908 870 2978 pias
892 2914 1109 2962 resonat
1129 2921 1225 2975 per
1251 2905 1490 2960 carmina
1517 2904 1721 2972 Iaudes,

369 2996 598 3051 Ferveat
622 2996 764 3050 illius
787 3005 973 3065 pectus
996 3010 1181 3049 amore
1212 3003 1388 3049 tuum.

292 3089 438 3144 Dum
466 3097 522 3143 tu
551 3087 774 3157 pulchra
796 3088 983 3142 domus
1010 3086 1235 3156 pedibus
1264 3076 1460 3139 solaria
1490 3084 1739 3151 scandes,

368 3183 656 3236 Immemor
683 3180 825 3235 haud
849 3187 967 3235 esto
995 3179 1254 3234 scandere
1278 3186 1457 3233 mente
1483 3178 1685 3250 polum.

293 3273 394 3328 Sol
418 3272 844 3338 rutilans_.radiis
867 3269 1113 3326 domibus
1137 3269 1461 3339 splendescit
1485 3270 1539 3323 in
1566 3269 1722 3334 altis;

369 3364 595 3417 Lumine
609 3370 879 3433 .perpetuo
900 3360 1147 3416 Christus
1176 3361 1230 3414 in
1262 3375 1388 3415 arce
1415 3359 1544 3429 poli.

296 3454 373 3511 Ut
400 3456 480 3510 sol
506 3455 737 3510 illustrat
761 3464 906 3510 totus
924 3454 1271 3525 praefulgidus
1291 3456 1495 3517 orbem,

374 3544 468 3600 Sic
488 3544 692 3616 fulgent
724 3545 893 3600 sancti
921 3559 1134 3613 semper
1164 3543 1216 3597 in
1244 3558 1369 3597 arce
1395 3540 1589 3597 Patris.

296 3631 443 3688 Sunt
469 3649 499 3686 a
531 3632 643 3687 sole
666 3633 856 3687 domus
877 3632 1034 3685 celsae
1061 3630 1257 3685 solaria
1294 3624 1459 3694 dicta,

368 3722 415 3775 A
441 3721 657 3775 Christo
682 3727 926 3775 sanctum
952 3732 1146 3773 nomen
1181 3716 1440 3773 habemus
1471 3718 1619 3773 item.

296 3813 360 3869 Si
390 3822 444 3868 te
467 3813 695 3869 delectet
722 3812 969 3866 manibus
997 3812 1256 3866 habitatio
1284 3810 1426 3866 facta
1452 3828 1466 3875 ;

374 3904 492 3960 Non
519 3905 767 3959 manibus
787 3904 984 3958 factam
1009 3902 1129 3973 plus
1154 3902 1251 3957 tibi
1283 3918 1463 3972 quaere
1492 3903 1729 3958 domum.

296 3993 569 4064 Quidqitid
604 3997 656 4049 in
696 3995 827 4049 urbe
857 4008 1048 4048 manus
1082 3993 1316 4048 hominis
1354 4000 1734 4049 construxerat
1767 4008 1868 4049 un-

1663 4084 1868 4156 lanam.

374 4177 567 4231 Omnia
594 4192 716 4230 nam
741 4183 987 4246 pereunt,
1027 4177 1077 4230 in
1110 4175 1426 4245 cineresque
1452 4185 1634 4231 ruunt.

294 4266 569 4337 Quidquid
600 4269 821 4322 honoris
850 4269 1045 4321 habent
1071 4268 1243 4321 sancti
1267 4282 1365 4337 per
1394 4268 1584 4337 gaudia
1612 4267 1757 4332 coeli,

368 4355 503 4411 Cum
537 4355 750 4411 Christo
775 4358 980 4426 pariter
1009 4373 1221 4428 semper
1253 4358 1453 4413 habere
1485 4366 1709 4428 queunt.

297 4447 417 4513 Quo
449 4457 499 4501 te
531 4448 691 4502 ducat
725 4464 896 4514 amor,
926 4450 1116 4519 rapiat,
1151 4450 1331 4504 trahat
1354 4451 1603 4504 omnibus
1626 4449 1793 4513 horis,
1895 4452 1944 4513 D

371 4536 438 4589 Et
458 4551 584 4606 rape
607 4553 691 4592 me
720 4544 917 4602 tecum,
944 4553 1144 4607 quaeso,
1169 4540 1275 4593 tuis
1303 4540 1570 4608 precibus.

299 4628 384 4683 Sit
402 4629 526 4693 tibi,
558 4630 733 4699 sitque
766 4631 898 4685 mihi
930 4630 1181 4686 Christus
1209 4630 1552 4687 currentibus
1578 4630 1707 4685 illuc

368 4719 668 4785 Protector,
694 4730 894 4788 rector,
927 4720 1041 4787 lux,
1074 4721 1182 4786 via,
1212 4722 1347 4787 vita,
1374 4720 1536 4791 salus.

889 4835 1049 4905 212
1089 4834 1273 4889 LXIX.

827 4937 849 4966 ε
880 4927 960 4980 Ad
994 4927 1373 4980 dormitorium.

293 5036 398 5102 Qui
433 5036 541 5089 vim
569 5044 874 5102 ventorum,
900 5036 1075 5106 pelagi
1102 5037 1192 5106 qui
1223 5037 1431 5107 mitigat
1458 5036 1649 5099 undas,

294 5124 461 5177 Israel
490 5125 579 5193 qui
606 5134 809 5190 servat,
842 5126 988 5181 nullo
1015 5127 1107 5195 qui
1139 5126 1375 5181 dormiat
1404 5141 1556 5193 aevo;

292 5215 581 5273 Fratribus
606 5218 707 5274 hac
728 5222 966 5293 requiem
987 5223 1196 5277 dulcem
1218 5221 1478 5277 concedat
1502 5219 1557 5276 in
1584 5220 1729 5285 aula,

368 5406 395 5467 ξ
426 5394 604 5467 Locus
627 5408 931 5467 corruptus.

368 5462 397 5502 ι’
425 5464 617 5537 forte,
639 5462 939 5537 prope—rans.

372 5545 393 5571 ε
424 5530 757 5607 Prtevie'hie
782 5546 936 5592 nates
982 5530 1141 5591 velim
1170 5539 1275 5592 duo
1311 5538 1591 5607 sequentia
1626 5532 1866 5593 carmina

289 5605 573 5729 fiscqiddic:
603 5620 705 5659 ms.
738 5605 1135 5677 Salisburgensi
1160 5622 1279 5663 esse
1318 5605 1621 5673 emendata,
1664 5617 1715 5662 et
1748 5610 1870 5662 titu-

401 5689 429 5726 a
510 5692 523 5727 ι
566 5690 631 5729 )s.

314 5688 379 5725 OS
401 5688 631 5730 εαωωε.

700 5766 969 5827 ΡΔΊἪΟΙ..
1027 5764 1125 5829 (II.

1261 290 1582 348 CARMINA.
1621 318 1691 329 —
1726 284 2242 342 INSCRIPTIONES
2279 282 2531 338 VARUS.

1877 402 1927 459 Δ
1955 398 2022 452 Et
2050 412 2185 467 quos
2208 398 2450 451 immittit
2473 408 2662 452 somno
2687 392 2768 450 vis
2792 409 2944 464 n.gra
2978 387 3217 453 timores,

3421 270 3523 325 746

1951 487 2269 556 Compescat
2307 488 2544 541 clemens
2582 482 2814 549 Domini,
2855 497 3005 551 rogo,
3047 482 3234 532 dextra
3264 475 3518 542 potentis.

1946 580 2163 649 Quique
2192 579 2332 631 diem
2360 580 2546 630 statuit
2566 576 2768 627 homini
2801 575 2901 625 sub
2929 572 3048 623 luce
3068 567 3270 622 labore,

1954 666 2213 722 Noctibus
2242 674 2297 717 et
2319 664 2558 732 requiem
2589 661 2855 716 concessit
2880 669 3106 726 corpore
3129 654 3292 712 fesso,

1957 756 2038 810 Ad
2063 755 2381 819 laudemque
2408 766 2561 804 suam
2588 749 2751 802 faciet
2775 758 3101 815 consurgere
3132 755 3311 797 sanos.

2662 857 2826 912 LXX.

2378 951 2460 1005 Ad
2497 951 2770 1004 latrinium
2796 944 3113 1021 [latrinam].

1960 1062 2253 1125 Luxuriam
2279 1068 2304 1108 δ
2328 1065 2554 1130 ventris,
2590 1064 2778 1127 lector,
2810 1075 3073 1131 cognosce
3101 1056 3360 1119 vorantis,

2032 1158 2252 1217 Putrida
2281 1158 2372 1227 qui
2396 1157 2565 1212 sentis
2600 1164 2843 1209 stercora
2875 1167 3008 1208 nare
3034 1158 3146 1205 tuo.

1959 1252 2250 1323 Ingluviem
2277 1248 2447 1319 fugito
2474 1246 2696 1309 ventris,
2727 1250 3054 1314 quapropter
3079 1241 3134 1294 in
3161 1252 3279 1303 ore,

2032 1341 2295 1410 Tempore
2330 1338 2401 1393 sit
2426 1346 2573 1393 certo
2595 1335 2777 1391 sobria
2804 1334 2914 1389 vita
2942 1330 3059 1385 tibi.

2645 1441 2832 1499 LXXI.

1961 1544 2260 1601 Admonitio
2316 1534 2569 1613 juvenum
2624 1538 2984 1607 religiosorum
3041 1532 3111 1587 ad
3169 1526 3533 1607 excutiendum

2616 1624 2877 1663 somnum.

1892 1737 1937 1798 Β
1964 1724 2073 1779 Res
2105 1732 2191 1779 est
2216 1722 2353 1778 mira
2383 1720 2627 1791 quidem,
2667 1717 2782 1772 vult
2820 1731 2982 1786 quam
3017 1713 3114 1769 tibi
3137 1712 3315 1767 dicere
3337 1716 3488 1764 vates
3516 1720 3529 1757 :

1962 1818 2197 1872 Letheus
2216 1814 2476 1884 juvenum
2495 1810 2763 1882 percussit
2784 1817 3022 1878 tempora
3052 1819 3253 1870 ramus,

1964 1908 2035 1965 Ut
2062 1910 2258 1976 hospes
2276 1906 2460 1961 clauso
2479 1903 2744 1974 patuisset
2762 1900 2946 1955 limine
2969 1895 3152 1965 templi
3176 1911 3190 1948 :

1963 1999 2202 2068 Quisque
2225 2004 2403 2068 potest
2425 2010 2570 2051 caeco
2594 1993 2788 2048 melius
2813 1993 2958 2046 hunc
2978 2000 3203 2044 cernere
3222 1984 3365 2047 visu,

1965 2090 2224 2147 Sensibus
2251 2095 2305 2142 et
2328 2087 2518 2156 sopitis
2546 2084 2741 2140 melius
2764 2080 3007 2153 proferre
3028 2075 3290 2147 loquelas,

1961 2182 2176 2253 Ignotas
2205 2180 2469 2250 siquidem
2496 2178 2678 2231 varias
2700 2184 2756 2230 et
2780 2176 2983 2245 lingere
3008 2172 3234 2226 formas.

1963 2272 2235 2337 Cernitur,
2270 2270 2503 2333 auditur,
2533 2266 2709 2322 fuerat
2734 2266 2826 2335 qui
2855 2273 3097 2333 tempore
3121 2260 3304 2315 nullo:

1965 2366 2223 2422 Noctibus
2252 2365 2416 2428 hunc,
2444 2361 2679 2433 juvenis,
2710 2368 2826 2415 toto
2855 2358 2953 2413 tibi
2979 2356 3140 2412 corde
3163 2361 3373 2410 caveto.

1965 2457 2192 2513 Subruit
2218 2456 2307 2511 hic
2336 2470 2550 2518 sensus,
2586 2453 2743 2508 binos
2772 2462 2795 2491 θ
2820 2459 2875 2506 et
2900 2448 3102 2505 claudit
3128 2446 3329 2503 ocellos

1967 2549 2254 2621 Splendida
2279 2547 2537 2617 stelligeri
2568 2546 2756 2601 videas
2783 2559 2850 2598 ne
2878 2542 3081 2598 lumina
3115 2538 3258 2597 coeli.

1964 2640 2072 2694 Aut
2094 2649 2183 2694 tua
2198 2640 2310 2710 jam
2335 2655 2496 2694 voces
2522 2637 2757 2693 doctoris
2780 2635 2996 2691 hauriat
3012 2634 3190 2697 auris,

1966 2729 2065 2786 Vel
2094 2739 2192 2799 pes
2214 2728 2496 2785 ecclesiam
2523 2736 2786 2783 nocturno
2814 2733 3057 2795 tempore
3084 2731 3290 2778 currat.
3456 2794 3459 2797 δ

1967 2820 2159 2891 Hujus,
2187 2836 2390 2891 qureso,
2419 2828 2581 2890 caput
2606 2818 2782 2872 valido
2807 2825 3093 2886 percutere
3118 2814 3136 2853 τ
3169 2827 3370 2885 pugno,

1967 2909 2045 2966 Ne
2073 2910 2170 2966 tibi
2194 2918 2477 2966 cernentes
2500 2910 2697 2978 hospes
2724 2915 2960 2964 exetecet
2981 2905 3204 2972 ocellos,

1966 3001 2077 3058 Aut
2106 3009 2323 3071 torpore
2350 3000 2494 3055 malo
2516 3014 2707 3055 sensus
2737 2998 2834 3053 tibi
2865 2998 3089 3053 subruat
3116 3010 3338 3061 omnes;

1888 3106 1937 3171 ο
1969 3093 2077 3150 Sed
2104 3095 2201 3149 tibi
2229 3094 2512 3164 collyrium
2539 3092 2688 3147 visus
2719 3090 2940 3147 infunde
2964 3091 3153 3146 salutis
3177 3105 3192 3144 :

1968 3185 2039 3242 Ut
2070 3185 2250 3243 valeas
2279 3185 2417 3254 signi
2444 3198 2605 3238 voces
2630 3183 2817 3238 audire
2841 3182 3082 3237 sonantis

1965 3277 2119 3343 Quod
2145 3286 2197 3331 te
2219 3276 2415 3348 quippe
2435 3283 2613 3340 vocat,
2644 3274 2828 3329 laudes
2853 3283 3075 3330 cantare
3098 3271 3382 3328 Tonantis.

1966 3373 2203 3429 Consere
2247 3373 2442 3441 quippe
2486 3386 2701 3435 manus,
2751 3369 2964 3424 modico
2990 3368 3225 3423 dormire
3251 3372 3543 3432 memento,

1968 3462 2113 3517 Neve
2141 3469 2359 3531 repente
2380 3461 2478 3516 tibi
2505 3460 2689 3515 veniat
2709 3457 2979 3529 praefui-tis
3007 3466 3242 3529 egestas,

1972 3553 2042 3609 Ut
2068 3561 2249 3608 monet
2282 3551 2499 3623 egregio
2522 3550 2775 3606 Salomon
2799 3564 3046 3605 sermone
3073 3547 3330 3618 legentes.

2654 3663 2861 3719 LXXII.

2484 3762 2552 3818 In
2574 3763 2655 3817 via
2684 3763 2751 3816 ad
2784 3758 3018 3815 chorum.

1971 3856 2109 3926 Non,
2142 3866 2292 3929 rogo,
2325 3856 2461 3911 dura
2488 3854 2585 3909 tibi
2614 3854 2864 3908 videatur
2886 3853 3079 3908 semita
3110 3850 3366 3915 fratrum,
3440 3846 3461 3861 '

2040 3952 2167 4007 Haec
2194 3961 2247 4011 te
2275 3955 2583 4004 currentem
2607 3946 2753 4001 ducit
2780 3946 2848 3999 ad
2871 3943 3180 4000 ecclesiam.

1970 4041 2088 4098 Non
2113 4041 2202 4096 hic
2233 4040 2390 4094 turba
2416 4044 2573 4092 sonat
2601 4038 2625 4076 ε
2645 4035 2847 4105 pepuli,
2879 4050 2985 4090 non
3015 4035 3156 4091 forte
3178 4034 3469 4099 tumultus;

2041 4136 2149 4190 Vos
2170 4133 2311 4187 inter
2338 4128 2518 4184 nullus
2548 4128 2640 4182 hic
2671 4127 2879 4183 alienus
2907 4134 3014 4181 cat.

1972 4224 2096 4279 Ilaec
2114 4222 2202 4276 via
2227 4236 2323 4275 vos
2356 4218 2562 4289 pariter
2588 4217 2840 4274 concordi
2870 4225 3088 4287 pectore
3115 4219 3296 4283 ducat,

2042 4314 2311 4370 Laudibus
2331 4313 2568 4366 intentos
2591 4311 2659 4366 ad
2683 4310 2773 4381 pia
2800 4310 2956 4366 laude
2981 4311 3008 4350 ιι
3037 4310 3151 4365 Dei.
3333 4381 3335 4384 g

1973 4407 2125 4463 Unus
2154 4422 2305 4463 amor
2330 4406 2579 4463 Christus
2606 4405 2761 4462 nobis
2788 4402 2901 4469 ﬁat,
2933 4413 3094 4475 atque
3116 4402 3219 4460 iter
3246 4422 3435 4471 unum,

2040 4498 2134 4554 Ille
2158 4508 2241 4555 est
2263 4507 2412 4554 certa
2443 4498 2603 4559 salus,
2635 4512 2778 4566 spes,
2804 4498 2967 4552 decus
2994 4505 3049 4551 et
3072 4496 3330 4553 Charitas.

1974 4589 2090 4646 Non
2112 4600 2169 4646 tu
2195 4591 2497 4662 somnigere
2529 4589 2692 4645 vadas
2717 4576 2932 4659 torpore
2956 4604 3053 4659 per
3075 4589 3261 4654 istum,

2044 4681 2153 4736 Sed
2180 4682 2297 4737 laus
2324 4681 2465 4735 alma
2496 4680 2588 4736 Dei
2619 4694 2832 4751 semper
2853 4681 2906 4734 in
2936 4694 3031 4735 ore
3055 4690 3227 4736 sonet.

1970 4773 2206 4847 Angelus
2226 4782 2286 4831 ut
2310 4783 2487 4829 tecum
2510 4771 2717 4828 caelesti
2743 4781 2929 4829 currat
2950 4774 3016 4827 ab
3042 4788 3191 4839 arce,

2043 4866 2180 4920 Dum
2207 4866 2387 4921 videat
2415 4863 2602 4917 laudes
2630 4871 2683 4916 te
2711 4877 2966 4917 resonare
2994 4862 3111 4918 Dei.

1979 4960 2055 5016 'I'c
2082 4974 2295 5031 quoque
2324 4958 2613 5015 consociat.
2626 4965 2935 5012 sanctorum
2956 4966 3177 5026 pectore
3203 4956 3343 5019 Imto,

2048 5049 2380 5105 Gaudentem
2404 5046 2605 5102 Christi
2635 5055 2809 5101 cretus
2832 5047 2883 5100 in
2914 5045 3160 5112 ecclesia,

1977 5138 2258 5207 Relli‘quiaa
2284 5152 2512 5207 quorum
2543 5136 2723 5192 multa:
2750 5138 3055 5191 conduntur
3090 5138 3142 5191 in
3173 5136 3287 5199 illa,

2050 5223 2175 5283 Haac
2198 5242 2456 5297 superans
2478 5243 2675 5283 munus
2704 5227 2850 5283 mille
2879 5228 3079 5284 talenta
3104 5229 3271 5298 pium.

2042 5398 2067 5437 ἀ
2096 5398 2218 5461 ML,
2241 5398 2524 5453 (uxorium.

2048 5480 2071 5539 0:
2097 5470 2176 5539 Ita
2202 5469 2339 5539 lego,
2367 5471 2504 5535 loco,
2531 5471 2710 5524 bonos.

2052 5536 2070 5576 τ
2098 5538 2222 5610 Ms,
2253 5536 2309 5593 iu
2336 5550 2562 5610 percute.

2051 5611 2075 5647 κ
2104 5608 2226 5674 Ms.,
2254 5608 2420 5666 sonet.

2047 5679 2072 5717 ιι
2098 5679 2221 5746 Ms,
2258 5680 2326 5733 ad
2347 5682 2434 5751 pia
2458 5682 2669 5752 templa.

3066 5772 3145 5833 25
