4044 6340
494 334 597 390 757

491 446 756 516 Spesque.
788 442 1027 511 fidesque
1056 438 1210 493 simul
1242 435 1446 505 pariter
1482 435 1836 501 quapropter,
1869 423 1925 478 in
1960 421 2080 477 istis
2106 421 2158 479 Δ

563 532 891 589 Porticibus,
925 538 1101 579 tecum
1126 534 1275 579 certa
1300 523 1494 578 salutis
1522 528 1661 575 erat.

491 618 636 683 Quot
667 626 724 669 tu
751 632 875 668 nam
903 630 1129 668 currens
1158 614 1385 682 pedibus
1410 611 1637 679 vestigia
1674 607 1854 677 ponis,

564 706 756 759 Totam
786 704 1088 757 mercedem
1115 716 1140 741 ο
1172 702 1343 754 frater
1371 699 1574 753 habere
1602 698 1771 750 vales.

490 795 611 851 Non
646 794 849 850 idcirco
876 792 974 847 tibi
996 791 1241 845 videatur
1278 792 1392 842 haec
1418 788 1505 839 via
1538 787 1721 855 longa,

560 889 667 943 Per
690 888 832 941 hanc
856 884 1115 940 cmlorum
1151 882 1337 953 pervia
1367 887 1521 949 porta
1550 883 1723 946 patet.
1748 928 1751 931 .

490 980 640 1035 Felix
668 978 867 1048 quippe
894 976 1009 1029 dies
1036 974 1159 1039 tibi,
1190 989 1296 1042 qua
1320 980 1372 1025 te
1395 967 1625 1037 suscipit
1655 965 1770 1029 illa,

560 1071 674 1126 Illic
701 1085 825 1125 eum
850 1067 1067 1123 Christo
1096 1080 1262 1136 regna
1289 1064 1447 1117 beata
1472 1068 1650 1114 tenes.
1714 1054 1723 1065 ’
1880 1110 1891 1123 ,

490 1164 707 1219 Currite
738 1177 834 1216 vos
854 1158 1082 1229 juvenes
1103 1156 1306 1213 Christi
1339 1161 1699 1225 properanter
1721 1148 1773 1204 in
1803 1147 2009 1213 aulam,

557 1254 639 1308 Ad
670 1251 883 1306 laudem
904 1247 1106 1305 Christi
1126 1246 1353 1310 currite,
1386 1259 1482 1298 vos
1505 1242 1757 1312 juvenes.

490 1346 895 1414 Unanimesque
921 1339 1082 1397 simul
1106 1353 1288 1410 regem
1309 1335 1524 1391 laudate
1552 1346 1871 1403 supernum,

563 1437 790 1505 Semper
814 1441 994 1488 amate
1019 1432 1192 1487 Deum
1217 1429 1610 1496 unanimesque
1644 1424 1824 1480 simul.

496 1527 556 1583 Si
586 1540 824 1597 nequeas
851 1523 1081 1595 pedibus
1108 1520 1309 1585 senior,
1344 1534 1496 1589 rogo,
1529 1525 1753 1586 pectore
1776 1530 1960 1578 curre,

562 1618 738 1675 Mente
758 1617 941 1688 polum
964 1614 1186 1678 scande,
1208 1613 1253 1667 si
1281 1625 1521 1682 nequeas
1546 1608 1793 1680 pedibus.

1165 1727 1398 1785 LXXIII.

892 1824 1205 1879 Adhortatio
1228 1822 1297 1875 ad
1322 1819 1534 1875 laudem
1570 1814 1688 1874 Dei.

494 1921 710 1976 Discute
736 1922 1035 1987 torpentes,
1058 1912 1249 1978 frater,
1279 1911 1372 1971 tibi
1400 1908 1593 1980 pollice
1623 1916 1867 1973 somnos,

563 2014 629 2069 Et
656 2009 923 2068 contende
960 2007 1112 2077 prior
1149 2013 1332 2061 mente
1367 2002 1523 2076 [Ms.,
1553 1997 1721 2072 tecta]
1750 2000 1936 2055 subire
1963 1996 2081 2052 Dei.

494 2107 639 2161 Intra
665 2103 867 2174 quippe
891 2100 1043 2169 prior
1075 2095 1351 2168 templum,
1386 2093 1481 2149 sed
1511 2093 1717 2147 tardior
1741 2090 1855 2156 exi,

566 2200 644 2254 Te
674 2197 876 2253 Christi
901 2195 1065 2249 ducat
1085 2201 1245 2261 atque
1270 2190 1494 2245 reducat
1521 2200 1697 2240 amor.

497 2289 713 2359 Septies
741 2289 907 2356 inque
928 2286 1014 2340 die
1039 2283 1326 2337 Dominum
1351 2279 1575 2334 laudare
1604 2282 1900 2338 memento,

570 2380 641 2437 Ut
664 2379 952 2434 Psalmista
977 2375 1128 2429 canit
1152 2370 1322 2427 David
1344 2369 1412 2424 ab
1438 2384 1535 2424 ore
1562 2366 1680 2421 Dei.

823 2494 1149 2565 quorum
1202 2488 1751 2565 nonne-rgno,
1796 2481 2055 2535 ron"

996 2568 1052 2614 Π
1061 2562 1490 2614 οειωιαεη
1500 2562 1595 2608 ιι.

1177 2663 1418 2719 LXXIV.

570 2769 654 2824 Ad
679 2763 953 2823 ecclesiam
975 2771 1278 2817 sanctorum
1307 2756 1570 2811 Lamberti
1604 2764 1653 2808 ct
1689 2751 1940 2817 Cecilitz,
1967 2752 2023 2803 in

928 2830 1247 2887 monasterio
1277 2826 1661 2882 Nobiliacensi.

533 2504 642 2552 xv.
682 2501 774 2551 ιιι

506 2952 772 3025 Egregius
799 2957 1028 3018 martyr,
1056 2942 1255 3017 przesul
1275 2939 1592 3008 Christique
1616 2935 1790 2991 ﬁdelis

578 3045 705 3101 Ihec
737 3042 856 3099 loca
875 3038 1203 3095 Lambertus
1227 3032 1425 3102 inclyta
1455 3036 1678 3084 sanctus
1703 3026 1889 3081 habet.

480 3136 755 3208 .Jungitur
783 3132 912 3189 huic
936 3129 1085 3187 Patri
1112 3127 1318 3197 pariter
1338 3121 1553 3177 Caecilia
1576 3119 1755 3188 virgo,

578 3227 901 3298 Virginitate
927 3232 1119 3294 potens
1143 3214 1515 3285 martyrioque
1540 3208 1720 3264 simul.

508 3319 766 3378 Ecclesia:
791 3317 964 3371 fuerat
991 3325 1221 3382 magnus
1246 3322 1371 3360 nam
1400 3311 1587 3375 pastor
1610 3310 1667 3356 et
1690 3298 1778 3354 ille
1795 3339 1813 3364 ,

580 3412 706 3467 Haec
731 3408 932 3467 Christi
961 3404 1103 3475 regis
1137 3413 1335 3471 sponsa
1358 3394 1614 3466 perennis
1636 3398 1773 3446 erat.

512 3505 665 3561 Ilanc
688 3500 906 3558 humilis
930 3498 1100 3553 abbas
1125 3492 1230 3548 Ato
1254 3491 1280 3529 δ
1307 3491 1687 3545 construxerat
1713 3479 1906 3542 :edem,

584 3597 735 3650 Dona
762 3593 849 3648 cui
878 3590 1129 3647 Christus
1151 3586 1315 3640 donet
1342 3584 1397 3637 in
1421 3594 1548 3635 arce
1567 3576 1699 3648 poli.

1191 3675 1405 3732 LXXV.

510 3780 591 3834 Ad
622 3795 771 3832 aram
798 3786 1099 3832 sanctorum
1130 3768 1367 3837 Quintini
1407 3776 1455 3822 et
1496 3762 1735 3834 Dionysii
1776 3769 2092 3829 martyrum.

512 3872 803 3940 Quiutinus
831 3875 1061 3937 martyr,
1104 3862 1269 3916 Pater
1294 3868 1349 3913 et
1372 3855 1662 3927 Dionysius
1684 3866 1837 3907 aram

584 3966 733 4021 Hanc
763 3969 981 4019 servent
1009 3956 1265 4029 precibus
1296 3967 1511 4022 semper
1532 3950 1600 4005 ab
1632 3950 1787 4004 hoste
1820 3945 1934 4001 suis

513 4059 777 4114 Doctores
811 4053 936 4107 vita:
964 4048 1173 4105 meritis
1202 4044 1480 4100 vivacibus
1506 4039 1632 4094 amb

486 4176 495 4182 ί
584 4149 858 4222 Sanguine
888 4146 983 4217 qui
1013 4157 1170 4198 roseo
1201 4153 1374 4210 regna
1403 4138 1561 4192 beata
1591 4138 1795 4188 tenent.

712 4349 791 4405 Ad
819 4363 968 4405 aram
994 4246 1562 4401 sanctorlitiitxliilliberti
1585 4342 1635 4389 et
1660 4330 1902 4403 Ayathw.

522 4469 676 4526 Hanc
700 4464 863 4520 Pater
888 4458 1138 4531 egregius
1163 4468 1314 4510 aram
1343 4450 1638 4505 Filibertus
1660 4456 1684 4486 °
1712 4444 1957 4509 habebit,

598 4555 837 4613 Plurima
864 4545 1169 4606 construxit
1192 4542 1284 4613 qui
1313 4542 1429 4597 loca
1459 4546 1645 4594 sancta
1676 4535 1805 4590 Deo.

523 4649 663 4708 Huic
684 4657 897 4716 quoque
918 4637 1203 4707 conjuncta
1223 4640 1307 4688 est
1328 4629 1629 4685 clarissima
1653 4634 1861 4695 martyr
1874 4624 2103 4696 Agatha,

596 4739 830 4794 Venerat
855 4732 910 4786 in
940 4728 1237 4784 thalamum
1265 4721 1527 4791 sanguine
1553 4717 1706 4787 virgo
1728 4716 1854 4785 poli.

1193 4830 1447 4887 LXXVII.

769 4931 849 4986 Ad
876 4945 1023 4984 aram
1047 4925 1215 4981 sancti
1244 4919 1519 4977 Michaelis
1541 4912 1865 4985 archangeli.

528 5054 753 5124 Magnus
776 5050 844 5105 ab
867 5061 994 5103 arce
1013 5040 1241 5099 Michael
1275 5034 1635 5107 archangelus
1656 5030 1834 5086 aulam

603 5121 755 5201 lianc
785 5139 1039 5213 precibus
1065 5147 1280 5204 semper
1310 5136 1495 5185 servet
1524 5127 1591 5181 ab
1622 5126 1777 5179 hoste
1807 5121 1929 5192 piis.

532 5239 768 5307 Quisque
788 5233 936 5302 legas
959 5239 1169 5290 versus,
1199 5236 1300 5293 pro
1328 5234 1433 5289 quo
1457 5229 1683 5271 exorare
1712 5218 2007 5277 memento,

603 5304 708 5382 Pro
736 5323 933 5380 sudore
958 5316 1133 5380 brevi,
1159 5321 1218 5367 ut
1244 5310 1468 5381 praemia
1496 5308 1657 5376 longa
1687 5304 1850 5373 legat.

608 5499 634 5526 ι
662 5485 789 5548 Ms.,
816 5489 888 5535 tot
921 5487 976 5548 tu
1000 5472 1278 5548 mercedes.

607 5524 636 5596 ί
921 5524 1094 5602 abbas
1113 5524 1193 5597 et
1214 5524 1936 5609 instauratogmonasteriﬁi-
1952 5524 2116 5609 Nobi-

538 5595 1218 5690 ιίεόέιῖἐῖεἶρἱἶιῇἓὶοιξέε
1247 5605 1532 5690 αηηο-ῖὲὄ.
1561 5602 1637 5655 De
1663 5614 1726 5654 eo
1747 5599 1855 5652 vid.
1889 5595 2115 5661 Mabill.,

542 5674 958 5752 tori-Illam].
984 5683 1208 5752 Bened.,
1235 5694 1357 5752 pag.
1386 5674 1511 5752 507.
1772 5738 1785 5750 .

616 5742 960 5821 tnF-i‘li-be—rtus
969 5756 1139 5813 abbas
1151 5742 1413 5809 Geine'tici
1439 5757 1564 5800 saec.
1582 5758 1679 5808 vn,
1697 5742 1787 5811 qui
1813 5742 2117 5793 construxit

1326 324 1385 378 Β.
1425 322 1486 376 F.
1525 312 1750 371 ALBINI
1791 310 1920 366 S’EU
1962 303 2237 362 ALCL‘INI
2277 299 2561 359 OPERUM
2600 298 2780 353 PARS
2820 297 2905 352 VI.

2120 3108 2170 3173 C

2131 4462 2182 4523 ο

3645 261 3750 315 748

2668 394 2677 405 “
2736 413 2896 482 213
2928 407 3207 465 Lxxvut.

2346 507 2429 560 Ad
2458 521 2609 559 aram
2639 513 2942 557 sanctorum
2974 499 3188 569 Sulpitii
3216 508 3263 553 et
3289 496 3578 553 Columbam

2180 598 2443 669 Sulpitius
2470 594 2690 666 praesul,
2722 599 2929 663 pastor,
2951 590 3262 660 patriarcha
3293 588 3487 655 ﬁdelis,

2248 688 2522 743 Auxilium
2554 684 2709 740 nobis
2739 683 2829 737 hic
2853 682 2992 736 ferat
3014 681 3117 735 iste
3140 680 3309 749 pium.

2178 782 2382 851 Inclyta
2411 779 2672 850 martyrio
2700 774 2906 846 pariter
2929 776 3021 830 hic
3043 774 3195 842 virgo
3223 773 3480 828 Columba

2250 870 2518 925 Defendat
2545 868 2823 940 precibus,
2854 874 2997 1010 tlecta
3022 874 3237 921 sacrata
3259 866 3386 920 Deo.

2906 955 3095 1010 XXIX.

2906 955 3095 1011 XXIX.

2376 1049 2458 1102 Ad
2488 1066 2639 1103 aram
2668 1057 2973 1103 sanctorum
3003 1045 3232 1099 Amandi
3254 1053 3300 1098 et
3324 1043 3542 1114 Agathe?

2182 1138 2296 1196 Hac
2325 1142 2500 1196 honor
2525 1154 2653 1195 ecce
2680 1148 2806 1194 tuus
2824 1137 3023 1208 praesul
3050 1135 3330 1190 Amandus
3354 1135 3407 1189 in
3436 1149 3531 1188 ara

2252 1234 2371 1289 Jam
2394 1233 2611 1297 colitur,
2646 1231 2802 1285 nobis
2829 1240 2888 1285 tu
2914 1229 3177 1284 auxiliare
3205 1226 3387 1281 Pater.

2184 1329 2348 1399 Virgo
2370 1334 2582 1381 sacrata
2607 1325 2717 1379 Deo
2750 1337 2849 1378 nec
2880 1337 2986 1376 non
3012 1327 3305 1375 veneratur
3331 1318 3567 1390 Agathe,

2255 1416 2520 1473 Defendat
2548 1414 2802 1486 precibus
2834 1420 2973 1468 tecta
3003 1418 3214 1468 saerata
3244 1409 3374 1464 Deo.

2862 1502 3075 1557 LXXX.

2473 1597 2803 1653 Desiderium
2830 1594 3105 1649 habitandi
3125 1594 3180 1646 in
3202 1592 3359 1646 domo
3382 1591 3502 1645 Dei.

2186 1689 2356 1758 Quam
2389 1688 2604 1753 dilecta,
2637 1688 2800 1751 Deus,
2835 1695 2927 1741 tua
2948 1693 3074 1740 sunt
3100 1683 3234 1738 mihi
3257 1681 3479 1752 templa,
3503 1679 3773 1746 Sabaoth,

2113 1757 2161 1821 Β
2258 1783 2530 1837 Virtutum
2558 1780 2844 1846 Dominus,
2875 1794 2969 1835 rex
2998 1792 3151 1833 meus
3181 1784 3343 1845 atque
3368 1774 3546 1830 Deus!

2187 1873 2264 1927 Te
2294 1871 2459 1926 Pater
2489 1870 2627 1924 alme
2652 1884 2832 1924 meum
2860 1883 2978 1932 cor,
3006 1876 3058 1922 te
3087 1881 3217 1922 caro
3254 1866 3448 1936 quaerit
3474 1863 3697 1934 ubique,

2257 1963 2444 2031 Tuque
2473 1961 2615 2015 Deus
2640 1960 2793 2014 vivus
2815 1959 3005 2030 gaudia
3030 1972 3225 2028 magna
3256 1955 3409 2010 mihi.

2187 2052 2399 2121 Quique
2427 2052 2536 2105 tuis
2562 2050 2722 2106 tectis
2741 2049 3007 2112 habitant,
3042 2055 3169 2103 sunt
3197 2045 3353 2102 valde
3376 2046 3540 2109 beati,

2258 2143 2327 2197 Et
2357 2150 2611 2196 resonant
2643 2127 2830 2195 laudes
2860 2139 2917 2193 bi
2951 2138 3047 2192 tibi
3068 2148 3377 2207 perpetuas.

2188 2230 2287 2287 Hic
2313 2231 2464 2297 mihi,
2493 2245 2698 2302 quaaso,
2728 2231 2945 2285 domum
2974 2228 3151 2285 tribue
3170 2269 3185 2291 ,
3235 2227 3517 2282 mitissime
3547 2224 3774 2296 pastor!

2162 2398 2167 2403 γ
2268 2323 2441 2394 thue
2470 2334 2593 2380 tuas
2624 2323 2808 2378 laudes
2838 2322 2925 2377 hic
2957 2316 3072 2376 sine
3106 2320 3212 2375 (ine
3238 2333 3448 2376 canam.

2856 2408 3095 2466 LXXXI.

2385 2510 2467 2565 Ad
2496 2508 2783 2565 oratorium
2809 2504 2980 2559 sancti
3007 2502 3284 2557 Laurentii
3308 2500 3577 2571 martyris.

2195 2606 2346 2663 Hanc
2366 2605 2529 2661 levita
2554 2601 2650 2657 Dei
2672 2599 2883 2655 meritis
2911 2596 3238 2653 Laurentius
3257 2596 3426 2651 aedem

2194 2698 2431 2770 Inclytus
2459 2700 2707 2757 exornet,
2740 2690 2948 2745 Domini
2966 2686 3079 2756 jam
3104 2686 3297 2757 plenus
3320 2700 3538 2750 amore;

2194 2793 2364 2861 Quem
2387 2805 2489 2844 nec
2516 2786 2733 2841 flamma
2757 2798 2925 2838 vorax
2957 2780 3120 2844 vicit,
3157 2795 3255 2835 nec
3283 2777 3519 2841 vincula,
3546 2775 3778 2841 ferrum,

2192 2884 2299 2941 Per
2324 2881 2547 2953 gladios,
2584 2878 2756 2949 ignes,
2782 2875 2977 2930 cmlum
2998 2869 3313 2928 conscendit
3338 2870 3392 2924 in
3413 2869 3604 2925 altum.

2194 2975 2333 3031 Ecce
2359 2973 2455 3029 Dei
2480 2969 2697 3026 famulis
2722 2966 2931 3023 faciens
2966 2962 3220 3031 suffragia
3253 2974 3492 3029 semper,

2195 3065 2428 3137 Adiuvat
2446 3072 2608 3133 atque
2636 3075 2764 3116 suos
2789 3057 3047 3118 cultores,
3080 3052 3371 3113 credimus,
3403 3051 3551 3105 inde.

2857 3142 3116 3200 LXXXII.

2254 3246 2337 3299 Ad
2364 3242 2612 3315 templum
2649 3249 2950 3295 sanctorum
2981 3235 3149 3289 Elidii
3182 3232 3409 3304 episcopi
3434 3240 3484 3284 et
3517 3228 3723 3283 Leonii.

2198 3337 2299 3393 IIic
2326 3350 2540 3411 quoque
2559 3340 2867 3388 sanctorum
2890 3334 3119 3400 pausant
3150 3325 3257 3380 duo
3286 3335 3516 3392 corpora
3532 3321 3783 3385 Patrum,

2198 3429 2406 3486 Elidius
2433 3425 2626 3497 praesul
2652 3419 2915 3480 Pictensis
2939 3419 3107 3492 gloria
3132 3416 3326 3489 plebis.

2199 3521 2585 3588 Inclaususque
2608 3517 2770 3571 Pater
2796 3513 3005 3569 meritis
3029 3508 3265 3565 Leonius
3291 3506 3469 3561 almis.

2199 3610 2458 3668 Arnulfus
2482 3609 2652 3663 frater
2680 3605 2938 3673 templum
2971 3606 3322 3656 renovaverat
3355 3595 3534 3659 istud;

2200 3701 2428 3757 Praemia
2452 3698 2539 3755 cui
2568 3696 2818 3753 Christus
2842 3694 3046 3747 tribuat
3071 3706 3170 3759 per
3207 3686 3365 3743 smcla
3390 3684 3607 3741 salutis.

2858 3803 3139 3861 LXXXIII.

2332 3905 2414 3961 Ad
2441 3902 2713 3959 ecclesiam
2740 3908 2921 3955 sancto
2958 3894 3117 3950 Petro
3149 3890 3383 3964 apostolo
3414 3904 3648 3945 sacram.

2203 3999 2394 4055 Petrus
2422 3993 2751 4066 apostolicus
2770 3989 3022 4061 princeps
3054 3987 3177 4057 pius
3209 3982 3423 4050 adiuvet
3446 3980 3538 4035 hic
3566 3992 3693 4039 nos,

2202 4093 2366 4162 Cujus
2395 4092 2599 4145 honore
2623 4100 2782 4141 sacro
2809 4089 3059 4138 constant
3083 4081 3198 4133 haec
3225 4084 3366 4131 tecta
3391 4073 3592 4128 dicata.

2203 4187 2304 4254 Qui
2342 4183 2445 4238 sibi
2474 4179 2822 4237 commissum
2847 4180 3033 4245 pastor
3060 4174 3347 4225 conservet
3373 4163 3515 4219 ovile

2202 4252 2458 4345 Protegat
2482 4280 2644 4340 atque
2673 4274 2824 4338 regat
2847 4263 3004 4320 donis
3031 4259 3340 4317 coelestibus
3366 4252 3496 4310 illud
3516 4293 3534 4315 ,

2203 4369 2502 4438 Perpetuas
2526 4363 2684 4418 nobis
2705 4368 2760 4415 et
2784 4366 2971 4429 portas
2996 4353 3199 4426 pandat
3221 4347 3452 4420 Olympi.

2850 4464 3136 4522 LXXXIV.

2702 4563 2779 4617 Ad
2800 4560 2985 4615 cellam
3008 4556 3287 4626 hospitum.

2208 4666 2308 4721 Hic
2331 4664 2479 4718 locus
2509 4658 2814 4728 hospitibus
2836 4659 3018 4724 pateat
3047 4648 3227 4703 veniat
3245 4646 3271 4686 ἀ
3298 4644 3463 4706 ultro,

2211 4760 2442 4825 Semper
2463 4754 2567 4808 erit
2588 4748 2839 4820 quoniam
2868 4750 3150 4812 susceptus
3188 4740 3240 4793 in
3267 4736 3479 4805 b05pite
3516 4731 3803 4789 Christus.

2211 4849 2400 4917 Sitque
2429 4843 2676 4899 minister
2702 4852 2871 4893 ovans
2896 4835 3039 4889 fesso
3068 4830 3275 4887 servire
3299 4825 3503 4886 vianti,

2211 4943 2278 4996 Et
2305 4940 2485 4993 lavare
2517 4934 2682 5005 pedes
2706 4926 3008 5001 peregrinis
3030 4923 3259 4996 gaudeat
3284 4918 3395 4972 ille.
3448 4982 3455 4983 ί

2213 5031 2338 5086 ΙΙωο
2362 5024 2607 5094 exempla
2636 5020 2781 5077 dedit
2802 5017 3051 5073 Christus
3077 5009 3293 5082 pietatis
3317 5013 3532 5060 amator
3559 5022 3572 5054 :

2211 5121 2304 5175 Ille
2331 5118 2478 5188 prior
2496 5114 2705 5184 plantas
2730 5106 2929 5162 lavavit
2957 5101 3362 5172 discipulorum,

2215 5210 2342 5264 Hmc
2366 5207 2570 5261 faciens
2605 5203 2772 5258 frater
2798 5205 2976 5269 speret
3000 5194 3101 5249 sibi
3130 5189 3350 5262 praemia
3380 5199 3572 5257 magna

2214 5304 2272 5359 In
2303 5301 2454 5357 cwlis
2474 5296 2659 5361 tribui,
2682 5290 2881 5349 Christi
2910 5293 3177 5357 prmcepta
3207 5288 3445 5336 secutus.

2220 5452 2544 5513 monasteria
2597 5445 2969 5513 Gemeticense
3013 5439 3072 5513 S.
3125 5435 3338 5513 Mariae,
3373 5445 3479 5513 seu
3516 5423 3815 5513 SLPetri,

2921 5503 3339 5576 Rothomagensi
3368 5542 3382 5565 .
3430 5508 3485 5553 et
3529 5496 3816 5559 Herense,

2224 5583 2578 5654 Ncrmoutier,
2609 5586 2747 5658 apud
2774 5583 3047 5658 Pictones.

2290 5666 2314 5705 ἀ
2352 5663 2537 5728 Forte,
2566 5655 2900 5714 venientibus.
