4044 6340
280 261 383 317 769

280 378 509 443 Semper
534 377 709 426 amate
740 367 931 431 Deum,
964 364 1184 431 fratres,
1208 372 1262 419 et
1286 373 1494 418 vosmet
1518 370 1715 425 amate,

283 465 466 536 Diligit
493 461 585 519 ille
609 460 803 523 Deum,
826 473 987 513 verus
1008 458 1096 526 qui
1126 465 1210 510 est
1241 454 1425 509 fratris
1449 463 1679 509 amator.

944 546 1204 602 LXXXV.

428 644 519 699 At!
538 641 826 699 oratorium
865 649 1164 694 sanctorum
1188 636 1404 690 Martini
1431 646 1477 689 et
1506 632 1719 688 Celasii.

284 735 618 793 Pontificalis
646 747 784 805 apex
804 731 1097 802 praeclarus
1123 729 1179 783 in
1207 729 1340 783 orbe
1356 727 1631 787 sacerdos,

287 829 563 885 Virtutum
587 824 796 880 meritis
824 821 1087 877 Martinus
1116 818 1382 873 maximus
1404 825 1614 878 auctor,

288 917 415 973 Haec
436 924 650 972 sacrata
680 913 783 969 sibi
809 911 1062 967 defendat
1087 917 1227 964 tecta
1254 917 1545 978 patronus:

286 1008 518 1076 Adjuvet
540 1014 701 1077 atque
722 1017 911 1074 preces
931 1010 1146 1057 nostras
1169 999 1387 1070 pietatis
1415 1012 1618 1062 amore,

290 1099 363 1155 Ut
399 1099 541 1154 Deus
571 1097 910 1166 omnipotens
940 1092 1262 1147 famulorum
1290 1098 1415 1145 vota
1446 1103 1664 1144 suorum

288 1189 533 1259 Impleat,
562 1197 620 1243 et
647 1188 801 1241 donis
825 1185 1137 1241 cmlestibus
1163 1190 1357 1252 augeat
1377 1181 1513 1235 illos.

292 1282 375 1337 Sit
399 1282 522 1352 pius
549 1289 606 1335 et
628 1280 868 1334 clemens
889 1277 1043 1333 nobis
1075 1292 1168 1330 rex
1196 1275 1434 1345 optimus
1459 1272 1568 1327 ille.

292 1373 407 1427 Hoc
436 1385 651 1442 quoque
679 1367 795 1437 jam
822 1376 1014 1437 pausat
1037 1365 1235 1436 priesul
1263 1364 1514 1420 Gelasius
1535 1362 1731 1425 almus,

290 1461 487 1517 Clarus
516 1460 571 1514 in
602 1460 734 1513 urbe
762 1466 916 1528 pater
941 1463 1229 1525 praesente,
1259 1462 1314 1510 et
1343 1455 1534 1509 doctor
1555 1454 1834 1514 honestus,

288 1550 601 1619 Pramipuus
626 1547 854 1611 meritis,
882 1545 1042 1600 vivax
1068 1559 1317 1600 sermone
1340 1544 1551 1599 salutis.
1794 1547 1805 1553 ’

289 1645 444 1700 Hanc
465 1643 745 1699 renovavit
768 1641 913 1696 enim
929 1637 1043 1709 jam
1064 1638 1297 1694 Gundun
1312 1650 1336 1678 ι
1351 1652 1438 1692 me
1459 1637 1611 1707 prius
1638 1636 1667 1676 δ
1696 1635 1875 1690 aulam

286 1735 495 1791 Ductus
520 1749 705 1790 amore
731 1732 956 1787 Patrum
974 1771 989 1796 ,
1015 1730 1219 1785 tribuat
1256 1728 1343 1783 cui
1370 1728 1593 1799 praemia
1628 1727 1893 1793 Christus

286 1824 438 1882 Mitis
462 1826 520 1881 in
546 1833 808 1881 aeternum
843 1820 986 1877 felici
1014 1820 1071 1876 in
1101 1820 1227 1875 sede
1254 1819 1522 1891 polorum.

948 1910 1234 1966 LXXXVI.

409 2006 491 2061 Ad
521 2006 794 2061 ecclesiam
819 2005 983 2059 beata:
1009 2002 1227 2073 virginis
1257 2001 1448 2056 Maria:
1474 1999 1758 2054 Nobiliaci.

288 2096 423 2152 Haec
443 2096 561 2151 loca
595 2110 715 2165 qua:
743 2095 943 2158 cernis,
982 2093 1175 2158 lector,
1202 2092 1525 2146 venerabilis
1554 2090 1688 2145 aula:

288 2188 551 2245 Partibus
577 2187 840 2251 ecclesiaa,
864 2186 1077 2241 fuerant
1098 2184 1327 2240 ecclesia
1347 2184 1638 2253 quondam.

291 2281 408 2337 Sed
429 2281 592 2335 Pater
611 2288 666 2334 et
692 2287 879 2347 pastor
902 2277 1126 2347 supplex
1155 2276 1261 2331 Ato
1293 2286 1315 2314 ε
1343 2276 1566 2330 sustulit
1594 2275 1718 2338 ista,

290 2375 365 2429 Et
389 2373 551 2429 terris
570 2371 825 2442 quoniam
855 2370 1023 2424 nimio
1044 2369 1233 2424 dilexit
1258 2383 1463 2423 amore.
1652 2362 1655 2363 ⁷

290 2465 466 2533 Virgo
497 2462 684 2525 Maria,
724 2460 818 2517 Dei
849 2459 1103 2531 genitrix,
1133 2469 1225 2515 tua
1257 2460 1459 2515 intacta
1491 2458 1771 2523 Tonantis,

289 2552 404 2620 Tu,
435 2554 616 2625 regina
639 2552 769 2623 poli,
800 2552 923 2606 vitae
948 2567 1072 2621 spes
1094 2551 1327 2607 maxima
1360 2558 1593 2607 nostrai:

293 2644 373 2701 Ut
407 2642 499 2698 tibi
524 2642 719 2709 cultus,
748 2643 921 2697 honor
944 2642 1097 2698 fieret
1126 2642 1497 2697 memorabilis
1523 2640 1705 2697 isthic.

292 2731 406 2798 Tu,
430 2746 644 2802 quoque
669 2732 968 2801 respiceres
997 2731 1157 2786 solita
1176 2731 1378 2801 pietate
1404 2740 1727 2800 precantes:

182 2892 197 2903 Ι
293 2821 403 2876 Hic
430 2820 659 2877 famulas
683 2820 1021 2893 famulosque
1041 2821 1160 2882 Dei.
1186 2821 1475 2876 mitissima
1505 2819 1692 2890 Virgo,

292 2911 381 2967 Tu
408 2912 658 2981 precibus
681 2913 883 2968 nostris
907 2928 1124 2984 semper
1147 2912 1442 2966 clementer
1460 2910 1672 2975 adesto,

292 3003 480 3073 Atque
513 3003 630 3059 dies
659 3012 873 3058 nostros
892 3003 1146 3074 precibus
1174 2990 1299 3073 rege
1330 3017 1543 3072 semper
1571 3001 1790 3072 ubique,

298 3093 376 3149 Ut
399 3108 499 3151 nos
524 3101 810 3150 conservet
832 3091 958 3149 Iesu
986 3094 1074 3164 pia
1097 3094 1273 3165 gratia
1305 3090 1529 3175 Christi.

941 3203 1246 3261 LXXXVII.

856 3274 936 3327 Ad
982 3275 1330 3344 refectorium.

294 3365 521 3422 Christe
544 3364 706 3431 Deus,
731 3374 931 3419 nostra:
958 3364 1184 3420 benedic
1205 3365 1454 3420 convivia
1484 3380 1705 3431 mensae,

297 3455 546 3525 Quaeque
577 3455 684 3511 tuis
714 3456 887 3511 servis
914 3455 1199 3511 mitissime
1229 3455 1369 3510 dona
1402 3457 1616 3521 dedisti,

294 3545 411 3602 Per
441 3554 493 3601 te
528 3546 638 3601 sint
662 3545 947 3601 benedicta
970 3546 1209 3615 quidem.
1237 3544 1317 3599 Tu
1339 3544 1566 3617 largitor
1587 3546 1782 3610 almus,

299 3635 500 3690 Omnia
534 3643 591 3689 tu
614 3636 841 3689 dederas
869 3636 1053 3700 nobis;
1078 3635 1192 3705 jam
1220 3635 1479 3705 quidquid
1510 3636 1789 3699 habemus,

302 3727 608 3782 Suntbona
635 3727 831 3797 quippe
860 3734 976 3793 tua,
1007 3727 1133 3797 quia
1162 3734 1217 3781 tu
1244 3727 1415 3781 bonus
1434 3727 1615 3781 omnia
1644 3729 1851 3783 condis.

301 3816 419 3871 Vos
444 3831 656 3886 quoque
683 3817 922 3871 conviva:
953 3816 1157 3881 laudes,
1206 3830 1368 3886 rogo,
1406 3816 1567 3870 dicite
1594 3817 1812 3873 Christo
1836 3832 1851 3871 :

302 3907 542 3977 Semper
569 3908 624 3962 in
649 3924 745 3964 ore
779 3917 971 3964 sonent
998 3908 1148 3978 pacis
1173 3908 1257 3963 vel
1278 3909 1440 3964 verba
1469 3910 1679 3965 salutis.

303 3998 541 4067 Semper
570 4008 712 4052 amat
743 4013 932 4068 pacem
958 3997 1225 4062 Christus,
1265 3999 1355 4067 qui
1380 3998 1593 4055 dixerat
1619 3999 1732 4071 ipse
1770 4018 1782 4053 :

305 4088 391 4143 Do
417 4088 679 4158 vobisque
703 4103 911 4157 pacem,
940 4090 1092 4145 vobis
1112 4104 1409 4159 pacemque
1436 4090 1702 4161 relinquo.

306 4178 398 4233 Sit
421 4195 637 4249 quoque
659 4189 848 4237 nostra
875 4196 1067 4237 manus
1095 4182 1307 4237 miseris
1333 4182 1634 4254 largissima
1659 4201 1893 4255 semper,

303 4270 530 4341 Accipit
552 4272 656 4326 hoc
682 4270 951 4338 Christus,
976 4272 1190 4328 dederis
1222 4282 1273 4327 tu
1299 4288 1533 4344 paupere
1561 4277 1840 4348 quidquid,

304 4358 504 4416 Et'tibi
536 4377 641 4417 non
670 4364 849 4418 tardat
871 4363 1177 4418 mercedem
1211 4365 1437 4419 reddere
1460 4380 1730 4435 magnam.

938 4453 1269 4509 LXXXVIII.

828 4543 910 4596 Ad
931 4544 1299 4598 dormitorium
1326 4544 1375 4597 ἀ.

305 4631 383 4686 Et
404 4632 646 4702 requiem
670 4633 818 4689 nocti
849 4645 872 4673 ε
901 4634 1149 4699 dederas,
1173 4634 1458 4706 lucemque
1480 4637 1682 4703 labori,

388 4779 415 4806 ι
456 4763 707 4821 Gundun.
732 4764 866 4822 Vide
894 4766 1032 4822 infra
1052 4782 1270 4822 carmen
1300 4767 1421 4822 I01.

389 4835 419 4873 δ
460 4834 601 4890 Edit.
632 4837 921 4892 mendose:
953 4837 1429 4893 Gununmenribus.

390 4903 1171 4980 c_-{4to.__Vi_d_.__supracarmen
1208 4903 1293 4980 ³14.
1338 4907 1448 4963 Hoc
1472 4908 1802 4980 epigramma
1832 4910 1898 4965 de

301 4973 545 5049 basilica
582 4973 945 5049 Nobiliac‘ensi
986 4977 1245 5049 explicari
1278 4993 1437 5047 posse
1477 4973 1661 5034 cen'set
1686 4994 1899 5049 quoque

302 5043 663 5118 Mabillonius
700 5046 893 5118 Annal.
924 5043 1146 5118 tomfII,
1174 5043 1295 5118 pag:
1330 5048 1458 5112 507,
1503 5064 1621 5118 qua:
1654 5043 1901 5104 béatissi-

304 5130 425 5198 ma;
460 5114 687 5198 virginis
715 5117 957 5198 Deipara}
994 5117 1147 5198 titulo
1175 5114 1456 5198 :qu'ondam
1490 5114 1745 5198 insignita
1777 5119 1898 5198 fuit,

302 5193 377 5239 ut
406 5193 651 5256 patetiex
694 5186 860 5241 variis
904 5187 1139 5250 chartis,
1182 5188 1235 5241 in
1282 5189 1478 5256 quibus
1521 5186 1901 5246 Mu‘nastert'um

303 5263 521 5326 sanctae
550 5255 739 5310 Maria:
777 5267 825 5310 et
856 5259 1024 5311 sancti
1071 5255 1650 5326 Junianiiappellatur,
1690 5258 1903 5312 tametsi

303 5325 488 5398 modo
528 5341 694 5398 unum
743 5328 911 5398 sancti
953 5327 1175 5398 {uniuni
1222 5325 1417 5398 nomen
1457 5328 1658 5398 passim
1684 5330 1899 5383 retinet.

303 5395 487 5465 Plura
516 5395 636 5449 vide
660 5397 798 5465 apud
829 5396 1075 5452 eumdem
1105 5396 1302 5452 Mabill.
1332 5397 1433 5451 loc.
1458 5395 1551 5452 cit.

387 5463 421 5503 ει
463 5463 519 5518 In
550 5480 649 5520 ms.
678 5463 760 5521 tit.
790 5481 805 5520 :
836 5468 915 5520 Ad
938 5469 1259 5522 caminatum
1288 5468 1372 5521 ubi
1403 5468 1560 5522 abbas
1585 5468 1793 5524 dormit.

402 5545 431 5606 ς
467 5534 593 5606 bis,
627 5537 707 5590 Ad
736 5539 961 5606 requiem
999 5547 1217 5591 noctem.

401 5603 425 5643 ί
466 5602 586 5676 bis,
621 5602 843 5676 {rigidas
868 5624 894 5660 e
922 5624 1095 5661 verno.

402 5676 434 5714 ε
473 5673 595 5741 515.,
620 5673 892 5746 deépiciat.

1270 248 1598 308 CARMINA.
1640 279 1708 289 —
1744 240 2265 302 INSCRIPTIO‘NES
2306 246 2555 302 VARIAZ.

3432 253 3537 308 750

1888 362 1930 415 Α
1965 354 2227 424 Prospera
2256 373 2584 411 conservans
2613 358 2825 413 famulis
2853 369 3165 428 noctesque,
3195 361 3437 433 diesque.

1964 445 2045 498 Ad
2075 454 2126 500 te
2150 461 2245 500 cor
2271 446 2475 514 vigilet,
2510 463 2732 501 somnus
2751 448 2796 503 si
2827 448 3040 503 claudat
3066 448 3296 513 ocellOs,

1966 537 2042 591 Te
2068 537 2219 592 labor
2242 546 2296 594 et
2327 540 2542 609 requies
2570 540 2874 596 collaudent
2893 540 3145 595 omnibus
3169 543 3341 598 horis.

2609 651 2894 707 LXXXIX.

2502 741 2582 795 Ad
2620 744 3015 813 hypocaustum.

1970 830 2219 901 Frigidus
2248 831 2507 887 hibernus
2541 832 2559 871 τ
2590 834 2812 888 veniens
2834 834 2901 889 de
2931 843 3111 890 monte
3136 836 3331 903 viator,

2041 920 2158 976 Non
2187 937 2306 976 mea
2334 922 2617 991 displiceat
2646 926 2670 963 Β
2696 925 2909 994 hospiza
2940 934 3103 991 tecta,
3136 943 3286 998 rogo.

1972 1011 2031 1067 Si
2064 1027 2183 1067 mea
2212 1014 2351 1066 dona
2383 1012 2480 1066 tibi
2508 1013 2717 1083 cupias,
2744 1015 2988 1070 nimbose
3012 1018 3207 1081 viator,

2042 1102 2119 1155 Da
2146 1101 2296 1171 prior
2322 1118 2450 1157 ecce
2476 1111 2589 1169 tua,
2622 1104 2701 1159 sie
2731 1104 2827 1158 tibi
2848 1106 3049 1174 prende
3072 1121 3210 1161 mea.

2602 1213 2767 1287 21a
2798 1214 2910 1269 xc.

2544 1304 2623 1358 Ad
2646 1306 2988 1360 ccenaculum.

1978 1395 2103 1453 Haac
2124 1405 2207 1452 est
2242 1404 2429 1451 sancta
2450 1396 2661 1460 domus,
2690 1397 2840 1467 pacis
2863 1397 3035 1464 locus,
3062 1397 3184 1451 aula
3214 1397 3423 1462 salutis,

1977 1487 2151 1554 Quam
2178 1503 2340 1557 super
2366 1488 2455 1543 hic
2487 1502 2699 1557 semper
2731 1496 2949 1543 maneat
2975 1488 3280 1545 benedictio
3308 1487 3510 1544 Christi
3538 1527 3553 1544 .

1977 1576 2035 1632 In
2059 1592 2165 1645 qua
2196 1576 2517 1646 multiplicet
2544 1578 2571 1616 δ
2599 1576 2829 1630 fratrum
2855 1577 3104 1631 convivia
3130 1576 3311 1646 largus
3333 1617 3347 1640 ,

1906 1703 1956 1766 Β
1981 1667 2085 1735 Qui
2109 1667 2381 1737 quondam
2408 1669 2608 1738 populi,
2643 1668 2848 1723 caelesti
2877 1684 3101 1724 munere
3126 1670 3309 1732 dives.

1981 1760 2217 1816 Panibus
2244 1775 2310 1815 ex
2337 1761 2576 1829 quinque
2597 1760 2815 1814 satiavit
2842 1759 3008 1814 millia
3039 1760 3294 1829 quinque.

2702 1851 2833 1907 XCI.

2164 1941 2245 1997 Ad
2268 1958 2419 1996 aram
2445 1951 2747 1996 sanctorum
2779 1939 2985 1996 Cosma:
3021 1951 3069 1996 et
3096 1942 3367 1998 Damiani.

1980 2029 2095 2087 Hac
2119 2030 2227 2086 duo
2257 2031 2501 2102 germani
2529 2030 2771 2095 Cosmas,
2812 2030 3106 2086 Damianus
3137 2031 3189 2085 in
3220 2047 3317 2087 ara

2049 2118 2359 2192 Iunguntur
2379 2121 2665 2192 siquidem,
2696 2136 2909 2191 semper
2933 2123 3138 2177 honore
3167 2124 3305 2193 pari.

1981 2211 2128 2279 Quos
2155 2212 2317 2267 terris
2339 2212 2545 2281 genuit,
2576 2227 2684 2266 uno
2703 2214 2778 2266 de
2810 2212 3035 2277 viscere,
3066 2221 3241 2267 mater

2050 2299 2158 2357 Par
2184 2302 2371 2371 genuit
2394 2300 2594 2356 fratres
2623 2302 3050 2373 martyriumque
3076 2301 3217 2372 polo.

2696 2412 2853 2468 XCII.

1990 2505 2005 2543 ἱ
2040 2502 2119 2557 Ad
2172 2501 2413 2572 sepulcra
2458 2512 2762 2577 sanctorum
2806 2502 3032 2577 [animis
3076 2504 3301 2576 episcopi
3343 2515 3391 2561 et
3439 2506 3568 2577 Apri

2660 2572 2885 2627 abbatis.

1986 2681 2156 2752 Hujus
2176 2684 2265 2738 hic
2292 2691 2482 2753 pausat
2499 2682 2796 2754 praeclarus
2825 2686 3109 2755 episcopus
3137 2688 3284 2743 urbis
3352 2688 3353 2691 “

2058 2772 2286 2828 Nomine
2311 2771 2567 2838 Joannes,
2596 2774 2680 2827 vir
2700 2774 2823 2843 pius
2848 2784 3011 2844 atque
3038 2774 3233 2831 bonus.

1988 2863 2087 2919 Hic
2115 2864 2407 2933 requiescit
2430 2863 2595 2934 Aper,
2621 2862 2782 2933 hujus
2805 2866 3133 2921 venerabilis
3159 2867 3328 2922 abbas
3378 2930 3383 2937 δ

2058 2954 2314 3010 Ecclesiae
2342 2963 2548 3022 pastor,
2586 2963 2867 3026 promptus
2895 2956 2948 3010 in
2967 2970 3127 3011 omne
3152 2958 3370 3012 bonum.

1910 3045 1961 3113 ο
1991 3043 2097 3101 Sed
2125 3044 2350 3115 pedibus
2372 3044 2556 3115 populi
2581 3043 2797 3100 fuerant
2831 3044 2843 3095 i
2883 3046 3089 3102 calcata
3114 3048 3357 3117 sepulcra
3378 3088 3394 3115 ,

2062 3134 2172 3190 Nec
2192 3135 2372 3204 paries
2398 3135 2583 3199 cinxit,
2619 3147 2681 3191 ut
2705 3137 2887 3192 decuit
2915 3139 3179 3208 patribus.

1992 3226 2105 3283 Hoc
2123 3227 2229 3282 Ato
2260 3242 2365 3281 non
2393 3224 2581 3281 suffert
2604 3227 2630 3266 ι
2653 3227 2818 3298 Aperi
2844 3243 3129 3284 successor
3155 3229 3395 3298 honoris,

2062 3318 2303 3388 Corpora
2331 3317 2531 3373 calcari
2553 3334 2709 3373 sacra
2739 3328 2954 3389 patrum
2981 3321 3207 3390 pedibus
3230 3340 3243 3375 :

1993 3410 2100 3464 Sed
2123 3420 2469 3463 monumenta
2509 3409 2523 3446 ι
2558 3410 2708 3464 brevi
2735 3410 2939 3478 placuit
2968 3412 3293 3484 concingere
3315 3429 3493 3481 muro,

2060 3498 2253 3554 Pervia
2284 3516 2351 3555 ne
2377 3500 2559 3571 populi
2590 3502 2747 3555 busta
2771 3501 2949 3557 forent
2976 3504 3220 3573 pedibus.

1990 3588 2211 3645 Addidit
2236 3598 2291 3645 et
2320 3600 2518 3646 nostrae
2549 3591 2730 3645 statim
2761 3592 2848 3663 pia
2880 3593 3031 3663 signa
3064 3594 3272 3659 salutis,

2061 3682 2119 3737 In
2151 3697 2258 3753 quo
2285 3682 2534 3737 Salvator
2570 3684 2745 3738 victor
2766 3685 2833 3739 ab
2856 3686 3011 3740 hoste
3034 3687 3194 3741 redit.

1992 3773 2219 3843 Insuper
2241 3773 2413 3828 altare
2438 3776 2625 3829 statuit
2646 3775 2952 3831 venerabile
2982 3776 3218 3841 Christo,

2062 3864 2119 3919 In
2156 3880 2263 3934 quo
2289 3881 2389 3935 pro
2411 3866 2659 3935 patrihus
2696 3867 2868 3921 hostia
2896 3883 3050 3921 sacra
3078 3868 3233 3923 foret.

1994 3955 2065 4011 Ut
2090 3955 2239 4010 Deus
2258 3960 2599 4026 omnipotens
2631 3958 2869 4026 requiem
2909 3959 3228 4013 concederet
3257 3956 3380 4021 illis.

2066 4045 2200 4099 Cum
2231 4046 2433 4100 sanctis
2457 4046 2683 4114 pariter,
2715 4061 2928 4116 semper
2954 4047 3005 4099 in
3028 4061 3153 4101 arce
3176 4048 3300 4116 poli.

2703 4154 2877 4211 XCIII.

2035 4267 2114 4321 Ad
2138 4283 2287 4321 aram
2307 4277 2605 4321 sanctorum
2629 4266 2863 4321 Gervasii
2890 4278 2936 4321 et
2964 4263 3197 4321 Protasii
3225 4278 3535 4338 martyrum.

1924 4391 1979 4453 Β
2002 4357 2297 4413 Gervasius
2324 4365 2531 4429 martyr
2560 4358 2720 4411 simul
2749 4366 2911 4428 atque
2940 4357 3217 4415 Protasius
3254 4359 3427 4413 almus

2003 4449 2116 4503 Hac
2145 4449 2250 4503 duo
2277 4446 2533 4502 Germani
2563 4446 2767 4516 pariter
2798 4457 3124 4502 venerantur
3155 4448 3207 4503 in
3231 4463 3324 4502 ara
3354 4466 3366 4502 :

1998 4538 2145 4604 Quos
2176 4538 2296 4591 tulit
2318 4553 2421 4590 una
2453 4537 2568 4591 dies
2602 4537 2794 4599 terris,
2828 4536 2986 4591 simul
3011 4552 3223 4607 unaque
3244 4537 3402 4601 casio,

2002 4634 2258 4705 Martyrio
2284 4632 2506 4698 similes,
2539 4632 2746 4686 similes
2768 4629 2980 4685 fervore
3013 4628 3155 4684 fidei.

2070 4772 2096 4809 δ
2138 4769 2303 4835 Edit.,
2331 4767 2608 4838 multiplici
2644 4777 2709 4821 et.

2078 4842 2093 4880 ί
2142 4840 2255 4894 Hoc
2284 4830 2503 4894 carmen
2537 4838 2612 4890 ita
2656 4832 3000 4889 emendatum
3050 4830 3197 4890 dedit
3242 4831 3585 4892 Mabillonius

2002 4920 2132 4965 tom.
2168 4909 2230 4962 II.
2276 4908 2470 4961 Annal.
2499 4906 2621 4960 libr.
2654 4921 2801 4975 xxvi,
2829 4920 2950 4975 pag.
2999 4906 3123 4959 307.
3162 4906 3257 4975 Est
3285 4906 3338 4961 id
3357 4947 3370 4971 ,
3394 4905 3583 4961 eodem

2006 4981 2317 5048 interprete;
2335 4976 2668 5048 epitaphium
2699 4973 2924 5048 Joannis
2954 4976 3190 5045 episcopi
3231 4974 3586 5031 Pictaviensis

2002 5058 2059 5103 et
2080 5045 2209 5118 Apri
2236 5045 2467 5118 abbatis,
2495 5060 2723 5118 quorum
2751 5045 3014 5118 scpulcra,
3048 5062 3114 5118 ne
3141 5062 3170 5118 a_
3199 5054 3588 5115 pertranseun‘

2004 5114 2149 5174 tibus
2176 5116 2643 5186 conculcarentur,
2692 5114 3008 5170 Ato'abbas
3043 5116 3175 5186 Apri
3202 5114 3584 5186 successor,et

2005 5186 2320 5243 monasterii
2371 5185 2761 5257 Nobiliacensis
2804 5184 3151 5257 restant-ater
3199 5199 3355 5257 muro
3382 5184 3583 5257 cinxit,

2006 5258 2250 5329 apposita
2271 5271 2436 5329 cruce
2453 5254 2610 5329 simul
2626 5271 2750 5329 cum
2768 5256 2948 5329 altari,
2967 5256 3021 5329 in
3049 5271 3153 5324 quo
3184 5253 3409 5329 victima
3430 5253 3587 5311 sacra

2005 5322 2118 5383 ne};
2151 5343 2249 5398 pro
2271 5324 2524 5398 Patribus
2550 5324 2817 5383 defunctis
2838 5322 3234 5398 immolaretur;
3270 5322 3587 5398 quodegrc-

2008 5393 2556 5469 gium’testimonium
2580 5406 2661 5449 est
2701 5412 2798 5466 pro
2840 5396 3079 5450 doctrina
3113 5394 3376 5448 catholica
3408 5393 3473 5446 de
3503 5406 3587 5447 sa—

2010 5466 2227 5549 ἐπήβολοι
2234 5482 2335 5549 pro
2355 5467 2607 5549 mortuis.

2086 5536 2098 5585 ἱ
2152 5536 2320 5601 Edit.,
2346 5538 2579 5606 fuerunt.

2085 5609 2109 5646 ιι
2152 5607 2317 5671 EdiL,
2351 5607 2765 5673 ocato-su/ferat.

2093 5677 2108 5716 ι
2155 5678 2319 5744 Edit.,
2351 5686 2701 5731 monumento.
