  <div class='ocr_page' id='page_1' title='image "/cluster/home/n/w/nwhite01/storage/ocr_20150623/101/hvd.32044004824769/381.png"; bbox 0 0 4044 6340; ppageno 0'>
   <div class='ocr_carea' id='block_1_1' title="bbox 472 280 540 334">
    <p class='ocr_par' dir='ltr' id='par_1_1' title="bbox 472 280 540 334">
     <span class='ocr_line' id='line_1_1' title="bbox 472 280 540 334; baseline -0.015 0"><span class='ocrx_word' id='word_1_1' title='bbox 472 280 540 334; x_wconf 79' lang='lat'><strong>75</strong></span> 
     </span>
    </p>
   </div>
   <div class='ocr_carea' id='block_1_2' title="bbox 1182 386 1339 441">
    <p class='ocr_par' dir='ltr' id='par_1_2' title="bbox 1182 386 1339 441">
     <span class='ocr_line' id='line_1_2' title="bbox 1182 386 1339 441; baseline -0.032 0"><span class='ocrx_word' id='word_1_2' title='bbox 1182 386 1339 441; x_wconf 76' lang='lat' dir='ltr'><strong>XCIV</strong></span> 
     </span>
    </p>
   </div>
   <div class='ocr_carea' id='block_1_3' title="bbox 727 473 1798 551">
    <p class='ocr_par' dir='ltr' id='par_1_3' title="bbox 727 473 1798 551">
     <span class='ocr_line' id='line_1_3' title="bbox 727 473 1798 551; baseline -0.01 -15"><span class='ocrx_word' id='word_1_3' title='bbox 727 495 750 522; x_wconf 74' lang='grc' dir='ltr'>ι</span> <span class='ocrx_word' id='word_1_4' title='bbox 779 481 858 535; x_wconf 76' lang='lat' dir='ltr'><strong>Ad</strong></span> <span class='ocrx_word' id='word_1_5' title='bbox 884 489 1088 551; x_wconf 85' lang='lat' dir='ltr'><strong>portam</strong></span> <span class='ocrx_word' id='word_1_6' title='bbox 1117 476 1347 530; x_wconf 67' lang='lat' dir='ltr'><strong>basilica!</strong></span> <span class='ocrx_word' id='word_1_7' title='bbox 1390 473 1798 527; x_wconf 81' lang='lat' dir='ltr'><strong>Nobiliaceusis.</strong></span> 
     </span>
    </p>
   </div>
   <div class='ocr_carea' id='block_1_4' title="bbox 472 585 1794 656">
    <p class='ocr_par' dir='ltr' id='par_1_4' title="bbox 472 585 1794 656">
     <span class='ocr_line' id='line_1_4' title="bbox 472 585 1794 656; baseline -0.012 -4"><span class='ocrx_word' id='word_1_8' title='bbox 472 595 636 652; x_wconf 86' lang='lat' dir='ltr'><strong>Porta</strong></span> <span class='ocrx_word' id='word_1_9' title='bbox 657 595 849 650; x_wconf 90' lang='lat' dir='ltr'><strong>domus</strong></span> <span class='ocrx_word' id='word_1_10' title='bbox 875 591 1088 645; x_wconf 87' lang='lat' dir='ltr'><strong>Domini</strong></span> <span class='ocrx_word' id='word_1_11' title='bbox 1112 591 1228 644; x_wconf 61' lang='lat' dir='ltr'><strong>hinc</strong></span> <span class='ocrx_word' id='word_1_12' title='bbox 1259 595 1361 653; x_wconf 87' lang='lat' dir='ltr'><strong>est,</strong></span> <span class='ocrx_word' id='word_1_13' title='bbox 1383 595 1439 642; x_wconf 90' lang='lat' dir='ltr'><strong>et</strong></span> <span class='ocrx_word' id='word_1_14' title='bbox 1466 586 1613 656; x_wconf 89' lang='lat' dir='ltr'><strong>regia</strong></span> <span class='ocrx_word' id='word_1_15' title='bbox 1638 585 1759 640; x_wconf 82' lang='lat' dir='ltr'><strong>coeli</strong></span> <span class='ocrx_word' id='word_1_16' title='bbox 1781 625 1794 647; x_wconf 89' lang='lat'><strong>,</strong></span> 
     </span>
    </p>
   </div>
   <div class='ocr_carea' id='block_1_5' title="bbox 474 674 1850 750">
    <p class='ocr_par' dir='ltr' id='par_1_5' title="bbox 474 674 1850 750">
     <span class='ocr_line' id='line_1_5' title="bbox 474 674 1850 750; baseline -0.009 -13"><span class='ocrx_word' id='word_1_17' title='bbox 474 682 601 739; x_wconf 67' lang='lat' dir='ltr'><strong>ilaze</strong></span> <span class='ocrx_word' id='word_1_18' title='bbox 626 682 721 737; x_wconf 91' lang='lat' dir='ltr'><strong>tibi</strong></span> <span class='ocrx_word' id='word_1_19' title='bbox 748 681 935 750; x_wconf 94' lang='lat' dir='ltr'><strong>pandit</strong></span> <span class='ocrx_word' id='word_1_20' title='bbox 963 680 1065 734; x_wconf 92' lang='lat' dir='ltr'><strong>iter</strong></span> <span class='ocrx_word' id='word_1_21' title='bbox 1088 678 1260 734; x_wconf 79' lang='lat' dir='ltr'><strong>sancti</strong></span> <span class='ocrx_word' id='word_1_22' title='bbox 1284 686 1340 732; x_wconf 91' lang='lat' dir='ltr'><strong>et</strong></span> <span class='ocrx_word' id='word_1_23' title='bbox 1360 677 1596 732; x_wconf 90' lang='lat' dir='ltr'><strong>sacraria</strong></span> <span class='ocrx_word' id='word_1_24' title='bbox 1627 674 1810 744; x_wconf 82' lang='lat' dir='ltr'><strong>templi</strong></span> <span class='ocrx_word' id='word_1_25' title='bbox 1839 692 1850 725; x_wconf 88' lang='lat'>:</span> 
     </span>
    </p>
   </div>
   <div class='ocr_carea' id='block_1_6' title="bbox 474 762 1978 841">
    <p class='ocr_par' dir='ltr' id='par_1_6' title="bbox 474 762 1978 841">
     <span class='ocr_line' id='line_1_6' title="bbox 474 762 1978 841; baseline -0.01 -13"><span class='ocrx_word' id='word_1_26' title='bbox 474 772 647 841; x_wconf 84' lang='lat' dir='ltr'><strong>Quam</strong></span> <span class='ocrx_word' id='word_1_27' title='bbox 670 773 697 812; x_wconf 69' lang='grc' dir='ltr'>δ</span> <span class='ocrx_word' id='word_1_28' title='bbox 725 786 849 825; x_wconf 75' lang='lat' dir='ltr'><strong>mox</strong></span> <span class='ocrx_word' id='word_1_29' title='bbox 882 770 1122 823; x_wconf 85' lang='lat' dir='ltr'><strong>invenies</strong></span> <span class='ocrx_word' id='word_1_30' title='bbox 1143 781 1369 837; x_wconf 86' lang='lat' dir='ltr'><strong>magnos</strong></span> <span class='ocrx_word' id='word_1_31' title='bbox 1395 764 1735 833; x_wconf 75' lang='lat' dir='ltr'><strong>requiescere</strong></span> <span class='ocrx_word' id='word_1_32' title='bbox 1770 762 1978 815; x_wconf 87' lang='lat' dir='ltr'><strong>Patres.</strong></span> 
     </span>
    </p>
   </div>
   <div class='ocr_carea' id='block_1_7' title="bbox 476 854 1854 934">
    <p class='ocr_par' dir='ltr' id='par_1_7' title="bbox 476 854 1854 934">
     <span class='ocr_line' id='line_1_7' title="bbox 476 854 1854 934; baseline -0.009 -14"><span class='ocrx_word' id='word_1_33' title='bbox 476 866 561 921; x_wconf 86' lang='lat' dir='ltr'><strong>Sit</strong></span> <span class='ocrx_word' id='word_1_34' title='bbox 588 865 681 920; x_wconf 86' lang='lat' dir='ltr'><strong>tibi</strong></span> <span class='ocrx_word' id='word_1_35' title='bbox 708 879 831 934; x_wconf 85' lang='lat' dir='ltr'><strong>spes</strong></span> <span class='ocrx_word' id='word_1_36' title='bbox 861 863 1111 932; x_wconf 87' lang='lat' dir='ltr'><strong>precibus</strong></span> <span class='ocrx_word' id='word_1_37' title='bbox 1132 862 1326 915; x_wconf 92' lang='lat' dir='ltr'><strong>horum</strong></span> <span class='ocrx_word' id='word_1_38' title='bbox 1356 857 1618 928; x_wconf 77' lang='lat' dir='ltr'><strong>praeclara</strong></span> <span class='ocrx_word' id='word_1_39' title='bbox 1640 854 1854 919; x_wconf 88' lang='lat' dir='ltr'><strong>salutis,</strong></span> 
     </span>
    </p>
   </div>
   <div class='ocr_carea' id='block_1_8' title="bbox 477 947 1824 1025">
    <p class='ocr_par' dir='ltr' id='par_1_8' title="bbox 477 947 1824 1025">
     <span class='ocr_line' id='line_1_8' title="bbox 477 947 1824 1025; baseline -0.01 -14"><span class='ocrx_word' id='word_1_40' title='bbox 477 956 534 1011; x_wconf 87' lang='lat' dir='ltr'><strong>Si</strong></span> <span class='ocrx_word' id='word_1_41' title='bbox 567 965 622 1010; x_wconf 90' lang='lat' dir='ltr'><strong>tu</strong></span> <span class='ocrx_word' id='word_1_42' title='bbox 651 956 814 1010; x_wconf 90' lang='lat' dir='ltr'><strong>corde</strong></span> <span class='ocrx_word' id='word_1_43' title='bbox 836 956 943 1025; x_wconf 92' lang='lat' dir='ltr'><strong>pio,</strong></span> <span class='ocrx_word' id='word_1_44' title='bbox 982 959 1258 1024; x_wconf 85' lang='lat' dir='ltr'><strong>prostrato</strong></span> <span class='ocrx_word' id='word_1_45' title='bbox 1291 958 1346 1003; x_wconf 92' lang='lat' dir='ltr'><strong>et</strong></span> <span class='ocrx_word' id='word_1_46' title='bbox 1370 962 1596 1018; x_wconf 88' lang='lat' dir='ltr'><strong>corpore</strong></span> <span class='ocrx_word' id='word_1_47' title='bbox 1608 947 1824 1015; x_wconf 73' lang='lat' dir='ltr'><strong>&#39;poscis,</strong></span> 
     </span>
    </p>
   </div>
   <div class='ocr_carea' id='block_1_9' title="bbox 474 1035 1910 1109">
    <p class='ocr_par' dir='ltr' id='par_1_9' title="bbox 474 1035 1910 1109">
     <span class='ocr_line' id='line_1_9' title="bbox 474 1035 1910 1109; baseline -0.01 -7"><span class='ocrx_word' id='word_1_48' title='bbox 474 1047 521 1101; x_wconf 85' lang='lat' dir='ltr'><strong>A</strong></span> <span class='ocrx_word' id='word_1_49' title='bbox 544 1045 760 1102; x_wconf 86' lang='lat' dir='ltr'><strong>Christo</strong></span> <span class='ocrx_word' id='word_1_50' title='bbox 789 1044 1055 1100; x_wconf 90' lang='lat' dir='ltr'><strong>scelerum</strong></span> <span class='ocrx_word' id='word_1_51' title='bbox 1080 1041 1318 1105; x_wconf 79' lang='lat' dir='ltr'><strong>veniam,</strong></span> <span class='ocrx_word' id='word_1_52' title='bbox 1352 1046 1625 1109; x_wconf 87' lang='lat' dir='ltr'><strong>peccator,</strong></span> <span class='ocrx_word' id='word_1_53' title='bbox 1664 1035 1910 1091; x_wconf 80' lang='lat' dir='ltr'><strong>habebis.</strong></span> 
     </span>
    </p>
   </div>
   <div class='ocr_carea' id='block_1_10' title="bbox 476 1128 1779 1198">
    <p class='ocr_par' dir='ltr' id='par_1_10' title="bbox 476 1128 1779 1198">
     <span class='ocr_line' id='line_1_10' title="bbox 476 1128 1779 1198; baseline -0.009 -5"><span class='ocrx_word' id='word_1_54' title='bbox 476 1137 793 1193; x_wconf 82' lang='lat' dir='ltr'><strong>Nullatenus</strong></span> <span class='ocrx_word' id='word_1_55' title='bbox 824 1137 1017 1193; x_wconf 90' lang='lat' dir='ltr'><strong>dubius</strong></span> <span class='ocrx_word' id='word_1_56' title='bbox 1042 1134 1183 1189; x_wconf 88' lang='lat' dir='ltr'><strong>sacri</strong></span> <span class='ocrx_word' id='word_1_57' title='bbox 1214 1143 1327 1187; x_wconf 89' lang='lat' dir='ltr'><strong>tere</strong></span> <span class='ocrx_word' id='word_1_58' title='bbox 1348 1131 1533 1185; x_wconf 84' lang='lat' dir='ltr'><strong>limina</strong></span> <span class='ocrx_word' id='word_1_59' title='bbox 1557 1128 1741 1198; x_wconf 85' lang='lat' dir='ltr'><strong>templi</strong></span> <span class='ocrx_word' id='word_1_60' title='bbox 1767 1146 1779 1180; x_wconf 88' lang='lat'>:</span> 
     </span>
    </p>
   </div>
   <div class='ocr_carea' id='block_1_11' title="bbox 476 1221 1740 1296">
    <p class='ocr_par' dir='ltr' id='par_1_11' title="bbox 476 1221 1740 1296">
     <span class='ocr_line' id='line_1_11' title="bbox 476 1221 1740 1296; baseline -0.009 -12"><span class='ocrx_word' id='word_1_61' title='bbox 476 1228 669 1284; x_wconf 89' lang='lat' dir='ltr'><strong>Omnia</strong></span> <span class='ocrx_word' id='word_1_62' title='bbox 696 1229 932 1284; x_wconf 83' lang='lat' dir='ltr'><strong>credenti</strong></span> <span class='ocrx_word' id='word_1_63' title='bbox 960 1234 1181 1296; x_wconf 64' lang='lat' dir='ltr'><strong>praestat</strong></span> <span class='ocrx_word' id='word_1_64' title='bbox 1207 1226 1294 1296; x_wconf 89' lang='lat' dir='ltr'><strong>pia</strong></span> <span class='ocrx_word' id='word_1_65' title='bbox 1317 1223 1488 1294; x_wconf 89' lang='lat' dir='ltr'><strong>gratia</strong></span> <span class='ocrx_word' id='word_1_66' title='bbox 1519 1221 1740 1277; x_wconf 87' lang='lat' dir='ltr'><strong>Christi.</strong></span> 
     </span>
    </p>
   </div>
   <div class='ocr_carea' id='block_1_12' title="bbox 476 1312 1773 1385">
    <p class='ocr_par' dir='ltr' id='par_1_12' title="bbox 476 1312 1773 1385">
     <span class='ocr_line' id='line_1_12' title="bbox 476 1312 1773 1385; baseline -0.01 -9"><span class='ocrx_word' id='word_1_67' title='bbox 476 1321 707 1376; x_wconf 85' lang='lat' dir='ltr'><strong>Fecerat</strong></span> <span class='ocrx_word' id='word_1_68' title='bbox 727 1321 827 1375; x_wconf 90' lang='lat' dir='ltr'><strong>has</strong></span> <span class='ocrx_word' id='word_1_69' title='bbox 853 1318 1036 1372; x_wconf 89' lang='lat' dir='ltr'><strong>valvas</strong></span> <span class='ocrx_word' id='word_1_70' title='bbox 1061 1332 1168 1371; x_wconf 67' lang='lat' dir='ltr'><strong>arae</strong></span> <span class='ocrx_word' id='word_1_71' title='bbox 1189 1316 1312 1385; x_wconf 83' lang='lat' dir='ltr'><strong>pius</strong></span> <span class='ocrx_word' id='word_1_72' title='bbox 1340 1315 1477 1367; x_wconf 89' lang='lat' dir='ltr'><strong>abba</strong></span> <span class='ocrx_word' id='word_1_73' title='bbox 1506 1312 1773 1373; x_wconf 84' lang='lat' dir='ltr'><strong>minister,</strong></span> 
     </span>
    </p>
   </div>
   <div class='ocr_carea' id='block_1_13' title="bbox 482 1404 1797 1468">
    <p class='ocr_par' dir='ltr' id='par_1_13' title="bbox 482 1404 1797 1468">
     <span class='ocr_line' id='line_1_13' title="bbox 482 1404 1797 1468; baseline -0.008 -1"><span class='ocrx_word' id='word_1_74' title='bbox 482 1412 553 1468; x_wconf 90' lang='lat' dir='ltr'><strong>Ut</strong></span> <span class='ocrx_word' id='word_1_75' title='bbox 574 1412 851 1466; x_wconf 73' lang='lat' dir='ltr'><strong>mandavit</strong></span> <span class='ocrx_word' id='word_1_76' title='bbox 876 1410 979 1463; x_wconf 76' lang='lat' dir='ltr'><strong>Ato</strong></span> <span class='ocrx_word' id='word_1_77' title='bbox 1005 1408 1232 1463; x_wconf 80' lang='lat' dir='ltr'><strong>fratrum</strong></span> <span class='ocrx_word' id='word_1_78' title='bbox 1258 1404 1580 1461; x_wconf 75' lang='lat' dir='ltr'><strong>venerabilis</strong></span> <span class='ocrx_word' id='word_1_79' title='bbox 1610 1404 1797 1458; x_wconf 89' lang='lat' dir='ltr'><strong>abbas.</strong></span> 
     </span>
    </p>
   </div>
   <div class='ocr_carea' id='block_1_14' title="bbox 480 1496 1880 1575">
    <p class='ocr_par' dir='ltr' id='par_1_14' title="bbox 480 1496 1880 1575">
     <span class='ocr_line' id='line_1_14' title="bbox 480 1496 1880 1575; baseline -0.009 -16"><span class='ocrx_word' id='word_1_80' title='bbox 480 1504 792 1575; x_wconf 84' lang='lat' dir='ltr'><strong>Ingrediens</strong></span> <span class='ocrx_word' id='word_1_81' title='bbox 816 1501 1073 1572; x_wconf 89' lang='lat' dir='ltr'><strong>templum</strong></span> <span class='ocrx_word' id='word_1_82' title='bbox 1099 1516 1197 1571; x_wconf 89' lang='lat' dir='ltr'><strong>pro</strong></span> <span class='ocrx_word' id='word_1_83' title='bbox 1224 1514 1329 1570; x_wconf 91' lang='lat' dir='ltr'><strong>quo</strong></span> <span class='ocrx_word' id='word_1_84' title='bbox 1362 1496 1655 1562; x_wconf 81' lang='lat' dir='ltr'><strong>intercede,</strong></span> <span class='ocrx_word' id='word_1_85' title='bbox 1685 1496 1880 1560; x_wconf 84' lang='lat' dir='ltr'><strong>viator,</strong></span> 
     </span>
    </p>
   </div>
   <div class='ocr_carea' id='block_1_15' title="bbox 484 1587 1834 1662">
    <p class='ocr_par' dir='ltr' id='par_1_15' title="bbox 484 1587 1834 1662">
     <span class='ocr_line' id='line_1_15' title="bbox 484 1587 1834 1662; baseline -0.007 -14"><span class='ocrx_word' id='word_1_86' title='bbox 484 1592 556 1648; x_wconf 92' lang='lat' dir='ltr'><strong>Ut</strong></span> <span class='ocrx_word' id='word_1_87' title='bbox 578 1593 724 1650; x_wconf 89' lang='lat' dir='ltr'><strong>Deus</strong></span> <span class='ocrx_word' id='word_1_88' title='bbox 751 1594 1093 1662; x_wconf 89' lang='lat' dir='ltr'><strong>omnipotens</strong></span> <span class='ocrx_word' id='word_1_89' title='bbox 1121 1591 1269 1646; x_wconf 91' lang='lat' dir='ltr'><strong>illum</strong></span> <span class='ocrx_word' id='word_1_90' title='bbox 1298 1597 1586 1645; x_wconf 86' lang='lat' dir='ltr'><strong>conservet</strong></span> <span class='ocrx_word' id='word_1_91' title='bbox 1613 1587 1834 1656; x_wconf 86' lang='lat' dir='ltr'><strong>ubique.</strong></span> 
     </span>
    </p>
   </div>
   <div class='ocr_carea' id='block_1_16' title="bbox 1190 1701 1349 1757">
    <p class='ocr_par' dir='ltr' id='par_1_16' title="bbox 1190 1701 1349 1757">
     <span class='ocr_line' id='line_1_16' title="bbox 1190 1701 1349 1757; baseline -0.013 0"><span class='ocrx_word' id='word_1_92' title='bbox 1190 1701 1349 1757; x_wconf 83' lang='lat' dir='ltr'><strong>XCV.</strong></span> 
     </span>
    </p>
   </div>
   <div class='ocr_carea' id='block_1_17' title="bbox 713 1792 1939 1873">
    <p class='ocr_par' dir='ltr' id='par_1_17' title="bbox 713 1792 1939 1873">
     <span class='ocr_line' id='line_1_17' title="bbox 713 1792 1939 1873; baseline -0.004 -22"><span class='ocrx_word' id='word_1_93' title='bbox 713 1799 793 1851; x_wconf 81' lang='lat' dir='ltr'><strong>Ad</strong></span> <span class='ocrx_word' id='word_1_94' title='bbox 823 1799 1110 1873; x_wconf 82' lang='lat' dir='ltr'><strong>oratorium</strong></span> <span class='ocrx_word' id='word_1_95' title='bbox 1141 1797 1310 1852; x_wconf 84' lang='lat' dir='ltr'><strong>sancti</strong></span> <span class='ocrx_word' id='word_1_96' title='bbox 1342 1795 1564 1849; x_wconf 75' lang='lat' dir='ltr'><strong>Andrea:</strong></span> <span class='ocrx_word' id='word_1_97' title='bbox 1590 1792 1834 1864; x_wconf 73' lang='lat' dir='ltr'><strong>apostoli.</strong></span> <span class='ocrx_word' id='word_1_98' title='bbox 1934 1809 1939 1813; x_wconf 78' lang='lat'><strong><em>&#39;</em></strong></span> 
     </span>
    </p>
   </div>
   <div class='ocr_carea' id='block_1_18' title="bbox 486 1911 1780 1983">
    <p class='ocr_par' dir='ltr' id='par_1_18' title="bbox 486 1911 1780 1983">
     <span class='ocr_line' id='line_1_18' title="bbox 486 1911 1780 1983; baseline -0.003 -17"><span class='ocrx_word' id='word_1_99' title='bbox 486 1912 787 1983; x_wconf 75' lang='lat' dir='ltr'><strong>Discipulos</strong></span> <span class='ocrx_word' id='word_1_100' title='bbox 807 1911 1012 1967; x_wconf 88' lang='lat' dir='ltr'><strong>Christi</strong></span> <span class='ocrx_word' id='word_1_101' title='bbox 1041 1927 1203 1967; x_wconf 88' lang='lat' dir='ltr'><strong>verus</strong></span> <span class='ocrx_word' id='word_1_102' title='bbox 1227 1911 1540 1981; x_wconf 89' lang='lat' dir='ltr'><strong>primusque</strong></span> <span class='ocrx_word' id='word_1_103' title='bbox 1563 1916 1780 1964; x_wconf 84' lang='lat' dir='ltr'><strong>secutor</strong></span> 
     </span>
    </p>
   </div>
   <div class='ocr_carea' id='block_1_19' title="bbox 558 1999 1693 2073">
    <p class='ocr_par' dir='ltr' id='par_1_19' title="bbox 558 1999 1693 2073">
     <span class='ocr_line' id='line_1_19' title="bbox 558 1999 1693 2073; baseline -0.005 -15"><span class='ocrx_word' id='word_1_104' title='bbox 558 2005 683 2059; x_wconf 76' lang='lat' dir='ltr'><strong>H830</strong></span> <span class='ocrx_word' id='word_1_105' title='bbox 703 2012 856 2073; x_wconf 89' lang='lat' dir='ltr'><strong>regat</strong></span> <span class='ocrx_word' id='word_1_106' title='bbox 878 2002 1125 2057; x_wconf 84' lang='lat' dir='ltr'><strong>Andreas</strong></span> <span class='ocrx_word' id='word_1_107' title='bbox 1155 2011 1297 2057; x_wconf 89' lang='lat' dir='ltr'><strong>tecta</strong></span> <span class='ocrx_word' id='word_1_108' title='bbox 1328 2008 1540 2056; x_wconf 88' lang='lat' dir='ltr'><strong>sacrata</strong></span> <span class='ocrx_word' id='word_1_109' title='bbox 1568 1999 1693 2054; x_wconf 89' lang='lat' dir='ltr'><strong>sibi.</strong></span> 
     </span>
    </p>
   </div>
   <div class='ocr_carea' id='block_1_20' title="bbox 483 2089 1699 2161">
    <p class='ocr_par' dir='ltr' id='par_1_20' title="bbox 483 2089 1699 2161">
     <span class='ocr_line' id='line_1_20' title="bbox 483 2089 1699 2161; baseline -0.004 -14"><span class='ocrx_word' id='word_1_110' title='bbox 483 2092 685 2147; x_wconf 76' lang='lat' dir='ltr'><strong>Alferat</strong></span> <span class='ocrx_word' id='word_1_111' title='bbox 710 2093 967 2147; x_wconf 80' lang='lat' dir='ltr'><strong>auxilium</strong></span> <span class='ocrx_word' id='word_1_112' title='bbox 991 2092 1147 2146; x_wconf 86' lang='lat' dir='ltr'><strong>nobis</strong></span> <span class='ocrx_word' id='word_1_113' title='bbox 1168 2092 1442 2145; x_wconf 76' lang='lat' dir='ltr'><strong>habitator</strong></span> <span class='ocrx_word' id='word_1_114' title='bbox 1463 2089 1699 2161; x_wconf 85' lang='lat' dir='ltr'><strong>Olympi,</strong></span> 
     </span>
    </p>
   </div>
   <div class='ocr_carea' id='block_1_21' title="bbox 556 2178 1903 2250">
    <p class='ocr_par' dir='ltr' id='par_1_21' title="bbox 556 2178 1903 2250">
     <span class='ocr_line' id='line_1_21' title="bbox 556 2178 1903 2250; baseline -0.007 -10"><span class='ocrx_word' id='word_1_115' title='bbox 556 2184 626 2241; x_wconf 90' lang='lat' dir='ltr'><strong>Ut</strong></span> <span class='ocrx_word' id='word_1_116' title='bbox 651 2191 850 2238; x_wconf 65' lang='lat' dir='ltr'><strong>nostra:</strong></span> <span class='ocrx_word' id='word_1_117' title='bbox 876 2182 942 2237; x_wconf 91' lang='lat' dir='ltr'><strong>ad</strong></span> <span class='ocrx_word' id='word_1_118' title='bbox 966 2182 1242 2237; x_wconf 87' lang='lat' dir='ltr'><strong>Christum</strong></span> <span class='ocrx_word' id='word_1_119' title='bbox 1277 2181 1596 2250; x_wconf 75' lang='lat' dir='ltr'><strong>perveniant</strong></span> <span class='ocrx_word' id='word_1_120' title='bbox 1627 2178 1903 2249; x_wconf 66' lang='lat' dir='ltr'><strong>lacrymaz.</strong></span> 
     </span>
    </p>
   </div>
   <div class='ocr_carea' id='block_1_22' title="bbox 485 2271 1687 2344">
    <p class='ocr_par' dir='ltr' id='par_1_22' title="bbox 485 2271 1687 2344">
     <span class='ocr_line' id='line_1_22' title="bbox 485 2271 1687 2344; baseline -0.004 -16"><span class='ocrx_word' id='word_1_121' title='bbox 485 2276 751 2331; x_wconf 81' lang='lat' dir='ltr'><strong>Exaudire</strong></span> <span class='ocrx_word' id='word_1_122' title='bbox 771 2275 909 2344; x_wconf 91' lang='lat' dir='ltr'><strong>pius,</strong></span> <span class='ocrx_word' id='word_1_123' title='bbox 944 2272 1151 2327; x_wconf 65' lang='lat' dir='ltr'><strong>caelesti</strong></span> <span class='ocrx_word' id='word_1_124' title='bbox 1178 2271 1429 2327; x_wconf 85' lang='lat' dir='ltr'><strong>Christus</strong></span> <span class='ocrx_word' id='word_1_125' title='bbox 1454 2272 1521 2325; x_wconf 89' lang='lat' dir='ltr'><strong>ab</strong></span> <span class='ocrx_word' id='word_1_126' title='bbox 1545 2285 1687 2330; x_wconf 87' lang='lat' dir='ltr'><strong>arce,</strong></span> 
     </span>
    </p>
   </div>
   <div class='ocr_carea' id='block_1_23' title="bbox 556 2361 1678 2433">
    <p class='ocr_par' dir='ltr' id='par_1_23' title="bbox 556 2361 1678 2433">
     <span class='ocr_line' id='line_1_23' title="bbox 556 2361 1678 2433; baseline -0.004 -16"><span class='ocrx_word' id='word_1_127' title='bbox 556 2364 815 2433; x_wconf 82' lang='lat' dir='ltr'><strong>Dignetur</strong></span> <span class='ocrx_word' id='word_1_128' title='bbox 835 2363 1063 2418; x_wconf 88' lang='lat' dir='ltr'><strong>famulos</strong></span> <span class='ocrx_word' id='word_1_129' title='bbox 1094 2376 1308 2431; x_wconf 90' lang='lat' dir='ltr'><strong>semper</strong></span> <span class='ocrx_word' id='word_1_130' title='bbox 1332 2370 1391 2415; x_wconf 90' lang='lat' dir='ltr'><strong>ut</strong></span> <span class='ocrx_word' id='word_1_131' title='bbox 1417 2361 1506 2415; x_wconf 92' lang='lat' dir='ltr'><strong>ille</strong></span> <span class='ocrx_word' id='word_1_132' title='bbox 1534 2373 1678 2415; x_wconf 89' lang='lat' dir='ltr'><strong>suos.</strong></span> 
     </span>
    </p>
   </div>
   <div class='ocr_carea' id='block_1_24' title="bbox 1179 2472 1364 2527">
    <p class='ocr_par' dir='ltr' id='par_1_24' title="bbox 1179 2472 1364 2527">
     <span class='ocr_line' id='line_1_24' title="bbox 1179 2472 1364 2527; baseline 0 0"><span class='ocrx_word' id='word_1_133' title='bbox 1179 2472 1364 2527; x_wconf 82' lang='lat' dir='ltr'><strong>XCVI.</strong></span> 
     </span>
    </p>
   </div>
   <div class='ocr_carea' id='block_1_25' title="bbox 584 2585 1863 2659">
    <p class='ocr_par' dir='ltr' id='par_1_25' title="bbox 584 2585 1863 2659">
     <span class='ocr_line' id='line_1_25' title="bbox 584 2585 1863 2659; baseline -0.002 -17"><span class='ocrx_word' id='word_1_134' title='bbox 584 2654 585 2657; x_wconf 20' lang='grc' dir='ltr'><strong>η</strong></span> <span class='ocrx_word' id='word_1_135' title='bbox 684 2587 1019 2659; x_wconf 74' lang='lat' dir='ltr'><strong>Epitaphium</strong></span> <span class='ocrx_word' id='word_1_136' title='bbox 1050 2585 1331 2640; x_wconf 86' lang='lat' dir='ltr'><strong>Fortunati</strong></span> <span class='ocrx_word' id='word_1_137' title='bbox 1362 2596 1528 2657; x_wconf 74' lang='lat' dir='ltr'><strong>poeta:</strong></span> <span class='ocrx_word' id='word_1_138' title='bbox 1554 2585 1863 2641; x_wconf 77' lang='lat' dir='ltr'><strong>Christiani.</strong></span> 
     </span>
    </p>
   </div>
   <div class='ocr_carea' id='block_1_26' title="bbox 489 2696 1903 2771">
    <p class='ocr_par' dir='ltr' id='par_1_26' title="bbox 489 2696 1903 2771">
     <span class='ocr_line' id='line_1_26' title="bbox 489 2696 1903 2771; baseline -0.004 -14"><span class='ocrx_word' id='word_1_139' title='bbox 489 2700 604 2757; x_wconf 79' lang='lat' dir='ltr'><strong>Hac</strong></span> <span class='ocrx_word' id='word_1_140' title='bbox 634 2715 848 2771; x_wconf 88' lang='lat' dir='ltr'><strong>quoque</strong></span> <span class='ocrx_word' id='word_1_141' title='bbox 876 2699 1130 2769; x_wconf 67' lang='lat' dir='ltr'><strong>prtesenti</strong></span> <span class='ocrx_word' id='word_1_142' title='bbox 1156 2697 1352 2767; x_wconf 65' lang='lat' dir='ltr'><strong>pracsul</strong></span> <span class='ocrx_word' id='word_1_143' title='bbox 1384 2698 1674 2767; x_wconf 87' lang='lat' dir='ltr'><strong>requiescit</strong></span> <span class='ocrx_word' id='word_1_144' title='bbox 1696 2698 1749 2751; x_wconf 92' lang='lat' dir='ltr'><strong>in</strong></span> <span class='ocrx_word' id='word_1_145' title='bbox 1781 2696 1903 2751; x_wconf 89' lang='lat' dir='ltr'><strong>aula</strong></span> 
     </span>
    </p>
   </div>
   <div class='ocr_carea' id='block_1_27' title="bbox 556 2787 1713 2854">
    <p class='ocr_par' dir='ltr' id='par_1_27' title="bbox 556 2787 1713 2854">
     <span class='ocr_line' id='line_1_27' title="bbox 556 2787 1713 2854; baseline -0.003 -9"><span class='ocrx_word' id='word_1_146' title='bbox 556 2790 887 2847; x_wconf 84' lang='lat' dir='ltr'><strong>Fortunatus</strong></span> <span class='ocrx_word' id='word_1_147' title='bbox 922 2790 1068 2843; x_wconf 90' lang='lat' dir='ltr'><strong>enim</strong></span> <span class='ocrx_word' id='word_1_148' title='bbox 1096 2790 1200 2854; x_wconf 87' lang='lat' dir='ltr'><strong>vir,</strong></span> <span class='ocrx_word' id='word_1_149' title='bbox 1236 2788 1402 2843; x_wconf 89' lang='lat' dir='ltr'><strong>decus</strong></span> <span class='ocrx_word' id='word_1_150' title='bbox 1435 2787 1713 2851; x_wconf 56' lang='lat' dir='ltr'><strong>Ecclesiae,</strong></span> 
     </span>
    </p>
   </div>
   <div class='ocr_carea' id='block_1_28' title="bbox 487 2880 1834 2952">
    <p class='ocr_par' dir='ltr' id='par_1_28' title="bbox 487 2880 1834 2952">
     <span class='ocr_line' id='line_1_28' title="bbox 487 2880 1834 2952; baseline -0.001 -14"><span class='ocrx_word' id='word_1_151' title='bbox 487 2884 725 2938; x_wconf 90' lang='lat' dir='ltr'><strong>Plurima</strong></span> <span class='ocrx_word' id='word_1_152' title='bbox 754 2882 846 2952; x_wconf 89' lang='lat' dir='ltr'><strong>qui</strong></span> <span class='ocrx_word' id='word_1_153' title='bbox 872 2880 1000 2937; x_wconf 87' lang='lat' dir='ltr'><strong>fecit</strong></span> <span class='ocrx_word' id='word_1_154' title='bbox 1025 2889 1334 2936; x_wconf 86' lang='lat' dir='ltr'><strong>sanctorum</strong></span> <span class='ocrx_word' id='word_1_155' title='bbox 1360 2880 1602 2936; x_wconf 84' lang='lat' dir='ltr'><strong>carmina</strong></span> <span class='ocrx_word' id='word_1_156' title='bbox 1633 2889 1834 2946; x_wconf 89' lang='lat' dir='ltr'><strong>metro,</strong></span> 
     </span>
    </p>
   </div>
   <div class='ocr_carea' id='block_1_29' title="bbox 557 2973 1836 3045">
    <p class='ocr_par' dir='ltr' id='par_1_29' title="bbox 557 2973 1836 3045">
     <span class='ocr_line' id='line_1_29' title="bbox 557 2973 1836 3045; baseline -0.002 -15"><span class='ocrx_word' id='word_1_157' title='bbox 557 2974 954 3030; x_wconf 88' lang='lat' dir='ltr'><strong>Concelebrans</strong></span> <span class='ocrx_word' id='word_1_158' title='bbox 981 2981 1201 3029; x_wconf 89' lang='lat' dir='ltr'><strong>sanctos</strong></span> <span class='ocrx_word' id='word_1_159' title='bbox 1220 2973 1469 3029; x_wconf 89' lang='lat' dir='ltr'><strong>laudibus</strong></span> <span class='ocrx_word' id='word_1_160' title='bbox 1493 2974 1836 3045; x_wconf 87' lang='lat' dir='ltr'><strong>hymnidicis.</strong></span> 
     </span>
    </p>
   </div>
   <div class='ocr_carea' id='block_1_30' title="bbox 490 3063 1747 3133">
    <p class='ocr_par' dir='ltr' id='par_1_30' title="bbox 490 3063 1747 3133">
     <span class='ocr_line' id='line_1_30' title="bbox 490 3063 1747 3133; baseline 0.002 -15"><span class='ocrx_word' id='word_1_161' title='bbox 490 3066 591 3131; x_wconf 89' lang='lat' dir='ltr'><strong>Qui</strong></span> <span class='ocrx_word' id='word_1_162' title='bbox 617 3079 863 3120; x_wconf 88' lang='lat' dir='ltr'><strong>sermone</strong></span> <span class='ocrx_word' id='word_1_163' title='bbox 890 3063 989 3118; x_wconf 90' lang='lat' dir='ltr'><strong>fuit</strong></span> <span class='ocrx_word' id='word_1_164' title='bbox 1021 3064 1225 3119; x_wconf 88' lang='lat' dir='ltr'><strong>nitidus</strong></span> <span class='ocrx_word' id='word_1_165' title='bbox 1256 3078 1525 3133; x_wconf 87' lang='lat' dir='ltr'><strong>sensuque</strong></span> <span class='ocrx_word' id='word_1_166' title='bbox 1551 3064 1747 3130; x_wconf 82' lang='lat' dir='ltr'><strong>fidelis,</strong></span> 
     </span>
    </p>
   </div>
   <div class='ocr_carea' id='block_1_31' title="bbox 562 3155 1683 3226">
    <p class='ocr_par' dir='ltr' id='par_1_31' title="bbox 562 3155 1683 3226">
     <span class='ocr_line' id='line_1_31' title="bbox 562 3155 1683 3226; baseline -0.003 -16"><span class='ocrx_word' id='word_1_167' title='bbox 562 3157 777 3226; x_wconf 87' lang='lat' dir='ltr'><strong>&#39;ngenio</strong></span> <span class='ocrx_word' id='word_1_168' title='bbox 804 3155 1032 3219; x_wconf 83' lang='lat' dir='ltr'><strong>calidus,</strong></span> <span class='ocrx_word' id='word_1_169' title='bbox 1060 3162 1340 3224; x_wconf 92' lang='lat' dir='ltr'><strong>promptus</strong></span> <span class='ocrx_word' id='word_1_170' title='bbox 1369 3161 1424 3207; x_wconf 91' lang='lat' dir='ltr'><strong>et</strong></span> <span class='ocrx_word' id='word_1_171' title='bbox 1450 3169 1545 3207; x_wconf 90' lang='lat' dir='ltr'><strong>ore</strong></span> <span class='ocrx_word' id='word_1_172' title='bbox 1566 3170 1683 3209; x_wconf 88' lang='lat' dir='ltr'><strong>suo.</strong></span> 
     </span>
    </p>
   </div>
   <div class='ocr_carea' id='block_1_32' title="bbox 1172 3262 1376 3318">
    <p class='ocr_par' dir='ltr' id='par_1_32' title="bbox 1172 3262 1376 3318">
     <span class='ocr_line' id='line_1_32' title="bbox 1172 3262 1376 3318; baseline 0.005 -2"><span class='ocrx_word' id='word_1_173' title='bbox 1172 3262 1376 3318; x_wconf 86' lang='lat' dir='ltr'><strong>XCVII.</strong></span> 
     </span>
    </p>
   </div>
   <div class='ocr_carea' id='block_1_33' title="bbox 693 3373 1843 3447">
    <p class='ocr_par' dir='ltr' id='par_1_33' title="bbox 693 3373 1843 3447">
     <span class='ocr_line' id='line_1_33' title="bbox 693 3373 1843 3447; baseline -0.001 -15"><span class='ocrx_word' id='word_1_174' title='bbox 693 3377 773 3433; x_wconf 81' lang='grc' dir='ltr'><strong>Ατι</strong></span> <span class='ocrx_word' id='word_1_175' title='bbox 808 3394 955 3431; x_wconf 84' lang='lat' dir='ltr'><strong>aram</strong></span> <span class='ocrx_word' id='word_1_176' title='bbox 985 3378 1151 3431; x_wconf 79' lang='lat' dir='ltr'><strong>sancti</strong></span> <span class='ocrx_word' id='word_1_177' title='bbox 1176 3373 1425 3445; x_wconf 83' lang='lat' dir='ltr'><strong>Stephani</strong></span> <span class='ocrx_word' id='word_1_178' title='bbox 1444 3378 1843 3447; x_wconf 82' lang='lat' dir='ltr'><strong>protomartyris</strong></span> 
     </span>
    </p>
   </div>
   <div class='ocr_carea' id='block_1_34' title="bbox 492 3478 1993 3560">
    <p class='ocr_par' dir='ltr' id='par_1_34' title="bbox 492 3478 1993 3560">
     <span class='ocr_line' id='line_1_34' title="bbox 492 3478 1993 3560; baseline 0 -15"><span class='ocrx_word' id='word_1_179' title='bbox 492 3490 694 3545; x_wconf 83' lang='lat' dir='ltr'><strong>Nobilis</strong></span> <span class='ocrx_word' id='word_1_180' title='bbox 725 3491 825 3544; x_wconf 86' lang='lat' dir='ltr'><strong>liae</strong></span> <span class='ocrx_word' id='word_1_181' title='bbox 852 3478 1157 3559; x_wconf 82' lang='lat' dir='ltr'><strong>Stephanus</strong></span> <span class='ocrx_word' id='word_1_182' title='bbox 1188 3487 1383 3542; x_wconf 88' lang='lat' dir='ltr'><strong>colitur</strong></span> <span class='ocrx_word' id='word_1_183' title='bbox 1404 3496 1771 3560; x_wconf 84' lang='lat' dir='ltr'><strong>protomartyr</strong></span> <span class='ocrx_word' id='word_1_184' title='bbox 1797 3490 1849 3543; x_wconf 93' lang='lat' dir='ltr'><strong>in</strong></span> <span class='ocrx_word' id='word_1_185' title='bbox 1880 3506 1993 3555; x_wconf 85' lang='lat' dir='ltr'><strong>ara,</strong></span> 
     </span>
    </p>
   </div>
   <div class='ocr_carea' id='block_1_35' title="bbox 566 3578 1780 3649">
    <p class='ocr_par' dir='ltr' id='par_1_35' title="bbox 566 3578 1780 3649">
     <span class='ocr_line' id='line_1_35' title="bbox 566 3578 1780 3649; baseline -0.001 -15"><span class='ocrx_word' id='word_1_186' title='bbox 566 3580 684 3634; x_wconf 85' lang='lat' dir='ltr'><strong>Vim</strong></span> <span class='ocrx_word' id='word_1_187' title='bbox 710 3580 913 3635; x_wconf 90' lang='lat' dir='ltr'><strong>faciens</strong></span> <span class='ocrx_word' id='word_1_188' title='bbox 940 3579 1098 3643; x_wconf 69' lang='lat' dir='ltr'><strong>cmlo,</strong></span> <span class='ocrx_word' id='word_1_189' title='bbox 1128 3579 1253 3633; x_wconf 92' lang='lat' dir='ltr'><strong>dum</strong></span> <span class='ocrx_word' id='word_1_190' title='bbox 1282 3578 1431 3647; x_wconf 88' lang='lat' dir='ltr'><strong>prior</strong></span> <span class='ocrx_word' id='word_1_191' title='bbox 1452 3587 1597 3632; x_wconf 89' lang='lat' dir='ltr'><strong>astra</strong></span> <span class='ocrx_word' id='word_1_192' title='bbox 1626 3580 1780 3649; x_wconf 89' lang='lat' dir='ltr'><strong>petit.</strong></span> 
     </span>
    </p>
   </div>
   <div class='ocr_carea' id='block_1_36' title="bbox 490 3668 1876 3739">
    <p class='ocr_par' dir='ltr' id='par_1_36' title="bbox 490 3668 1876 3739">
     <span class='ocr_line' id='line_1_36' title="bbox 490 3668 1876 3739; baseline -0.003 -12"><span class='ocrx_word' id='word_1_193' title='bbox 490 3673 536 3727; x_wconf 82' lang='grc' dir='ltr'><strong>Α</strong></span> <span class='ocrx_word' id='word_1_194' title='bbox 570 3681 715 3728; x_wconf 88' lang='lat' dir='ltr'><strong>terra</strong></span> <span class='ocrx_word' id='word_1_195' title='bbox 742 3672 807 3725; x_wconf 88' lang='lat' dir='ltr'><strong>ad</strong></span> <span class='ocrx_word' id='word_1_196' title='bbox 836 3671 1030 3724; x_wconf 80' lang='lat' dir='ltr'><strong>coelum</strong></span> <span class='ocrx_word' id='word_1_197' title='bbox 1055 3669 1289 3739; x_wconf 86' lang='lat' dir='ltr'><strong>lapidum</strong></span> <span class='ocrx_word' id='word_1_198' title='bbox 1316 3668 1416 3722; x_wconf 89' lang='lat' dir='ltr'><strong>sibi</strong></span> <span class='ocrx_word' id='word_1_199' title='bbox 1445 3668 1707 3739; x_wconf 78' lang='lat' dir='ltr'><strong>grandine</strong></span> <span class='ocrx_word' id='word_1_200' title='bbox 1733 3671 1876 3724; x_wconf 87' lang='lat' dir='ltr'><strong>scala</strong></span> 
     </span>
    </p>
   </div>
   <div class='ocr_carea' id='block_1_37' title="bbox 565 3760 1802 3832">
    <p class='ocr_par' dir='ltr' id='par_1_37' title="bbox 565 3760 1802 3832">
     <span class='ocr_line' id='line_1_37' title="bbox 565 3760 1802 3832; baseline -0.002 -14"><span class='ocrx_word' id='word_1_201' title='bbox 565 3764 688 3819; x_wconf 62' lang='lat' dir='ltr'><strong>lla&#39;c</strong></span> <span class='ocrx_word' id='word_1_202' title='bbox 715 3775 852 3827; x_wconf 89' lang='lat' dir='ltr'><strong>erat,</strong></span> <span class='ocrx_word' id='word_1_203' title='bbox 881 3771 941 3816; x_wconf 88' lang='lat' dir='ltr'><strong>ttt</strong></span> <span class='ocrx_word' id='word_1_204' title='bbox 960 3760 1232 3817; x_wconf 88' lang='lat' dir='ltr'><strong>Christum</strong></span> <span class='ocrx_word' id='word_1_205' title='bbox 1257 3769 1503 3815; x_wconf 86' lang='lat' dir='ltr'><strong>cerneret</strong></span> <span class='ocrx_word' id='word_1_206' title='bbox 1529 3777 1651 3817; x_wconf 82' lang='lat' dir='ltr'><strong>arce</strong></span> <span class='ocrx_word' id='word_1_207' title='bbox 1676 3761 1802 3832; x_wconf 92' lang='lat' dir='ltr'><strong>poli.</strong></span> 
     </span>
    </p>
   </div>
   <div class='ocr_carea' id='block_1_38' title="bbox 1170 3871 1392 3926">
    <p class='ocr_par' dir='ltr' id='par_1_38' title="bbox 1170 3871 1392 3926">
     <span class='ocr_line' id='line_1_38' title="bbox 1170 3871 1392 3926; baseline -0.005 0"><span class='ocrx_word' id='word_1_208' title='bbox 1170 3871 1392 3926; x_wconf 80' lang='lat' dir='ltr'><strong>XCVIII.</strong></span> 
     </span>
    </p>
   </div>
   <div class='ocr_carea' id='block_1_39' title="bbox 737 3952 1814 4034">
    <p class='ocr_par' dir='ltr' id='par_1_39' title="bbox 737 3952 1814 4034">
     <span class='ocr_line' id='line_1_39' title="bbox 737 3952 1814 4034; baseline 0 -17"><span class='ocrx_word' id='word_1_209' title='bbox 737 3965 817 4019; x_wconf 79' lang='lat' dir='ltr'><strong>Ad</strong></span> <span class='ocrx_word' id='word_1_210' title='bbox 849 3980 997 4018; x_wconf 87' lang='lat' dir='ltr'><strong>aram</strong></span> <span class='ocrx_word' id='word_1_211' title='bbox 1022 3963 1191 4017; x_wconf 84' lang='lat' dir='ltr'><strong>sancti</strong></span> <span class='ocrx_word' id='word_1_212' title='bbox 1214 3961 1248 4015; x_wconf 84' lang='grc'><strong>.1</strong></span> <span class='ocrx_word' id='word_1_213' title='bbox 1255 3952 1439 4016; x_wconf 77' lang='lat' dir='ltr'><strong>cannis</strong></span> <span class='ocrx_word' id='word_1_214' title='bbox 1469 3962 1814 4034; x_wconf 72' lang='lat' dir='ltr'><strong>cvangelistar.</strong></span> 
     </span>
    </p>
   </div>
   <div class='ocr_carea' id='block_1_40' title="bbox 496 4075 1740 4143">
    <p class='ocr_par' dir='ltr' id='par_1_40' title="bbox 496 4075 1740 4143">
     <span class='ocr_line' id='line_1_40' title="bbox 496 4075 1740 4143; baseline -0.001 -10"><span class='ocrx_word' id='word_1_215' title='bbox 496 4080 607 4133; x_wconf 81' lang='lat' dir='ltr'><strong>Hoc</strong></span> <span class='ocrx_word' id='word_1_216' title='bbox 628 4079 796 4132; x_wconf 88' lang='lat' dir='ltr'><strong>altare</strong></span> <span class='ocrx_word' id='word_1_217' title='bbox 820 4085 967 4132; x_wconf 91' lang='lat' dir='ltr'><strong>tenet</strong></span> <span class='ocrx_word' id='word_1_218' title='bbox 988 4075 1207 4131; x_wconf 88' lang='lat' dir='ltr'><strong>Christo</strong></span> <span class='ocrx_word' id='word_1_219' title='bbox 1234 4076 1455 4131; x_wconf 88' lang='lat' dir='ltr'><strong>sinistra</strong></span> <span class='ocrx_word' id='word_1_220' title='bbox 1484 4075 1740 4143; x_wconf 80' lang='lat' dir='ltr'><strong>Joannes,</strong></span> 
     </span>
    </p>
   </div>
   <div class='ocr_carea' id='block_1_41' title="bbox 564 4169 1795 4238">
    <p class='ocr_par' dir='ltr' id='par_1_41' title="bbox 564 4169 1795 4238">
     <span class='ocr_line' id='line_1_41' title="bbox 564 4169 1795 4238; baseline -0.003 -14"><span class='ocrx_word' id='word_1_221' title='bbox 564 4171 664 4237; x_wconf 85' lang='lat' dir='ltr'><strong>Qui</strong></span> <span class='ocrx_word' id='word_1_222' title='bbox 693 4183 857 4238; x_wconf 86' lang='lat' dir='ltr'><strong>super</strong></span> <span class='ocrx_word' id='word_1_223' title='bbox 886 4170 940 4221; x_wconf 91' lang='lat' dir='ltr'><strong>in</strong></span> <span class='ocrx_word' id='word_1_224' title='bbox 966 4182 1119 4222; x_wconf 66' lang='lat' dir='ltr'><strong>caena</strong></span> <span class='ocrx_word' id='word_1_225' title='bbox 1147 4177 1367 4238; x_wconf 87' lang='lat' dir='ltr'><strong>pectora</strong></span> <span class='ocrx_word' id='word_1_226' title='bbox 1395 4177 1581 4222; x_wconf 90' lang='lat' dir='ltr'><strong>sancta</strong></span> <span class='ocrx_word' id='word_1_227' title='bbox 1613 4169 1795 4222; x_wconf 88' lang='lat' dir='ltr'><strong>cubat.</strong></span> 
     </span>
    </p>
   </div>
   <div class='ocr_carea' id='block_1_42' title="bbox 495 4257 1682 4328">
    <p class='ocr_par' dir='ltr' id='par_1_42' title="bbox 495 4257 1682 4328">
     <span class='ocr_line' id='line_1_42' title="bbox 495 4257 1682 4328; baseline 0 -15"><span class='ocrx_word' id='word_1_228' title='bbox 495 4262 594 4328; x_wconf 86' lang='lat' dir='ltr'><strong>Qui</strong></span> <span class='ocrx_word' id='word_1_229' title='bbox 622 4268 827 4314; x_wconf 83' lang='lat' dir='ltr'><strong>secreta</strong></span> <span class='ocrx_word' id='word_1_230' title='bbox 858 4258 963 4327; x_wconf 91' lang='lat' dir='ltr'><strong>poli</strong></span> <span class='ocrx_word' id='word_1_231' title='bbox 993 4258 1058 4312; x_wconf 91' lang='lat' dir='ltr'><strong>de</strong></span> <span class='ocrx_word' id='word_1_232' title='bbox 1084 4273 1238 4312; x_wconf 89' lang='lat' dir='ltr'><strong>sacro</strong></span> <span class='ocrx_word' id='word_1_233' title='bbox 1263 4257 1408 4312; x_wconf 88' lang='lat' dir='ltr'><strong>fonte</strong></span> <span class='ocrx_word' id='word_1_234' title='bbox 1438 4259 1682 4324; x_wconf 83' lang='lat' dir='ltr'><strong>bibebat,</strong></span> 
     </span>
    </p>
   </div>
   <div class='ocr_carea' id='block_1_43' title="bbox 565 4349 1847 4419">
    <p class='ocr_par' dir='ltr' id='par_1_43' title="bbox 565 4349 1847 4419">
     <span class='ocr_line' id='line_1_43' title="bbox 565 4349 1847 4419; baseline 0.004 -15"><span class='ocrx_word' id='word_1_235' title='bbox 565 4351 712 4404; x_wconf 82' lang='lat' dir='ltr'><strong>lianc</strong></span> <span class='ocrx_word' id='word_1_236' title='bbox 740 4358 907 4403; x_wconf 92' lang='lat' dir='ltr'><strong>totam</strong></span> <span class='ocrx_word' id='word_1_237' title='bbox 936 4349 1189 4418; x_wconf 86' lang='lat' dir='ltr'><strong>precibus</strong></span> <span class='ocrx_word' id='word_1_238' title='bbox 1218 4357 1465 4419; x_wconf 77' lang='lat' dir='ltr'><strong>protegat</strong></span> <span class='ocrx_word' id='word_1_239' title='bbox 1499 4350 1584 4405; x_wconf 91' lang='lat' dir='ltr'><strong>ille</strong></span> <span class='ocrx_word' id='word_1_240' title='bbox 1615 4353 1847 4409; x_wconf 86' lang='lat' dir='ltr'><strong>domum.</strong></span> 
     </span>
    </p>
   </div>
   <div class='ocr_carea' id='block_1_44' title="bbox 568 4478 2072 4539">
    <p class='ocr_par' dir='ltr' id='par_1_44' title="bbox 568 4478 2072 4539">
     <span class='ocr_line' id='line_1_44' title="bbox 568 4478 2072 4539; baseline 0.003 -6"><span class='ocrx_word' id='word_1_241' title='bbox 568 4496 592 4521; x_wconf 77' lang='grc' dir='ltr'><strong>ι·</strong></span> <span class='ocrx_word' id='word_1_242' title='bbox 634 4482 709 4535; x_wconf 89' lang='lat' dir='ltr'><strong>De</strong></span> <span class='ocrx_word' id='word_1_243' title='bbox 734 4480 882 4534; x_wconf 85' lang='lat' dir='ltr'><strong>varia</strong></span> <span class='ocrx_word' id='word_1_244' title='bbox 910 4478 1305 4531; x_wconf 88' lang='lat' dir='ltr'><strong>restauratione</strong></span> <span class='ocrx_word' id='word_1_245' title='bbox 1333 4480 1648 4533; x_wconf 85' lang='lat' dir='ltr'><strong>monasterii</strong></span> <span class='ocrx_word' id='word_1_246' title='bbox 1682 4479 2072 4539; x_wconf 85' lang='lat' dir='ltr'><strong>Nobiliacensis</strong></span> 
     </span>
    </p>
   </div>
   <div class='ocr_carea' id='block_1_45' title="bbox 499 4548 2072 4620">
    <p class='ocr_par' dir='ltr' id='par_1_45' title="bbox 499 4548 2072 4620">
     <span class='ocr_line' id='line_1_45' title="bbox 499 4548 2072 4620; baseline 0.003 -16"><span class='ocrx_word' id='word_1_247' title='bbox 499 4554 638 4606; x_wconf 88' lang='lat' dir='ltr'><strong>facta</strong></span> <span class='ocrx_word' id='word_1_248' title='bbox 676 4552 743 4604; x_wconf 88' lang='lat' dir='ltr'><strong>ab</strong></span> <span class='ocrx_word' id='word_1_249' title='bbox 767 4550 941 4602; x_wconf 86' lang='lat' dir='ltr'><strong>Atone</strong></span> <span class='ocrx_word' id='word_1_250' title='bbox 968 4548 1163 4620; x_wconf 79' lang='lat' dir='ltr'><strong>abbate</strong></span> <span class='ocrx_word' id='word_1_251' title='bbox 1205 4563 1347 4601; x_wconf 92' lang='lat' dir='ltr'><strong>anno</strong></span> <span class='ocrx_word' id='word_1_252' title='bbox 1374 4548 1477 4603; x_wconf 82' lang='grc'>795</span> <span class='ocrx_word' id='word_1_253' title='bbox 1502 4550 1622 4604; x_wconf 89' lang='lat' dir='ltr'><strong>vide</strong></span> <span class='ocrx_word' id='word_1_254' title='bbox 1666 4553 1913 4620; x_wconf 88' lang='lat' dir='ltr'><strong>superius</strong></span> <span class='ocrx_word' id='word_1_255' title='bbox 1953 4570 2072 4609; x_wconf 87' lang='lat' dir='ltr'><strong>car-</strong></span> 
     </span>
    </p>
   </div>
   <div class='ocr_carea' id='block_1_46' title="bbox 498 4616 1047 4682">
    <p class='ocr_par' dir='ltr' id='par_1_46' title="bbox 498 4616 1047 4682">
     <span class='ocr_line' id='line_1_46' title="bbox 498 4616 1047 4682; baseline -0.013 -7"><span class='ocrx_word' id='word_1_256' title='bbox 498 4623 639 4675; x_wconf 83' lang='lat' dir='ltr'><strong>mina</strong></span> <span class='ocrx_word' id='word_1_257' title='bbox 670 4620 760 4682; x_wconf 62' lang='lat'><strong>71,</strong></span> <span class='ocrx_word' id='word_1_258' title='bbox 786 4620 854 4673; x_wconf 86' lang='lat'><strong>86</strong></span> <span class='ocrx_word' id='word_1_259' title='bbox 875 4627 929 4671; x_wconf 89' lang='lat' dir='ltr'><strong>et</strong></span> <span class='ocrx_word' id='word_1_260' title='bbox 959 4616 1047 4670; x_wconf 78' lang='grc'>92.</span> 
     </span>
    </p>
   </div>
   <div class='ocr_carea' id='block_1_47' title="bbox 570 4692 969 4759">
    <p class='ocr_par' dir='ltr' id='par_1_47' title="bbox 570 4692 969 4759">
     <span class='ocr_line' id='line_1_47' title="bbox 570 4692 969 4759; baseline -0.015 -14"><span class='ocrx_word' id='word_1_261' title='bbox 570 4692 595 4731; x_wconf 73' lang='grc' dir='ltr'><strong>ι)</strong></span> <span class='ocrx_word' id='word_1_262' title='bbox 636 4692 816 4751; x_wconf 87' lang='lat' dir='ltr'><strong>Forte,</strong></span> <span class='ocrx_word' id='word_1_263' title='bbox 846 4702 969 4759; x_wconf 82' lang='lat' dir='ltr'><strong>quo;</strong></span> 
     </span>
    </p>
   </div>
   <div class='ocr_carea' id='block_1_48' title="bbox 568 4756 2076 4829">
    <p class='ocr_par' dir='ltr' id='par_1_48' title="bbox 568 4756 2076 4829">
     <span class='ocr_line' id='line_1_48' title="bbox 568 4756 2076 4829; baseline 0.001 -15"><span class='ocrx_word' id='word_1_264' title='bbox 568 4774 588 4797; x_wconf 67' lang='grc' dir='ltr'><em>τ</em></span> <span class='ocrx_word' id='word_1_265' title='bbox 633 4756 934 4829; x_wconf 71' lang='lat' dir='ltr'><strong>Guarinus,</strong></span> <span class='ocrx_word' id='word_1_266' title='bbox 985 4772 1052 4810; x_wconf 92' lang='lat' dir='ltr'><strong>an</strong></span> <span class='ocrx_word' id='word_1_267' title='bbox 1085 4756 1225 4811; x_wconf 89' lang='lat' dir='ltr'><strong>idem</strong></span> <span class='ocrx_word' id='word_1_268' title='bbox 1252 4760 1343 4827; x_wconf 89' lang='lat' dir='ltr'><strong>qui</strong></span> <span class='ocrx_word' id='word_1_269' title='bbox 1366 4772 1525 4829; x_wconf 86' lang='lat' dir='ltr'><strong>supra</strong></span> <span class='ocrx_word' id='word_1_270' title='bbox 1552 4774 1721 4813; x_wconf 90' lang='lat' dir='ltr'><strong>carm.</strong></span> <span class='ocrx_word' id='word_1_271' title='bbox 1754 4761 1821 4815; x_wconf 81' lang='lat'><strong>85</strong></span> <span class='ocrx_word' id='word_1_272' title='bbox 1853 4773 2076 4816; x_wconf 68' lang='lat' dir='ltr'><strong>vocatur</strong></span> 
     </span>
    </p>
   </div>
   <div class='ocr_carea' id='block_1_49' title="bbox 498 4828 2072 4902">
    <p class='ocr_par' dir='ltr' id='par_1_49' title="bbox 498 4828 2072 4902">
     <span class='ocr_line' id='line_1_49' title="bbox 498 4828 2072 4902; baseline 0.002 -19"><span class='ocrx_word' id='word_1_273' title='bbox 498 4828 724 4902; x_wconf 69' lang='lat' dir='ltr'><strong>(lundun</strong></span> <span class='ocrx_word' id='word_1_274' title='bbox 749 4828 872 4902; x_wconf 14' lang='lat' dir='ltr'><strong>:‘De</strong></span> <span class='ocrx_word' id='word_1_275' title='bbox 902 4837 1128 4897; x_wconf 88' lang='lat' dir='ltr'><strong>utroque</strong></span> <span class='ocrx_word' id='word_1_276' title='bbox 1172 4830 1326 4884; x_wconf 89' lang='lat' dir='ltr'><strong>nobis</strong></span> <span class='ocrx_word' id='word_1_277' title='bbox 1364 4828 1545 4902; x_wconf 82' lang='lat' dir='ltr'><strong>ignota</strong></span> <span class='ocrx_word' id='word_1_278' title='bbox 1589 4832 1787 4884; x_wconf 84' lang='lat' dir='ltr'><strong>omnia.</strong></span> <span class='ocrx_word' id='word_1_279' title='bbox 1838 4832 1938 4885; x_wconf 74' lang='lat' dir='ltr'><strong>Ms.</strong></span> <span class='ocrx_word' id='word_1_280' title='bbox 1977 4834 2072 4888; x_wconf 85' lang='lat' dir='ltr'><strong>lia-</strong></span> 
     </span>
    </p>
   </div>
   <div class='ocr_carea' id='block_1_50' title="bbox 496 4898 972 4963">
    <p class='ocr_par' dir='ltr' id='par_1_50' title="bbox 496 4898 972 4963">
     <span class='ocr_line' id='line_1_50' title="bbox 496 4898 972 4963; baseline -0.002 -11"><span class='ocrx_word' id='word_1_281' title='bbox 496 4900 605 4963; x_wconf 86' lang='lat' dir='ltr'><strong>bet,</strong></span> <span class='ocrx_word' id='word_1_282' title='bbox 637 4898 972 4953; x_wconf 81' lang='lat' dir='ltr'><strong>Gunduinus.</strong></span> 
     </span>
    </p>
   </div>
   <div class='ocr_carea' id='block_1_51' title="bbox 564 4969 941 5034">
    <p class='ocr_par' dir='ltr' id='par_1_51' title="bbox 564 4969 941 5034">
     <span class='ocr_line' id='line_1_51' title="bbox 564 4969 941 5034; baseline 0 -12"><span class='ocrx_word' id='word_1_283' title='bbox 564 4969 590 5007; x_wconf 70' lang='grc' dir='ltr'><strong>ά</strong></span> <span class='ocrx_word' id='word_1_284' title='bbox 635 4969 729 5024; x_wconf 84' lang='lat' dir='ltr'><strong>Ms.</strong></span> <span class='ocrx_word' id='word_1_285' title='bbox 742 5010 755 5034; x_wconf 96' lang='lat'><strong>,</strong></span> <span class='ocrx_word' id='word_1_286' title='bbox 782 4969 941 5023; x_wconf 87' lang='lat' dir='ltr'><strong>mitis.</strong></span> 
     </span>
    </p>
   </div>
   <div class='ocr_carea' id='block_1_52' title="bbox 571 5040 2067 5112">
    <p class='ocr_par' dir='ltr' id='par_1_52' title="bbox 571 5040 2067 5112">
     <span class='ocr_line' id='line_1_52' title="bbox 571 5040 2067 5112; baseline 0.001 -18"><span class='ocrx_word' id='word_1_287' title='bbox 571 5053 593 5112; x_wconf 59' lang='grc' dir='ltr'>ἐ</span> <span class='ocrx_word' id='word_1_288' title='bbox 632 5040 743 5094; x_wconf 90' lang='lat' dir='ltr'><strong>Hoc</strong></span> <span class='ocrx_word' id='word_1_289' title='bbox 788 5049 850 5112; x_wconf 74' lang='lat' dir='ltr'><strong>et</strong></span> <span class='ocrx_word' id='word_1_290' title='bbox 881 5046 1212 5112; x_wconf 86' lang='lat' dir='ltr'><strong>subsequens</strong></span> <span class='ocrx_word' id='word_1_291' title='bbox 1237 5041 1583 5112; x_wconf 77' lang='lat' dir='ltr'><strong>epigramma,</strong></span> <span class='ocrx_word' id='word_1_292' title='bbox 1636 5041 1778 5111; x_wconf 90' lang='lat' dir='ltr'><strong>quod</strong></span> <span class='ocrx_word' id='word_1_293' title='bbox 1812 5057 1953 5112; x_wconf 83' lang='lat' dir='ltr'><strong>nunc</strong></span> <span class='ocrx_word' id='word_1_294' title='bbox 2000 5057 2067 5097; x_wconf 77' lang='lat' dir='ltr'><strong>ex</strong></span> 
     </span>
    </p>
   </div>
   <div class='ocr_carea' id='block_1_53' title="bbox 495 5110 2065 5181">
    <p class='ocr_par' dir='ltr' id='par_1_53' title="bbox 495 5110 2065 5181">
     <span class='ocr_line' id='line_1_53' title="bbox 495 5110 2065 5181; baseline 0.002 -18"><span class='ocrx_word' id='word_1_295' title='bbox 495 5111 613 5181; x_wconf 77' lang='lat' dir='ltr'><strong>eod.</strong></span> <span class='ocrx_word' id='word_1_296' title='bbox 671 5127 771 5165; x_wconf 91' lang='lat' dir='ltr'><strong>ms.</strong></span> <span class='ocrx_word' id='word_1_297' title='bbox 816 5110 1211 5181; x_wconf 79' lang='lat' dir='ltr'><strong>SaliSburgensi</strong></span> <span class='ocrx_word' id='word_1_298' title='bbox 1241 5110 1576 5166; x_wconf 83' lang='lat' dir='ltr'><strong>emendatius</strong></span> <span class='ocrx_word' id='word_1_299' title='bbox 1620 5112 1815 5181; x_wconf 88' lang='lat' dir='ltr'><strong>prodit,</strong></span> <span class='ocrx_word' id='word_1_300' title='bbox 1875 5111 2065 5166; x_wconf 80' lang='lat' dir='ltr'><strong>Mabil-</strong></span> 
     </span>
    </p>
   </div>
   <div class='ocr_carea' id='block_1_54' title="bbox 494 5179 2061 5251">
    <p class='ocr_par' dir='ltr' id='par_1_54' title="bbox 494 5179 2061 5251">
     <span class='ocr_line' id='line_1_54' title="bbox 494 5179 2061 5251; baseline 0.001 -18"><span class='ocrx_word' id='word_1_301' title='bbox 494 5179 671 5236; x_wconf 90' lang='lat' dir='ltr'><strong>lonius</strong></span> <span class='ocrx_word' id='word_1_302' title='bbox 694 5191 824 5235; x_wconf 89' lang='lat' dir='ltr'><strong>tom.</strong></span> <span class='ocrx_word' id='word_1_303' title='bbox 847 5181 888 5235; x_wconf 90' lang='lat' dir='ltr'><strong>Il</strong></span> <span class='ocrx_word' id='word_1_304' title='bbox 916 5179 1108 5238; x_wconf 78' lang='lat' dir='ltr'><strong>Annal.</strong></span> <span class='ocrx_word' id='word_1_305' title='bbox 1135 5197 1257 5251; x_wconf 85' lang='lat' dir='ltr'><strong>pag.</strong></span> <span class='ocrx_word' id='word_1_306' title='bbox 1287 5181 1410 5251; x_wconf 61' lang='lat'><strong>245,</strong></span> <span class='ocrx_word' id='word_1_307' title='bbox 1435 5179 1686 5251; x_wconf 76' lang='lat' dir='ltr'><strong>intelligit</strong></span> <span class='ocrx_word' id='word_1_308' title='bbox 1710 5182 1773 5235; x_wconf 91' lang='lat' dir='ltr'><strong>de</strong></span> <span class='ocrx_word' id='word_1_309' title='bbox 1802 5180 2061 5251; x_wconf 74' lang='lat' dir='ltr'><strong>Magni/0,</strong></span> 
     </span>
    </p>
   </div>
   <div class='ocr_carea' id='block_1_55' title="bbox 494 5250 2062 5320">
    <p class='ocr_par' dir='ltr' id='par_1_55' title="bbox 494 5250 2062 5320">
     <span class='ocr_line' id='line_1_55' title="bbox 494 5250 2062 5320; baseline 0.001 -17"><span class='ocrx_word' id='word_1_310' title='bbox 494 5266 588 5304; x_wconf 80' lang='lat' dir='ltr'><strong>seu</strong></span> <span class='ocrx_word' id='word_1_311' title='bbox 616 5260 675 5304; x_wconf 89' lang='lat' dir='ltr'><strong>ut</strong></span> <span class='ocrx_word' id='word_1_312' title='bbox 700 5251 832 5305; x_wconf 85' lang='lat' dir='ltr'><strong>alias</strong></span> <span class='ocrx_word' id='word_1_313' title='bbox 872 5262 1113 5312; x_wconf 87' lang='lat' dir='ltr'><strong>vocatur.</strong></span> <span class='ocrx_word' id='word_1_314' title='bbox 1142 5250 1451 5320; x_wconf 38' lang='lat' dir='ltr'><strong>&#39;Magnulfo,</strong></span> <span class='ocrx_word' id='word_1_315' title='bbox 1485 5250 1677 5305; x_wconf 80' lang='lat' dir='ltr'><strong>abbate</strong></span> <span class='ocrx_word' id='word_1_316' title='bbox 1706 5250 2062 5315; x_wconf 82' lang='lat' dir='ltr'><strong>Floriacensi;</strong></span> 
     </span>
    </p>
   </div>
   <div class='ocr_carea' id='block_1_56' title="bbox 494 5320 2071 5393">
    <p class='ocr_par' dir='ltr' id='par_1_56' title="bbox 494 5320 2071 5393">
     <span class='ocr_line' id='line_1_56' title="bbox 494 5320 2071 5393; baseline 0.001 -20"><span class='ocrx_word' id='word_1_317' title='bbox 494 5322 584 5389; x_wconf 87' lang='lat' dir='ltr'><strong>qui</strong></span> <span class='ocrx_word' id='word_1_318' title='bbox 604 5322 691 5393; x_wconf 86' lang='lat' dir='ltr'><strong>hic</strong></span> <span class='ocrx_word' id='word_1_319' title='bbox 719 5320 967 5377; x_wconf 87' lang='lat' dir='ltr'><strong>laudatur</strong></span> <span class='ocrx_word' id='word_1_320' title='bbox 1004 5325 1072 5378; x_wconf 91' lang='lat' dir='ltr'><strong>ob</strong></span> <span class='ocrx_word' id='word_1_321' title='bbox 1098 5336 1370 5376; x_wconf 89' lang='lat' dir='ltr'><strong>cameram</strong></span> <span class='ocrx_word' id='word_1_322' title='bbox 1398 5322 1475 5393; x_wconf 88' lang='lat' dir='ltr'><strong>ad</strong></span> <span class='ocrx_word' id='word_1_323' title='bbox 1519 5321 1951 5393; x_wconf 76' lang='lat' dir='ltr'><strong>usum__fratruni</strong></span> <span class='ocrx_word' id='word_1_324' title='bbox 1992 5322 2071 5393; x_wconf 86' lang='lat' dir='ltr'><strong>le-</strong></span> 
     </span>
    </p>
   </div>
   <div class='ocr_carea' id='block_1_57' title="bbox 495 5390 2069 5460">
    <p class='ocr_par' dir='ltr' id='par_1_57' title="bbox 495 5390 2069 5460">
     <span class='ocr_line' id='line_1_57' title="bbox 495 5390 2069 5460; baseline 0.001 -16"><span class='ocrx_word' id='word_1_325' title='bbox 495 5392 732 5459; x_wconf 79' lang='lat' dir='ltr'><strong>gentium</strong></span> <span class='ocrx_word' id='word_1_326' title='bbox 756 5401 1107 5457; x_wconf 81' lang='lat' dir='ltr'><strong>exstructam,</strong></span> <span class='ocrx_word' id='word_1_327' title='bbox 1136 5400 1189 5447; x_wconf 89' lang='lat' dir='ltr'><strong>et</strong></span> <span class='ocrx_word' id='word_1_328' title='bbox 1209 5392 1501 5445; x_wconf 89' lang='lat' dir='ltr'><strong>oratorium</strong></span> <span class='ocrx_word' id='word_1_329' title='bbox 1529 5390 1598 5445; x_wconf 90' lang='lat' dir='ltr'><strong>illi</strong></span> <span class='ocrx_word' id='word_1_330' title='bbox 1629 5390 1965 5460; x_wconf 77' lang='lat' dir='ltr'><strong>adjunctum,</strong></span> <span class='ocrx_word' id='word_1_331' title='bbox 1992 5390 2069 5446; x_wconf 49' lang='lat' dir='ltr'><strong>&#39;in</strong></span> 
     </span>
    </p>
   </div>
   <div class='ocr_carea' id='block_1_58' title="bbox 494 5460 1501 5528">
    <p class='ocr_par' dir='ltr' id='par_1_58' title="bbox 494 5460 1501 5528">
     <span class='ocr_line' id='line_1_58' title="bbox 494 5460 1501 5528; baseline 0.002 -15"><span class='ocrx_word' id='word_1_332' title='bbox 494 5475 601 5528; x_wconf 90' lang='lat' dir='ltr'><strong>quo</strong></span> <span class='ocrx_word' id='word_1_333' title='bbox 628 5460 739 5528; x_wconf 80' lang='lat' dir='ltr'><strong>ipse</strong></span> <span class='ocrx_word' id='word_1_334' title='bbox 765 5472 974 5517; x_wconf 86' lang='lat' dir='ltr'><strong>secreto</strong></span> <span class='ocrx_word' id='word_1_335' title='bbox 1008 5461 1237 5518; x_wconf 85' lang='lat' dir='ltr'><strong>orationi</strong></span> <span class='ocrx_word' id='word_1_336' title='bbox 1266 5470 1501 5518; x_wconf 82' lang='lat' dir='ltr'><strong>vacaret.</strong></span> 
     </span>
    </p>
   </div>
   <div class='ocr_carea' id='block_1_59' title="bbox 573 5529 1175 5603">
    <p class='ocr_par' dir='ltr' id='par_1_59' title="bbox 573 5529 1175 5603">
     <span class='ocr_line' id='line_1_59' title="bbox 573 5529 1175 5603; baseline 0.051 -48"><span class='ocrx_word' id='word_1_337' title='bbox 573 5530 593 5603; x_wconf 41' lang='grc' dir='ltr'>ἰ</span> <span class='ocrx_word' id='word_1_338' title='bbox 636 5529 742 5603; x_wconf 29' lang='lat' dir='ltr'><strong>Pls:</strong></span> <span class='ocrx_word' id='word_1_339' title='bbox 773 5531 906 5603; x_wconf 46' lang='lat' dir='ltr'><strong>Sal”</strong></span> <span class='ocrx_word' id='word_1_340' title='bbox 948 5533 1175 5603; x_wconf 67' lang='lat' dir='ltr'><strong>Magttif.</strong></span> 
     </span>
    </p>
   </div>
   <div class='ocr_carea' id='block_1_60' title="bbox 571 5599 1323 5662">
    <p class='ocr_par' dir='ltr' id='par_1_60' title="bbox 571 5599 1323 5662">
     <span class='ocr_line' id='line_1_60' title="bbox 571 5599 1323 5662; baseline 0.007 -11"><span class='ocrx_word' id='word_1_341' title='bbox 571 5601 596 5638; x_wconf 75' lang='grc'>⁸</span> <span class='ocrx_word' id='word_1_342' title='bbox 636 5599 796 5662; x_wconf 73' lang='lat' dir='ltr'><strong>Eilit.,</strong></span> <span class='ocrx_word' id='word_1_343' title='bbox 839 5602 989 5656; x_wconf 79' lang='lat' dir='ltr'><strong>duret</strong></span> <span class='ocrx_word' id='word_1_344' title='bbox 1017 5599 1323 5658; x_wconf 59' lang='lat' dir='ltr'><strong>brrtrJictio.</strong></span> 
     </span>
    </p>
   </div>
   <div class='ocr_carea' id='block_1_61' title="bbox 534 5665 1021 5733">
    <p class='ocr_par' dir='ltr' id='par_1_61' title="bbox 534 5665 1021 5733">
     <span class='ocr_line' id='line_1_61' title="bbox 534 5665 1021 5733; baseline 0.002 -9"><span class='ocrx_word' id='word_1_345' title='bbox 534 5696 545 5699; x_wconf 36' lang='grc' dir='ltr'><strong><em>Α</em></strong></span> <span class='ocrx_word' id='word_1_346' title='bbox 560 5665 591 5705; x_wconf 57' lang='grc' dir='ltr'>δ</span> <span class='ocrx_word' id='word_1_347' title='bbox 619 5669 797 5733; x_wconf 73' lang='lat' dir='ltr'><strong>Forte,</strong></span> <span class='ocrx_word' id='word_1_348' title='bbox 850 5669 1021 5725; x_wconf 75' lang='lat' dir='ltr'><strong>Nunc.</strong></span> 
     </span>
    </p>
   </div>
   <div class='ocr_carea' id='block_1_62' title="bbox 1321 262 2889 328">
    <p class='ocr_par' dir='ltr' id='par_1_62' title="bbox 1321 262 2889 328">
     <span class='ocr_line' id='line_1_62' title="bbox 1321 262 2889 328; baseline -0.008 0"><span class='ocrx_word' id='word_1_349' title='bbox 1321 274 1380 328; x_wconf 83' lang='grc' dir='ltr'><strong>Β.</strong></span> <span class='ocrx_word' id='word_1_350' title='bbox 1421 275 1480 327; x_wconf 83' lang='lat' dir='ltr'><strong>F.</strong></span> <span class='ocrx_word' id='word_1_351' title='bbox 1524 271 1745 327; x_wconf 78' lang='lat' dir='ltr'><strong>ALBINI</strong></span> <span class='ocrx_word' id='word_1_352' title='bbox 1784 268 1913 324; x_wconf 70' lang='grc' dir='ltr'><strong>εει]</strong></span> <span class='ocrx_word' id='word_1_353' title='bbox 1946 262 2221 320; x_wconf 74' lang='lat' dir='ltr'><strong>ALCUINI</strong></span> <span class='ocrx_word' id='word_1_354' title='bbox 2260 263 2542 318; x_wconf 75' lang='lat' dir='ltr'><strong>OPERUM</strong></span> <span class='ocrx_word' id='word_1_355' title='bbox 2584 262 2761 317; x_wconf 72' lang='lat' dir='ltr'><strong>PARS</strong></span> <span class='ocrx_word' id='word_1_356' title='bbox 2803 262 2889 316; x_wconf 86' lang='lat' dir='ltr'><strong>VI.</strong></span> 
     </span>
    </p>
   </div>
   <div class='ocr_carea' id='block_1_63' title="bbox 2081 375 3033 434">
    <p class='ocr_par' dir='ltr' id='par_1_63' title="bbox 2081 375 3033 434">
     <span class='ocr_line' id='line_1_63' title="bbox 2081 375 3033 434; baseline -0.006 0"><span class='ocrx_word' id='word_1_357' title='bbox 2081 378 2131 434; x_wconf 74' lang='grc' dir='ltr'><strong>Δ</strong></span> <span class='ocrx_word' id='word_1_358' title='bbox 2851 375 3033 432; x_wconf 86' lang='lat' dir='ltr'><strong>XCIX.</strong></span> 
     </span>
    </p>
   </div>
   <div class='ocr_carea' id='block_1_64' title="bbox 2323 468 3535 537">
    <p class='ocr_par' dir='ltr' id='par_1_64' title="bbox 2323 468 3535 537">
     <span class='ocr_line' id='line_1_64' title="bbox 2323 468 3535 537; baseline -0.007 -13"><span class='ocrx_word' id='word_1_359' title='bbox 2323 472 2400 523; x_wconf 81' lang='lat' dir='ltr'><strong>Ad</strong></span> <span class='ocrx_word' id='word_1_360' title='bbox 2428 487 2576 524; x_wconf 87' lang='lat' dir='ltr'><strong>aram</strong></span> <span class='ocrx_word' id='word_1_361' title='bbox 2602 479 2904 523; x_wconf 87' lang='lat' dir='ltr'><strong>sanctarum</strong></span> <span class='ocrx_word' id='word_1_362' title='bbox 2934 468 3192 537; x_wconf 78' lang='lat' dir='ltr'><strong>virginum</strong></span> <span class='ocrx_word' id='word_1_363' title='bbox 3224 474 3535 534; x_wconf 80' lang='lat' dir='ltr'><strong>martyrum.</strong></span> 
     </span>
    </p>
   </div>
   <div class='ocr_carea' id='block_1_65' title="bbox 2156 558 3382 633">
    <p class='ocr_par' dir='ltr' id='par_1_65' title="bbox 2156 558 3382 633">
     <span class='ocr_line' id='line_1_65' title="bbox 2156 558 3382 633; baseline -0.007 -16"><span class='ocrx_word' id='word_1_364' title='bbox 2156 563 2465 633; x_wconf 78' lang='lat' dir='ltr'><strong>Virginibus</strong></span> <span class='ocrx_word' id='word_1_365' title='bbox 2492 562 2661 616; x_wconf 88' lang='lat' dir='ltr'><strong>sacris</strong></span> <span class='ocrx_word' id='word_1_366' title='bbox 2698 561 2902 615; x_wconf 91' lang='lat' dir='ltr'><strong>esthoc</strong></span> <span class='ocrx_word' id='word_1_367' title='bbox 2929 559 3099 612; x_wconf 88' lang='lat' dir='ltr'><strong>altare</strong></span> <span class='ocrx_word' id='word_1_368' title='bbox 3121 558 3382 618; x_wconf 90' lang='lat' dir='ltr'><strong>dicatum,</strong></span> 
     </span>
    </p>
   </div>
   <div class='ocr_carea' id='block_1_66' title="bbox 2224 647 3409 722">
    <p class='ocr_par' dir='ltr' id='par_1_66' title="bbox 2224 647 3409 722">
     <span class='ocr_line' id='line_1_66' title="bbox 2224 647 3409 722; baseline -0.008 -14"><span class='ocrx_word' id='word_1_369' title='bbox 2224 652 2464 722; x_wconf 88' lang='lat' dir='ltr'><strong>Corpora</strong></span> <span class='ocrx_word' id='word_1_370' title='bbox 2494 668 2618 706; x_wconf 92' lang='lat' dir='ltr'><strong>nam</strong></span> <span class='ocrx_word' id='word_1_371' title='bbox 2642 666 2870 720; x_wconf 87' lang='lat' dir='ltr'><strong>quarum</strong></span> <span class='ocrx_word' id='word_1_372' title='bbox 2894 648 3089 719; x_wconf 89' lang='lat' dir='ltr'><strong>templa</strong></span> <span class='ocrx_word' id='word_1_373' title='bbox 3119 647 3269 703; x_wconf 82' lang='lat' dir='ltr'><strong>fuere</strong></span> <span class='ocrx_word' id='word_1_374' title='bbox 3291 647 3409 702; x_wconf 85' lang='lat' dir='ltr'><strong>Dei.</strong></span> 
     </span>
    </p>
   </div>
   <div class='ocr_carea' id='block_1_67' title="bbox 2158 736 3506 814">
    <p class='ocr_par' dir='ltr' id='par_1_67' title="bbox 2158 736 3506 814">
     <span class='ocr_line' id='line_1_67' title="bbox 2158 736 3506 814; baseline -0.006 -15"><span class='ocrx_word' id='word_1_375' title='bbox 2158 745 2429 814; x_wconf 85' lang='lat' dir='ltr'><strong>Sanguine</strong></span> <span class='ocrx_word' id='word_1_376' title='bbox 2455 743 2541 798; x_wconf 90' lang='lat' dir='ltr'><strong>vel</strong></span> <span class='ocrx_word' id='word_1_377' title='bbox 2572 758 2727 797; x_wconf 90' lang='lat' dir='ltr'><strong>roseo</strong></span> <span class='ocrx_word' id='word_1_378' title='bbox 2760 741 2883 796; x_wconf 61' lang='lat' dir='ltr'><strong>caeli</strong></span> <span class='ocrx_word' id='word_1_379' title='bbox 2916 740 3007 809; x_wconf 88' lang='lat' dir='ltr'><strong>qui</strong></span> <span class='ocrx_word' id='word_1_380' title='bbox 3038 754 3204 808; x_wconf 82' lang='lat' dir='ltr'><strong>regna</strong></span> <span class='ocrx_word' id='word_1_381' title='bbox 3228 736 3506 800; x_wconf 86' lang='lat' dir='ltr'><strong>tenebunt,</strong></span> 
     </span>
    </p>
   </div>
   <div class='ocr_carea' id='block_1_68' title="bbox 2226 824 3247 903">
    <p class='ocr_par' dir='ltr' id='par_1_68' title="bbox 2226 824 3247 903">
     <span class='ocr_line' id='line_1_68' title="bbox 2226 824 3247 903; baseline -0.005 -17"><span class='ocrx_word' id='word_1_382' title='bbox 2226 832 2281 886; x_wconf 89' lang='lat' dir='ltr'><strong>In</strong></span> <span class='ocrx_word' id='word_1_383' title='bbox 2310 832 2482 903; x_wconf 81' lang='lat' dir='ltr'><strong>fragili</strong></span> <span class='ocrx_word' id='word_1_384' title='bbox 2505 850 2634 888; x_wconf 82' lang='lat' dir='ltr'><strong>sexu</strong></span> <span class='ocrx_word' id='word_1_385' title='bbox 2666 832 2827 887; x_wconf 80' lang='lat' dir='ltr'><strong>fortia</strong></span> <span class='ocrx_word' id='word_1_386' title='bbox 2866 830 3003 885; x_wconf 90' lang='lat' dir='ltr'><strong>bella</strong></span> <span class='ocrx_word' id='word_1_387' title='bbox 3032 824 3247 900; x_wconf 84' lang='lat' dir='ltr'><strong>gerunt.</strong></span> 
     </span>
    </p>
   </div>
   <div class='ocr_carea' id='block_1_69' title="bbox 2921 921 2981 977">
    <p class='ocr_par' dir='ltr' id='par_1_69' title="bbox 2921 921 2981 977">
     <span class='ocr_line' id='line_1_69' title="bbox 2921 921 2981 977; baseline -0.033 0"><span class='ocrx_word' id='word_1_388' title='bbox 2921 921 2981 977; x_wconf 91' lang='lat' dir='ltr'><strong>C.</strong></span> 
     </span>
    </p>
   </div>
   <div class='ocr_carea' id='block_1_70' title="bbox 2472 995 3406 1066">
    <p class='ocr_par' dir='ltr' id='par_1_70' title="bbox 2472 995 3406 1066">
     <span class='ocr_line' id='line_1_70' title="bbox 2472 995 3406 1066; baseline -0.004 -21"><span class='ocrx_word' id='word_1_389' title='bbox 2472 995 2553 1047; x_wconf 81' lang='lat' dir='ltr'><strong>Ad</strong></span> <span class='ocrx_word' id='word_1_390' title='bbox 2582 1010 2733 1048; x_wconf 90' lang='lat' dir='ltr'><strong>aram</strong></span> <span class='ocrx_word' id='word_1_391' title='bbox 2761 1002 3065 1066; x_wconf 62' lang='lat' dir='ltr'><strong>sanctorum</strong></span> <span class='ocrx_word' id='word_1_392' title='bbox 3095 998 3406 1060; x_wconf 71' lang='lat' dir='ltr'><strong>martyrum.</strong></span> 
     </span>
    </p>
   </div>
   <div class='ocr_carea' id='block_1_71' title="bbox 2159 1081 3583 1157">
    <p class='ocr_par' dir='ltr' id='par_1_71' title="bbox 2159 1081 3583 1157">
     <span class='ocr_line' id='line_1_71' title="bbox 2159 1081 3583 1157; baseline -0.004 -19"><span class='ocrx_word' id='word_1_393' title='bbox 2159 1084 2503 1157; x_wconf 80' lang='lat' dir='ltr'><strong>Martyribus,</strong></span> <span class='ocrx_word' id='word_1_394' title='bbox 2539 1084 2799 1139; x_wconf 88' lang='lat' dir='ltr'><strong>mundutn</strong></span> <span class='ocrx_word' id='word_1_395' title='bbox 2820 1085 3039 1153; x_wconf 90' lang='lat' dir='ltr'><strong>quinam</strong></span> <span class='ocrx_word' id='word_1_396' title='bbox 3066 1083 3243 1137; x_wconf 81' lang='lat' dir='ltr'><strong>vicere</strong></span> <span class='ocrx_word' id='word_1_397' title='bbox 3274 1081 3583 1150; x_wconf 79' lang='lat' dir='ltr'><strong>triumphis,</strong></span> 
     </span>
    </p>
   </div>
   <div class='ocr_carea' id='block_1_72' title="bbox 2227 1172 3407 1244">
    <p class='ocr_par' dir='ltr' id='par_1_72' title="bbox 2227 1172 3407 1244">
     <span class='ocr_line' id='line_1_72' title="bbox 2227 1172 3407 1244; baseline -0.005 -14"><span class='ocrx_word' id='word_1_398' title='bbox 2227 1174 2489 1230; x_wconf 88' lang='lat' dir='ltr'><strong>Omnibus</strong></span> <span class='ocrx_word' id='word_1_399' title='bbox 2514 1175 2630 1228; x_wconf 67' lang='lat' dir='ltr'><strong>hiec</strong></span> <span class='ocrx_word' id='word_1_400' title='bbox 2653 1188 2892 1244; x_wconf 65' lang='lat' dir='ltr'><strong>prazsens</strong></span> <span class='ocrx_word' id='word_1_401' title='bbox 2916 1189 3010 1227; x_wconf 87' lang='lat' dir='ltr'><strong>ara</strong></span> <span class='ocrx_word' id='word_1_402' title='bbox 3042 1173 3221 1227; x_wconf 89' lang='lat' dir='ltr'><strong>dicata</strong></span> <span class='ocrx_word' id='word_1_403' title='bbox 3251 1172 3407 1225; x_wconf 88' lang='lat' dir='ltr'><strong>nitet.</strong></span> 
     </span>
    </p>
   </div>
   <div class='ocr_carea' id='block_1_73' title="bbox 2158 1262 3468 1336">
    <p class='ocr_par' dir='ltr' id='par_1_73' title="bbox 2158 1262 3468 1336">
     <span class='ocr_line' id='line_1_73' title="bbox 2158 1262 3468 1336; baseline -0.005 -16"><span class='ocrx_word' id='word_1_404' title='bbox 2158 1264 2264 1321; x_wconf 86' lang='lat' dir='ltr'><strong>Per</strong></span> <span class='ocrx_word' id='word_1_405' title='bbox 2286 1266 2511 1336; x_wconf 87' lang='lat' dir='ltr'><strong>gladios,</strong></span> <span class='ocrx_word' id='word_1_406' title='bbox 2537 1266 2691 1334; x_wconf 76' lang='lat' dir='ltr'><strong>ignes</strong></span> <span class='ocrx_word' id='word_1_407' title='bbox 2716 1274 2771 1319; x_wconf 90' lang='lat' dir='ltr'><strong>et</strong></span> <span class='ocrx_word' id='word_1_408' title='bbox 2802 1280 2899 1335; x_wconf 90' lang='lat' dir='ltr'><strong>per</strong></span> <span class='ocrx_word' id='word_1_409' title='bbox 2925 1272 3218 1325; x_wconf 86' lang='lat' dir='ltr'><strong>tormenta,</strong></span> <span class='ocrx_word' id='word_1_410' title='bbox 3241 1262 3356 1333; x_wconf 70' lang='lat' dir='ltr'><strong>ﬂag.</strong></span> <span class='ocrx_word' id='word_1_411' title='bbox 3378 1262 3468 1324; x_wconf 85' lang='lat' dir='ltr'><strong>lla,</strong></span> 
     </span>
    </p>
   </div>
   <div class='ocr_carea' id='block_1_74' title="bbox 2230 1355 3441 1427">
    <p class='ocr_par' dir='ltr' id='par_1_74' title="bbox 2230 1355 3441 1427">
     <span class='ocr_line' id='line_1_74' title="bbox 2230 1355 3441 1427; baseline -0.004 -17"><span class='ocrx_word' id='word_1_412' title='bbox 2230 1356 2498 1412; x_wconf 84' lang='lat' dir='ltr'><strong>Mentibus</strong></span> <span class='ocrx_word' id='word_1_413' title='bbox 2526 1357 2831 1427; x_wconf 89' lang='lat' dir='ltr'><strong>intrepidis,</strong></span> <span class='ocrx_word' id='word_1_414' title='bbox 2861 1370 3024 1426; x_wconf 89' lang='lat' dir='ltr'><strong>regna</strong></span> <span class='ocrx_word' id='word_1_415' title='bbox 3052 1355 3207 1408; x_wconf 86' lang='lat' dir='ltr'><strong>beata</strong></span> <span class='ocrx_word' id='word_1_416' title='bbox 3235 1363 3441 1423; x_wconf 89' lang='lat' dir='ltr'><strong>petunt.</strong></span> 
     </span>
    </p>
   </div>
   <div class='ocr_carea' id='block_1_75' title="bbox 2902 1448 2985 1502">
    <p class='ocr_par' dir='ltr' id='par_1_75' title="bbox 2902 1448 2985 1502">
     <span class='ocr_line' id='line_1_75' title="bbox 2902 1448 2985 1502; baseline -0.012 0"><span class='ocrx_word' id='word_1_417' title='bbox 2902 1448 2985 1502; x_wconf 91' lang='lat' dir='ltr'><strong>CI.</strong></span> 
     </span>
    </p>
   </div>
   <div class='ocr_carea' id='block_1_76' title="bbox 2489 1539 3422 1614">
    <p class='ocr_par' dir='ltr' id='par_1_76' title="bbox 2489 1539 3422 1614">
     <span class='ocr_line' id='line_1_76' title="bbox 2489 1539 3422 1614; baseline -0.005 -17"><span class='ocrx_word' id='word_1_418' title='bbox 2489 1542 2831 1614; x_wconf 82' lang='lat' dir='ltr'><strong>Epitaphium</strong></span> <span class='ocrx_word' id='word_1_419' title='bbox 2856 1539 3084 1595; x_wconf 81' lang='lat' dir='ltr'><strong>Cunvini</strong></span> <span class='ocrx_word' id='word_1_420' title='bbox 3114 1540 3422 1593; x_wconf 80' lang='lat' dir='ltr'><strong>sacerdotis.</strong></span> 
     </span>
    </p>
   </div>
   <div class='ocr_carea' id='block_1_77' title="bbox 2162 1632 3569 1705">
    <p class='ocr_par' dir='ltr' id='par_1_77' title="bbox 2162 1632 3569 1705">
     <span class='ocr_line' id='line_1_77' title="bbox 2162 1632 3569 1705; baseline -0.004 -16"><span class='ocrx_word' id='word_1_421' title='bbox 2162 1633 2290 1691; x_wconf 64' lang='lat' dir='ltr'><strong>Ilaec</strong></span> <span class='ocrx_word' id='word_1_422' title='bbox 2323 1635 2497 1691; x_wconf 89' lang='lat' dir='ltr'><strong>diruta</strong></span> <span class='ocrx_word' id='word_1_423' title='bbox 2528 1635 2742 1705; x_wconf 89' lang='lat' dir='ltr'><strong>quidem</strong></span> <span class='ocrx_word' id='word_1_424' title='bbox 2770 1634 3049 1689; x_wconf 90' lang='lat' dir='ltr'><strong>renovavit</strong></span> <span class='ocrx_word' id='word_1_425' title='bbox 3089 1633 3286 1702; x_wconf 87' lang='lat' dir='ltr'><strong>templa</strong></span> <span class='ocrx_word' id='word_1_426' title='bbox 3313 1632 3569 1687; x_wconf 86' lang='lat' dir='ltr'><strong>sacerdos</strong></span> 
     </span>
    </p>
   </div>
   <div class='ocr_carea' id='block_1_78' title="bbox 2090 1724 3375 1794">
    <p class='ocr_par' dir='ltr' id='par_1_78' title="bbox 2090 1724 3375 1794">
     <span class='ocr_line' id='line_1_78' title="bbox 2090 1724 3375 1794; baseline -0.005 -12"><span class='ocrx_word' id='word_1_427' title='bbox 2090 1726 2140 1787; x_wconf 84' lang='lat' dir='ltr'><strong>B</strong></span> <span class='ocrx_word' id='word_1_428' title='bbox 2234 1725 2514 1782; x_wconf 87' lang='lat' dir='ltr'><strong>Gunvinus</strong></span> <span class='ocrx_word' id='word_1_429' title='bbox 2552 1737 2572 1763; x_wconf 74' lang='grc' dir='ltr'><strong>ο</strong></span> <span class='ocrx_word' id='word_1_430' title='bbox 2607 1741 2800 1794; x_wconf 86' lang='lat' dir='ltr'><strong>magno</strong></span> <span class='ocrx_word' id='word_1_431' title='bbox 2828 1726 3021 1780; x_wconf 88' lang='lat' dir='ltr'><strong>ductus</strong></span> <span class='ocrx_word' id='word_1_432' title='bbox 3042 1740 3228 1779; x_wconf 88' lang='lat' dir='ltr'><strong>amore</strong></span> <span class='ocrx_word' id='word_1_433' title='bbox 3257 1724 3375 1778; x_wconf 90' lang='lat' dir='ltr'><strong>Dei.</strong></span> 
     </span>
    </p>
   </div>
   <div class='ocr_carea' id='block_1_79' title="bbox 2162 1816 3287 1882">
    <p class='ocr_par' dir='ltr' id='par_1_79' title="bbox 2162 1816 3287 1882">
     <span class='ocr_line' id='line_1_79' title="bbox 2162 1816 3287 1882; baseline 0 -12"><span class='ocrx_word' id='word_1_434' title='bbox 2162 1816 2391 1873; x_wconf 76' lang='lat' dir='ltr'><strong>Iustitia:</strong></span> <span class='ocrx_word' id='word_1_435' title='bbox 2421 1817 2616 1882; x_wconf 89' lang='lat' dir='ltr'><strong>cultor,</strong></span> <span class='ocrx_word' id='word_1_436' title='bbox 2650 1817 2771 1871; x_wconf 71' lang='lat' dir='ltr'><strong>vita:</strong></span> <span class='ocrx_word' id='word_1_437' title='bbox 2796 1816 3034 1872; x_wconf 89' lang='lat' dir='ltr'><strong>melioris</strong></span> <span class='ocrx_word' id='word_1_438' title='bbox 3055 1826 3287 1881; x_wconf 89' lang='lat' dir='ltr'><strong>amator,</strong></span> 
     </span>
    </p>
   </div>
   <div class='ocr_carea' id='block_1_80' title="bbox 2231 1908 3316 1979">
    <p class='ocr_par' dir='ltr' id='par_1_80' title="bbox 2231 1908 3316 1979">
     <span class='ocr_line' id='line_1_80' title="bbox 2231 1908 3316 1979; baseline 0 -16"><span class='ocrx_word' id='word_1_439' title='bbox 2231 1908 2495 1963; x_wconf 87' lang='lat' dir='ltr'><strong>Providus</strong></span> <span class='ocrx_word' id='word_1_440' title='bbox 2518 1910 2751 1979; x_wconf 84' lang='lat' dir='ltr'><strong>ingenio,</strong></span> <span class='ocrx_word' id='word_1_441' title='bbox 2779 1918 2970 1963; x_wconf 87' lang='lat' dir='ltr'><strong>cautus</strong></span> <span class='ocrx_word' id='word_1_442' title='bbox 2998 1910 3050 1963; x_wconf 92' lang='lat' dir='ltr'><strong>in</strong></span> <span class='ocrx_word' id='word_1_443' title='bbox 3080 1909 3316 1978; x_wconf 89' lang='lat' dir='ltr'><strong>eloquio,</strong></span> 
     </span>
    </p>
   </div>
   <div class='ocr_carea' id='block_1_81' title="bbox 2167 2000 3656 2071">
    <p class='ocr_par' dir='ltr' id='par_1_81' title="bbox 2167 2000 3656 2071">
     <span class='ocr_line' id='line_1_81' title="bbox 2167 2000 3656 2071; baseline -0.001 -17"><span class='ocrx_word' id='word_1_444' title='bbox 2167 2000 2375 2055; x_wconf 86' lang='lat' dir='ltr'><strong>Reddat</strong></span> <span class='ocrx_word' id='word_1_445' title='bbox 2403 2001 2455 2054; x_wconf 91' lang='lat' dir='ltr'><strong>in</strong></span> <span class='ocrx_word' id='word_1_446' title='bbox 2485 2011 2750 2055; x_wconf 60' lang='lat' dir='ltr'><strong>aeternum</strong></span> <span class='ocrx_word' id='word_1_447' title='bbox 2779 2002 2949 2055; x_wconf 78' lang='lat' dir='ltr'><strong>amori</strong></span> <span class='ocrx_word' id='word_1_448' title='bbox 2970 2000 2995 2039; x_wconf 69' lang='grc' dir='ltr'><em>δ</em></span> <span class='ocrx_word' id='word_1_449' title='bbox 3029 2002 3115 2056; x_wconf 86' lang='lat' dir='ltr'><strong>cui</strong></span> <span class='ocrx_word' id='word_1_450' title='bbox 3140 2003 3360 2071; x_wconf 72' lang='lat' dir='ltr'><strong>praemia</strong></span> <span class='ocrx_word' id='word_1_451' title='bbox 3384 2001 3656 2057; x_wconf 81' lang='lat' dir='ltr'><strong>Christus.</strong></span> 
     </span>
    </p>
   </div>
   <div class='ocr_carea' id='block_1_82' title="bbox 2235 2090 3391 2161">
    <p class='ocr_par' dir='ltr' id='par_1_82' title="bbox 2235 2090 3391 2161">
     <span class='ocr_line' id='line_1_82' title="bbox 2235 2090 3391 2161; baseline 0.002 -16"><span class='ocrx_word' id='word_1_452' title='bbox 2235 2090 2382 2146; x_wconf 88' lang='lat' dir='ltr'><strong>Illius</strong></span> <span class='ocrx_word' id='word_1_453' title='bbox 2409 2091 2498 2146; x_wconf 86' lang='lat' dir='ltr'><strong>hic</strong></span> <span class='ocrx_word' id='word_1_454' title='bbox 2520 2106 2717 2161; x_wconf 93' lang='lat' dir='ltr'><strong>corpus</strong></span> <span class='ocrx_word' id='word_1_455' title='bbox 2743 2101 2933 2161; x_wconf 85' lang='lat' dir='ltr'><strong>pausat</strong></span> <span class='ocrx_word' id='word_1_456' title='bbox 2960 2093 3011 2146; x_wconf 91' lang='lat' dir='ltr'><strong>in</strong></span> <span class='ocrx_word' id='word_1_457' title='bbox 3039 2094 3141 2148; x_wconf 90' lang='lat' dir='ltr'><strong>hoc</strong></span> <span class='ocrx_word' id='word_1_458' title='bbox 3168 2094 3391 2149; x_wconf 90' lang='lat' dir='ltr'><strong>tumulo.</strong></span> 
     </span>
    </p>
   </div>
   <div class='ocr_carea' id='block_1_83' title="bbox 2266 2214 3629 2265">
    <p class='ocr_par' dir='ltr' id='par_1_83' title="bbox 2266 2214 3629 2265">
     <span class='ocr_line' id='line_1_83' title="bbox 2266 2214 3629 2265; baseline 0 -4"><span class='ocrx_word' id='word_1_459' title='bbox 2266 2214 2345 2261; x_wconf 74' lang='grc' dir='ltr'><strong>ν.</strong></span> <span class='ocrx_word' id='word_1_460' title='bbox 2376 2214 2467 2261; x_wconf 69' lang='grc' dir='ltr'><strong>ιι</strong></span> <span class='ocrx_word' id='word_1_461' title='bbox 2509 2215 3034 2263; x_wconf 68' lang='grc' dir='ltr'><strong>ιοιιιηιιιο</strong></span> <span class='ocrx_word' id='word_1_462' title='bbox 3074 2216 3629 2265; x_wconf 68' lang='grc' dir='ltr'><strong>ιιοιιιαιιιι.</strong></span> 
     </span>
    </p>
   </div>
   <div class='ocr_carea' id='block_1_84' title="bbox 2406 2300 3502 2379">
    <p class='ocr_par' dir='ltr' id='par_1_84' title="bbox 2406 2300 3502 2379">
     <span class='ocr_line' id='line_1_84' title="bbox 2406 2300 3502 2379; baseline 0.001 -19"><span class='ocrx_word' id='word_1_463' title='bbox 2406 2300 2512 2362; x_wconf 74' lang='lat' dir='ltr'><strong>Ex</strong></span> <span class='ocrx_word' id='word_1_464' title='bbox 2532 2320 2641 2360; x_wconf 79' lang='lat' dir='ltr'><strong>ms.</strong></span> <span class='ocrx_word' id='word_1_465' title='bbox 2670 2300 3130 2379; x_wconf 76' lang='lat' dir='ltr'><strong>Salisburgcasi</strong></span> <span class='ocrx_word' id='word_1_466' title='bbox 3156 2301 3502 2361; x_wconf 74' lang='lat' dir='ltr'><strong>emendatw.</strong></span> 
     </span>
    </p>
   </div>
   <div class='ocr_carea' id='block_1_85' title="bbox 2839 2422 3168 2492">
    <p class='ocr_par' dir='ltr' id='par_1_85' title="bbox 2839 2422 3168 2492">
     <span class='ocr_line' id='line_1_85' title="bbox 2839 2422 3168 2492; baseline -0.003 -16"><span class='ocrx_word' id='word_1_467' title='bbox 2839 2422 3000 2492; x_wconf 79' lang='lat'><strong>215</strong></span> <span class='ocrx_word' id='word_1_468' title='bbox 3064 2422 3168 2476; x_wconf 82' lang='lat' dir='ltr'><strong>cn.</strong></span> 
     </span>
    </p>
   </div>
   <div class='ocr_carea' id='block_1_86' title="bbox 2632 2510 3288 2581">
    <p class='ocr_par' dir='ltr' id='par_1_86' title="bbox 2632 2510 3288 2581">
     <span class='ocr_line' id='line_1_86' title="bbox 2632 2510 3288 2581; baseline 0 -16"><span class='ocrx_word' id='word_1_469' title='bbox 2632 2520 2656 2552; x_wconf 69' lang='grc' dir='ltr'><em>ε</em></span> <span class='ocrx_word' id='word_1_470' title='bbox 2692 2511 2770 2565; x_wconf 87' lang='lat' dir='ltr'><strong>De</strong></span> <span class='ocrx_word' id='word_1_471' title='bbox 2794 2510 3288 2581; x_wconf 37' lang='lat' dir='ltr'><strong>Magnulfofabbate.</strong></span> 
     </span>
    </p>
   </div>
   <div class='ocr_carea' id='block_1_87' title="bbox 2168 2596 3762 2675">
    <p class='ocr_par' dir='ltr' id='par_1_87' title="bbox 2168 2596 3762 2675">
     <span class='ocr_line' id='line_1_87' title="bbox 2168 2596 3762 2675; baseline 0.003 -16"><span class='ocrx_word' id='word_1_472' title='bbox 2168 2603 2322 2659; x_wconf 81' lang='lat' dir='ltr'><strong>Hanc</strong></span> <span class='ocrx_word' id='word_1_473' title='bbox 2375 2596 2633 2675; x_wconf 78' lang='lat' dir='ltr'><strong>Magnulf,</strong></span> <span class='ocrx_word' id='word_1_474' title='bbox 2686 2603 2705 2642; x_wconf 72' lang='grc' dir='ltr'>ί</span> <span class='ocrx_word' id='word_1_475' title='bbox 2764 2603 2984 2659; x_wconf 89' lang='lat' dir='ltr'><strong>humilis</strong></span> <span class='ocrx_word' id='word_1_476' title='bbox 3049 2617 3319 2658; x_wconf 84' lang='lat' dir='ltr'><strong>cameram</strong></span> <span class='ocrx_word' id='word_1_477' title='bbox 3373 2614 3762 2663; x_wconf 76' lang='lat' dir='ltr'><strong>construxerat</strong></span> 
     </span>
    </p>
   </div>
   <div class='ocr_carea' id='block_1_88' title="bbox 3469 2696 3683 2769">
    <p class='ocr_par' dir='ltr' id='par_1_88' title="bbox 3469 2696 3683 2769">
     <span class='ocr_line' id='line_1_88' title="bbox 3469 2696 3683 2769; baseline 0.009 -18"><span class='ocrx_word' id='word_1_478' title='bbox 3469 2696 3683 2769; x_wconf 88' lang='lat' dir='ltr'><strong>[abbas,</strong></span> 
     </span>
    </p>
   </div>
   <div class='ocr_carea' id='block_1_89' title="bbox 2172 2786 3536 2859">
    <p class='ocr_par' dir='ltr' id='par_1_89' title="bbox 2172 2786 3536 2859">
     <span class='ocr_line' id='line_1_89' title="bbox 2172 2786 3536 2859; baseline -0.003 -13"><span class='ocrx_word' id='word_1_479' title='bbox 2172 2789 2244 2846; x_wconf 89' lang='lat' dir='ltr'><strong>Ut</strong></span> <span class='ocrx_word' id='word_1_480' title='bbox 2286 2786 2747 2859; x_wconf 45' lang='lat' dir='ltr'><strong>dulcismatribus</strong></span> <span class='ocrx_word' id='word_1_481' title='bbox 2797 2786 2951 2842; x_wconf 85' lang='lat' dir='ltr'><strong>fieret</strong></span> <span class='ocrx_word' id='word_1_482' title='bbox 3002 2786 3264 2842; x_wconf 86' lang='lat' dir='ltr'><strong>habitatio</strong></span> <span class='ocrx_word' id='word_1_483' title='bbox 3292 2789 3536 2842; x_wconf 89' lang='lat' dir='ltr'><strong>sanctis:</strong></span> 
     </span>
    </p>
   </div>
   <div class='ocr_carea' id='block_1_90' title="bbox 2171 2878 3763 2952">
    <p class='ocr_par' dir='ltr' id='par_1_90' title="bbox 2171 2878 3763 2952">
     <span class='ocr_line' id='line_1_90' title="bbox 2171 2878 3763 2952; baseline 0 -15"><span class='ocrx_word' id='word_1_484' title='bbox 2171 2880 2315 2947; x_wconf 86' lang='lat' dir='ltr'><strong>Quos</strong></span> <span class='ocrx_word' id='word_1_485' title='bbox 2340 2881 2545 2936; x_wconf 85' lang='lat' dir='ltr'><strong>servire</strong></span> <span class='ocrx_word' id='word_1_486' title='bbox 2583 2880 2763 2951; x_wconf 87' lang='lat' dir='ltr'><strong>[daret</strong></span> <span class='ocrx_word' id='word_1_487' title='bbox 2788 2878 3080 2935; x_wconf 87' lang='lat' dir='ltr'><strong>Benedicto</strong></span> <span class='ocrx_word' id='word_1_488' title='bbox 3107 2879 3165 2952; x_wconf 76' lang='grc'><strong>⁸]</strong></span> <span class='ocrx_word' id='word_1_489' title='bbox 3199 2880 3447 2935; x_wconf 85' lang='lat' dir='ltr'><strong>Christus</strong></span> <span class='ocrx_word' id='word_1_490' title='bbox 3472 2882 3527 2936; x_wconf 89' lang='lat' dir='ltr'><strong>in</strong></span> <span class='ocrx_word' id='word_1_491' title='bbox 3554 2899 3763 2947; x_wconf 72' lang='lat' dir='ltr'><strong>tem-in,</strong></span> 
     </span>
    </p>
   </div>
   <div class='ocr_carea' id='block_1_91' title="bbox 2172 2971 3760 3044">
    <p class='ocr_par' dir='ltr' id='par_1_91' title="bbox 2172 2971 3760 3044">
     <span class='ocr_line' id='line_1_91' title="bbox 2172 2971 3760 3044; baseline 0.001 -18"><span class='ocrx_word' id='word_1_492' title='bbox 2172 2973 2243 3027; x_wconf 94' lang='lat' dir='ltr'><strong>Ut</strong></span> <span class='ocrx_word' id='word_1_493' title='bbox 2268 2973 2417 3027; x_wconf 90' lang='lat' dir='ltr'><strong>locus</strong></span> <span class='ocrx_word' id='word_1_494' title='bbox 2447 2974 2548 3025; x_wconf 86' lang='lat' dir='ltr'><strong>iste</strong></span> <span class='ocrx_word' id='word_1_495' title='bbox 2599 2972 2736 3025; x_wconf 90' lang='lat' dir='ltr'><strong>foret</strong></span> <span class='ocrx_word' id='word_1_496' title='bbox 2774 2972 2887 3041; x_wconf 87' lang='lat' dir='ltr'><strong>jam</strong></span> <span class='ocrx_word' id='word_1_497' title='bbox 2921 2971 3182 3043; x_wconf 77' lang='lat' dir='ltr'><strong>[jamque]</strong></span> <span class='ocrx_word' id='word_1_498' title='bbox 3229 2972 3534 3042; x_wconf 85' lang='lat' dir='ltr'><strong>legentibus</strong></span> <span class='ocrx_word' id='word_1_499' title='bbox 3571 2982 3760 3044; x_wconf 86' lang='lat' dir='ltr'><strong>aptus.</strong></span> 
     </span>
    </p>
   </div>
   <div class='ocr_carea' id='block_1_92' title="bbox 2089 3064 3514 3135">
    <p class='ocr_par' dir='ltr' id='par_1_92' title="bbox 2089 3064 3514 3135">
     <span class='ocr_line' id='line_1_92' title="bbox 2089 3064 3514 3135; baseline -0.001 -16"><span class='ocrx_word' id='word_1_500' title='bbox 2089 3070 2142 3133; x_wconf 72' lang='grc' dir='ltr'><em>ε</em></span> <span class='ocrx_word' id='word_1_501' title='bbox 2175 3064 2244 3120; x_wconf 92' lang='lat' dir='ltr'><strong>Ut</strong></span> <span class='ocrx_word' id='word_1_502' title='bbox 2270 3066 2380 3130; x_wconf 87' lang='lat' dir='ltr'><strong>lux,</strong></span> <span class='ocrx_word' id='word_1_503' title='bbox 2436 3065 2705 3134; x_wconf 64' lang='lat' dir='ltr'><strong>praevidit,</strong></span> <span class='ocrx_word' id='word_1_504' title='bbox 2748 3064 2957 3135; x_wconf 77' lang='lat' dir='ltr'><strong>fulgens</strong></span> <span class='ocrx_word' id='word_1_505' title='bbox 2982 3066 3218 3119; x_wconf 88' lang='lat' dir='ltr'><strong>radiaret</strong></span> <span class='ocrx_word' id='word_1_506' title='bbox 3246 3066 3298 3119; x_wconf 91' lang='lat' dir='ltr'><strong>in</strong></span> <span class='ocrx_word' id='word_1_507' title='bbox 3343 3065 3514 3131; x_wconf 91' lang='lat' dir='ltr'><strong>illam,</strong></span> 
     </span>
    </p>
   </div>
   <div class='ocr_carea' id='block_1_93' title="bbox 2173 3152 3617 3225">
    <p class='ocr_par' dir='ltr' id='par_1_93' title="bbox 2173 3152 3617 3225">
     <span class='ocr_line' id='line_1_93' title="bbox 2173 3152 3617 3225; baseline 0 -15"><span class='ocrx_word' id='word_1_508' title='bbox 2173 3157 2240 3210; x_wconf 87' lang='lat' dir='ltr'><strong>Et</strong></span> <span class='ocrx_word' id='word_1_509' title='bbox 2274 3157 2465 3211; x_wconf 90' lang='lat' dir='ltr'><strong>domus</strong></span> <span class='ocrx_word' id='word_1_510' title='bbox 2499 3156 2688 3209; x_wconf 88' lang='lat' dir='ltr'><strong>orandi</strong></span> <span class='ocrx_word' id='word_1_511' title='bbox 2738 3155 2889 3210; x_wconf 83' lang='lat' dir='ltr'><strong>fieret</strong></span> <span class='ocrx_word' id='word_1_512' title='bbox 2935 3172 3093 3225; x_wconf 84' lang='lat' dir='ltr'><strong>quam</strong></span> <span class='ocrx_word' id='word_1_513' title='bbox 3121 3157 3362 3225; x_wconf 79' lang='lat' dir='ltr'><strong>proxima</strong></span> <span class='ocrx_word' id='word_1_514' title='bbox 3389 3152 3617 3221; x_wconf 85' lang='lat' dir='ltr'><strong>Christi,</strong></span> 
     </span>
    </p>
   </div>
   <div class='ocr_carea' id='block_1_94' title="bbox 2174 3246 3359 3314">
    <p class='ocr_par' dir='ltr' id='par_1_94' title="bbox 2174 3246 3359 3314">
     <span class='ocr_line' id='line_1_94' title="bbox 2174 3246 3359 3314; baseline 0 -15"><span class='ocrx_word' id='word_1_515' title='bbox 2174 3246 2228 3299; x_wconf 89' lang='lat' dir='ltr'><strong>In</strong></span> <span class='ocrx_word' id='word_1_516' title='bbox 2267 3260 2370 3314; x_wconf 88' lang='lat' dir='ltr'><strong>qua</strong></span> <span class='ocrx_word' id='word_1_517' title='bbox 2398 3254 2607 3300; x_wconf 87' lang='lat' dir='ltr'><strong>secreto</strong></span> <span class='ocrx_word' id='word_1_518' title='bbox 2633 3246 2899 3314; x_wconf 88' lang='lat' dir='ltr'><strong>potuisset</strong></span> <span class='ocrx_word' id='word_1_519' title='bbox 2930 3253 3169 3314; x_wconf 89' lang='lat' dir='ltr'><strong>tempore</strong></span> <span class='ocrx_word' id='word_1_520' title='bbox 3191 3246 3359 3309; x_wconf 88' lang='lat' dir='ltr'><strong>solus,</strong></span> 
     </span>
    </p>
   </div>
   <div class='ocr_carea' id='block_1_95' title="bbox 2172 3338 3631 3409">
    <p class='ocr_par' dir='ltr' id='par_1_95' title="bbox 2172 3338 3631 3409">
     <span class='ocr_line' id='line_1_95' title="bbox 2172 3338 3631 3409; baseline -0.001 -18"><span class='ocrx_word' id='word_1_521' title='bbox 2172 3340 2310 3393; x_wconf 90' lang='lat' dir='ltr'><strong>Ante</strong></span> <span class='ocrx_word' id='word_1_522' title='bbox 2362 3338 2531 3392; x_wconf 88' lang='lat' dir='ltr'><strong>altare</strong></span> <span class='ocrx_word' id='word_1_523' title='bbox 2557 3339 2769 3408; x_wconf 88' lang='lat' dir='ltr'><strong>jacens,</strong></span> <span class='ocrx_word' id='word_1_524' title='bbox 2814 3339 3085 3409; x_wconf 79' lang='lat' dir='ltr'><strong>lacrymas</strong></span> <span class='ocrx_word' id='word_1_525' title='bbox 3119 3338 3397 3392; x_wconf 81' lang='lat' dir='ltr'><strong>effundere</strong></span> <span class='ocrx_word' id='word_1_526' title='bbox 3420 3338 3631 3393; x_wconf 83' lang='lat' dir='ltr'><strong>dulces.</strong></span> 
     </span>
    </p>
   </div>
   <div class='ocr_carea' id='block_1_96' title="bbox 2174 3422 3615 3499">
    <p class='ocr_par' dir='ltr' id='par_1_96' title="bbox 2174 3422 3615 3499">
     <span class='ocr_line' id='line_1_96' title="bbox 2174 3422 3615 3499; baseline 0.001 -17"><span class='ocrx_word' id='word_1_527' title='bbox 2174 3428 2325 3483; x_wconf 89' lang='lat' dir='ltr'><strong>Tune</strong></span> <span class='ocrx_word' id='word_1_528' title='bbox 2343 3430 2370 3468; x_wconf 71' lang='grc' dir='ltr'><strong>ιι</strong></span> <span class='ocrx_word' id='word_1_529' title='bbox 2398 3436 2448 3483; x_wconf 91' lang='lat' dir='ltr'><strong>te</strong></span> <span class='ocrx_word' id='word_1_530' title='bbox 2484 3437 2668 3482; x_wconf 86' lang='lat' dir='ltr'><strong>sancte</strong></span> <span class='ocrx_word' id='word_1_531' title='bbox 2692 3444 2888 3499; x_wconf 83' lang='lat' dir='ltr'><strong>precor</strong></span> <span class='ocrx_word' id='word_1_532' title='bbox 2914 3422 3074 3497; x_wconf 85' lang='lat' dir='ltr'><strong>fmjus</strong></span> <span class='ocrx_word' id='word_1_533' title='bbox 3103 3438 3157 3482; x_wconf 90' lang='lat' dir='ltr'><strong>tu</strong></span> <span class='ocrx_word' id='word_1_534' title='bbox 3190 3438 3379 3497; x_wconf 89' lang='lat' dir='ltr'><strong>pastor</strong></span> <span class='ocrx_word' id='word_1_535' title='bbox 3405 3429 3564 3483; x_wconf 90' lang='lat' dir='ltr'><strong>ovilis</strong></span> <span class='ocrx_word' id='word_1_536' title='bbox 3603 3432 3615 3468; x_wconf 78' lang='grc' dir='ltr'><strong>ί</strong></span> 
     </span>
    </p>
   </div>
   <div class='ocr_carea' id='block_1_97' title="bbox 2178 3518 3763 3589">
    <p class='ocr_par' dir='ltr' id='par_1_97' title="bbox 2178 3518 3763 3589">
     <span class='ocr_line' id='line_1_97' title="bbox 2178 3518 3763 3589; baseline -0.001 -16"><span class='ocrx_word' id='word_1_537' title='bbox 2178 3519 2352 3588; x_wconf 92' lang='lat' dir='ltr'><strong>thue</strong></span> <span class='ocrx_word' id='word_1_538' title='bbox 2382 3518 2394 3567; x_wconf 86' lang='lat' dir='ltr'><strong>i</strong></span> <span class='ocrx_word' id='word_1_539' title='bbox 2448 3519 2586 3572; x_wconf 87' lang='lat' dir='ltr'><strong>inter</strong></span> <span class='ocrx_word' id='word_1_540' title='bbox 2615 3534 2883 3573; x_wconf 88' lang='lat' dir='ltr'><strong>memores</strong></span> <span class='ocrx_word' id='word_1_541' title='bbox 2940 3519 3268 3589; x_wconf 84' lang='lat' dir='ltr'><strong>Magnulfnm</strong></span> <span class='ocrx_word' id='word_1_542' title='bbox 3309 3520 3474 3573; x_wconf 85' lang='lat' dir='ltr'><strong>verba</strong></span> <span class='ocrx_word' id='word_1_543' title='bbox 3496 3520 3763 3587; x_wconf 85' lang='lat' dir='ltr'><strong>precandi</strong></span> 
     </span>
    </p>
   </div>
   <div class='ocr_carea' id='block_1_98' title="bbox 2173 3608 3763 3687">
    <p class='ocr_par' dir='ltr' id='par_1_98' title="bbox 2173 3608 3763 3687">
     <span class='ocr_line' id='line_1_98' title="bbox 2173 3608 3763 3687; baseline 0.001 -25"><span class='ocrx_word' id='word_1_544' title='bbox 2173 3608 2317 3663; x_wconf 91' lang='lat' dir='ltr'><strong>Illius</strong></span> <span class='ocrx_word' id='word_1_545' title='bbox 2348 3618 2508 3677; x_wconf 89' lang='lat' dir='ltr'><strong>atque</strong></span> <span class='ocrx_word' id='word_1_546' title='bbox 2555 3610 2792 3663; x_wconf 91' lang='lat' dir='ltr'><strong>animam</strong></span> <span class='ocrx_word' id='word_1_547' title='bbox 2822 3610 3168 3664; x_wconf 87' lang='lat' dir='ltr'><strong>commendes</strong></span> <span class='ocrx_word' id='word_1_548' title='bbox 3188 3608 3480 3687; x_wconf 69' lang='lat' dir='ltr'><strong>[maxime]</strong></span> <span class='ocrx_word' id='word_1_549' title='bbox 3516 3610 3763 3664; x_wconf 88' lang='lat' dir='ltr'><strong>Christo.</strong></span> 
     </span>
    </p>
   </div>
   <div class='ocr_carea' id='block_1_99' title="bbox 2175 3698 3760 3773">
    <p class='ocr_par' dir='ltr' id='par_1_99' title="bbox 2175 3698 3760 3773">
     <span class='ocr_line' id='line_1_99' title="bbox 2175 3698 3760 3773; baseline 0.001 -20"><span class='ocrx_word' id='word_1_550' title='bbox 2175 3698 2322 3771; x_wconf 80' lang='lat' dir='ltr'><strong>[Qui]</strong></span> <span class='ocrx_word' id='word_1_551' title='bbox 2358 3700 2450 3754; x_wconf 88' lang='lat' dir='ltr'><strong>tibi</strong></span> <span class='ocrx_word' id='word_1_552' title='bbox 2468 3700 2579 3769; x_wconf 88' lang='lat' dir='ltr'><strong>jam</strong></span> <span class='ocrx_word' id='word_1_553' title='bbox 2618 3701 2775 3753; x_wconf 86' lang='lat' dir='ltr'><strong>talem</strong></span> <span class='ocrx_word' id='word_1_554' title='bbox 2816 3699 3087 3771; x_wconf 84' lang='lat' dir='ltr'><strong>[habitare</strong></span> <span class='ocrx_word' id='word_1_555' title='bbox 3126 3700 3458 3755; x_wconf 79' lang='lat' dir='ltr'><strong>instruxerat</strong></span> <span class='ocrx_word' id='word_1_556' title='bbox 3489 3700 3541 3773; x_wconf 67' lang='grc' dir='ltr'><strong>κ]</strong></span> <span class='ocrx_word' id='word_1_557' title='bbox 3584 3700 3760 3755; x_wconf 64' lang='lat' dir='ltr'><strong>aedem</strong></span> 
     </span>
    </p>
   </div>
   <div class='ocr_carea' id='block_1_100' title="bbox 2174 3793 3550 3863">
    <p class='ocr_par' dir='ltr' id='par_1_100' title="bbox 2174 3793 3550 3863">
     <span class='ocr_line' id='line_1_100' title="bbox 2174 3793 3550 3863; baseline 0.001 -16"><span class='ocrx_word' id='word_1_558' title='bbox 2174 3793 2253 3847; x_wconf 90' lang='lat' dir='ltr'><strong>Tu</strong></span> <span class='ocrx_word' id='word_1_559' title='bbox 2280 3809 2492 3863; x_wconf 91' lang='lat' dir='ltr'><strong>quoque</strong></span> <span class='ocrx_word' id='word_1_560' title='bbox 2522 3793 2639 3846; x_wconf 87' lang='lat' dir='ltr'><strong>vive</strong></span> <span class='ocrx_word' id='word_1_561' title='bbox 2685 3793 2796 3846; x_wconf 89' lang='lat' dir='ltr'><strong>Deo</strong></span> <span class='ocrx_word' id='word_1_562' title='bbox 2820 3793 2947 3846; x_wconf 81' lang='lat' dir='ltr'><strong>felix</strong></span> <span class='ocrx_word' id='word_1_563' title='bbox 2977 3809 3073 3862; x_wconf 89' lang='lat' dir='ltr'><strong>per</strong></span> <span class='ocrx_word' id='word_1_564' title='bbox 3097 3803 3335 3861; x_wconf 88' lang='lat' dir='ltr'><strong>tempora</strong></span> <span class='ocrx_word' id='word_1_565' title='bbox 3368 3793 3550 3863; x_wconf 86' lang='lat' dir='ltr'><strong>longa,</strong></span> 
     </span>
    </p>
   </div>
   <div class='ocr_carea' id='block_1_101' title="bbox 2171 3882 3761 3954">
    <p class='ocr_par' dir='ltr' id='par_1_101' title="bbox 2171 3882 3761 3954">
     <span class='ocr_line' id='line_1_101' title="bbox 2171 3882 3761 3954; baseline 0.001 -17"><span class='ocrx_word' id='word_1_566' title='bbox 2171 3882 2255 3937; x_wconf 84' lang='lat' dir='ltr'><strong>Ad</strong></span> <span class='ocrx_word' id='word_1_567' title='bbox 2276 3898 2520 3936; x_wconf 90' lang='lat' dir='ltr'><strong>normam</strong></span> <span class='ocrx_word' id='word_1_568' title='bbox 2560 3883 2774 3953; x_wconf 65' lang='lat' dir='ltr'><strong>regulzc,</strong></span> <span class='ocrx_word' id='word_1_569' title='bbox 2808 3882 3034 3937; x_wconf 79' lang='lat' dir='ltr'><strong>fratrum</strong></span> <span class='ocrx_word' id='word_1_570' title='bbox 3079 3897 3291 3953; x_wconf 90' lang='lat' dir='ltr'><strong>quoque</strong></span> <span class='ocrx_word' id='word_1_571' title='bbox 3311 3884 3521 3954; x_wconf 84' lang='lat' dir='ltr'><strong>corrige</strong></span> <span class='ocrx_word' id='word_1_572' title='bbox 3567 3883 3761 3945; x_wconf 82' lang='lat' dir='ltr'><strong>vitam,</strong></span> 
     </span>
    </p>
   </div>
   <div class='ocr_carea' id='block_1_102' title="bbox 2178 3974 3656 4045">
    <p class='ocr_par' dir='ltr' id='par_1_102' title="bbox 2178 3974 3656 4045">
     <span class='ocr_line' id='line_1_102' title="bbox 2178 3974 3656 4045; baseline 0.001 -15"><span class='ocrx_word' id='word_1_573' title='bbox 2178 3974 2246 4030; x_wconf 91' lang='lat' dir='ltr'><strong>Ut</strong></span> <span class='ocrx_word' id='word_1_574' title='bbox 2276 3976 2368 4029; x_wconf 91' lang='lat' dir='ltr'><strong>tibi</strong></span> <span class='ocrx_word' id='word_1_575' title='bbox 2412 3974 2770 4030; x_wconf 82' lang='lat' dir='ltr'><strong>celsithronus</strong></span> <span class='ocrx_word' id='word_1_576' title='bbox 2792 3977 2989 4030; x_wconf 90' lang='lat' dir='ltr'><strong>tribuat</strong></span> <span class='ocrx_word' id='word_1_577' title='bbox 3022 3976 3107 4045; x_wconf 88' lang='lat' dir='ltr'><strong>pia</strong></span> <span class='ocrx_word' id='word_1_578' title='bbox 3138 3977 3358 4044; x_wconf 68' lang='lat' dir='ltr'><strong>paemia</strong></span> <span class='ocrx_word' id='word_1_579' title='bbox 3384 3976 3656 4039; x_wconf 89' lang='lat' dir='ltr'><strong>Christus,</strong></span> 
     </span>
    </p>
   </div>
   <div class='ocr_carea' id='block_1_103' title="bbox 2173 4064 3756 4137">
    <p class='ocr_par' dir='ltr' id='par_1_103' title="bbox 2173 4064 3756 4137">
     <span class='ocr_line' id='line_1_103' title="bbox 2173 4064 3756 4137; baseline 0.002 -18"><span class='ocrx_word' id='word_1_580' title='bbox 2173 4064 2307 4119; x_wconf 87' lang='lat' dir='ltr'><strong>Cum</strong></span> <span class='ocrx_word' id='word_1_581' title='bbox 2333 4073 2522 4120; x_wconf 86' lang='lat' dir='ltr'><strong>sancto</strong></span> <span class='ocrx_word' id='word_1_582' title='bbox 2557 4067 2760 4133; x_wconf 85' lang='lat' dir='ltr'><strong>pariter</strong></span> <span class='ocrx_word' id='word_1_583' title='bbox 2796 4066 3110 4137; x_wconf 69' lang='lat' dir='ltr'><strong>[Benedicto</strong></span> <span class='ocrx_word' id='word_1_584' title='bbox 3146 4066 3187 4137; x_wconf 67' lang='grc' dir='ltr'><strong>ι]</strong></span> <span class='ocrx_word' id='word_1_585' title='bbox 3224 4066 3382 4121; x_wconf 77' lang='lat' dir='ltr'><strong>Patre</strong></span> <span class='ocrx_word' id='word_1_586' title='bbox 3428 4083 3528 4136; x_wconf 79' lang='lat' dir='ltr'><strong>per</strong></span> <span class='ocrx_word' id='word_1_587' title='bbox 3558 4084 3756 4123; x_wconf 62' lang='lat' dir='ltr'><strong>(rrum.</strong></span> 
     </span>
    </p>
   </div>
   <div class='ocr_carea' id='block_1_104' title="bbox 2876 4156 3003 4211">
    <p class='ocr_par' dir='ltr' id='par_1_104' title="bbox 2876 4156 3003 4211">
     <span class='ocr_line' id='line_1_104' title="bbox 2876 4156 3003 4211; baseline -0.008 -1"><span class='ocrx_word' id='word_1_588' title='bbox 2876 4156 3003 4211; x_wconf 89' lang='lat' dir='ltr'><strong>CIII.</strong></span> 
     </span>
    </p>
   </div>
   <div class='ocr_carea' id='block_1_105' title="bbox 2556 4246 3370 4317">
    <p class='ocr_par' dir='ltr' id='par_1_105' title="bbox 2556 4246 3370 4317">
     <span class='ocr_line' id='line_1_105' title="bbox 2556 4246 3370 4317; baseline 0.002 -18"><span class='ocrx_word' id='word_1_589' title='bbox 2556 4246 2630 4300; x_wconf 86' lang='lat' dir='ltr'><strong>De</strong></span> <span class='ocrx_word' id='word_1_590' title='bbox 2657 4248 2837 4301; x_wconf 82' lang='lat' dir='ltr'><strong>eodem</strong></span> <span class='ocrx_word' id='word_1_591' title='bbox 2862 4246 3138 4317; x_wconf 77' lang='lat' dir='ltr'><strong>.llagnulfo</strong></span> <span class='ocrx_word' id='word_1_592' title='bbox 3166 4248 3370 4303; x_wconf 70' lang='lat' dir='ltr'><strong>abbate.</strong></span> 
     </span>
    </p>
   </div>
   <div class='ocr_carea' id='block_1_106' title="bbox 2173 4336 3758 4408">
    <p class='ocr_par' dir='ltr' id='par_1_106' title="bbox 2173 4336 3758 4408">
     <span class='ocr_line' id='line_1_106' title="bbox 2173 4336 3758 4408; baseline 0.003 -17"><span class='ocrx_word' id='word_1_593' title='bbox 2173 4336 2452 4406; x_wconf 85' lang='lat' dir='ltr'><strong>Empserat</strong></span> <span class='ocrx_word' id='word_1_594' title='bbox 2482 4337 2621 4390; x_wconf 88' lang='lat' dir='ltr'><strong>hanc</strong></span> <span class='ocrx_word' id='word_1_595' title='bbox 2648 4352 2887 4391; x_wconf 89' lang='lat' dir='ltr'><strong>mensam</strong></span> <span class='ocrx_word' id='word_1_596' title='bbox 2908 4348 2945 4374; x_wconf 80' lang='grc' dir='ltr'>ω</span> <span class='ocrx_word' id='word_1_597' title='bbox 2966 4336 3204 4408; x_wconf 79' lang='lat' dir='ltr'><strong>Magnqu</strong></span> <span class='ocrx_word' id='word_1_598' title='bbox 3223 4339 3544 4395; x_wconf 87' lang='lat' dir='ltr'><strong>venerabilis</strong></span> <span class='ocrx_word' id='word_1_599' title='bbox 3569 4341 3758 4407; x_wconf 84' lang='lat' dir='ltr'><strong>abbas,</strong></span> 
     </span>
    </p>
   </div>
   <div class='ocr_carea' id='block_1_107' title="bbox 2102 4411 2152 4469">
    <p class='ocr_par' dir='ltr' id='par_1_107' title="bbox 2102 4411 2152 4469">
     <span class='ocr_line' id='line_1_107' title="bbox 2102 4411 2152 4469; baseline 0 0"><span class='ocrx_word' id='word_1_600' title='bbox 2102 4411 2152 4469; x_wconf 77' lang='grc' dir='ltr'><strong>ι)</strong></span> 
     </span>
    </p>
   </div>
   <div class='ocr_carea' id='block_1_108' title="bbox 2254 4466 3764 4538">
    <p class='ocr_par' dir='ltr' id='par_1_108' title="bbox 2254 4466 3764 4538">
     <span class='ocr_line' id='line_1_108' title="bbox 2254 4466 3764 4538; baseline 0.005 -18"><span class='ocrx_word' id='word_1_601' title='bbox 2254 4470 2267 4507; x_wconf 78' lang='grc' dir='ltr'><strong>ί</strong></span> <span class='ocrx_word' id='word_1_602' title='bbox 2312 4466 2489 4538; x_wconf 77' lang='lat' dir='ltr'><strong>Hujus</strong></span> <span class='ocrx_word' id='word_1_603' title='bbox 2530 4477 2585 4520; x_wconf 87' lang='lat' dir='ltr'><strong>tu</strong></span> <span class='ocrx_word' id='word_1_604' title='bbox 2638 4481 2817 4537; x_wconf 88' lang='lat' dir='ltr'><strong>pastor</strong></span> <span class='ocrx_word' id='word_1_605' title='bbox 2858 4468 3026 4523; x_wconf 82' lang='lat' dir='ltr'><strong>ovilis.</strong></span> <span class='ocrx_word' id='word_1_606' title='bbox 3088 4469 3167 4522; x_wconf 90' lang='lat' dir='ltr'><strong>CI.</strong></span> <span class='ocrx_word' id='word_1_607' title='bbox 3202 4470 3540 4526; x_wconf 79' lang='lat' dir='ltr'><strong>Mabillonius</strong></span> <span class='ocrx_word' id='word_1_608' title='bbox 3579 4489 3649 4526; x_wconf 75' lang='lat' dir='ltr'><strong>ex</strong></span> <span class='ocrx_word' id='word_1_609' title='bbox 3678 4474 3764 4527; x_wconf 88' lang='lat' dir='ltr'><strong>his</strong></span> 
     </span>
    </p>
   </div>
   <div class='ocr_carea' id='block_1_109' title="bbox 2175 4537 3759 4610">
    <p class='ocr_par' dir='ltr' id='par_1_109' title="bbox 2175 4537 3759 4610">
     <span class='ocr_line' id='line_1_109' title="bbox 2175 4537 3759 4610; baseline 0.004 -19"><span class='ocrx_word' id='word_1_610' title='bbox 2175 4546 2229 4610; x_wconf 86' lang='lat' dir='ltr'><strong>et</strong></span> <span class='ocrx_word' id='word_1_611' title='bbox 2258 4537 2377 4610; x_wconf 85' lang='lat' dir='ltr'><strong>aliis</strong></span> <span class='ocrx_word' id='word_1_612' title='bbox 2400 4537 2650 4610; x_wconf 79' lang='lat' dir='ltr'><strong>versibus</strong></span> <span class='ocrx_word' id='word_1_613' title='bbox 2695 4540 3186 4610; x_wconf 14' lang='lat' dir='ltr'><strong>pateregexistimat</strong></span> <span class='ocrx_word' id='word_1_614' title='bbox 3212 4541 3539 4610; x_wconf 80' lang='lat' dir='ltr'><strong>Magnulfum</strong></span> <span class='ocrx_word' id='word_1_615' title='bbox 3582 4544 3759 4597; x_wconf 82' lang='lat' dir='ltr'><strong>adhuc</strong></span> 
     </span>
    </p>
   </div>
   <div class='ocr_carea' id='block_1_110' title="bbox 2174 4607 3762 4671">
    <p class='ocr_par' dir='ltr' id='par_1_110' title="bbox 2174 4607 3762 4671">
     <span class='ocr_line' id='line_1_110' title="bbox 2174 4607 3762 4671; baseline 0.003 -10"><span class='ocrx_word' id='word_1_616' title='bbox 2174 4608 2229 4661; x_wconf 92' lang='lat' dir='ltr'><strong>in</strong></span> <span class='ocrx_word' id='word_1_617' title='bbox 2264 4608 2403 4662; x_wconf 85' lang='lat' dir='ltr'><strong>vivis</strong></span> <span class='ocrx_word' id='word_1_618' title='bbox 2430 4607 2613 4671; x_wconf 87' lang='lat' dir='ltr'><strong>fuisse,</strong></span> <span class='ocrx_word' id='word_1_619' title='bbox 2673 4625 2793 4663; x_wconf 87' lang='lat' dir='ltr'><strong>cum</strong></span> <span class='ocrx_word' id='word_1_620' title='bbox 2837 4608 3091 4663; x_wconf 85' lang='lat' dir='ltr'><strong>Alcuimts</strong></span> <span class='ocrx_word' id='word_1_621' title='bbox 3124 4610 3237 4665; x_wconf 56' lang='lat' dir='ltr'><strong>haec</strong></span> <span class='ocrx_word' id='word_1_622' title='bbox 3258 4607 3498 4665; x_wconf 73' lang='lat' dir='ltr'><strong>carmina</strong></span> <span class='ocrx_word' id='word_1_623' title='bbox 3560 4614 3762 4666; x_wconf 82' lang='lat' dir='ltr'><strong>conde-</strong></span> 
     </span>
    </p>
   </div>
   <div class='ocr_carea' id='block_1_111' title="bbox 2176 4677 3760 4749">
    <p class='ocr_par' dir='ltr' id='par_1_111' title="bbox 2176 4677 3760 4749">
     <span class='ocr_line' id='line_1_111' title="bbox 2176 4677 3760 4749; baseline 0.003 -19"><span class='ocrx_word' id='word_1_624' title='bbox 2176 4686 2278 4749; x_wconf 87' lang='lat' dir='ltr'><strong>ret.</strong></span> <span class='ocrx_word' id='word_1_625' title='bbox 2346 4678 2450 4731; x_wconf 86' lang='lat' dir='ltr'><strong>Sed</strong></span> <span class='ocrx_word' id='word_1_626' title='bbox 2489 4694 2555 4732; x_wconf 76' lang='lat' dir='ltr'><strong>ex</strong></span> <span class='ocrx_word' id='word_1_627' title='bbox 2608 4680 2707 4732; x_wconf 87' lang='lat' dir='ltr'><strong>hoc</strong></span> <span class='ocrx_word' id='word_1_628' title='bbox 2736 4680 2851 4733; x_wconf 86' lang='lat' dir='ltr'><strong>loco</strong></span> <span class='ocrx_word' id='word_1_629' title='bbox 2902 4677 3199 4735; x_wconf 87' lang='lat' dir='ltr'><strong>clarissime</strong></span> <span class='ocrx_word' id='word_1_630' title='bbox 3249 4691 3414 4749; x_wconf 86' lang='lat' dir='ltr'><strong>patet,</strong></span> <span class='ocrx_word' id='word_1_631' title='bbox 3468 4681 3760 4735; x_wconf 87' lang='lat' dir='ltr'><strong>Alcuinmn</strong></span> 
     </span>
    </p>
   </div>
   <div class='ocr_carea' id='block_1_112' title="bbox 2176 4748 3758 4819">
    <p class='ocr_par' dir='ltr' id='par_1_112' title="bbox 2176 4748 3758 4819">
     <span class='ocr_line' id='line_1_112' title="bbox 2176 4748 3758 4819; baseline 0.002 -17"><span class='ocrx_word' id='word_1_632' title='bbox 2176 4748 2384 4819; x_wconf 84' lang='lat' dir='ltr'><strong>hortari</strong></span> <span class='ocrx_word' id='word_1_633' title='bbox 2409 4748 2694 4817; x_wconf 88' lang='lat' dir='ltr'><strong>quemdam</strong></span> <span class='ocrx_word' id='word_1_634' title='bbox 2736 4749 2957 4819; x_wconf 79' lang='lat' dir='ltr'><strong>Magul/i</strong></span> <span class='ocrx_word' id='word_1_635' title='bbox 2982 4748 3370 4813; x_wconf 83' lang='lat' dir='ltr'><strong>successorem,</strong></span> <span class='ocrx_word' id='word_1_636' title='bbox 3407 4761 3465 4805; x_wconf 90' lang='lat' dir='ltr'><strong>ut</strong></span> <span class='ocrx_word' id='word_1_637' title='bbox 3516 4751 3665 4806; x_wconf 89' lang='lat' dir='ltr'><strong>illius</strong></span> <span class='ocrx_word' id='word_1_638' title='bbox 3701 4754 3758 4805; x_wconf 89' lang='lat' dir='ltr'><strong>in</strong></span> 
     </span>
    </p>
   </div>
   <div class='ocr_carea' id='block_1_113' title="bbox 2177 4818 3763 4889">
    <p class='ocr_par' dir='ltr' id='par_1_113' title="bbox 2177 4818 3763 4889">
     <span class='ocr_line' id='line_1_113' title="bbox 2177 4818 3763 4889; baseline 0.004 -19"><span class='ocrx_word' id='word_1_639' title='bbox 2177 4818 2431 4887; x_wconf 90' lang='lat' dir='ltr'><strong>precibus</strong></span> <span class='ocrx_word' id='word_1_640' title='bbox 2466 4819 2577 4872; x_wconf 89' lang='lat' dir='ltr'><strong>suis</strong></span> <span class='ocrx_word' id='word_1_641' title='bbox 2607 4819 2678 4872; x_wconf 87' lang='lat' dir='ltr'><strong>sit</strong></span> <span class='ocrx_word' id='word_1_642' title='bbox 2727 4818 2952 4872; x_wconf 88' lang='lat' dir='ltr'><strong>memor.</strong></span> <span class='ocrx_word' id='word_1_643' title='bbox 2998 4820 3165 4889; x_wconf 81' lang='lat' dir='ltr'><strong>Igitur</strong></span> <span class='ocrx_word' id='word_1_644' title='bbox 3192 4821 3449 4876; x_wconf 78' lang='lat' dir='ltr'><strong>Alcuinus</strong></span> <span class='ocrx_word' id='word_1_645' title='bbox 3474 4822 3578 4875; x_wconf 89' lang='lat' dir='ltr'><strong>hoc</strong></span> <span class='ocrx_word' id='word_1_646' title='bbox 3597 4832 3654 4876; x_wconf 89' lang='lat' dir='ltr'><strong>et</strong></span> <span class='ocrx_word' id='word_1_647' title='bbox 3675 4837 3763 4876; x_wconf 77' lang='lat' dir='ltr'><strong>se-</strong></span> 
     </span>
    </p>
   </div>
   <div class='ocr_carea' id='block_1_114' title="bbox 2179 4889 3760 4962">
    <p class='ocr_par' dir='ltr' id='par_1_114' title="bbox 2179 4889 3760 4962">
     <span class='ocr_line' id='line_1_114' title="bbox 2179 4889 3760 4962; baseline 0.004 -23"><span class='ocrx_word' id='word_1_648' title='bbox 2179 4889 2882 4962; x_wconf 75' lang='lat' dir='ltr'><strong>quens_earmen_conditlit</strong></span> <span class='ocrx_word' id='word_1_649' title='bbox 2926 4901 3047 4958; x_wconf 79' lang='lat' dir='ltr'><strong>post</strong></span> <span class='ocrx_word' id='word_1_650' title='bbox 3081 4891 3613 4962; x_wconf 66' lang='lat' dir='ltr'><strong>obitum__.\iagnulii,</strong></span> <span class='ocrx_word' id='word_1_651' title='bbox 3666 4892 3760 4961; x_wconf 88' lang='lat' dir='ltr'><strong>qui</strong></span> 
     </span>
    </p>
   </div>
   <div class='ocr_carea' id='block_1_115' title="bbox 2178 4958 3760 5041">
    <p class='ocr_par' dir='ltr' id='par_1_115' title="bbox 2178 4958 3760 5041">
     <span class='ocr_line' id='line_1_115' title="bbox 2178 4958 3760 5041; baseline 0.002 -29"><span class='ocrx_word' id='word_1_652' title='bbox 2178 4958 2404 5041; x_wconf 77' lang='lat' dir='ltr'><strong>contigit</strong></span> <span class='ocrx_word' id='word_1_653' title='bbox 2432 4975 2573 5011; x_wconf 86' lang='lat' dir='ltr'><strong>anno</strong></span> <span class='ocrx_word' id='word_1_654' title='bbox 2599 4958 2723 5040; x_wconf 41' lang='lat'><strong>79.5.,</strong></span> <span class='ocrx_word' id='word_1_655' title='bbox 2752 4960 3015 5041; x_wconf 73' lang='lat' dir='ltr'><strong>directum</strong></span> <span class='ocrx_word' id='word_1_656' title='bbox 3062 4961 3146 5041; x_wconf 70' lang='lat' dir='ltr'><strong>vel</strong></span> <span class='ocrx_word' id='word_1_657' title='bbox 3196 4958 3646 5041; x_wconf 42' lang='lat' dir='ltr'><strong>adfulratlumL</strong></span> <span class='ocrx_word' id='word_1_658' title='bbox 3666 4958 3760 5030; x_wconf 74' lang='lat' dir='ltr'><strong>qui</strong></span> 
     </span>
    </p>
   </div>
   <div class='ocr_carea' id='block_1_116' title="bbox 2176 5030 3765 5098">
    <p class='ocr_par' dir='ltr' id='par_1_116' title="bbox 2176 5030 3765 5098">
     <span class='ocr_line' id='line_1_116' title="bbox 2176 5030 3765 5098; baseline 0.003 -17"><span class='ocrx_word' id='word_1_659' title='bbox 2176 5045 2282 5082; x_wconf 95' lang='lat' dir='ltr'><strong>non</strong></span> <span class='ocrx_word' id='word_1_660' title='bbox 2299 5030 2397 5083; x_wconf 88' lang='lat' dir='ltr'><strong>nisi</strong></span> <span class='ocrx_word' id='word_1_661' title='bbox 2411 5043 2507 5098; x_wconf 88' lang='lat' dir='ltr'><strong>per</strong></span> <span class='ocrx_word' id='word_1_662' title='bbox 2521 5030 2900 5098; x_wconf 84' lang='lat' dir='ltr'><strong>sesquiannum</strong></span> <span class='ocrx_word' id='word_1_663' title='bbox 2918 5031 3145 5083; x_wconf 70' lang='lat' dir='ltr'><strong>abbatize</strong></span> <span class='ocrx_word' id='word_1_664' title='bbox 3157 5030 3386 5098; x_wconf 66' lang='lat' dir='ltr'><strong>praefuit,</strong></span> <span class='ocrx_word' id='word_1_665' title='bbox 3404 5030 3485 5085; x_wconf 86' lang='lat' dir='ltr'><strong>vel</strong></span> <span class='ocrx_word' id='word_1_666' title='bbox 3502 5033 3573 5085; x_wconf 85' lang='lat' dir='ltr'><strong>ad</strong></span> <span class='ocrx_word' id='word_1_667' title='bbox 3585 5032 3765 5086; x_wconf 86' lang='lat' dir='ltr'><strong>Theo-</strong></span> 
     </span>
    </p>
   </div>
   <div class='ocr_carea' id='block_1_117' title="bbox 2176 5096 3759 5167">
    <p class='ocr_par' dir='ltr' id='par_1_117' title="bbox 2176 5096 3759 5167">
     <span class='ocr_line' id='line_1_117' title="bbox 2176 5096 3759 5167; baseline 0.002 -15"><span class='ocrx_word' id='word_1_668' title='bbox 2176 5099 2379 5152; x_wconf 84' lang='lat' dir='ltr'><strong>dnlfum</strong></span> <span class='ocrx_word' id='word_1_669' title='bbox 2405 5096 2562 5153; x_wconf 77' lang='lat' dir='ltr'><strong>simul</strong></span> <span class='ocrx_word' id='word_1_670' title='bbox 2599 5096 2907 5167; x_wconf 84' lang='lat' dir='ltr'><strong>episcOpum</strong></span> <span class='ocrx_word' id='word_1_671' title='bbox 2932 5096 3391 5156; x_wconf 80' lang='lat' dir='ltr'><strong>Aurelianenscm.</strong></span> <span class='ocrx_word' id='word_1_672' title='bbox 3422 5102 3542 5157; x_wconf 87' lang='lat' dir='ltr'><strong>Vid.</strong></span> <span class='ocrx_word' id='word_1_673' title='bbox 3602 5119 3759 5156; x_wconf 82' lang='lat' dir='ltr'><strong>eum-</strong></span> 
     </span>
    </p>
   </div>
   <div class='ocr_carea' id='block_1_118' title="bbox 2175 5168 3225 5238">
    <p class='ocr_par' dir='ltr' id='par_1_118' title="bbox 2175 5168 3225 5238">
     <span class='ocr_line' id='line_1_118' title="bbox 2175 5168 3225 5238; baseline 0 -16"><span class='ocrx_word' id='word_1_674' title='bbox 2175 5168 2298 5223; x_wconf 88' lang='lat' dir='ltr'><strong>dem</strong></span> <span class='ocrx_word' id='word_1_675' title='bbox 2329 5169 2526 5224; x_wconf 87' lang='lat' dir='ltr'><strong>Mabill.</strong></span> <span class='ocrx_word' id='word_1_676' title='bbox 2560 5169 2660 5223; x_wconf 89' lang='lat' dir='ltr'><strong>loc.</strong></span> <span class='ocrx_word' id='word_1_677' title='bbox 2688 5214 2689 5217; x_wconf 53' lang='grc' dir='ltr'><strong>η</strong></span> <span class='ocrx_word' id='word_1_678' title='bbox 2716 5171 2806 5223; x_wconf 89' lang='lat' dir='ltr'><strong>eit.</strong></span> <span class='ocrx_word' id='word_1_679' title='bbox 2838 5184 2957 5238; x_wconf 80' lang='lat' dir='ltr'><strong>pag.</strong></span> <span class='ocrx_word' id='word_1_680' title='bbox 2990 5171 3112 5224; x_wconf 73' lang='grc'><strong>514.</strong></span> <span class='ocrx_word' id='word_1_681' title='bbox 3210 5207 3225 5215; x_wconf 75' lang='grc' dir='ltr'><strong><em>ο</em></strong></span> 
     </span>
    </p>
   </div>
   <div class='ocr_carea' id='block_1_119' title="bbox 2249 5238 2760 5310">
    <p class='ocr_par' dir='ltr' id='par_1_119' title="bbox 2249 5238 2760 5310">
     <span class='ocr_line' id='line_1_119' title="bbox 2249 5238 2760 5310; baseline 0.008 -21"><span class='ocrx_word' id='word_1_682' title='bbox 2249 5238 2263 5289; x_wconf 80' lang='lat' dir='ltr'><strong>i</strong></span> <span class='ocrx_word' id='word_1_683' title='bbox 2312 5239 2477 5304; x_wconf 87' lang='lat' dir='ltr'><strong>Edit.,</strong></span> <span class='ocrx_word' id='word_1_684' title='bbox 2540 5249 2595 5293; x_wconf 87' lang='lat' dir='ltr'><strong>ut</strong></span> <span class='ocrx_word' id='word_1_685' title='bbox 2624 5255 2760 5310; x_wconf 74' lang='lat' dir='ltr'><strong>qua&#39;.</strong></span> 
     </span>
    </p>
   </div>
   <div class='ocr_carea' id='block_1_120' title="bbox 2249 5308 3541 5373">
    <p class='ocr_par' dir='ltr' id='par_1_120' title="bbox 2249 5308 3541 5373">
     <span class='ocr_line' id='line_1_120' title="bbox 2249 5308 3541 5373; baseline 0.006 -12"><span class='ocrx_word' id='word_1_686' title='bbox 2249 5310 2274 5349; x_wconf 62' lang='grc' dir='ltr'>ι</span> <span class='ocrx_word' id='word_1_687' title='bbox 2315 5310 2478 5373; x_wconf 82' lang='lat' dir='ltr'><strong>Edit.,</strong></span> <span class='ocrx_word' id='word_1_688' title='bbox 2529 5308 2734 5373; x_wconf 59' lang='lat' dir='ltr'><strong>qam...</strong></span> <span class='ocrx_word' id='word_1_689' title='bbox 2782 5308 2849 5360; x_wconf 86' lang='lat' dir='ltr'><strong>ad</strong></span> <span class='ocrx_word' id='word_1_690' title='bbox 2895 5308 3541 5369; x_wconf 68' lang='lat' dir='ltr'><strong>habitandamstruxerat.</strong></span> 
     </span>
    </p>
   </div>
   <div class='ocr_carea' id='block_1_121' title="bbox 2256 5380 2824 5444">
    <p class='ocr_par' dir='ltr' id='par_1_121' title="bbox 2256 5380 2824 5444">
     <span class='ocr_line' id='line_1_121' title="bbox 2256 5380 2824 5444; baseline -0.005 -10"><span class='ocrx_word' id='word_1_691' title='bbox 2256 5380 2272 5417; x_wconf 83' lang='grc'><strong>¹</strong></span> <span class='ocrx_word' id='word_1_692' title='bbox 2316 5380 2481 5444; x_wconf 83' lang='lat' dir='ltr'><strong>Edit.,</strong></span> <span class='ocrx_word' id='word_1_693' title='bbox 2539 5380 2824 5433; x_wconf 75' lang='lat' dir='ltr'><strong>benedicat.</strong></span> 
     </span>
    </p>
   </div>
   <div class='ocr_carea' id='block_1_122' title="bbox 2251 5449 3762 5521">
    <p class='ocr_par' dir='ltr' id='par_1_122' title="bbox 2251 5449 3762 5521">
     <span class='ocr_line' id='line_1_122' title="bbox 2251 5449 3762 5521; baseline 0.005 -20"><span class='ocrx_word' id='word_1_694' title='bbox 2251 5463 2290 5489; x_wconf 82' lang='grc' dir='ltr'>ω</span> <span class='ocrx_word' id='word_1_695' title='bbox 2318 5449 2470 5503; x_wconf 84' lang='lat' dir='ltr'><strong>Hanc</strong></span> <span class='ocrx_word' id='word_1_696' title='bbox 2494 5465 2745 5503; x_wconf 83' lang='lat' dir='ltr'><strong>mensam.</strong></span> <span class='ocrx_word' id='word_1_697' title='bbox 2780 5452 2832 5503; x_wconf 88' lang='lat' dir='ltr'><strong>In</strong></span> <span class='ocrx_word' id='word_1_698' title='bbox 2864 5468 2963 5505; x_wconf 84' lang='lat' dir='ltr'><strong>ms.</strong></span> <span class='ocrx_word' id='word_1_699' title='bbox 3010 5451 3308 5521; x_wconf 81' lang='lat' dir='ltr'><strong>Salisburg.</strong></span> <span class='ocrx_word' id='word_1_700' title='bbox 3344 5453 3463 5509; x_wconf 78' lang='lat' dir='ltr'><strong>loco</strong></span> <span class='ocrx_word' id='word_1_701' title='bbox 3497 5472 3762 5520; x_wconf 81' lang='lat' dir='ltr'><strong>mcmam,</strong></span> 
     </span>
    </p>
   </div>
   <div class='ocr_carea' id='block_1_123' title="bbox 2180 5522 3768 5597">
    <p class='ocr_par' dir='ltr' id='par_1_123' title="bbox 2180 5522 3768 5597">
     <span class='ocr_line' id='line_1_123' title="bbox 2180 5522 3768 5597; baseline 0.003 -22"><span class='ocrx_word' id='word_1_702' title='bbox 2180 5522 2409 5576; x_wconf 88' lang='lat' dir='ltr'><strong>habetur</strong></span> <span class='ocrx_word' id='word_1_703' title='bbox 2460 5536 2716 5574; x_wconf 85' lang='lat' dir='ltr'><strong>mansam.</strong></span> <span class='ocrx_word' id='word_1_704' title='bbox 2786 5522 3006 5577; x_wconf 70' lang='lat' dir='ltr'><strong>Rectius</strong></span> <span class='ocrx_word' id='word_1_705' title='bbox 3065 5523 3204 5579; x_wconf 90' lang='lat' dir='ltr'><strong>forte</strong></span> <span class='ocrx_word' id='word_1_706' title='bbox 3257 5525 3569 5597; x_wconf 65' lang='lat' dir='ltr'><strong>legendum,</strong></span> <span class='ocrx_word' id='word_1_707' title='bbox 3620 5527 3768 5579; x_wconf 68' lang='lat' dir='ltr'><strong>lite-uc</strong></span> 
     </span>
    </p>
   </div>
   <div class='ocr_carea' id='block_1_124' title="bbox 2182 5607 2581 5645">
    <p class='ocr_par' dir='ltr' id='par_1_124' title="bbox 2182 5607 2581 5645">
     <span class='ocr_line' id='line_1_124' title="bbox 2182 5607 2581 5645; baseline 0 0"><span class='ocrx_word' id='word_1_708' title='bbox 2182 5607 2442 5645; x_wconf 79' lang='lat' dir='ltr'><strong>mansum.</strong></span> <span class='ocrx_word' id='word_1_709' title='bbox 2576 5608 2581 5614; x_wconf 84' lang='grc'><em>”</em></span> 
     </span>
    </p>
   </div>
  </div>
