4044 6340
314 307 416 361 753

310 421 486 490 Atque
542 427 774 488 emptam
829 417 976 473 Patri
1030 418 1317 474 Benedicto
1343 420 1563 474 tradidit
1610 418 1776 483 illam,

314 511 386 567 Ut
414 509 551 565 foret
596 509 822 579 emptori
843 525 967 563 cum
1004 509 1161 564 Patre
1184 510 1239 564 in
1263 510 1457 565 satcula
1486 526 1716 564 merces.

313 599 459 654 Hanc
488 608 667 654 tamen
726 598 1005 653 ecclesiam
1033 600 1239 653 sacrari
1264 600 1500 669 jusserat
1528 599 1615 652 ille

310 690 590 762 Clavigero
624 690 756 750 ,εαξη
800 690 958 744 Petro
975 690 1087 760 jam
1122 690 1365 759 principe
1385 705 1595 759 magno,

310 780 484 850 Atque
514 781 585 850 pii
622 782 825 850 pariter
864 780 1135 835 Benedicti
1162 781 1380 834 nomine
1408 779 1606 844 Patris,

313 871 461 926 Illius
479 880 540 926 ut
572 880 818 942 regerent
862 870 1114 940 precibus
1166 886 1265 937 per
1300 869 1493 924 scecula
1521 870 1705 933 vitam,

311 960 486 1031 Atque
518 963 710 1016 animae
739 961 979 1031 requiem
1028 958 1446 1032 [rogitassenta]
1495 959 1651 1014 ambo
1698 975 1883 1032 peren-

1663 1048 1832 1119 [neu].

312 1141 392 1195 Tu
439 1158 672 1211 quoque,
704 1143 793 1211 qui
826 1143 1037 1197 titulum
1072 1142 1290 1205 recitas,
1327 1142 1562 1213 rogitare
1591 1149 1877 1204 memento,

308 1230 548 1286 Obsecro
601 1235 626 1272 ιι
678 1248 774 1302 pro
810 1233 968 1287 Patre
1008 1232 1299 1304 Magnulfo,
1346 1232 1515 1285 lector
1544 1232 1735 1286 amice.

309 1322 385 1376 Te
411 1338 619 1392 quoque
648 1333 929 1378 conservet
980 1323 1181 1379 Christi
1203 1323 1490 1378 clementia
1524 1338 1758 1392 semper,

309 1414 561 1486 Protegat
580 1425 742 1485 atque
797 1426 949 1486 regat
1001 1416 1294 1471 clementer
1323 1418 1436 1470 hmc
1470 1415 1585 1469 loca
1610 1414 1876 1469 Christus.

309 1504 469 1569 Laus,
495 1506 665 1559 honor
694 1515 749 1559 et
770 1507 941 1560 virtus
976 1517 997 1545 ο
1027 1506 1150 1560 istic
1178 1508 1249 1561 sit
1293 1522 1508 1581 semper
1531 1515 1582 1559 el
1609 1505 1743 1559 illic.

436 1646 545 1695 Ἦ.
585 1648 675 1699 ιιι
717 1648 1241 1695 ηοηιιτιιιιιο
1282 1649 1337 1694 Ι.
1376 1648 1743 1697 ΝΔΒΟἎῙΙ.

1044 1789 1173 1845 CIV.

300 1880 386 1935 De
432 1882 667 1951 repetere
693 1884 857 1935 sancti
882 1883 1112 1937 Naboris
1147 1884 1212 1936 ab
1253 1883 1597 1952 Angilramno
1638 1882 1878 1951 episcopo

445 1954 624 2005 ornari
653 1964 831 2021 empto,
876 1964 925 2006 et
951 1972 984 2006 a
1020 1952 1255 2007 Vascone
1274 1954 1459 2006 abbate
1487 1953 1734 2023 perfecto.

299 2042 633 2101 Pontiﬁcalis
664 2059 802 2112 apex
856 2058 1061 2113 pastor,
1112 2046 1441 2113 patriarcha,
1475 2044 1748 2106 sacerdos,

296 2132 680 2201 Angilramuus
715 2133 744 2171 ά
776 2150 966 2200 ovans,
1034 2135 1206 2191 fretus
1232 2137 1433 2205 pietate
1460 2137 1737 2206 magistra,

296 2221 552 2293 Martyris
600 2227 797 2297 egregii
846 2227 1075 2282 Naboris
1098 2228 1358 2282 deductus
1388 2243 1593 2293 amore,

293 2312 569 2382 Creperat,
596 2315 831 2371 intentus
854 2333 1006 2373 sacro
1034 2330 1056 2357 θ
1096 2320 1295 2374 vestire
1332 2318 1660 2388 sepulcrum,

293 2401 604 2458 Auxiliante
663 2406 750 2474 pio
777 2406 987 2472 Carolo,
1055 2424 1148 2478 per
1175 2423 1418 2473 munera,
1442 2425 1589 2479 rege.

295 2488 378 2544 Ne
410 2491 703 2561 compleret
748 2508 901 2562 opus,
932 2496 1110 2565 rapuit
1140 2513 1284 2552 mors
1308 2498 1549 2567 improba
1578 2498 1794 2554 Patrem
1830 2551 1841 2561 .

294 2580 429 2636 Post
461 2581 619 2637 levita
646 2584 864 2641 humilis
910 2602 1005 2643 vas
1035 2589 1059 2628 ε
1093 2589 1454 2659 compleverat
1483 2592 1629 2647 illud.

292 2671 403 2736 Qui
431 2671 606 2743 legitis
639 2690 827 2731 versus
851 2677 1055 2741 ambos,
1096 2683 1456 2737 commendite
1508 2682 1749 2748 Christo,

295 2758 373 2818 Ut
422 2761 727 2833 quicunque
762 2782 860 2821 sua
898 2769 1106 2823 venerit
1148 2771 1237 2827 hic
1264 2771 1472 2826 solvere
1506 2782 1650 2837 vota,

293 2849 437 2906 Cum
469 2851 630 2909 Patre
659 2855 977 2927 discipulum
1007 2860 1185 2915 verbis
1218 2877 1516 2917 memorare
1538 2864 1803 2935 benignis.

291 2942 493 3014 Incipit
546 2944 637 3002 ille
670 2948 837 3015 prior,
895 2950 988 3007 sed
1006 2948 1120 3022 jam
1148 2950 1451 3024 perfecerat
1477 2954 1597 3010 iste.

294 3034 479 3090 Unum
499 3052 632 3106 opus
659 3041 939 3095 amborum
967 3060 980 3096 :
1010 3042 1257 3099 Christus
1279 3057 1562 3100 conservet
1590 3054 1869 3119 utrosque.

290 3126 367 3181 Et
396 3136 474 3192 tu,
512 3138 693 3186 sancte
728 3132 821 3187 Dei
847 3142 1073 3205 martyr,
1133 3137 1330 3192 invicte
1364 3139 1669 3209 triumphis,

288 3219 570 3276 Auxiliare
601 3223 726 3289 tuis,
754 3236 956 3294 pastor,
990 3228 1151 3283 Pater
1174 3231 1392 3299 optime,
1417 3233 1607 3290 servis.

1043 3340 1152 3398 CV.

509 3448 730 3506 Canium
772 3454 937 3523 priori
960 3455 1198 3511 additum
1237 3459 1305 3511 ad
1345 3458 1647 3515 Vasconem.

288 3559 387 3614 Bis
410 3569 630 3629 septena
678 3563 775 3618 tibi
804 3565 975 3619 direxi
1020 3568 1260 3622 carmina
1315 3570 1487 3625 Vasco
1513 3571 1565 3635 δ,

285 3647 376 3704 Tu
411 3650 537 3719 quia
566 3653 760 3708 misisti
814 3656 1074 3712 butristas
1116 3660 1131 3697 ί
1171 3666 1231 3712 ut
1256 3674 1469 3729 quoque
1492 3660 1689 3715 binas:

283 3738 385 3794 Bis
434 3750 563 3810 puto
592 3752 813 3813 septena
838 3746 1072 3817 ealigesi
1100 3748 1215 3817 jam
1246 3748 1381 3803 forte
1417 3757 1678 3816 tenentes,

288 3832 365 3893 Et
387 3834 471 3889 bis
519 3847 769 3905 septenas
794 3837 995 3894 habeas
1024 3856 1120 3908 per
1165 3842 1407 3896 carmina
1463 3851 1661 3912 grates.

284 3916 403 3973 Sed
428 3935 558 3990 rogo
581 3938 679 3977 nos
708 3940 947 3979 memora
964 3928 1232 3995 precibus,
1261 3937 1581 3999 nostrosque
1594 3940 1875 3999 parentes,

283 4009 533 4075 Quorum
560 4028 789 4083 namque
815 4014 966 4071 vides
994 4028 1050 4071 et
1073 4018 1270 4088 scripta
1301 4018 1427 4075 hinc
1462 4021 1678 4075 nomina
1707 4024 1877 4083 sedis.

284 4102 520 4172 Semper
546 4103 599 4157 in
624 4113 886 4160 aeternum
916 4106 1187 4164 valeas....
1242 4111 1485 4165 carmina
1510 4127 1639 4171 vasa
1677 4113 1703 4152 ¹ι

362 4268 388 4330 ξι
416 4256 582 4330 ζέξὰἱῑ.2
613 4261 943 4330 cogitassent.

364 4326 391 4365 δ
417 4326 516 4381 Ms.
562 4326 693 4391 Salf,
729 4332 959 4386 obsecra.

356 4408 383 4434 ε
431 4396 563 4451 Cod.
614 4399 749 4465 Sal.,
797 4413 843 4456 et
866 4402 1058 4457 cultus.

352 4466 385 4504 ἀ
424 4466 807 4542 Apgilramuus
842 4473 1126 4542 episcopus
1152 4473 1250 4528 fuit
1295 4474 1567 4541 Metensis,

272 4552 431 4610 anno
455 4536 551 4610 791
615 4548 669 4593 et
699 4536 937 4610 sepultus
965 4536 1047 4597 est
1069 4546 1120 4598 in
1145 4547 1473 4601 monasterio
1497 4536 1666 4601 sancti
1693 4548 1866 4604 Nabo-

274 4609 388 4669 ris,
429 4606 535 4661 alio
574 4606 791 4666 nomine
834 4613 1181 4668 Nova-Cella.

359 4690 386 4716 ο
423 4677 607 4744 Forte,
662 4698 891 4736 sacrum.

360 4747 383 4785 ί
418 4747 619 4834 ARapu‘it
668 4750 1332 4834 morsimprobaIPatrent.
1386 4755 1460 4834 Es
1498 4756 1583 4810 his
1617 4758 1862 4834 confuta-

268 4826 377 4874 tur
405 4818 644 4895 ealculus
668 4818 956 4895 Meurissii,
1004 4824 1095 4892 qui
1127 4822 1461 4895 Angilramni
1490 4828 1862 4895 pontiﬁcatum

265 4903 347 4965 ac
368 4889 536 4965 vitam
557 4900 816 4965 prorogat
841 4894 919 4965 ad
949 4889 1149 4965 annum
1172 4889 1275 4950 808
1299 4894 1458 4965 longe
1490 4889 1618 4965 post
1656 4899 1861 4953 obitum

265 4907 347 4943 ac
368 4907 536 4943 Vitam
597 4907 816 4964 τοι-0831,
852 4907 919 4949 ad
949 4909 1149 4948 annum
1172 4907 1275 4950 δυδ
1299 4907 1391 4949 Ion
1428 4912 1458 4949 e
1496 4907 1618 4965 post
1656 4907 1859 4953 obitum

261 4907 714 5083 Alcuigtiz’gujus
768 4963 1025 5037 epitaphii
1083 4965 1319 5020 auctoris
1357 4910 1611 5038 (gabillq
1663 4968 1698 5019 ι.
1745 4970 1859 5035 cit.,

261 5046 401 5083 van.
546 5074 553 5082 .

256 5046 401 5098 pag.
433 5031 582 5101 505.)

354 5102 384 5139 κ
432 5100 561 5170 Leg.
610 5101 798 5157 Vasco.

344 5170 377 5249 ξ’
416 5170 509 5249 Dis
540 5182 771 5249 septena,
817 5184 921 5249 etc.
954 5174 1011 5228 Id
1057 5182 1160 5239 est,
1217 5177 1623 5245 quatuordecim
1668 5195 1861 5235 versus

256 5242 482 5309 prioris
515 5244 775 5298 carminis
815 5246 938 5299 104.

356 5310 701 5385 ῨΑΒαινίειαξ.
763 5314 1067 5385 Legendum
1116 5313 1359 5369 fortassis
1411 5315 1666 5371 Buttistas
1686 5327 1742 5373 et
1790 5321 1862 5374 si-

254 5379 538 5450 gniﬁcare
586 5379 864 5439 videntur"
882 5400 1011 5439 vasa
1061 5385 1297 5449 vinaria,
1348 5394 1598 5453 septenos
1651 5389 1854 5443 calices

252 5466 373 5524 seu
406 5460 611 5524 septem
645 5463 821 5509 certas
872 5469 1155 5510 mensuras
1184 5455 1478 5524 capientes.
1510 5456 1629 5511 Vid.
1679 5456 1854 5514 Gloss.

254 5518 561 5601 “(atch'eri
609 5538 741 5581 voce
790 5524 963 5579 Bntte.
1006 5518 1266 5596 Ducange'
1301 5541 1429 5581 voce
1466 5524 1633 5582 Butro
1655 5535 1704 5586 et
1743 5528 1856 5588 Bu-

250 5598 482 5644 tristas.
936 5639 947 5646 .

345 5658 363 5707 ἱ
418 5660 600 5727 Forte,
637 5675 869 5729 septenos
910 5667 1115 5723 calices.

342 5742 375 5775 ι
418 5730 598 5800 Forte,
659 5732 822 5789 l'ast'o

1296 303 1623 359 CAIIMINA.
1662 334 1732 343 --
1768 301 2285 360 INSCRIPTIONES
2319 303 2575 359 VAIIIAE.

1908 423 1959 479 Α
1988 417 2080 471 Fel
2119 418 2133 455 ι
2193 420 2340 473 venit
2388 421 2454 474 ad
2477 419 2729 474 Flaccqu
2774 418 2916 475 hunc
2966 436 3052 475 me
3076 420 3359 476 benedicat
3392 422 3560 478 bucca

1909 1760 1956 1820 Β

3454 304 3555 359 758

3178 512 3438 586 [Maronis

2052 598 2240 661 lloJie,
2271 598 2315 651 si
2338 598 2533 668 placet,
2565 599 2855 669 Virgiliacc
2886 615 3017 671 puer

2015 725 2155 770 νη.
2192 726 2281 771 ιη
2314 725 2835 774 ιωυιιτιιο
2865 728 3492 778 σοικιιικιι.

2712 828 2842 883 CVI.

1982 925 2021 951 αι
2052 912 2128 967 De
2164 914 2312 968 cellae
2358 915 2784 992 Cormaricensis
2819 922 3126 987 prwstantia
3188 939 3297 992 pra:
3351 924 3553 987 ntaqnis

2648 988 2883 1041 urbibus.

1984 1074 2219 1156 Urbibus
2241 1077 2496 1147 egregiis,
2560 1094 2791 1147 quarum
2831 1097 2966 1135 nova
3024 1084 3257 1138 culmina
3308 1095 3554 1156 surgunt,

2002 1154 2007 1159 ’
2052 1166 2347 1236 Famigerae
2379 1168 2564 1224 laudes
2598 1179 2653 1224 et
2686 1187 2847 1241 super
2873 1182 3017 1226 astra
3048 1175 3262 1239 volant;

1984 1255 2276 1312 Valiferem
2306 1268 2335 1295 ιι
2392 1266 2634 1313 veterum
2670 1260 2947 1316 celebrant
2975 1278 3109 1331 quas
3138 1266 3379 1321 carmine
3408 1266 3551 1327 libri,

2054 1345 2375 1415 Multiplices
2396 1349 2515 1402 auri
2567 1364 2669 1405 nec
2691 1362 3047 1405 numerantur
3068 1368 3219 1421 opes.

1983 1437 2107 1492 Ilico
2150 1449 2256 1506 est,
2301 1457 2462 1510 quam
2484 1444 2680 1505 cernis,
2714 1444 2947 1499 silvestri
2975 1448 3171 1501 rustica
3197 1455 3359 1512 tecto,

2053 1529 2374 1587 Constructa
2402 1535 2455 1587 in
2495 1550 2682 1589 eremo
2729 1536 2921 1591 cellula
2957 1538 3204 1593 nobilior.

1984 1622 2146 1693 216
2186 1622 2310 1679 Haec
2333 1626 2525 1680 studiis
2566 1625 2718 1682 ﬂoret
2745 1635 2915 1683 sacris
2943 1640 2997 1684 et
3024 1632 3243 1699 sophica
3281 1639 3303 1666 ο
3328 1632 3451 1701 jura

2054 1712 2302 1785 Perlegit,
2350 1724 2407 1769 et
2438 1724 2634 1770 tractat
2655 1718 2895 1772 clancula
2923 1720 3063 1773 dicta
3101 1736 3308 1775 senum.

1984 1802 2239 1856 Vcnditor
2260 1811 2421 1872 atque
2456 1820 2646 1859 senum
2675 1807 2893 1859 volvunt
2951 1819 2976 1856 P
3025 1809 3306 1864 mendacia
3332 1809 3478 1867 mille

2047 1894 2194 1959 Illic;
2252 1903 2312 1948 ut
2347 1897 2527 1965 capiat
2548 1895 2735 1951 fraude
2764 1898 2902 1950 mala
2934 1900 3147 1953 socium
3184 1919 3196 1953 :

1977 1985 2244 2051 Quaeritur
2289 1986 2378 2040 hic
2426 2001 2612 2041 verum
2638 2002 2735 2056 per
2764 1988 3093 2059 syllogistica
3132 2001 3159 2040 τι
3188 2005 3425 2057 sacrum,

2045 2076 2293 2131 Claustra
2350 2078 2524 2133 modis
2551 2079 2717 2133 variis
2741 2079 2939 2134 famine
2964 2080 3211 2149 paciﬁca.
3334 2152 3337 2157 _

1976 2169 2185 2240 Saepius
2208 2170 2442 2226 ebrietas
2470 2186 2686 2226 sensum
2728 2171 2868 2225 mala
2908 2172 3118 2226 subruit
3144 2173 3281 2239 illic;

2049 2263 2271 2317 Ducitur
2298 2270 2352 2316 et
2382 2261 2568 2316 famuli
2611 2262 2699 2315 vix
2729 2261 2986 2315 Dominus
3043 2262 3311 2316 manibus.

1975 2353 2181 2422 Aspicit
2217 2352 2305 2406 hic
2350 2360 2531 2406 vester
2574 2361 2595 2388 τ
2621 2350 2827 2422 jejunia
2858 2352 3013 2422 longa
3049 2352 3340 2427 legentum,

2046 2444 2221 2513 Atque
2254 2442 2427 2513 epulis
2453 2442 2629 2514 pascit
2647 2444 2827 2498 sobria
2855 2443 3016 2499 corda
3048 2443 3236 2497 sacris.

1973 2533 2053 2587 Ad
2076 2541 2145 2595 te,
2178 2532 2410 2598 Christe,
2450 2549 2638 2605 preces
2671 2536 2906 2598 veniant,
2944 2534 3251 2599 mitissime,
3286 2546 3498 2592 IIOSII‘iL‘.

2044 2622 2124 2678 Ad
2170 2640 2266 2679 nos
2300 2624 2549 2679 adveniat
2578 2626 2771 2695 gratia,
2800 2624 3036 2689 Christe,
3069 2635 3158 2679 tua
3188 2637 3231 2678 ι.

1975 2745 2150 2792 ναι.
2182 2746 2273 2792 ΙΙ
2309 2747 2834 2805 κοιιιτιιο
2864 2748 3218 2809 ρσοωιι,
3253 2749 3387 2795 εισι
3419 2749 3555 2794 ΔΙ.-
3604 2760 3610 2766 ’

2407 2818 2709 2872 οωιῑυε
2741 2817 3121 2865 Ριξξι-σιτ.

2692 2917 2846 2973 CVII.

2396 3011 2413 3045 ⁸
2442 3008 2541 3069 Ubi
2567 3009 2686 3066 libri
2729 3011 3117 3065 custodiuntur.

1902 3062 2205 3174 (fParvula
2253 3104 2394 3153 tecta
2449 3106 2631 3159 tenent
2658 3099 2896 3155 caelestis
2933 3099 3071 3155 dona
3100 3099 3322 3169 sophitc,

2048 3190 2177 3256 Qua:
2228 3198 2310 3255 tu,
2351 3189 2520 3244 lector
2547 3206 2733 3254 ovans,
2788 3200 3005 3261 pectore
3031 3190 3177 3245 disce
3198 3192 3306 3261 pio.

1975 3283 2237 3340 Omnibus
2265 3290 2348 3338 est
2386 3282 2533 3353 gazis
2579 3282 2768 3339 melior
2789 3283 3051 3353 sapientia
3071 3283 3248 3347 donis,

2044 3372 2214 3443 Quam
2242 3372 2403 3433 modo
2447 3373 2538 3443 qui
2564 3373 2807 3443 sequitur
2835 3372 2970 3428 lucis
3022 3372 3381 3428 habebititer.

2690 3462 2866 3518 cvm.
3136 3448 3137 3451 ‘

2535 3554 2615 3608 Ad
2642 3571 2973 3623 campanam.

1974 3642 2199 3711 Semper
2226 3644 2279 3697 in
2339 3652 2597 3698 aeternum
2628 3644 2793 3699 faciat
2820 3645 2934 3700 hzec
2960 3646 3165 3700 clocula
3187 3656 3393 3701 tantum

1970 3731 2255 3798 Carmina;
2296 3734 2393 3787 sed
2416 3741 2631 3787 resonet
2650 3734 2805 3788 nobis
2825 3735 2965 3789 bona
2989 3735 3167 3791 clocca
3199 3753 3470 3792 cocorum.

2700 3825 2833 3881 CIX.

2208 3919 2291 3971 Ad
2318 3919 2489 3971 locum
2527 3935 2554 3971 e
2581 3924 2683 3987 quo
2727 3919 2795 3971 ad
2822 3934 3053 3973 mensam
3082 3919 3289 3990 legitur.

1971 4009 2254 4064 Fratribus
2288 4025 2355 4064 ex
2378 4010 2482 4063 alta
2524 4018 2739 4064 resonet
2785 4011 2925 4065 bona
2950 4022 2978 4049 ιι
3028 4010 3186 4066 lectio
3215 4013 3363 4074 sedc,

1889 4174 1902 4185 .
1972 4099 2276 4155 Exhortaus
2333 4101 2541 4155 animos
2567 4116 2781 4170 semper
2819 4102 3080 4156 meditare
3130 4119 3381 4174 superna.

2049 4255 2067 4293 ι
2102 4257 2278 4328 Locus
2306 4267 2610 4328 corruptus.

2042 4326 2404 4400 llrI_Sequimur
2446 4326 2855 4400 celeberrimum
2900 4329 3283 4392 Mabillonium,
3340 4331 3430 4400 qui
3483 4340 3536 4384 et

2027 4412 2085 4485 se
2104 4398 2206 4452 hoc
2246 4399 2576 4485 epigramma
2612 4397 3111 4485 denCormat-icensi
3140 4400 3270 4455 cella
3321 4397 3542 4485 intelligi

1967 4412 2085 4522 apse
2104 4412 2206 4452 noc
2246 4414 2576 4470 epigramma
2612 4412 2677 4454 ue
2721 4412 3111 4454 uormaricens:
3140 4412 3270 4455 cella
3321 4412 3537 4485 mmngi

1617 4477 1706 4546 qui
1731 4478 1864 4534 omn
1889 4463 1941 4522 D
2002 4467 2163 4553 ebere
2178 4468 2470 4553 existimat,
2501 4469 2621 4523 Act.
2642 4469 2926 4553 ,ἢδη-ειυς.
2953 4486 3026 4535 ιν,
3046 4480 3185 4540 part.
3213 4487 3249 4534 ι,
3268 4485 3388 4541 pag.
3417 4471 3537 4553 I70.

2040 4548 2065 4574 ιι
2095 4537 2278 4604 Forte,
2312 4539 2612 4608 vatiferum,
2639 4538 2689 4592 id
2715 4546 2798 4592 est
2830 4550 3022 4593 vatum.

2041 4616 2065 4643 ο
2101 4608 2267 4679 Ιὲίιίιη
2310 4611 2573 4679 esophica,
2604 4608 2827 4674 Mabill.,
2856 4610 3202 4679 tlteosopltica.

2041 4688 2068 4727 P
2106 4677 2289 4744 Forte,
2340 4677 2512 4732 volvit.

2035 4759 2062 4796 ιι
2103 4747 2263 4818 Edit.,
2324 4746 2749 4818 Singulogistica.

2040 4828 2061 4855 τ
2099 4817 2279 4888 Forte,
2326 4835 2519 4888 vesper.

2038 4898 2058 4924 ⁸
2100 4886 2199 4942 llic
2257 4886 2681 4956 abrumpendum
2710 4889 2896 4943 censui
2931 4902 3151 4942 carmen
3198 4890 3298 4945 I98
3330 4891 3382 4944 in
3407 4892 3536 4945 edit.

1965 4955 2316 5032 Quercetani;
2367 4955 2509 5026 quOd
2556 4957 2832 5032 sequentia
2885 4973 3007 5032 cum
3064 4960 3331 5032 prioribus
3364 4960 3539 5032 plane

1964 5042 2072 5080 non
2105 5028 2428 5097 cohaereant,
2482 5034 2536 5079 et
2566 5026 2654 5080 bic
2684 5028 2840 5081 solita
2885 5026 3119 5082 clausula
3151 5026 3407 5083 carminis
3445 5045 3539 5097 po-

1965 5097 2064 5149 sita
2104 5097 2191 5149 sit.
2222 5096 2451 5151 Carmen
2473 5111 2623 5166 vero
2648 5097 2945 5151 subnexum
2975 5098 3067 5162 ibi,
3099 5098 3327 5166 aenigma
3356 5096 3532 5152 est’de

1962 5166 2372 5289 ἑίέτῖιέίίθέἑέυοά
2396 5165 2518 5220 vide
2540 5165 2764 5222 inferius
2787 5167 2928 5223 inter
2944 5167 3046 5221 alia
3072 5165 3356 5239 mnigmata
3380 5184 3529 5221 num.

2038 5244 2059 5289 λι
2098 5244 2153 5290 et
2174 5244 2298 5288 222.

2042 5309 2059 5345 ι
2100 5304 2200 5359 I‘Iic
2219 5314 2303 5363 est
2330 5304 2513 5360 titulus
2540 5304 2699 5373 hujus
2728 5308 2984 5361 carminis
3013 5307 3064 5360 in
3090 5303 3329 5361 cod.'ms.
3364 5305 3507 5361 Salis

1961 5376 2235 5446 hurgensi,
2291 5390 2398 5444 quo
2436 5376 2520 5430 usi
2555 5392 2756 5431 sunms.
2810 5377 3099 5444 Sequentia
3135 5377 3239 5429 duo
3290 5376 3531 5430 carmina

1960 5446 2014 5498 in
2036 5445 2225 5500 endem
2248 5447 2367 5502 cod.
2424 5456 2610 5504 carent
2633 5447 2822 5511 titulis,
2877 5464 2905 5499 a
2934 5445 3099 5514 priori
3141 5453 3316 5498 tamen
3354 5446 3535 5500 divisa

1959 5523 2100 5580 sunt,
2143 5530 2263 5587 qua:
2301 5517 2355 5571 in
2379 5516 2507 5572 edit.
2548 5516 2796 5585 Quercet.
2844 5532 2989 5570 num.
3019 5514 3124 5568 205
3153 5514 3380 5570 indivise
3404 5530 3529 5570 cur-

1960 5594 2104 5641 runt.

2030 5670 2055 5696 ιι
2083 5656 2206 5728 Ms,
2232 5675 2402 5713 sacra.
