4044 6340
567 319 670 373 755
1414 327 1473 382 Β.
1510 329 1568 383 r.
1610 328 1834 384 ALBINI
1872 331 2002 387 seu
2038 333 2312 389 ALCL‘INI
2352 337 2635 397 oesnuu
2673 341 2851 399 rans
2888 344 2974 399 Vl.
3708 327 3813 382 756

562 436 821 493 Esuriens
841 437 1065 508 dapibus
1111 452 1305 511 corpus
1330 440 1455 494 dum
1482 444 1720 511 pascitur
1748 444 1893 505 illud,

563 526 711 581 Mens
734 527 820 598 pia
851 537 1103 597 pascatur
1148 531 1329 585 verbis
1376 532 1685 589 coelestibus
1715 534 1825 587 illa.

560 618 627 677 Et
677 621 795 677 laus
821 622 958 678 alma
1009 623 1118 679 Deo
1150 632 1261 679 tota
1310 626 1584 695 capitatur
1609 639 1632 666 ⁸
1666 629 1719 681 in
1743 628 1885 692 aula,

558 710 722 768 Plena
747 714 859 768 suis
888 712 1102 770 famulis
1150 716 1377 786 dapibus
1422 734 1542 787 quae
1574 718 1602 757 δ
1633 718 1867 774 fercula'
1889 730 2131 788 przestat.

555 805 731 877 Atque
758 810 997 864 animum
1057 812 1263 879 pariter
1292 813 1497 869 caelesti
1527 830 1664 885 pane
1698 816 1920 871 cibavit.

1291 922 1403 979 CX.

1122 1027 1143 1056 ε
1188 1016 1269 1069 Ad
1300 1033 1554 1070 mensam.

550 1099 778 1156 Fercula
808 1111 993 1158 nostra
1034 1104 1155 1173 pius
1192 1105 1439 1160 Christus
1463 1106 1748 1162 benedicat
1780 1108 1835 1161 in
1858 1109 2003 1175 aula,

546 1189 615 1243 Et
642 1206 736 1245 sua
762 1192 1079 1263 multiplicet
1124 1195 1418 1250 clementer
1439 1212 1662 1251 munera
1689 1199 1859 1253 servis
1878 1198 1928 1251 δ.

546 1283 649 1349 Qui
704 1301 955 1340 mannam
983 1288 1179 1356 populo
1235 1288 1443 1342 caelesti
1501 1289 1728 1343 misitin
1768 1290 1962 1356 imbre,

544 1371 789 1442 Rupibus
823 1383 878 1430 et
898 1376 976 1430 sic
1013 1377 1063 1430 ei
1095 1386 1117 1412 θ
1150 1377 1351 1431 sitienti
1385 1376 1605 1432 flumina
1632 1378 1806 1435 fudit:

542 1461 779 1521 Panibus
825 1475 880 1522 et
917 1467 1095 1536 quinis
1140 1469 1359 1523 satiavit
1399 1470 1564 1524 millia
1602 1472 1840 1540 quinque
1874 1491 1886 1525 :

541 1554 643 1622 Qui
682 1559 947 1612 convertit
996 1575 1163 1629 aquas
1212 1560 1442 1615 mirandi
1494 1561 1548 1615 in
1574 1561 1698 1616 vina
1745 1563 1977 1631 saporis,

538 1646 649 1702 hos
680 1657 735 1704 et
774 1659 957 1705 nostra
1010 1652 1169 1706 simul
1198 1654 1481 1709 benedicat
1534 1654 1737 1710 fercula
1786 1655 1954 1718 mitis,

536 1738 935 1812 Conservetque
980 1759 1105 1798 suos
1143 1743 1371 1800 famulos
1412 1746 1465 1800 in
1488 1760 1621 1815 pace
1659 1761 1874 1810 serena,

535 1828 806 1890 Laudibus
851 1842 1013 1903 atque
1056 1836 1168 1891 suis
1190 1836 1354 1891 iaciat
1386 1838 1682 1894 consistere
1706 1854 1895 1913 sanos.

532 1921 794 1980 Pacificos
832 1941 1032 1993 mores,
1066 1926 1283 1993 fratres,
1318 1944 1415 1984 vos
1448 1944 1664 1999 semper
1698 1941 1898 1993 amate,

531 2016 757 2087 Semper
805 2028 954 2073 amat
995 2022 1248 2090 quoniam
1294 2036 1483 2090 pacem
1536 2037 1632 2076 rex
1678 2022 1793 2091 ipse
1827 2021 2111 2092 polorum,

527 2108 686 2165 Pacis
732 2120 1003 2167 amatores
1044 2113 1154 2166 nati
1179 2121 1306 2167 sunt
1340 2127 1467 2168 ecce
1503 2113 1785 2168 Tonantis.

532 2200 552 2239 ί
588 2201 688 2256 llic
720 2201 921 2272 pariter
962 2201 1157 2258 fratres
1184 2203 1397 2259 Domini
1427 2219 1551 2259 cum
1574 2203 1823 2259 laudibus
1876 2206 2103 2270 intrent,

526 2289 754 2361 Semper
772 2294 826 2347 in
847 2309 943 2348 ore
987 2303 1142 2349 sonat
1168 2310 1399 2366 quorum
1419 2295 1538 2350 laus
1560 2296 1732 2365 gloria
1757 2296 1995 2352 Christo.

527 2382 648 2438 Haec
694 2393 777 2438 est
801 2399 955 2439 sacra
984 2386 1091 2450 via,
1146 2385 1374 2454 pedibus
1427 2387 1542 2442 haac
1584 2389 1768 2458 pervia
1803 2388 2059 2453 fratrum,

523 2473 685 2532 Solus
712 2476 917 2531 amicus
942 2492 1110 2532 ovans
1152 2478 1353 2547 plantis
1377 2487 1720 2549 pertranseat
1741 2480 1910 2539 illam.

522 2565 640 2621 Non
667 2567 875 2623 alienus
922 2584 1041 2623 eam
1067 2570 1295 2640 pedibus
1319 2581 1602 2641 percurrat
1632 2573 1851 2643 iniquis,

518 2657 634 2713 Non
658 2658 764 2726 fur,
790 2659 1104 2729 falsiloquus
1135 2662 1439 2732 quisquam,
1466 2679 1574 2719 non
1600 2673 1780 2719 mente
1811 2666 2045 2737 maligna
2084 2681 2103 2749 ξ

518 2749 627 2806 Sed
665 2751 937 2808 fraternus
979 2769 1133 2809 amor
1163 2756 1373 2824 pariter
1394 2759 1681 2813 comitetur
1700 2767 1911 2815 euntes.

517 2844 583 2898 Et
620 2860 725 2914 pax
771 2852 934 2917 atque
969 2848 1101 2904 fides
1126 2849 1319 2918 pietas,
1349 2852 1657 2916 concordia,
1681 2868 1854 2919 saera,

517 2936 582 2989 Et
610 2934 792 2991 divina
820 2938 979 2993 simul
1029 2948 1249 2995 resonet
1268 2939 1386 2995 laus
1414 2956 1629 3011 semper
1659 2943 1712 2996 in
1736 2958 1850 2998 ore.

513 3027 728 3082 Currite
756 3026 895 3099 [vos]
933 3028 1159 3098 juvenes
1187 3028 1390 3084 Christi
1418 3041 1774 3101 properanter
1807 3034 1875 3088 ad
1896 3032 2095 3112 aulam,

516 3116 848 3187 lntentisque
887 3118 1082 3175 animis
1124 3135 1285 3177 voces
1334 3120 1518 3177 audite
1562 3139 1843 3193 supernas.

514 3209 634 3264 Non
675 3225 773 3265 vos
797 3211 1029 3281 decipiat
1082 3211 1239 3267 fallax
1284 3212 1512 3268 dulcedo
1543 3214 1811 3284 jocorum,

512 3299 632 3359 Non
664 3300 897 3358 carnalis
927 3315 1099 3367 amor,
1152 3301 1330 3367 ludus,
1375 3305 1689 3374 petulantia,
1722 3307 1886 3361 risus.

514 3391 652 3445 Dum
673 3391 817 3462 viget
841 3401 866 3439 Β
893 3402 1056 3461 atque
1077 3392 1220 3448 valet
1240 3393 1416 3450 calido
1439 3392 1551 3468 [de]
1577 3396 1839 3467 sanguine
1872 3411 2070 3468 corpus

514 3484 713 3539 Discite
758 3482 1006 3555 florigera
1037 3494 1304 3541 sacratam
1336 3495 1495 3542 aetate
1529 3488 1799 3558 sophiam,

511 3576 659 3637 More
689 3575 902 3632 liuentis
941 3593 1094 3649 aqua:
1138 3577 1350 3649 fugiunt
1397 3579 1523 3649 quia
1561 3588 1803 3651 tempora
1854 3597 2087 3653 semper.

1243 3695 1378 3755 CXI.

813 3808 893 3861 Ad
922 3825 1069 3862 aram
1094 3813 1265 3864 sancti
1309 3808 1535 3865 Joannis
1564 3809 1839 3881 Baptism,

508 3920 815 3975 Prtecursor
854 3920 1067 3976 Domini
1096 3937 1322 3993 magnus
1343 3922 1586 3997 Baptista
1615 3920 1868 3988 Joannes,

505 4012 659 4067 lianc
686 4021 843 4066 ornat
877 4022 1122 4068 sanctam
1146 4014 1356 4069 meritis
1382 4014 1701 4069 sublimibus
1727 4014 1925 4069 aulam.

505 4103 606 4171 Qui
644 4104 744 4159 fuit
809 4105 1058 4160 humanm
1087 4108 1422 4162 venerandus
1442 4121 1621 4177 praeco
1651 4106 1866 4171 salutis,

507 4196 605 4259 llic
637 4198 776 4255 lerat
805 4199 1063 4259 auxilium
1109 4199 1265 4254 nobis
1290 4199 1492 4253 virtute
1510 4214 1764 4270 superna,

1238 4335 1394 4392 CXII.

858 4429 937 4480 Ad
964 4444 1111 4481 aram
1141 4428 1306 4481 sancti
1330 4427 1497 4481 Saluti
1519 4429 1787 4498 martyris.

505 4540 715 4595 Salvius
748 4542 835 4594 hic
861 4540 1055 4610 przcsul
1086 4539 1293 4594 meritis
1339 4546 1394 4594 et
1418 4547 1628 4609 martyr
1658 4542 1938 4605 honestus,

501 4632 759 4689 Praesenti
784 4634 955 4688 sacris
977 4631 1114 4687 votis
1141 4640 1469 4691 memoratur
1489 4631 1544 4686 in
1567 4647 1661 4688 ara

1193 4744 1370 4800 CXIII.

921 4837 999 4890 Ad
1027 4854 1173 4891 aram
1202 4839 1369 4891 sancti
1396 4836 1643 4892 Bavonis.

500 4929 629 4986 Hmc
660 4928 775 4985 loca
806 4927 1104 4985 sanctiﬁcet
1131 4926 1467 4980 venerandus
1510 4926 1661 4981 Bavo
1698 4926 1972 4993 sacerdos,
2036 4950 2039 4953 ·

500 5023 802 5094 Discipulus
827 5023 934 5077 vita
986 5019 1163 5077 Patris
1200 5020 1499 5090 condiguus
1525 5019 1774 5083 Amandi.

572 5212 595 5241 ιι
638 5200 759 5264 Μςη
793 5208 1047 5252 cantetur.

574 5271 598 5308 δ
640 5269 758 5331 Ms,
790 5269 901 5339 qui.

572 5350 592 5376 ο
620 5339 694 5395 Ita
722 5336 826 5393 hoc
851 5353 1068 5393 carmen
1097 5338 1412 5395 inscribitur
1435 5336 1487 5390 in
1509 5336 1627 5391 cod.
1663 5351 1766 5390 ms.
1802 5336 1997 5394 Salisb.

566 5409 591 5448 ἀ
631 5408 719 5464 Sic
744 5409 930 5462 finitur
951 5426 1168 5464 carmen
1200 5411 1252 5463 in
1279 5410 1467 5463 eodem
1489 5407 1609 5461 cod.
1646 5421 1772 5471 ms.,
1798 5412 2074 5465 continuas

497 5488 586 5533 tur
615 5494 740 5534 vero
776 5480 827 5533 in
851 5480 1087 5535 editione
1116 5478 1457 5549 Quercetaui.

574 5561 595 5587 ε
637 5549 731 5604 Ms.
745 5592 759 5614 ,
791 5559 839 5603 et
860 5550 1032 5605 siccis.

574 5619 593 5656 ί
621 5620 749 5687 Οιιιη
785 5621 871 5690 hic
890 5629 1208 5690 sequuntur,
1257 5636 1361 5674 non
1392 5626 1458 5678 ad
1482 5639 1743 5687 mensam,
1770 5624 1864 5679 sed
1900 5624 1966 5679 ad
1994 5625 2071 5676 lo-

495 5701 776 5763 cum,quo
806 5689 1003 5744 fratres
1025 5693 1091 5746 ad
1125 5693 1371 5755 chorum,
1408 5695 1474 5750 ad
1495 5695 1779 5763 colloquia,
1812 5695 1877 5750 ad
1915 5696 2071 5750 scho-

499 5757 607 5813 lam
646 5757 723 5816 ire
755 5771 1172 5823 consueverunt,
1212 5763 1483 5832 pertinere
1513 5757 1778 5822 videntur.

2122 3136 2172 3199 (Ξ

2110 4486 2162 4546 D

2161 450 2212 509 Α
2948 461 3131 518 CXIV.

2342 547 2425 602 Ad
2445 550 2713 604 ecclesiam
2747 553 2915 606 sancti
2938 551 3193 623 Stephani
3212 558 3608 629 protomartyris
3630 561 3682 614 ιι.

2237 662 2348 717 Hac
2374 680 2599 734 magnus
2620 666 2817 721 colitur
2846 666 3151 737 Stephanus
3186 679 3553 742 protomartyr
3574 673 3631 728 in
3662 671 3811 742 aula,

2235 754 2335 821 Qui
2373 755 2742 827 fuitegregius
2787 759 2999 814 meritis
3048 767 3103 813 et
3127 762 3342 815 nomine
3366 762 3568 819 clarus.

2232 841 2333 909 Qui
2363 842 2565 912 lapides
2589 845 2729 899 inter
2766 843 3041 899 Christum
3069 847 3323 901 cernebat
3347 848 3401 902 in
3429 863 3576 914 arce,

2230 934 2312 989 Ad
2361 936 2713 1006 dextramque
2756 937 2850 992 Dei
2886 946 3115 994 stantem
3145 954 3307 1009 super
3331 941 3498 995 ardua
3533 942 3657 997 coeli

2229 1025 2493 1093 Culmina,
2532 1029 2676 1084 ferre
2718 1045 2816 1084 suo
2867 1028 3119 1101 suffragia
3160 1040 3397 1101 martyre
3418 1046 3638 1101 magna.

2228 1120 2394 1191 Cujus
2418 1123 2622 1178 honore
2651 1123 2741 1192 pio
2767 1122 2894 1177 fecit
2944 1123 3264 1177 Ambrosius
3287 1124 3477 1186 aedem.

2225 1215 2345 1270 1am
2406 1216 2655 1285 precibus
2677 1216 2887 1270 veniam
2936 1223 3238 1271 mereretur
3264 1218 3278 1257 i
3311 1225 3369 1269 ut
3398 1216 3540 1270 illius
3569 1215 3751 1271 almis.

2225 1307 2331 1363 Pro
2356 1323 2462 1379 quo
2488 1309 2713 1379 quisque
2742 1308 2890 1379 legas
2924 1308 3139 1363 titulum
3164 1323 3394 1363 exorare
3434 1318 3733 1373 memento,

2227 1400 2402 1470 thue
2429 1416 2586 1455 suum
2630 1399 2889 1454 famulum
2941 1397 3188 1454 Christus
3209 1408 3493 1456 conservet
3522 1400 3575 1455 in
3603 1416 3802 1455 aevum.

2965 1513 3125 1567 CXV.

2574 1605 2653 1661 Ad
2674 1620 2822 1659 aram
2845 1605 3012 1657 sancti
3050 1600 3196 1656 Petri
3221 1604 3464 1674 apostoli.

2222 1719 2333 1773 Rex
2357 1715 2581 1773 Carolus
2602 1715 2801 1771 Christi
2834 1730 3027 1785 magno
3053 1716 3275 1769 devotus
3326 1729 3531 1780 amore,

2148 1792 2193 1852 Β
2220 1807 2463 1864 Jusserat
2496 1809 2634 1861 hanc
2657 1822 2807 1860 aram
2833 1805 3007 1861 sacris
3065 1806 3264 1861 vestire
3292 1805 3522 1860 metallis

2210 1899 2294 1955 Ad
2329 1901 2491 1956 decus
2518 1898 2789 1963 Ecclesiae,
2817 1898 3089 1967 propriam
3116 1897 3437 1967 sibimetque
3464 1896 3716 1953 salutem.

2207 1992 2400 2048 Petrus
2426 1992 2720 2062 apostolico
2771 1991 3023 2062 princeps
3051 1991 3105 2045 in
3136 1991 3348 2061 agmine
3367 1991 3576 2061 primus

2207 2083 2321 2138 Hoc
2348 2084 2519 2139 altare
2567 2092 2737 2155 regat,
2778 2083 2937 2139 simul
2966 2093 3023 2138 et
3046 2085 3161 2139 haec
3185 2084 3381 2153 templa
3415 2093 3629 2153 tuetur;

2204 2177 2434 2246 Adjuvet
2462 2186 2518 2232 et
2547 2177 2800 2246 precibus
2830 2176 3151 2232 famulorum
3187 2186 3311 2231 vota
3349 2192 3592 2232 suorum.

2206 2268 2316 2324 Hoc
2341 2284 2477 2339 opus
2504 2269 2729 2323 antistes
2756 2282 2883 2338 rege
2911 2269 3199 2322 mandante
3222 2268 3449 2338 peregit,

2202 2359 2557 2416 Hildilbaldus
2595 2358 2608 2409 i
2650 2374 2817 2414 ovans
2857 2359 3113 2429 Agripina
3140 2358 3332 2427 praesul
3363 2359 3415 2413 in
3443 2360 3606 2418 urbe.

2202 2452 2366 2523 217
2404 2450 2503 2506 Hic
2545 2466 2647 2522 pro
2690 2465 2836 2520 rege,
2887 2449 3111 2514 Patres,
3163 2448 3379 2505 Christo
3416 2450 3505 2520 pia
3544 2466 3779 2507 munera

2720 2536 2739 2553 '
3512 2539 3677 2613 [ferte
3698 2584 3715 2607 ,

2206 2631 2275 2688 Ut
2303 2641 2589 2687 conservet
2611 2646 2733 2687 eum
2756 2633 2994 2685 caelestis
3029 2630 3202 2700 gratia
3233 2644 3468 2701 semper.

2202 2719 2328 2776 Haec
2359 2727 2443 2775 est
2475 2720 2615 2774 alma
2640 2721 2830 2775 domus
2852 2719 3007 2774 donis
3036 2718 3259 2773 solidata
3288 2719 3560 2789 supernis.

2203 2811 2353 2866 Hanc
2379 2820 2531 2881 regat
2559 2811 2919 2881 omnipotens,
2956 2824 3152 2880 magno
3180 2825 3303 2865 cum
3323 2810 3569 2881 principe
3593 2811 3784 2867 Petro.

2204 2901 2287 2958 Sit
2321 2902 2415 2957 tibi
2443 2910 2592 2957 certa
2621 2902 2790 2965 salus,
2820 2901 2993 2955 veniae
3014 2915 3157 2971 spes,
3186 2900 3355 2971 janua
3377 2901 3524 2964 vitae,

2202 2994 2455 3065 Quisquis
2479 2994 2643 3049 corde
2664 2993 2754 3063 pio
2779 2993 3049 3064 lacrymas
3075 2993 3179 3047 hac
3203 2992 3385 3049 fundis
3414 2992 3467 3047 in
3485 2993 3634 3047 aula.

2950 3110 3090 3165 XVI.

2950 3110 2998 3165 X
3051 3110 3090 3165 Ι.

2390 3201 2470 3255 Ad
2504 3202 2853 3256 conditorium
2890 3109 3192 3256 Singaram
3233 3200 3598 3273 reliquiarum.

2198 3316 2343 3383 Herc,
2372 3325 2427 3372 tu
2448 3333 2609 3388 quam
2633 3318 2813 3372 cernis
2831 3360 2845 3381 ,
2874 3324 3172 3385 praeparata
3195 3312 3542 3377 domuncula,
3574 3312 3773 3377 lector,

2196 3408 2494 3478 Relliquias
2531 3415 2753 3477 propter
2776 3421 2962 3462 sacras
2977 3408 3089 3476 jam
3120 3404 3334 3460 condita
3357 3411 3576 3458 constat

2197 3500 2267 3557 Ut
2291 3499 2439 3555 locus
2458 3499 2547 3554 hic
2572 3499 2805 3553 mundus
2833 3497 3086 3567 suffragia
3111 3503 3295 3550 sancta
3323 3502 3534 3549 teneret
3568 3512 3582 3548 :

2195 3591 2451 3646 Servulus
2471 3597 2532 3645 ut
2557 3588 2759 3646 Christi
2786 3589 3011 3645 veniens
3041 3595 3224 3641 oraret
3256 3586 3308 3639 in
3338 3585 3467 3649 isto,

2192 3679 2437 3734 Jusserat
2454 3678 2680 3734 Albinus
2703 3686 2856 3732 vates
2876 3677 2993 3731 hzec
3021 3684 3161 3732 tecta
3189 3690 3407 3745 parare,

2191 3771 2297 3832 Pro
2320 3786 2447 3841 quo,
2469 3769 2562 3841 qui
2586 3768 2799 3824 titulum
2820 3767 3021 3831 videas,
3050 3782 3207 3821 orare
3230 3774 3567 3834 memento‘x

2880 3876 3084 3933 CXVII.

2618 3969 2692 4025 De
2714 3968 2963 4023 ruriculis
2990 3967 3332 4039 castigandis.

2190 4079 2426 4135 Venerat
2462 4078 2642 4133 infelix
2674 4078 2913 4133 rurensis
2937 4077 3093 4133 turba
3121 4077 3337 4140 timore,

2189 4173 2359 4241 Quam
2391 4175 2589 4245 premit
2612 4173 2833 4244 opiﬁces
2854 4175 2881 4213 ι
2911 4173 3016 4228 illis
3048 4174 3317 4227 inamatus
3345 4171 3651 4227 Amandus.

2188 4266 2327 4333 Quid
2352 4266 2556 4321 faciunt
2584 4266 2811 4321 miseri?
2851 4265 3190 4334 Rumpantur
3215 4264 3376 4320 dorsa
3405 4264 3661 4334 flagellis.

2189 4357 2273 4414 Sit
2294 4373 2383 4413 rea
2408 4357 2662 4412 ruriculis
2682 4364 2889 4411 tantum
2911 4355 3210 4411 substantia
3239 4354 3410 4410 salva.

2864 4466 3093 4523 CXVIII.

2439 4562 2512 4617 De
2540 4562 2739 4617 (edibus
2765 4562 2930 4617 sacris
2952 4562 3017 4616 ab
3042 4561 3264 4615 Alcuino
3286 4561 3518 4630 refectis.

2184 4675 2410 4731 Albinus
2434 4675 2658 4731 veniens
2682 4674 2970 4746 peregrino
2995 4674 3138 4729 vatis
3166 4675 3234 4729 ab
3255 4673 3407 4735 orbe,

2185 4767 2280 4822 His
2316 4782 2479 4837 quem
2516 4767 2717 4822 direxit
2745 4767 3004 4837 praeclara
3028 4766 3304 4821 Britannia
3334 4765 3519 4823 terris.

2186 4858 2429 4930 Suscipit
2450 4860 2596 4914 hunc
2629 4858 2877 4923 Carolus,
2906 4857 3066 4927 hujus
3094 4874 3189 4912 rex
3218 4858 3452 4927 inclytus
3484 4857 3663 4920 orbis,

2181 4952 2313 5006 Cum
2339 4954 2535 5021 pietate
2558 4967 2727 5006 sacrae
2749 4951 2952 5021 sophia:
2978 4961 3090 5006 tum
3115 4959 3336 5022 pr0pter
3357 4965 3625 5004 amorem.

2179 5042 2279 5103 Hic
2305 5044 2483 5098 diruta
2510 5042 2598 5098 diu
2629 5057 2971 5097 camerarum
3003 5041 3238 5097 culmina
3258 5039 3450 5107 jussit,

2251 5219 2276 5259 ⁸
2310 5216 2447 5273 Edit.
2459 5257 2474 5284 ,
2497 5219 2621 5272 vivet
2642 5226 2710 5273 et.

2246 5288 2273 5327 ιι
2315 5287 2428 5343 lloc
2471 5289 2675 5359 pariter
2724 5296 2779 5344 et
2806 5290 3137 5359 subsequens
3176 5301 3396 5343 carmen
3441 5284 3779 5341 contulimus

2176 5372 2301 5413 cum
2350 5374 2453 5413 ms.
2474 5358 2693 5414 ’Salisb.
2988 5358 2997 5359 ί
3256 5384 3257 5387 η

2252 5430 2268 5468 ί
2321 5428 2452 5483 Cod.
2496 5430 2629 5493 Sal.,
2657 5438 2903 5484 meretur.

2248 5496 2261 5548 i
2330 5492 2709 5555 Hildilbaldus.
2740 5497 3115 5561 Hildebaldus,
3175 5496 3548 5558 HildeboIdns,
3611 5492 3777 5549 Colo-

2173 5568 2385 5692 niensig
2394 5570 2841 5692 1agchiepismpus
2861 5579 2914 5625 et
2934 5570 3398 5639 archicapellanus
3419 5565 3608 5641 palatii
3630 5565 3779 5621 obiit

2176 5654 2324 5692 anno
2465 5680 2478 5692 .

2176 5654 2324 5693 anno
2352 5654 2478 5693 διν.

2248 5709 2272 5747 ιε
2314 5707 2517 5764 Sensus
2538 5711 2821 5767 obscurus.
