4044 6340
304 270 411 327 ’757

310 382 381 438 Ut
401 379 599 444 cernis,
627 377 819 441 lector,
847 382 1010 429 totam
1035 388 1296 428 renovare
1322 387 1425 442 per
1447 370 1625 425 aulam
1654 382 1702 421 ο.

309 470 547 526 ilicioca
582 467 827 536 reliquiis
855 473 1098 520 statuens
1132 463 1410 532 aptissima
1436 460 1631 523 sacris,

311 558 635 614 Sanctorum
657 556 872 625 requies
893 562 1070 609 certos
1091 561 1151 607 ut
1166 553 1389 608 haberet
1412 552 1669 615 honores,

313 648 387 704 Ut
414 649 571 703 decet
597 647 651 701 in
682 647 843 701 terris
869 644 1119 699 venerari
1149 651 1336 698 sancta
1364 642 1601 712 piorum,

312 736 459 804 Quos
482 738 625 790 Deus
650 736 705 791 in
728 735 882 790 curiis
913 735 1081 789 voluit
1117 748 1346 802 regnare
1366 747 1463 801 per
1487 745 1682 784 aevum.

314 858 415 903 xx.
467 856 557 902 ιιι
617 854 1161 901 Ποπιιτειιη
1217 854 1277 899 8-
1337 850 1574 899 νει-ιιι
1632 847 1885 894 ΠΑΙΔΙ·

350 926 751 973 BUIGIIII
788 927 887 971 ετ
916 925 976 970 Ι.
1006 923 1330 970 Ακιιωι
1364 918 1857 968 ιωιοιωιηι.

1106 1026 1195 1080 IX.

1106 1026 1195 1080 IX.

474 1119 503 1158 δ
546 1118 620 1172 De
649 1119 731 1171 ria
759 1116 955 1184 duplici
985 1026 1312 1169 agxscholam
1339 1122 1386 1166 et
1412 1125 1723 1179 cauponam.

317 1228 417 1286 Hic
441 1238 495 1284 tu
527 1245 623 1300 per
659 1237 883 1283 stratum
910 1243 1140 1297 pergens
1175 1226 1429 1290 subsiste,
1462 1226 1661 1289 viator,

320 1319 626 1374 Versiculos
656 1334 855 1389 paucos
882 1318 1120 1373 studiosa
1157 1317 1375 1387 perlege
1404 1324 1603 1370 mente.

318 1410 376 1468 In
408 1411 515 1475 via,
538 1426 698 1479 quam
730 1411 930 1474 cernis,
964 1409 1161 1480 duplici
1189 1409 1393 1464 ditatur
1430 1408 1672 1461 honore:

320 1501 444 1555 Haec
472 1503 538 1556 ad
564 1518 859 1573 cauponem
880 1503 1025 1558 ducit
1047 1510 1233 1572 potare
1260 1513 1282 1539 α
1313 1502 1582 1556 volentem
1610 1518 1622 1553 :

319 1590 492 1661 Elige,
518 1592 660 1661 quod
681 1592 890 1661 placeat
924 1592 1020 1646 tibi
1044 1607 1185 1645 nunc
1206 1592 1324 1651 iter,
1352 1605 1479 1644 ecce
1508 1588 1713 1653 viator,

318 1683 424 1736 Aut
447 1692 634 1753 potare
662 1700 890 1747 mecum,
919 1699 1103 1741 sacros
1134 1692 1225 1737 aut
1247 1682 1457 1736 discere
1480 1680 1684 1739 libros.

319 1772 380 1828 Si
412 1784 601 1847 potare
628 1776 776 1840 velis,
808 1792 1056 1832 nummos
1090 1784 1349 1846 praestare
1385 1773 1605 1828 debebis
1635 1786 1661 1827 ι

319 1861 543 1920 Discere
566 1867 609 1921 si
640 1868 849 1936 cupias,
883 1867 1074 1935 gratis,
1098 1865 1241 1936 quod
1277 1864 1499 1934 qumris,
1531 1862 1780 1917 habebis.

1016 1976 1180 2032 CXX.

689 2070 716 2108 δ
746 2069 826 2122 Ad
854 2069 1123 2123 ecclesiam
1147 2068 1316 2123 sancti
1344 2065 1521 2123 Ρεει-ὶ.-

321 2180 570 2252 Claviger
596 2180 870 2245 aetherius,
894 2191 1080 2249 portas
1107 2179 1200 2248 qui
1225 2179 1412 2249 pandit
1442 2178 1678 2249 Olympi,

325 2269 536 2334 Petrus,
564 2270 859 2339 apostolico
894 2270 1186 2339 praeclarus
1233 2270 1286 2322 in
1320 2269 1534 2339 agmine
1567 2280 1590 2306 ε
1617 2268 1891 2337 princeps,

323 2361 577 2432 Protegat
620 2361 760 2414 hanc
794 2359 972 2414 aulam
1029 2357 1245 2414 Christo
1287 2360 1526 2414 donante
1560 2374 1659 2428 per
1693 2372 1891 2423 :evum,

326 2451 499 2518 Quam
521 2449 681 2505 Pater
705 2451 955 2522 egregius
982 2449 1319 2504 Hrodbertus
1346 2448 1364 2486 ί
1398 2448 1604 2504 fecerat
1632 2449 1785 2514 olim,

328 2540 398 2598 Ut
426 2540 566 2597 foret
586 2542 882 2597 aitithrono
901 2541 1038 2607 laus,
1064 2541 1233 2610 gleria
1260 2556 1472 2611 semper
1511 2541 1566 2596 in
1606 2540 1717 2607 illa,

324 2631 538 2702 Septies
561 2634 721 2701 inque
750 2633 835 2687 die
857 2633 1041 2687 laudes
1074 2633 1164 2687 ubi
1192 2631 1373 2703 dicere
1398 2631 1617 2687 Christo

322 2722 660 2777 Conveniunt
678 2724 900 2794 pariter,
927 2725 1121 2779 devoto
1143 2734 1379 2794 pectore,
1416 2723 1632 2783 fratres.

1298 258 1620 319 CARMINA.
1679 288 1748 298 -—
1784 252 2299 311 INSCRIPTIONES
2335 254 2585 311 VARUS.
3447 250 3550 308 753

1906 367 1958 424 Δ

2659 368 2889 424 CXXIII.

2448 461 2525 513 Ad
2554 470 2796 515 sanctum
2832 457 3080 513 Paulum.

1983 547 2107 603 Haec
2130 550 2247 604 ioca
2280 560 2465 605 sancta
2487 558 2635 605 tenet
2669 551 2960 620 praeclarus
2985 551 3039 605 in
3061 550 3193 607 orbe
3219 550 3484 623 magister

1983 639 2201 705 Paulus,
2230 642 2524 710 apostolico
2546 651 2862 697 numeratus
2896 643 2950 697 in
2977 643 3167 698 ordine
3198 644 3406 710 doctor,

1984 730 2093 784 Vas
2128 731 2330 800 sophia:
2364 731 2614 794 electum,
2650 733 2886 787 caelestis
2908 748 3087 803 prteco
3107 733 3320 798 salutis,

1987 821 2258 894 Sanguine
2282 826 2372 895 qui
2404 840 2560 881 roseo
2587 827 2707 881 coeli
2738 828 3043 896 penetravit
3077 827 3130 881 in
3156 841 3338 884 arcem
3362 826 3413 879 II.

2644 937 2877 993 CXXIV.

2537 1023 2554 1064 ι
2596 1025 2661 1080 In
2686 1026 3008 1082 Cwmeterio.

1988 1114 2115 1169 Haec
2153 1122 2361 1184 aequata
2398 1116 2512 1170 solo
2539 1117 2697 1172 viluit
2746 1118 2936 1173 domus
2966 1119 3165 1189 inclyta
3196 1118 3488 1189 quondam,

1989 1205 2105 1261 Non
2140 1207 2263 1261 tulit
2286 1208 2425 1261 hanc
2448 1210 2707 1278 speciem,
2734 1210 2934 1264 Christi
2960 1211 3186 1265 devotus
3215 1212 3422 1266 honore

1989 1298 2239 1352 Arnonus
2272 1300 2465 1369 pracsul
2495 1299 2742 1367 humilis;
2792 1316 3054 1357 renovare
3072 1301 3345 1370 iacentem

1988 1386 2198 1457 Incipit,
2222 1396 2275 1442 et
2309 1388 2501 1444 melius
2526 1396 2692 1445 totam
2735 1400 3111 1447 construxerat
3132 1392 3335 1457 tndem;

1990 1476 2327 1533 Consecrans
2355 1481 2580 1535 summis
2604 1482 3053 1539 intercessoribus
3091 1484 3260 1540 illam.

1989 1568 2255 1638 Principis
2272 1571 2470 1640 egregii
2493 1573 2668 1640 primo
2690 1573 2963 1630 Michaelis
2983 1577 3214 1639 honore,

1992 1660 2257 1730 Principis
2305 1662 2562 1718 Ecclesiae
2597 1681 2807 1719 necnon
2835 1668 2935 1721 sub
2965 1667 3181 1721 nomine
3203 1666 3383 1733 Petri;

1995 1752 2259 1822 Principis
2280 1762 2335 1807 et
2359 1753 2587 1809 fratrum
2612 1756 2876 1825 prmclari,
2906 1766 2960 1819 et
2990 1758 3167 1812 Patris
3192 1754 3458 1824 Amandi;

1993 1841 2063 1896 Ut
2092 1852 2358 1909 sanctum,
2383 1844 2572 1910 voluit,
2610 1846 2963 1917 polyan'drum
2989 1846 3249 1901 fratribus
3277 1855 3441 1903 esset.

1992 1930 2100 1985 Vos
2128 1933 2178 1986 in
2204 1948 2335 2002 pace
2370 1934 2463 1988 Dei
2492 1937 2643 1990 citari
2680 1937 3021 2006 requiescite,
3052 1936 3270 1999 fratres,

1994 2022 2174 2077 Donec
2204 2026 2271 2079 ab
2293 2026 2515 2079 aetheria
2547 2027 2742 2081 clamet
2768 2029 2887 2097 pius
2909 2028 3131 2099 angelus
3150 2043 3279 2083 arce
3306 2046 3319 2082 :

1993 2111 2211 2184 Surgite
2235 2130 2376 2169 nunc
2399 2118 2631 2187 prompti
2647 2126 2683 2148 ⁸·
2709 2126 2867 2172 ιρι-τω
2891 2120 2955 2173 de
2973 2118 3212 2187 pulvere,
3243 2117 3437 2174 fratres
3465 2136 3479 2174 :

1994 2200 2103 2257 Vos
2124 2214 2278 2258 vocat
2301 2205 2594 2261 adveniens
2614 2207 2776 2277 judex
2812 2210 2877 2263 de
2903 2209 3138 2263 culmine
3163 2209 3284 2264 caeli
3319 2225 3334 2267 :

1995 2290 2130 2346 Cum
2156 2294 2363 2349 meritis
2389 2297 2599 2350 animas
2629 2298 2862 2366 propriis
2890 2298 3153 2353 assumite
3176 2307 3387 2353 vestras
3418 2315 3432 2352 :

1994 2381 2136 2438 Ante
2157 2382 2251 2438 Dei
2275 2384 2475 2439 Christi
2506 2402 2759 2456 magnum
2789 2388 2948 2442 modo
2972 2396 3114 2443 state
3142 2389 3404 2453 tribunal,

2000 2472 2071 2530 Ut
2092 2475 2359 2546 condigna
2393 2476 2505 2531 suis
2531 2478 2713 2547 capiat
2735 2479 2857 2547 quis
2882 2480 3104 2548 praemia
3140 2477 3379 2535 factis.«v

1999 2563 2214 2635 Vosque
2246 2567 2431 2622 timete
2461 2568 2602 2622 diem
2647 2569 2816 2633 horis,
2850 2584 3061 2638 precor,
3104 2570 3353 2625 omnibus
3398 2569 3570 2635 illum,

1998 2657 2165 2727 218
2200 2655 2303 2724 Qui
2348 2658 2525 2728 legitis
2572 2674 2764 2714 versus
2811 2660 3009 2730 operis,
3042 2659 3168 2713 dum
3219 2667 3431 2729 tempus
3475 2659 3581 2715 ha-

3309 2748 3503 2821 [ιιοιίι.

324 2812 456 2879 Vos,
482 2815 607 2869 dum
633 2816 783 2885 signa
804 2825 1017 2881 sonent,
1043 2818 1274 2887 prompti
1309 2817 1333 2856 ⁸
1360 2816 1673 2872 concurrite
1693 2815 1900 2883 cuncti,

2002 2837 2074 2894 Ut
2096 2854 2193 2894 vos
2219 2839 2458 2895 inveniat
2479 2840 2702 2895 veniens
2727 2838 2816 2894 lux
2848 2839 2936 2895 illa
2958 2849 3180 2910 paratos
3210 2851 3259 2893 ι’.

324 2904 543 2960 Vertico
566 2907 856 2972 submisso,
885 2908 1076 2961 devota
1103 2916 1283 2962 mente
1310 2908 1509 2962 venite.

321 2995 611 3064 Angeiicus
632 2997 885 3066 quoniam
918 3006 1091 3052 coetus
1114 3013 1211 3053 vos
1242 3006 1449 3068 spectat
1480 2998 1531 3051 in
1568 2997 1723 3062 aula,

323 3084 393 3139 Et
420 3084 562 3139 Deus
590 3085 847 3139 auxilium
882 3086 1103 3141 humilis
1130 3084 1236 3141 fert
1254 3087 1281 3125 ιι
1307 3085 1468 3141 corde
1493 3087 1803 3156 precantis.,

324 3174 464 3228 Ante
492 3174 662 3229 altare
684 3174 777 3229 Dei
806 3176 1074 3248 Iacrymas
1097 3188 1426 3247 quapropter
1447 3192 1665 3233 amaras

324 3264 555 3319 Funtiite
576 3305 595 3330 ι
625 3265 901 3322 duicisona
926 3267 1131 3337 pariter
1151 3284 1272 3322 cum
1305 3266 1462 3323 laude
1493 3266 1749 3334 Tonanti,

327 3354 399 3412 Ut
425 3371 520 3410 vos
541 3365 821 3411 conservet
847 3356 1050 3428 pariter
1074 3356 1274 3425 pietate
1295 3363 1540 3424 paterna.

1013 3472 1197 3527 CXXI.

632 3564 713 3617 Ad
742 3581 890 3618 aram
918 3565 1077 3619 beata:
1106 3563 1317 3634 virginis
1349 3562 1558 3619 Marica.

322 3662 603 3725 Auxiliare
624 3665 731 3719 tuis
745 3664 1017 3735 precibus,
1048 3663 1135 3733 pia
1165 3661 1328 3734 Virgo
1356 3662 1546 3729 Maria,

323 3755 542 3812 Etcrui
566 3756 706 3827 regis
728 3755 979 3820 famulos,
1010 3755 1193 3823 regina
1222 3754 1490 3824 polorum.

324 3847 555 3905 Nomine
576 3864 806 3918 namque
836 3857 925 3902 tuo
952 3848 1204 3917 quoniam
1230 3848 1346 3902 hrec
1386 3854 1473 3900 est
1498 3861 1593 3900 ara
1622 3844 1824 3910 dicata,

325 3939 528 3995 Tristia
547 3940 837 4011 depellens,
864 3940 1019 3995 nobis
1040 3948 1094 3993 et
1119 3952 1375 4008 prospera
1401 3936 1608 3994 donans
1642 3935 1684 3995 ³.

1006 4029 1213 4085 CXXII.

778 4119 859 4174 Ad
899 4129 1136 4173 sanctum
1169 4118 1454 4174 Andream.

326 4210 443 4266 lioc
473 4212 640 4266 altare
663 4211 774 4265 suis
800 4212 1026 4275 meritis,
1053 4208 1305 4266 defendat
1324 4209 1393 4263 ab
1427 4209 1586 4263 hoste

325 4301 575 4355 Andreas
600 4300 802 4355 Christi
829 4300 1084 4363 famulus,
1112 4299 1203 4369 qui
1228 4299 1364 4354 retia
1386 4299 1572 4354 mundi

322 4392 696 4459 Contempsit,
728 4392 1001 4447 Christum
1033 4399 1142 4446 tota
1177 4391 1375 4445 virtute
1410 4398 1650 4455 secutus,

326 4482 406 4538 De
428 4498 590 4538 cruce
614 4483 707 4553 qui
731 4499 883 4538 sacra
909 4483 1030 4537 felix
1058 4482 1373 4538 conscendit
1399 4480 1411 4531 ἱ
1451 4480 1756 4553 Olympum.

404 4629 429 4653 ει
474 4613 598 4670 “me
632 4615 697 4670 de
733 4616 1021 4669 cameratis
1070 4614 1310 4669 basilica:
1354 4614 1685 4669 Turonensis
1712 4625 1903 4670 orato-

322 4684 431 4740 riis
461 4685 706 4808 igheIiligit
735 4686 1072 4740 Mabillonius
1102 4694 1231 4739 tom.
1258 4684 1298 4738 Il
1328 4684 1546 4750 Annal.,
1579 4684 1701 4739 libr.
1729 4701 1900 4749 xxvu,

322 4770 455 4808 nae.
594 4796 608 4808 .

322 4757 827 4879 paggch-carmen
876 4826 929 4879 in
980 4826 1109 4881 edit.
1139 4823 1613 4892 Quercetanicum
1659 4824 1906 4893 sequenti

321 4911 634 4950 connexum
665 4897 921 4960 habetur;
949 4914 977 4949 a
1006 4912 1113 4966 quo
1143 4906 1321 4951 tamen
1359 4896 1486 4950 illud
1510 4896 1578 4949 ob
1604 4894 1907 4966 argumenti

320 4967 701 5020 diversitatem
734 4965 1122 5035 separavimus,
1150 4968 1318 5021 secuti
1355 4966 1595 5021 codicem
1634 4965 1908 5019 Salisbur-

318 5052 575 5106 gensem,
609 5037 700 5106 qui
752 5038 913 5091 hosce
965 5052 1154 5091 versus
1205 5053 1309 5090 non
1365 5037 1548 5091 habet.

405 5118 426 5143 ε
472 5106 635 5176 Edit.,
663 5117 890 5176 portare.
915 5106 1142 5161 Videtur
1182 5108 1370 5161 deesse
1417 5106 1646 5161 alterum
1690 5121 1906 5161 versum

323 5176 398 5231 de
430 5174 518 5228 via
550 5177 616 5230 ad
644 5174 905 5230 scholam.

398 5246 425 5285 ἀ
467 5245 655 5300 Exstat
683 5248 783 5302 hoc
821 5261 1037 5300 carmen
1079 5262 1199 5300 cum
1237 5247 1422 5300 decem
1454 5245 1804 5315 sequentibus
1850 5244 1904 5298 in

317 5317 452 5388 cod.
481 5332 580 5370 ms.
608 5317 1024 5388 Salisbnrgensi,
1049 5332 1114 5369 ex
1150 5317 1373 5388 quoilla
1412 5315 1609 5371 alicubi
1653 5315 1907 5373 emenda-

316 5387 510 5457 vimuﬁs
540 5395 608 5457 et
637 5387 868 5455 singulis
890 5387 1074 5441 titulos
1111 5387 1427 5457 adjecimus.

408 5469 432 5493 υ
474 5456 615 5509 Edit.
640 5497 654 5519 ,
684 5458 929 5510 maxime.

410 5525 428 5563 τ
476 5524 821 5597 llrodhertus.
875 5526 1107 5582 Sanctus
1154 5526 1360 5582 scilicet
1400 5525 1675 5596 Rupertus
1699 5526 1911 5597 primus

312 5595 1069 5670 episcopusSalishurgensis
1098 5607 1152 5652 et
1181 5598 1432 5653 conditor
1452 5595 1911 5653 monasteriisan-

311 5664 406 5722 (ξἱὶ
438 5664 585 5720 Petri
609 5666 829 5721 ibidem.
894 5664 917 5670 ⁷
1760 5670 1763 5673 ’

1922 4413 1986 4477 D

1999 2928 2177 3001 Atque
2219 2931 2325 2985 mei
2352 2946 2618 2986 memores
2641 2971 2657 2995 ,
2693 2931 2918 3001 supplex
2948 2946 3108 3002 rogo,
3140 2945 3354 3002 semper
3387 2932 3440 2986 in
3474 2944 3573 2987 ore

1922 3055 1971 3121 ε
2002 3019 2219 3077 Dicite:
2265 3020 2478 3079 Christe
2520 3030 2613 3076 tuo
2643 3030 2666 3057 ο
2707 3021 2909 3079 famulo
2955 3023 3076 3094 pius
3111 3030 3229 3078 esto
3256 3037 3353 3092 per
3379 3037 3573 3078 aevum.

1999 3109 2192 3169 Alcuin
2225 3122 2251 3164 P
2273 3112 2425 3169 dicor
2445 3110 2705 3185 ego,'jam
2735 3129 2831 3168 vos
2858 3114 2975 3170 sine
2997 3114 3103 3170 fine
3130 3114 3326 3169 valete.

2689 3203 2901 3261 CXXV.

2480 3296 2561 3353 Ad
2587 3306 2822 3351 sanctam
2863 3296 3114 3351 Mariam.

2002 3382 2129 3440 Haec
2148 3384 2340 3441 domus
2368 3385 2627 3440 Ecclesiis
2647 3385 2768 3440 aliis
2796 3395 2858 3440 ut
2885 3396 3062 3441 mater
3086 3389 3339 3453 habetur,

2002 3474 2165 3547 Virgo
2187 3476 2279 3531 Dei
2305 3476 2506 3532 Christi
2541 3486 2713 3532 mater
2734 3487 3063 3549 quapropter
3092 3479 3147 3534 in
3172 3480 3276 3534 ista

2002 3566 2137 3622 Cum
2164 3566 2379 3623 Christo
2407 3568 2624 3632 colitur,
2656 3570 2910 3639 precibus
2934 3585 3054 3639 quae
3078 3578 3260 3625 servet
3280 3570 3423 3627 ovile

2002 3663 2151 3722 Istud
2179 3663 2247 3727 ab
2286 3663 2444 3723 hoste
2471 3663 2597 3743 piis,
2626 3661 2956 3733 ﬂagitamus,
2986 3679 3199 3736 semper
3220 3665 3441 3735 ubique.

2675 3756 2816 3813 CXX
2826 3756 2907 3813 VI.

2288 3845 2369 3898 Ad
2399 3855 2639 3901 sanctum
2668 3844 2932 3899 Joannem
2968 3845 3283 3917 Baptistam.

2004 3937 2118 3994 Hoc
2144 3936 2386 4007 Baptista
2419 3947 2611 4009 potens
2638 3946 2819 3993 teneat
2840 3938 3009 3993 altare
3035 3937 3292 4002 Joannes,

2005 4031 2209 4103 Martyr
2234 4042 2290 4089 et
2316 4034 2568 4104 egregius
2597 4032 2758 4088 simul
2786 4032 3104 4088 Anastasius
3133 4034 3324 4089 almus.

2004 4123 2119 4180 Hoc
2150 4124 2546 4182 Maximilianus
2570 4126 2697 4179 item
2727 4122 3005 4179 confessor
3024 4124 3262 4189 habebit,

2004 4213 2114 4272 Nos
2148 4216 2401 4287 precibus
2427 4216 2619 4271 horum
2648 4215 2848 4271 Christi
2879 4215 2966 4287 pia
2998 4214 3188 4271 dextra
3211 4223 3407 4271 tuetur.

2665 4327 2924 4383 CXXVII.

2486 4398 2565 4453 Ad
2596 4409 2836 4453 sanctum
2860 4397 3108 4454 Paulum.

2008 4492 2123 4548 Hac
2158 4490 2357 4547 Paulus
2384 4490 2572 4546 doctor
2599 4492 2784 4546 mundi
2814 4499 2868 4547 et
2896 4492 3213 4548 Benedictus
3236 4494 3289 4548 in
3319 4510 3441 4560 ara,

2083 4630 2109 4668 δ
2147 4626 2271 4692 Ms.,
2301 4626 2605 4695 prumptim.

2080 4698 2109 4737 ιι
2150 4696 2272 4759 Ms.,
2306 4696 2518 4750 humilis
2544 4705 2644 4756 est.

2089 4769 2103 4807 ί
2152 4764 2315 4831 Ετιίῐη
2348 4766 2520 4820 donis.

2083 4836 2096 4886 ἱ
2147 4838 2313 4901 Edit.,
2350 4835 2625 4890 concessit.

2082 4908 2107 4946 ιι
2150 4908 2323 4970 Eelit.,
2357 4908 2410 4959 in
2441 4922 2581 4959 arce.

2085 4975 2101 5017 ι
2146 4976 2259 5031 Hoc
2304 4990 2548 5040 carmen,
2579 4972 2760 5041 judice
2800 4973 2999 5029 Mabill.
3044 4976 3164 5031 Act.
3217 4976 3407 5033 Sanct.
3445 4975 3581 5036 Ben.

2008 5063 2132 5105 szec.
2163 5062 2237 5109 IV,
2270 5054 2411 5115 part.
2446 5061 2483 5107 i,
2515 5060 2638 5115 pag.
2687 5044 2773 5110 65,
2815 5045 3219 5114 intelligendum
3246 5052 3331 5101 est
3375 5046 3440 5101 de
3461 5062 3582 5101 ora-

2008 5118 2147 5173 torio
2177 5115 2232 5170 S.
2275 5115 2417 5169 Petri
2465 5115 2710 5186 VEInonte,
2757 5116 2896 5186 quod
2940 5115 3195 5171 Arnonus
3241 5116 3580 5182 instauravit,

2011 5189 2347 5255 fratrumque
2390 5185 2785 5255 polyandrum,’
2814 5185 2866 5239 id
2897 5193 3001 5250 est,
3046 5186 3414 5241 cmmeterium
3462 5202 3583 5242 esse

2012 5257 2211 5329 voluit,
2229 5254 2491 5329 adjuncto
2515 5254 2571 5309 S.
2604 5254 2875 5329 Michaelis
2903 5263 2959 5311 et
3012 5255 3067 5311 S.
3090 5256 3319 5312 Amandi
3344 5257 3584 5329 patroci-

2009 5328 2120 5383 nio.
2152 5325 2284 5380 Vide
2305 5341 2465 5394 supra
2491 5340 2709 5380 carmen
2728 5325 2798 5383 29

2082 5407 2119 5429 ⁸³
2142 5395 2259 5467 ίΜε.
2276 5437 2290 5457 ,
2321 5396 2623 5467 prumptim.

2083 5478 2108 5505 υ
2137 5466 2278 5521 Edit.
2291 5506 2305 5532 ,
2333 5475 2566 5536 pacatos.

2083 5546 2108 5573 ο
2143 5537 2320 5608 Edita
2345 5538 2501 5608 dicite
2526 5545 2789 5608 perpetuo.

2085 5620 2111 5658 P
2141 5607 2266 5675 Ms.,
2289 5605 2563 5661 Alchm'ne.
