4044 6340
482 277 590 337 759

477 398 659 466 Atque
686 393 946 452 Columba
973 396 1132 451 Pater
1160 407 1185 437 ι
1226 410 1424 463 magno
1448 401 1740 448 veneratur
1775 391 1981 447 honore
2015 386 2063 437 δ.

479 486 590 545 Nos
615 487 792 557 pietas
817 504 1047 557 quorum
1070 486 1325 556 precibus
1345 485 1506 540 simul
1527 483 1744 553 adjuvet
1774 482 1917 545 istic,

482 577 556 639 Ut
578 578 737 637 nobis
767 579 971 639 tribuat
1004 578 1253 633 Christus
1292 578 1433 632 bona
1473 586 1495 616 ο
1531 576 1671 631 dona
1706 573 1919 631 salutis.

1143 672 1421 727 CXXVIII.

908 766 989 820 Ad
1027 774 1267 821 sanctum
1309 762 1645 817 Florianum.

480 860 766 916 Florianus
795 860 1008 930 magnis
1035 858 1353 931 [praeclarus
1373 856 1426 929 ιι]
1449 858 1501 911 in
1526 857 1659 912 orbe
1682 855 1991 925 triumphis,

478 949 847 1021 Cyriacusque
868 966 1022 1020 puer,
1054 949 1271 1019 propria
1297 964 1421 1002 eum
1457 956 1631 1001 matre
1659 945 1853 1009 Julitta

478 1042 740 1102 Prtesenti
774 1042 981 1112 pariter
1012 1042 1212 1103 Christi
1246 1041 1590 1100 celebrantur
1620 1040 1672 1094 in
1706 1040 1849 1094 aula.

477 1131 583 1188 Hie
607 1133 705 1188 tibi
733 1134 806 1187 sit
846 1134 1044 1202 petitor
1067 1132 1261 1197 veniae,
1290 1146 1415 1200 spes
1437 1139 1585 1186 certa
1614 1130 1832 1196 salutis.

1154 1220 1368 1276 CXXIX

695 1315 831 1371 Item
855 1313 939 1369 ‘ad
963 1326 1203 1369 sanctum
1229 1313 1492 1369 Joannem
1528 1312 1845 1383 Baptistam.

472 1407 791 1466 Praecursor
816 1410 1027 1465 Domini
1057 1425 1284 1481 magnus
1308 1409 1549 1479 Baptista
1578 1407 1814 1463 Joannes

475 1500 653 1570 Atque
680 1501 803 1570 pius
827 1500 1024 1575 praesul
1052 1500 1255 1570 pariter
1277 1499 1558 1563 Martinus,
1589 1507 1643 1552 et
1665 1499 1781 1568 ipse

477 1590 797 1649 Nominibus
823 1593 993 1649 sacris
1022 1593 1126 1647 ista
1152 1592 1457 1667 junguntur
1483 1592 1536 1645 in
1560 1606 1674 1656 ara,

474 1686 617 1745 Ante
641 1685 803 1758 pedes
829 1702 1060 1756 quorum
1084 1686 1355 1755 laerymas
1387 1685 1473 1740 hic
1500 1683 1693 1749 funde,
1726 1684 1905 1740 viator
1936 1696 1985 1738 ο.

1152 1778 1365 1833 CXXX.

654 1872 731 1927 De
749 1882 929 1927 sancto
962 1870 1180 1943 Virgilio
1201 1873 1438 1942 episcopo
1468 1868 1876 1939 Salisburgensi.

476 1965 606 2031 Qua:
647 1964 826 2019 cernis
855 1965 1098 2027 veniens,
1137 1963 1306 2018 lector
1335 2002 1349 2015 .
1391 2002 1405 2015 .
1443 2002 1455 2015 .
1487 1962 1688 2032 inclyta
1716 1969 1858 2019 tecta
1895 1958 1914 1999 ί

478 2055 735 2125 Virgilius
763 2054 909 2118 fecit,
940 2054 1151 2108 Domini
1181 2054 1445 2109 deductus
1472 2067 1679 2117 amore,

475 2147 739 2217 Egregius
764 2147 964 2216 praesul
987 2147 1218 2209 meritis,
1244 2155 1297 2199 et
1327 2145 1571 2200 moribus
1592 2145 1786 2207 almus,

474 2238 708 2294 Protulit
733 2240 788 2301 in
815 2239 1012 2302 lucem,
1042 2252 1201 2305 quem
1244 2244 1418 2290 mater
1444 2235 1703 2290 Hibernia
1727 2235 1987 2305 primum,

474 2332 738 2393 Instituit,
766 2329 980 2392 docuit,
1016 2328 1241 2388 nutrivit
1269 2366 1281 2379 .
1313 2366 1326 2379 .
1357 2367 1370 2379 .
1403 2367 1415 2380 .
1448 2366 1463 2381 .
1497 2365 1509 2379 .
1552 2326 1774 2381 amavit.

476 2422 588 2476 Sed
614 2421 903 2492 peregrina
931 2429 1120 2489 petens
1168 2418 1370 2476 Christi
1400 2417 1513 2488 jam
1552 2427 1773 2489 propter
1798 2432 2061 2485 amorem,

475 2512 710 2568 Delicias
730 2513 916 2568 mundi
941 2520 997 2567 et
1023 2513 1255 2582 patriam
1278 2513 1604 2583 contempsit
1626 2520 1885 2566 amatam.

474 2604 581 2667 Per
610 2618 779 2668 mare,
801 2618 899 2673 per
924 2612 1102 2659 terras
1128 2612 1311 2674 partes
1335 2605 1585 2674 pervenit
1610 2604 1665 2657 in
1695 2604 1851 2669 istas,

473 2693 831 2765 Multiplicare
858 2693 1079 2749 studens
1112 2702 1221 2749 tota
1251 2695 1451 2749 virtute
1478 2693 1763 2759 talentum,

473 2784 745 2848 Doctrinte
767 2788 980 2858 pupulis
1004 2795 1059 2841 et
1085 2803 1339 2859 spargere
1362 2787 1569 2843 semina
1593 2787 1739 2841 vitm.

474 2875 574 2930 Vir
596 2878 717 2948 pius
738 2886 793 2932 et
814 2879 1052 2948 prudens
1081 2878 1216 2932 nulli
1252 2878 1453 2948 pietate
1479 2877 1773 2933 secundus.

475 2966 743 3027 Maximus
770 2968 1030 3025 Ecclesia:
1066 2969 1343 3038 princeps,
1382 2978 1439 3024 et
1463 2969 1699 3038 claviger
1724 2968 1863 3023 aulae

476 3062 749 3127 Caelestis,
781 3060 1033 3116 Christus
1055 3061 1305 3131 proprios
1335 3061 1464 3115 huic
1497 3063 1521 3101 Β
1550 3060 1773 3115 tradidit
1803 3074 2001 3131 agnos;

476 3150 629 3205 Hane
657 3159 807 3219 regat
842 3152 1066 3206 mtherio
1096 3153 1392 3207 clementer
1426 3152 1646 3213 nomine
1673 3152 1884 3217 Petrus,

477 3244 615 3297 Cum
643 3243 845 3297 sanctis
878 3243 1102 3312 pariter,
1136 3259 1364 3311 quorum
1404 3244 1492 3297 hic
1537 3259 1767 3313 corpora
1797 3250 2059 3312 pausam;

475 3334 579 3399 Qui
601 3334 854 3404 precibus
882 3331 1136 3403 populum
1163 3332 1365 3388 Christi
1390 3340 1641 3388 tueantur
1676 3334 1875 3399 amicis,
1901 3353 1913 3387 :

476 3427 744 3495 Tempora
774 3425 1070 3497 deposcant
1096 3424 1252 3480 nobis
1290 3434 1345 3479 et
1364 3440 1627 3494 prospera
1658 3425 1781 3479 vitm

476 3519 792 3588 Przesentis,
833 3533 1046 3573 necnon
1075 3517 1265 3573 aeterni
1294 3527 1348 3571 et
1373 3517 1567 3587 gaudia
1604 3516 1778 3587 regni.

404 3670 1281 3776 CINSCRIPTIONES
1387 3696 1651 3774 AI.le
1758 3696 2061 3775 LOCO-

842 3824 898 3910 Il
919 3823 1061 3900 UM
1142 3822 1705 3915 SACBORUM.

1156 3960 1391 4017 CXXXI.

598 4052 680 4105 Ad
717 4068 869 4107 aram
907 4062 1210 4108 sanctorum
1250 4053 1473 4108 Andreae
1499 4094 1515 4119 ,
1565 4053 1839 4111 Laurentii
1884 4066 1935 4111 et

1127 4123 1419 4194 Hippolyti.

476 4215 630 4271 Hanc
652 4216 774 4285 pius
800 4216 1046 4279 Andreas
1082 4217 1295 4293 meritis
1313 4219 1579 4274 tutabitur
1602 4235 1779 4285 aram,

477 4307 548 4367 Et
580 4308 743 4361 levita
772 4308 931 4361 simul
960 4310 1135 4362 vietor
1155 4309 1484 4365 Laurentius
1507 4312 1649 4381 ignis
1674 4329 1689 4375 ;

479 4394 699 4449 Tertius
728 4395 1067 4467 Hippolytus,
1094 4399 1273 4469 gladio
1302 4400 1394 4469 qui
1418 4400 1554 4455 colla
1585 4402 1819 4471 subegit.
1884 4420 1891 4427 ·

479 4486 584 4555 Qui
608 4502 704 4541 sua
733 4488 1033 4543 concedant
1053 4505 1242 4567 preces
1264 4492 1287 4529 ιι
1323 4490 1582 4561 suffragia
1610 4493 1789 4555 nobis.

1148 4580 1405 4636 CXXXII.

556 4672 636 4725 Ad
662 4688 813 4725 aram
858 4680 1158 4726 sanctorum
1191 4671 1383 4738 Pauli,
1427 4672 1666 4729 Silvestri
1696 4686 1746 4730 et
1782 4676 1990 4743 Leonis.

479 4762 634 4818 Hane
660 4777 811 4816 aram
834 4760 1033 4818 Paulus
1056 4764 1266 4819 meritis
1291 4764 1574 4820 vivacibus
1600 4774 1776 4830 ornet,
1793 4798 1809 4813 ο

484 4854 852 4923 Silvesterque
873 4853 1034 4907 simul
1057 4871 1295 4910 romana:
1323 4855 1493 4927 gloria
1523 4858 1722 4926 gentis,

481 4946 709 5016 Eloquio
730 4948 967 5016 prudens
995 4947 1359 5017 charissimus
1383 4950 1398 4989 ί
1434 4956 1491 5004 et
1517 4947 1626 5004 Leo
1652 4964 1808 5019 papa,

481 5038 587 5106 Qui
610 5039 766 5099 nobis
790 5038 1008 5096 faveant
1033 5041 1186 5111 regni
1207 5040 1446 5096 caelestis
1467 5041 1535 5097 ab
1556 5056 1711 5109 arce.

554 5187 580 5215 ι
618 5175 675 5230 In
704 5190 806 5231 ms.
835 5174 1065 5244 Salisb.,
1088 5176 1289 5232 omisso
1322 5173 1499 5241 Pater,
1526 5178 1785 5233 scribitur
1804 5220 1816 5242 ,
1851 5176 2061 5238 Colum,-

483 5247 673 5300 banus.
914 5288 927 5297 .

556 5317 585 5355 δ
623 5317 788 5381 Edit.,
810 5317 865 5369 in
887 5332 994 5370 ore.

556 5398 579 5425 ο
621 5387 789 5453 Etlit.,
818 5403 961 5441 vera.

551 5456 579 5496 ἀ
616 5458 703 5529 Ex
731 5473 833 5513 ms.
857 5456 1278 5529 Salisburgensi.

560 5539 584 5568 α
615 5527 821 5610 Hic_est
845 5527 967 5583 linis
987 5527 1145 5610 hujus
1166 5529 1646 5610 epigrammatisin
1678 5529 1864 5610 codice
1893 5527 2060 5610 Salis-

482 5599 738 5670 burgensi
771 5618 784 5653 :
810 5614 998 5654 versus
1029 5599 1240 5670 reliqui,
1267 5601 1359 5668 qui
1378 5600 1431 5653 in
1455 5600 1614 5655 editis
1642 5606 2054 5670 connectuntur.

486 5671 558 5726 ini
586 5668 818 5752 desunt,
860 5678 1019 5742 atque
1046 5668 1206 5725 etiam
1233 5670 1454 5726 alterius
1493 5679 1613 5726 sunt
1642 5668 1964 5740 argumenti,
2003 5676 2057 5722 ut

488 5750 748 5812 sequitur.

1339 279 1398 337 Β.
1436 278 1500 339 F.
1538 274 1765 337 ALBINI
1806 272 1935 329 SEU
1979 268 2258 330 ALCL’INI
2297 270 2581 331 OI’ERUM
2618 274 2799 335 PARS
2837 276 2925 332 VI.

3657 270 3761 331 ῖὸο

2833 389 3113 449 CXXXIII.

2422 482 2501 537 Ad
2526 500 2675 539 anam
2711 486 2880 539 sancti
2904 483 3093 539 Jacobi
3121 481 3366 553 apostoli,
3394 490 3500 536 etc.

2096 390 2146 454 Δ

2168 593 2337 650 Filius
2358 596 2459 651 hac
2481 596 2711 652 Zebedei
2736 596 2972 652 Iacobus
2994 596 3294 667 congaudet
3319 597 3375 650 in
3400 611 3494 650 ara
3517 612 3535 661 ;

2169 685 2414 756 Namque
2438 689 2695 759 Dionysio
2723 690 2887 745 sociis
2907 689 3067 744 simul
3091 688 3236 744 illius
3261 687 3420 743 almis
3451 702 3468 741 :

2169 780 2434 852 Gregorio
2468 781 2645 836 fuerat
2667 782 2839 837 Roma
2868 784 2959 852 qui
2992 781 3183 837 doctor
3208 782 3262 835 in
3285 781 3418 835 orbe
3445 790 3493 843 l,

2168 872 2441 943 Deprecor
2464 875 2565 930 hos
2592 875 2780 929 Patres
2807 884 3053 931 nostram
3075 873 3371 929 defendere
3390 874 3582 928 vitam.

2824 988 3108 1045 CXXXIV.

2240 1081 2322 1135 Ad
2360 1098 2510 1136 aram
2552 1081 2715 1148 beatae
2748 1080 2978 1154 Virginis
3008 1091 3056 1135 et
3086 1080 3314 1143 aliorum
3352 1089 3680 1135 sanctorum.

2173 1194 2269 1249 llic
2290 1195 2475 1264 regina
2508 1196 2604 1250 Dei
2632 1196 2866 1266 genitrix
2894 1196 2985 1265 pla
3022 1196 3175 1265 virgo
3211 1193 3415 1259 Maria;

2169 1284 2267 1340 llic
2296 1300 2509 1355 quoque
2542 1272 2695 1356 virgo
2725 1302 2879 1341 saera
2906 1294 3085 1340 tecum
3109 1291 3401 1372 γεωπέδων
3419 1281 3682 1355 Agathes,

2169 1375 2396 1431 Nomine
2421 1378 2709 1446 magniﬁco
2733 1379 2876 1434 votis
2901 1378 3091 1433 adesto
3119 1384 3463 1445 precantum.

2166 1468 2235 1521 Et
2258 1467 2548 1523 Petronilla
2576 1470 2746 1538 patris
2786 1469 3034 1539 praeclari
3066 1469 3172 1522 lilia
3199 1467 3348 1521 Petri
3380 1485 3393 1519 :

2170 1558 2439 1629 Sulpitius
2460 1560 2659 1629 praesul
2683 1560 2984 1630 prteclarus
3014 1560 3066 1613 in
3096 1560 3235 1613 urbe
3256 1558 3499 1619 Biturca,

2168 1652 2356 1722 Tuque
2381 1652 2706 1722 Leutgarius
2729 1662 2937 1724 martyr
2971 1652 3129 1707 simul
3160 1659 3321 1721 atque
3347 1648 3629 1718 sacerdos,

2088 1740 2138 1802 Β
2162 1744 2455 1815 Presbyter
2474 1744 2721 1815 egregius
2748 1758 2849 1798 nec
2874 1760 2981 1799 non
3007 1742 3273 1797 Gislarius
3303 1755 3496 1795 urnam

2163 1835 2466 1890 Defendant
2491 1835 2746 1905 precibus
2770 1850 2985 1904 semper
3009 1833 3372 1904 praesentibus
3402 1832 3579 1886 istam.

2823 1947 3086 2007 CXXXV.

2165 2038 2247 2092 Ad
2277 2055 2425 2093 aram
2456 2049 2757 2095 sanctorum
2786 2039 3013 2093 Joannis
3052 2038 3414 2109 evangelista,
3446 2037 3765 2107 Hieronymi

2774 2120 2823 2165 et
2865 2109 3128 2165 Mauritii.

2164 2221 2279 2279 Iloe
2300 2223 2470 2279 altare
2500 2233 2648 2279 tenet
2673 2223 2874 2281 Christi
2913 2225 3137 2279 sinistra
3166 2222 3425 2287 Joannes,

2162 2312 2459 2386 Presbyter
2477 2315 2837 2387 Hieronymus
2866 2317 3057 2371 doctor
3076 2316 3410 2371 clarissimus
3438 2314 3613 2379 orbis,

2166 2404 2563 2477 Mauritiusque
2585 2407 2747 2460 simul
2775 2416 2982 2478 martyr
3010 2408 3277 2461 mirabilis
3306 2407 3397 2461 ille
3417 2447 3432 2472 ,

2165 2495 2286 2564 llic,
2309 2512 2461 2567 rogo,
2483 2506 2609 2552 vota
2639 2498 2815 2553 ferant
2843 2498 3050 2554 caelesti
3084 2506 3268 2553 nostra
3299 2498 3554 2554 Tonanti.

2820 2612 3103 2667 CXXXVI.

2237 2703 2320 2762 Ad
2348 2721 2497 2759 aram
2535 2715 2837 2777 sanctorum
2879 2706 3090 2760 Thoma’.
3120 2707 3377 2777 apostoli,
3411 2707 3608 2762 Aniani
3635 2719 3684 2762 et

2808 2776 3103 2831 Athanasii.

2168 2884 2267 2941 Ilio
2294 2885 2530 2943 Thomas
2559 2888 2771 2949 colitur,
2806 2888 2983 2959 tetigit
3002 2889 3092 2958 qui
3122 2889 3345 2943 vulnera
3369 2888 3608 2955 Christi;

2171 2974 2333 3031 Urbis
2362 2985 2417 3031 et
2460 2977 2705 3036 Anianus
2731 2979 2926 3049 praesul
2953 2981 3073 3049 pius
3105 2980 3435 3045 Aurelianze,

2168 3064 2322 3123 Miles
2343 3074 2395 3120 et
2423 3067 2678 3132 Ecclesia:
2700 3069 2861 3123 simul
2886 3069 3212 3125 Athanasius
3237 3071 3435 3133 almus,

2167 3156 2266 3223 Qui
2290 3159 2494 3227 pariter
2519 3158 2728 3228 plebem
2758 3158 2960 3214 Christi
2986 3167 3238 3215 tueantur
3263 3160 3331 3215 ab
3356 3161 3535 3216 hoste.

2802 3271 3108 3327 CXXXVII.

2330 3359 2411 3413 Ad
2449 3376 2598 3416 aram
2632 3370 2949 3484 sanctor;an
2974 3362 3201 3429 Jacobi,
3243 3363 3503 3418 Germani
3537 3373 3589 3419 et

2866 3432 2912 3484 ἐ
2953 3432 3073 3484 asti.

2866 3432 3073 3485 ’edasti.

2170 3522 2281 3577 I‘Iac
2311 3520 2522 3576 Domini
2564 3520 2734 3575 frater
2759 3519 2995 3575 Iacobus
3027 3530 3319 3576 veneratur
3346 3523 3398 3577 in
3442 3539 3575 3591 ara,

2171 3613 2241 3668 Ut
2265 3612 2467 3667 Christi
2493 3612 2699 3682 pariter
2718 3600 2917 3681 praesul
2936 3612 3240 3667 Germanus
3264 3623 3498 3670 amatus.

2169 3702 2387 3756 Tertius
2407 3711 2490 3758 est
2503 3702 2725 3773 junctus
2741 3700 3007 3758 Vedastus
3028 3704 3309 3773 episcopus
3329 3705 3531 3768 almus,

2168 3792 2399 3864 Adjuvet
2426 3794 2516 3849 hic
2539 3794 2738 3849 horum
2762 3809 2861 3849 nos
2884 3794 3208 3851 intercessio
3236 3811 3470 3866 semper.

2798 3905 3129 3962 CXXXVIII.

2312 3995 2395 4050 Ad
2434 4013 2582 4050 aram
2623 4007 2928 4051 sanctorum
2969 3996 3288 4053 Hrodheroti
3319 4040 3333 4061 ,
3374 3998 3523 4053 Βετττὶ
3560 4010 3609 4053 et

2825 4068 3087 4137 Ansfridi.

2169 4172 2306 4235 Tres
2332 4175 2523 4233 Patres
2548 4179 2773 4242 summi,
2817 4180 3134 4234 meritorum
3159 4181 3395 4249 pondere
3424 4197 3647 4251 magno.

2168 4266 2295 4322 Ilzec
2325 4276 2475 4324 tenet
2504 4284 2598 4322 ara
2624 4270 2784 4323 simul
2807 4311 2821 4333 ,
2856 4267 3257 4325 Ilrodhérotum
3280 4270 3497 4324 nomine
3522 4272 3763 4333 clarum,

2168 4359 2596 4430 Pontiﬁcemque
2630 4361 2950 4430 praeclarum
2995 4360 3212 4415 Bertum
3259 4361 3475 4416 nomine
3515 4363 3760 4425 dictum,

2090 4460 2143 4515 η
2167 4450 2417 4525 Iungitur
2442 4453 2732 4537 Ansf‘ridus
2762 4455 2883 4511 istis
2918 4465 2974 4512 et
3005 4457 3200 4511 tertius
3228 4457 3423 4512 almus.

2718 4568 2881 4638 219
2913 4568 3198 4624 CXXXIX.

2203 4658 2283 4711 Ad
2310 4673 2459 4711 aram
2483 4666 2787 4713 sanctorum
2812 4658 3076 4730 Philippi,
3112 4658 3351 4713 Marcelli
3370 4669 3419 4713 et
3447 4658 3720 4714 Medardi.

2166 4766 2498 4836 Discipulum
2533 4766 2734 4823 Christi
2769 4776 2952 4822 teneat
2985 4770 3101 4824 haec
3134 4785 3226 4823 ara
3265 4768 3599 4838 Philippum,

2165 4856 2276 4912 Nec
2306 4873 2414 4919 non
2432 4857 2741 4913 Marcellum
2767 4868 3014 4915 sanetum
3032 4859 3191 4914 simul
3219 4870 3380 4930 atque
3408 4859 3758 4925 Medardum,

2165 4950 2456 5007 Pontifices
2483 4951 2660 5006 claros
2691 4951 2894 5008 sanctis
2922 4952 3211 5017 virtutibus
3241 4953 3400 5006 ambo
3428 4993 3441 5005 .

2164 5043 2379 5099 Auxilio
2410 5042 2607 5113 duplici
2640 5043 2749 5097 sint
2779 5042 2865 5098 hic
2888 5042 3046 5098 nobis
3071 5042 3212 5098 dona
3240 5042 3451 5098 salutis.

2241 5177 2262 5258 ξ
2304 5179 2431 5235 Hmc
2458 5179 2524 5234 de
2548 5180 2782 5258 basilica
2808 5181 3105 5258 cathedrali
3133 5178 3589 5258 Salisburgensia
3627 5176 3761 5258 Voirf

2164 5250 2292 5321 gilio
2336 5258 2516 5306 erecta
2547 5251 2892 5318 intelligenda
2919 5251 3195 5315 videntur,
3228 5250 3763 5321 quamvisidem'et

2164 5319 2267 5381 alia
2296 5322 2495 5391 templa
2546 5322 2773 5392 pulchro
2821 5321 3101 5377 molimine
3146 5319 3404 5392 erexerit.
3453 5319 3573 5392 Vid:
3608 5319 3768 5377 illius

2163 5390 2765 5515 epitalpgaiéniiiralect.
2792 5391 2991 5449 Mabill.
3022 5401 3153 5448 tom.
3194 5391 3283 5458 IV,
3312 5408 3437 5464 pag.
3466 5390 3594 5446 527.

2320 5462 2478 5525 "orte,
2506 5464 2610 5516 cui.

2233 5533 2260 5587 lt
2300 5531 2340 5603 Ε
2344 5540 2482 5597 orte,
2497 5550 2681 5603 precor
2700 5544 2776 5588 ut.

2243 5603 2254 5642 ί
2299 5602 2483 5667 Forte,
2500 5602 2857 5660 'clarissimus.

2237 5684 2249 5721 J
2301 5672 2482 5737 Forte,
2515 5692 2543 5725 tt
2554 5676 2657 5727 νὺξ).
