4044 6340
297 283 395 341 ’161

1007 381 1162 438 CXL.

295 483 380 540 Ad
415 497 565 538 aram
591 487 893 538 sanctorum
936 470 1344 596 Bagthuiomwi,
1387 465 1622 521 Gervasii
1651 473 1700 519 et
1743 461 1874 516 Pro-

1045 559 1164 598 asn.

297 644 398 712 Qui
431 645 498 700 ad
522 643 698 698 lucem
723 639 846 695 ﬁdei
876 637 1059 704 nigros
1089 639 1434 689 converterat
1457 628 1616 684 Indos

295 734 720 792 Bartholomaaus
741 731 904 786 habet
927 741 1166 799 praesens
1198 725 1299 780 hoc
1327 719 1602 791 apostolus
1623 717 1780 774 altar.

296 827 557 898 Martyrio
581 824 800 885 fratres,
832 831 1150 885 necnonque
1172 811 1510 884 parentibus,
1543 809 1620 863 illi

295 917 606 982 Cervasius,
637 915 709 970 illi
735 911 872 986 ‘[F.,-
896 909 1024 981 illic]
1051 916 1214 977 atque
1235 902 1512 980 Protasius
1533 899 1724 955 almus.

979 997 1156 1054 CXLI.

328 1097 410 1152 Ad
436 1113 588 1151 aram
609 1103 911 1150 sanctorum
940 1088 1202 1152 Matthwi,
1231 1084 1460 1141 Cornelii
1483 1093 1531 1138 et
1555 1081 1827 1152 Cyprium.

295 1190 538 1258 Scriptor
564 1185 905 1256 evangelicus
931 1187 1112 1237 servet
1138 1179 1276 1233 hanc
1302 1176 1570 1230 Mattheus
1596 1185 1768 1234 aram,

293 1277 575 1334 Cornelius
600 1273 798 1346 prtesul
825 1274 1065 1342 Romana
1091 1276 1147 1324 et
1177 1273 1386 1336 martyr
1411 1264 1464 1317 in
1495 1260 1650 1325 urbe,

292 1370 362 1426 Et
389 1370 552 1424 decus
586 1366 837 1421 Afrorum
867 1363 1190 1434 Cyprianus,
1217 1367 1422 1427 martyr
1451 1365 1506 1410 et
1529 1353 1646 1418 ille;

289 1464 430 1520 Ante
459 1461 623 1531 pedes
648 1472 876 1529 quorum
907 1455 1170 1524 lacrymas
1196 1451 1309 1520 spei
1337 1447 1566 1511 fundite,
1595 1445 1812 1503 fratres.

979 1569 1178 1626 CXLII.

329 1669 410 1724 Ad
446 1674 930 1725 aram,sanclorum
962 1660 1211 1723 Simonis,
1251 1655 1447 1710 Hilarii
1477 1664 1526 1708 et
1549 1650 1799 1706 Remedii.

287 1760 438 1814 lianc
463 1756 647 1813 Jacobi
681 1755 867 1819 frater,
899 1753 1044 1807 hanc
1066 1750 1251 1805 Simon
1286 1746 1562 1816 apostolus
1591 1757 1738 1797 aram

282 1853 549 1916 Exornant,
583 1849 790 1905 meritis
819 1855 874 1902 et
895 1846 1092 1917 prmsul
1121 1844 1358 1898 Hilarius
1386 1842 1593 1903 almus,

281 1943 686 2011 Remediusquc
712 1939 889 2002 simul,
921 1939 1254 1993 Francorum
1277 1937 1466 1989 doctor
1488 1939 1717 1986 amatus.

283 2034 352 2089 lli
384 2034 602 2106 pietatis
631 2047 733 2103 ope
759 2033 914 2087 nobis
937 2029 1190 2097 suﬂ‘ragia
1219 2027 1458 2082 laudant.

957 2119 1178 2174 CXLIII.

322 2217 404 2271 Ad
430 2232 580 2270 aram
599 2224 901 2268 sanctorum
931 2209 1206 2273 Thaddtci,
1237 2206 1430 2260 Felicis
1456 2213 1504 2258 et
1533 2201 1824 2258 Samsonis.

293 2305 574 2360 l‘haddeus
601 2303 920 2374 egregius...
949 2301 1244 2368 doctorque
1272 2297 1560 2358 minister;

281 2395 576 2466 Presbyter
604 2403 678 2459 et,
709 2407 840 2448 vero
869 2393 1042 2447 dlctus
1065 2389 1402 2460 cognomine,
1429 2385 1602 2451 Felix,

283 2485 356 2540 Et
383 2484 610 2540 Samson
640 2483 762 2539 ﬁdei
795 2484 959 2537 decus
989 2479 1259 2550 praefortis
1287 2479 1552 2539 honestae,

282 2572 444 2629 Hanc
471 2587 621 2627 aram
649 2572 858 2642 pariter
881 2570 1112 2633 meritis,
1145 2577 1201 2623 et
1225 2576 1366 2624 tecta
1397 2573 1634 2620 tuentur.

957 2680 1150 2736 CXL“

281 2774 370 2831 Ad
415 2790 565 2828 aram
612 2785 914 2830 sanctorum
960 2771 1302 2856 Apollinaris,
1359 2770 1599 2842 Gregorii
1643 2779 1692 2824 et
1721 2767 1862 2822 Pan-

993 2853 1168 2898 cram.

279 2935 478 2992 Prielia
509 2935 600 3005 qui
629 2934 814 2988 mundi
843 2933 1093 3019 v'icegunt
1116 2947 1249 3002 pace
1277 2930 1560 2994 Tonantis,

277 3024 550 3096 Martyres
576 3032 631 3079 et
657 3024 836 3095 magni
859 3038 1044 3078 mensa
1063 3021 1369 3093 junguntur
1396 3023 1450 3077 in
1478 3022 1617 3076 ista:

277 3115 487 3170 Doctor
518 3113 841 3184 Apollinaris
865 3121 1178 3183 martyrque
1208 3111 1502 3183 Gregorius
1531 3111 1708 3166 almus

277 3208 653 3277 Romanmque
676 3222 875 3278 puer...
904 3205 1228 3260 Pancratius
1255 3205 1428 3261 urbis.

967 3315 1169 3370 CXLV.

319 3407 403 3461 Ad
427 3424 578 3461 aram
603 3416 904 3461 sanctorum
937 3403 1162 3460 Patricii
1193 3417 1243 3460 et
1271 3405 1500 3460 aliorum
1533 3404 1828 3460 Scotorum.

278 3499 556 3555 Patricius
576 3489 857 3553 Cheranus
885 3496 1171 3552 Scotorum
1195 3498 1363 3568 gloria
1390 3497 1587 3568 gentis,
1691 3503 1697 3511 ‘

281 3593 467 3661 Atque
501 3590 884 3658 Columbanus,
912 3590 1219 3660 Congallus,
1251 3591 1600 3648 Adomnanus
1629 3601 1811 3664 atque,

281 3681 540 3738 Praeclari
569 3681 780 3748 Patres,
806 3699 1018 3738 morum
1048 3684 1281 3753 vitaeque
1305 3683 1578 3754 magistri,

283 3771 389 3827 Hic
413 3770 666 3842 precibus
685 3773 858 3842 pietas
885 3773 1079 3828 horum
1109 3787 1208 3828 nos
1239 3773 1456 3845 adjuvet
1485 3787 1708 3830 omnes.

949 3861 1174 3917 CXLVI.

522 3953 602 4008 Ad
629 3971 777 4008 aram
807 3964 1110 4009 sanctarum
1141 3955 1396 4027 virginum
1424 3955 1647 4014 Scotiw.

282 4045 603 4119 Virginibus
631 4047 799 4102 sacris
828 4062 1068 4117 praesens
1094 4048 1207 4103 hanc
1237 4062 1330 4102 ara
1368 4049 1543 4103 dicata
1575 4055 1680 4114 est,

281 4141 534 4208 Quarum
561 4140 708 4195 clara
733 4139 834 4195 fuit
859 4139 1142 4197 Scotorum
1178 4141 1288 4195 vita
1320 4157 1416 4210 per
1444 4142 1626 4196 urbes.

283 4231 517 4301 Brigida
547 4237 733 4285 sancta
764 4229 984 4295 femina,
1013 4230 1233 4288 Christo
1259 4232 1418 4288 simul
1449 4232 1521 4286 ita
1549 4231 1750 4298 ﬁdelis;
1791 4289 1796 4294 ,

283 4322 423 4378 Ilzcc
453 4323 613 4378 nobis
642 4323 868 4382 salutem
899 4337 995 4394 per
1021 4321 1274 4392 sull'ragia
1307 4331 1494 4381 sancta
1523 4323 1812 4378 ministrat.

968 4411 1218 4467 CXLVII.

737 4502 814 4560 Ad
841 4518 988 4557 aram
1023 4515 1218 4558 sancta:
1257 4505 1444 4558 crucis.

284 4591 513 4661 Aspice,
546 4599 600 4646 tu
634 4592 822 4658 lector,
852 4602 1050 4648 nostrae
1075 4595 1162 4666 pia
1194 4596 1345 4664 signa
1371 4595 1577 4664 salutis,

285 4683 556 4738 Ecclesiae
586 4684 642 4744 in
673 4684 942 4740 medio....
975 4685 1222 4740 mirabile
1251 4686 1480 4752 donum;

285 4775 407 4829 Pro
433 4775 620 4829 mundi
645 4774 776 4840 vita,
809 4774 991 4830 mundi
1013 4775 1124 4844 jam
1153 4777 1261 4831 vita
1291 4778 1543 4846 pependit
1567 4796 1584 4833 :

285 4871 410 4926 Pro
433 4871 607 4928 servis
636 4871 866 4927 moritur
891 4872 1169 4936 Dominus,
1199 4888 1360 4942 quem
1387 4881 1574 4928 saneta
1606 4872 1876 4938 voluntas,

288 4963 528 5016 Viveret
555 4969 616 5016 ut
645 4977 852 5027 servus,
883 4978 1099 5033 semper
1118 4963 1333 5019 sitcum
1358 4965 1622 5034 sanguine
1643 4980 1880 5020 servum.

287 5050 419 5106 Iloc
441 5065 652 5105 memor
669 5047 793 5106 'esto
821 5066 1036 5107 crucem
1067 5051 1358 5122 videasquc
1388 5053 1440 5106 in
1463 5046 1663 5106 lumine
1685 5065 1708 5092 ι
1741 5061 1885 5107 stan-

1647 5145 1780 5219 [tem
1797 5188 1812 5212 ,

289 5235 366 5290 Et
409 5249 534 5288 mox
566 5243 692 5289 ante
721 5235 816 5289 Dei
846 5235 1040 5290 faciem
1070 5235 1300 5290 feliciter
1327 5249 1444 5290 ora.

285 5327 548 5394 Corpore
571 5332 750 5380 sterne
782 5325 974 5390 solum,
1005 5325 1202 5380 scande
1226 5326 1320 5381 sed
1342 5337 1564 5394 pectore
1588 5329 1802 5392 ctelum,

286 5418 525 5486 Proque
554 5415 658 5471 tuis
685 5415 858 5485 culpis
882 5415 1150 5486 lacrymas
1175 5413 1388 5476 effunde
1418 5416 1682 5483 calentes;

382 5562 410 5588 ι
451 5548 624 5602 Locus
657 5557 966 5616 corruptus.

378 5623 415 5657 ὶδ
451 5618 634 5679 Forte,
660 5617 846 5671 salutis
875 5635 1010 5685 spes.

386 5703 412 5726 ε
457 5689 637 5754 Forte,
668 5687 922 5758 rot’uptus.

1280 263 1607 324 CARMINA.
1648 293 1718 303 —
1753 256 2278 317 INSCRIPTIONES
2314 257 2568 316 VARUE.

1899 374 1948 432 Α
1977 368 2062 425 Sit
2090 370 2186 426 tibi
2213 380 2364 426 certa
2391 369 2538 426 salus
2557 368 2674 440 spei
2700 369 2729 410 ιι
2755 367 2957 440 pietate
2984 368 3228 440 perenni,

3451 254 3556 310 762

1973 458 2074 527 Qui
2106 461 2324 516 redimit
2351 462 2632 526 mundum,
2667 459 3015 516 immaculato
3035 458 3316 530 sanguine,
3347 466 3550 524 totum,

1972 549 2184 618 Quique
2213 551 2326 605 suis
2352 550 2570 604 famulis
2599 550 2836 606 clemens
2857 557 3082 619 peccata
3109 547 3356 603 remittit.

1972 637 2072 694 llic
2099 654 2314 708 quoque
2338 640 2410 694 sit
2437 639 2594 694 nobis
2623 656 2794 695 sacra:
2821 655 2946 710 spes
2965 654 3164 709 magna
3189 638 3400 705 salutis,

1972 731 2201 800 Agmine
2229 730 2526 798 apostolico
2553 731 2812 800 quoniam
2843 731 2962 785 haec
2986 744 3082 784 ara
3108 729 3340 796 refulsit,

1972 821 2040 876 Et
2067 821 2226 876 simul
2259 820 2476 876 Helenae
2509 822 2717 876 meritis
2743 821 3021 876 vivacibus
3041 820 3224 887 almze,

1971 909 2100 976 Quae
2129 910 2402 964 invenisse
2427 910 2606 965 crucis
2631 910 2805 964 fertur
2831 909 3080 965 mirabile
3101 910 3324 980 lignum,

1968 998 2028 1052 In
2055 1011 2162 1067 quo
2187 997 2436 1051 Christus
2459 998 2634 1052 honor
2657 997 2863 1062 mundi,
2893 997 3030 1062 laus,
3059 998 3172 1052 vita
3197 997 3451 1068 pependit

1970 1088 2106 1142 Dum
2130 1087 2232 1142 fuit
2261 1088 2589 1142 altithronus
2619 1103 2720 1157 pro
2746 1087 2903 1142 nobis
2931 1087 3058 1141 talia
3094 1101 3304 1154 passus,

1969 1177 2107 1244 Quid
2135 1193 2236 1233 nos
2265 1177 2412 1232 hunc
2440 1175 2627 1232 famuli
2653 1177 2912 1231 debemus
2938 1177 3008 1231 ob
3037 1175 3152 1244 ejus
3177 1193 3416 1234 amorem

1967 1267 2108 1333 Jam,
2137 1269 2241 1324 nisi
2273 1285 2416 1324 nunc
2443 1268 2518 1322 illi
2547 1275 2762 1324 nosmet
2789 1283 3004 1338 quoque
3035 1269 3250 1322 tradere
3285 1270 3464 1324 totos?

1967 1354 2052 1410 Sit
2084 1357 2227 1412 Deus
2251 1357 2340 1412 ille
2367 1357 2522 1412 nobis
2551 1357 2794 1414 Charitas
2814 1365 2871 1410 et
2896 1364 3009 1410 tota
3039 1355 3290 1411 voluntas
3311 1369 3332 1395 ο

1966 1445 2131 1513 Laus,
2161 1447 2336 1502 honor
2360 1455 2417 1502 et
2441 1447 2632 1512 virtus,
2660 1454 2839 1516 potus,
2872 1446 3044 1512 cibus,
3069 1447 3253 1502 omnia
3281 1446 3552 1504 Christus.

2624 1535 2896 1592 CXLVIII.

2001 1626 2083 1681 Ad
2111 1627 2359 1697 templum
2388 1627 2557 1680 sancti
2584 1625 2825 1690 Martini,
2854 1625 3040 1678 Brictii
3062 1634 3110 1678 et
3137 1623 3519 1694 Christophori.

1892 1709 1940 1771 Β
1969 1716 2230 1770 Martinus
2260 1715 2455 1786 pnesul
2483 1724 2594 1770 toto
2619 1714 2945 1770 venerabilis
2970 1715 3122 1778 orbe,

1968 1807 2204 1861 Brietius
2228 1817 2283 1860 et
2309 1804 2543 1859 famulus
2572 1804 2796 1868 Christi,
2826 1805 2948 1873 pius
2977 1812 3138 1872 atque
3163 1803 3436 1867 sacerdos,

1966 1899 2592 1978 ChristOphorusque....
2627 1895 2822 1951 colitur
2849 1897 2950 1950 hac
2978 1905 3186 1965 martyr
3213 1895 3266 1948 in
3294 1895 3436 1960 aula,

1967 1992 2034 2048 Ili
2065 1992 2252 2062 templi
2280 1993 2588 2063 ingressum
2619 1989 2870 2061 precibus
2901 1995 3154 2044 tueantur
3178 1987 3245 2041 ab
3275 1988 3450 2041 hoste.

2652 2080 2884 2137 CXLIX.

1967 2175 2037 2231 In
2071 2175 2249 2232 limine
2279 2172 2456 2242 templi
2486 2173 2651 2230 beatae
2685 2170 2916 2242 Virginis
2937 2211 2970 2242 ,ί
2998 2170 3166 2224 sancti
3206 2167 3479 2223 Michaelis
3508 2176 3558 2236 et
3587 2157 3594 2164 ’

2521 2243 2690 2296 sancti
2717 2239 2990 2310 Stephani.

1965 2337 2068 2393 Hic
2099 2337 2276 2391 fessus
2305 2336 2532 2390 veniens
2560 2336 2737 2405 primo
2768 2334 3023 2398 subsiste,
3052 2334 3250 2397 viator,

1966 2428 2034 2483 Et
2061 2443 2243 2497 regem
2269 2427 2389 2482 coeli
2421 2442 2546 2481 mox
2582 2440 2809 2496 corpore
2838 2439 3043 2494 pronus
3070 2425 3261 2487 adora,

1965 2519 2351 2588 Auxiliumque
2387 2518 2482 2572 tibi
2509 2525 2820 2572 sanctorum
2850 2517 3044 2572 assiste
3072 2515 3366 2585 precando,

1967 2610 2039 2666 Ut
2065 2617 2118 2664 te
2141 2609 2440 2680 suscipiant
2463 2593 2676 2678 gremio
2704 2606 2923 2677 pietatis
2949 2606 3004 2659 in
3032 2607 3188 2660 urbe.

1968 2703 2134 2774 Virgo
2161 2701 2256 2756 Dei
2281 2701 2513 2772 genitrix
2545 2700 2783 2754 clemens
2813 2707 2868 2752 et
2898 2707 3107 2762 sancta,
3136 2697 3406 2766 benigna;

1968 2792 2218 2855 Michael,
2249 2800 2376 2846 ante
2410 2791 2579 2845 Deum
2608 2789 2731 2844 caeli
2761 2790 2862 2858 qui
2877 2789 3086 2844 assistit
3110 2789 3165 2842 in
3193 2802 3351 2852 arce;

1966 2885 2155 2940 Levita
2187 2882 2494 2952 Stephanus
2522 2897 2754 2952 magnus
2781 2889 3151 2953 protomartyr
3181 2881 3236 2935 in
3262 2879 3394 2935 orbe
3430 2895 3445 2932 :

1971 2977 2075 3045 Qui
2105 2985 2156 3032 te
2191 2972 2414 3042 majoris
2441 2973 2644 3028 ducant
2670 2971 2736 3026 ad
2767 2972 2953 3025 limina
2988 2970 3190 3041 templi,

1893 3052 1942 3116 δ
1972 3070 2040 3126 Ει
2069 3077 2162 3123 tua
2186 3077 2312 3124 vota
2341 3065 2518 3122 ferant
2547 3073 2747 3128 tecum,
2777 3072 2922 3132 pete,
2954 3077 3170 3132 semper
3195 3062 3414 3130 ubique,

1972 3161 2237 3232 Prospere
2259 3160 2550 3222 deducant,
2585 3153 2849 3211 reducan't
2872 3164 2928 3209 et
2952 3170 3210 3225 prospere
3240 3155 3432 3223 portis.

1971 3251 2161 3322 Tuque
2180 3251 2359 3305 viator
2379 3264 2549 3304 ovans
2573 3247 2852 3302 Christum
2879 3245 3097 3300 laudare
3130 3253 3421 3311 memento,

1972 3341 2044 3399 Ut
2064 3351 2118 3405 te
2148 3349 2432 3398 conservet
2461 3349 2772 3412 pergentem
2802 3337 3050 3393 Christus
3081 3337 3300 3408 ubique.

2718 3425 2823 3482 CL.

2299 3519 2381 3574 Ad
2407 3517 2654 3588 templum
2678 3513 2874 3570 Christi
2907 3515 3228 3598 Saluatoris:

1971 3611 2084 3667 Ilac
2106 3611 2302 3667 colitur
2327 3609 2597 3673 Christus,
2628 3607 2814 3662 mundi
2855 3607 3112 3672 salvator,
3145 3609 3198 3662 in
3226 3607 3368 3671 aula,

1971 3700 2073 3768 Qui
2107 3702 2248 3773 regit
2276 3699 2500 3768 imperio
2526 3696 2794 3768 pelagum,
2827 3705 3136 3766 terramque
3160 3697 3470 3768 polumque,

1971 3791 2088 3862 Ipse
2113 3788 2426 3845 monasterii
2449 3787 2609 3856 hujus
2638 3786 2756 3841 loca
2785 3794 2896 3841 tota
2922 3788 3206 3858 gubernet,

1973 3882 2247 3954 Protegat,
2280 3878 2591 3948 amplificet,
2632 3886 2915 3932 conservet
2943 3887 2998 3932 et
3022 3877 3274 3932 omnibus
3303 3878 3474 3934 horis.

2697 3968 2824 4023 CLI.

2007 4064 2034 4104 ά
2061 4063 2126 4117 In
2161 4059 2432 4116 ecclesiam
2462 4069 2509 4115 et
2539 4061 2594 4114 in
2627 4059 2838 4114 laudem
2872 4059 3033 4113 beata:
3060 4059 3272 4128 virginis
3311 4058 3523 4114 Moriar.

1973 4151 2124 4208 Hanc
2156 4151 2332 4218 aulam
2358 4149 2572 4204 Domini
2600 4161 2784 4204 servat
2813 4149 2978 4204 tutela
3012 4148 3213 4213 Maria},

1973 4245 2072 4301 Cui
2100 4242 2408 4298 veneranda
2439 4242 2588 4296 rudis
2616 4244 2900 4296 sacratur
2923 4241 3159 4296 culmina
3189 4241 3395 4311 templi,

1974 4339 2043 4393 Et
2070 4351 2207 4391 nova
2234 4341 2571 4402 consurgunt
2594 4334 2767 4388 sacris
2798 4334 2990 4389 vexilla
3022 4333 3330 4404 triumphis.

1903 4419 1953 4478 υ
1980 4426 2092 4482 IIac
2117 4426 2426 4481 celebratur
2455 4425 2630 4478 honor
2659 4439 2829 4478 sacra:
2853 4424 3135 4495 genitricis
3159 4425 3212 4478 in
3239 4422 3385 4491 aula,

1977 4517 2107 4584 Quae
2144 4531 2331 4571 verum
2363 4514 2548 4586 genuit
2577 4514 2760 4568 lumen
2796 4515 2860 4569 de
2889 4515 3092 4569 lumine
3121 4513 3320 4580 Patris,

1977 4611 2147 4679 Quem
2170 4609 2406 4664 clamant
2428 4606 2584 4662 Titan
2616 4607 2759 4660 almo
2788 4607 3082 4676 spiramine
3111 4614 3284 4662 vates.

1979 4703 2201 4758 Femina
2225 4699 2568 4770 praepollens,
2607 4708 2662 4754 tu
2686 4714 2842 4754 sacra
2869 4715 3134 4770 puerpera
3171 4699 3342 4770 virgo,

1978 4796 2117 4851 Audi
2140 4795 2438 4850 clementer
2465 4791 2785 4862 populorum
2814 4799 2936 4844 vota
2979 4799 3315 4862 precantum,

1980 4891 2218 4947 Marcida
2244 4888 2335 4958 qui
2365 4886 2534 4958 riguis
2563 4887 2878 4940 humectant
2907 4885 3171 4941 imbribus
3193 4901 3312 4950 ora,

1981 4982 2060 5036 Ac
2089 4980 2316 5051 genibus
2346 4977 2580 5031 tundunt
2609 4982 2832 5028 curvato
2852 4974 3051 5044 poplite
3081 4984 3281 5030 terram
3313 4995 3325 5029 :

1983 5069 2121 5124 Dum
2158 5067 2369 5122 veniam
2401 5064 2518 5118 fuso
2552 5063 2910 5134 lacrymarum
2940 5063 3086 5119 fonte
3113 5074 3413 5131 merentur,

1986 5158 2054 5212 Et
2081 5156 2289 5212 crebris
2312 5153 2561 5224 precibus
2587 5152 2766 5208 delent
2785 5155 3102 5223 peccamina
3123 5155 3282 5214 vitae.

1987 5248 2132 5311 Haec,
2162 5247 2401 5313 inquam,
2427 5243 2604 5312 virgo,
2632 5242 2840 5299 cmlesti
2863 5244 3088 5315 pignore
3115 5237 3266 5309 fmta’,

1988 5337 2167 5394 Edidit
2189 5352 2254 5390 ex
2276 5335 2396 5390 alvo
2424 5335 2723 5389 salvantem
2751 5335 2945 5391 saecula
2977 5350 3223 5405 regem;

1988 5427 2272 5499 Imperium
2302 5425 2487 5482 mundi
2513 5427 2660 5482 solus
2680 5426 2769 5497 qui
2786 5424 2909 5496 jure
2930 5425 3214 5496 gubernat,

2059 5551 2084 5590 ἀ
2125 5549 2354 5606 Carmen
2383 5549 2487 5605 hoc
2516 5550 2658 5603 inter
2676 5545 3164 5619 W:i_lafr-i_di_Strabi
3189 5557 3436 5619 poemata
3461 5551 3574 5607 edi-

1991 5631 2100 5676 tum
2135 5630 2236 5682 est,
2270 5631 2328 5676 ut
2353 5621 2452 5674 alia
2479 5621 2734 5689 pleraque
2763 5616 2970 5672 Alcuini
3003 5616 3406 5688 (QuerieMnus,
3449 5638 3572 5674 um-

1993 5695 2129 5746 minc
2162 5693 2237 5765 '2).
