4044 6340
518 278 628 338 763
810 270 813 271 ν
1371 278 1431 333 Β.
1471 278 1532 332 F.
1574 274 1800 334 ΑιΒιΝι
1836 274 1967 333 SEU
2005 277 2078 332 AI

2197 276 2282 331 INI
2318 276 2600 334 OPERUM
2636 278 2814 332 PARS
2852 278 2937 334 Vl.
3666 282 3773 338 764

522 393 593 449 Ut
619 392 816 447 dudum
844 392 1084 462 angelico
1113 392 1274 448 discit
1298 391 1611 461 virguncula
1641 390 1773 456 fatu,

519 481 654 536 Cum
682 481 843 535 Pater
876 481 1137 537 altisonus
1165 481 1381 536 Gabriel
1407 482 1646 536 misisset
1674 482 1740 534 ab
1767 481 1947 536 astris.

517 570 647 628 Hazc
671 571 791 635 fuit,
823 573 1072 642 egregius
1097 586 1256 642 quam
1286 572 1485 641 promit
1509 571 1750 626 carmine
1778 580 1949 637 vates,

519 662 621 731 Qui
654 663 888 733 Solymis
913 663 1183 731 quondam
1208 663 1357 718 dives
1382 662 1626 731 regnavit
1658 662 1711 715 in
1743 662 1889 716 arvis
1914 678 1929 715 :

517 753 682 822 220
711 751 910 805 Hortus
935 752 1210 805 conclusus
1239 750 1448 806 ﬂorenti
1480 752 1535 805 in
1560 751 1763 807 vertice
1787 766 2045 806 vernans.

518 844 665 899 Fons
693 860 906 913 quoque
933 845 1169 913 signatus
1196 844 1400 899 ccclesti
1430 843 1639 914 gurgite
1664 843 1902 913 pollens;

516 934 734 989 Necnon
765 944 817 989 et
843 942 1024 989 turtur
1056 934 1337 989 tremulus.
1367 934 1463 989 Cui
1494 934 1753 1003 praescius
1782 933 1904 988 inﬁt

513 1025 751 1095 Angelus
779 1040 793 1078 :
824 1026 902 1079 En
931 1025 1171 1080 sobolem
1200 1026 1508 1095 generabis,
1539 1025 1715 1095 virgo,
1741 1038 2050 1093 perennem,

514 1115 690 1184 Atque
716 1118 1061 1187 puerperium
1090 1118 1329 1186 paritura
1352 1131 1617 1186 puerpera
1641 1117 1867 1187 gignens

513 1204 683 1260 Filius
709 1207 998 1261 Altithroni
1028 1206 1234 1262 faustus
1264 1209 1530 1262 vocitetur
1555 1209 1608 1261 in
1640 1222 1813 1262 aevum
1842 1225 1854 1238 ·

515 1297 747 1368 Spiritus
778 1316 807 1353 e
837 1300 975 1354 cmlo
1003 1302 1183 1355 veniet
1205 1301 1580 1355 sanctissimus
1610 1302 1662 1356 in
1695 1310 1768 1366 te,

514 1387 700 1441 Virtus
730 1403 857 1442 ecce
888 1397 976 1442 tuo
1004 1388 1211 1443 Confert
1236 1391 1550 1444 umbracula
1583 1392 1752 1445 cordi.

512 1477 690 1532 Patris
713 1477 1060 1534 obumbrabit
1082 1489 1155 1542 te,
1188 1479 1373 1550 Virgo,
1402 1480 1545 1534 celsa
1571 1478 1830 1549 potestas.

520 1569 639 1636 Quo
666 1570 811 1624 dictu
848 1571 1006 1624 matri
1040 1578 1353 1641 turgescunt
1376 1571 1583 1626 viscera
1615 1572 1768 1636 fmtu,

514 1658 616 1724 Qui
647 1662 860 1728 genitus
886 1660 1144 1714 mundum
1175 1661 1478 1714 miseranda
1508 1660 1627 1714 labe
1657 1662 1912 1728 resolvit,

510 1750 687 1820 Atque
709 1752 1002 1806 cruciﬁxus
1027 1753 1229 1822 polluta
1252 1752 1462 1821 piacula
1490 1754 1662 1807 tersit.

1224 1844 1372 1899 CLII.

659 1949 683 1977 ⁸
721 1936 912 1991 Versus
942 1938 1149 1991 Alcuini
1172 1938 1237 1990 de
1261 1938 1479 1991 ecclesia
1503 1940 1671 1992 sancti
1696 1938 1945 2009 Liutgeri.

510 2025 611 2081 Hic
639 2026 797 2081 Pater
825 2029 1074 2097 egregius
1100 2029 1308 2083 meritis
1332 2028 1643 2083 Bonifacius
1671 2030 1828 2083 almis

512 2116 649 2171 Cum
681 2118 843 2171 sociis
871 2118 1075 2185 pariter
1102 2116 1362 2172 fundebat
1387 2120 1665 2188 sanguinis
1691 2121 1913 2184 undam,

504 2206 715 2276 Inclyta
750 2208 997 2278 martyrii
1032 2218 1309 2263 sumentes
1335 2218 1619 2264 stemmata
1647 2212 1810 2265 sacri.

513 2296 683 2349 Terra
714 2297 871 2349 beata
902 2297 1064 2350 nimis
1095 2306 1407 2351 sanctorum
1438 2300 1695 2368 sanguine
1727 2301 1913 2354 dives!

508 2384 833 2439 Transvolat
858 2387 984 2440 hinc
1015 2389 1187 2441 victor
1218 2389 1371 2443 miles
1398 2391 1465 2443 ad
1494 2391 1712 2458 prtemia
1748 2391 1892 2455 coeli,

509 2475 712 2531 Ultima
740 2478 1033 2547 cespitibus
1063 2480 1183 2535 istis
1212 2482 1437 2553 vestigia
1466 2482 1734 2551 linquens.

478 2563 723 2620 ~Suadeo
753 2579 1101 2638 quapropter,
1136 2581 1361 2624 curvato
1392 2573 1616 2642 poplite,
1646 2575 1887 2644 supplex,

505 2657 614 2723 Tu,
640 2660 946 2729 quicunque
983 2662 1137 2731 legis,
1170 2665 1333 2718 terris
1368 2666 1452 2719 bis
1479 2667 1660 2721 oscula
1693 2666 1815 2738 ﬁge.

508 2748 646 2818 Spes
673 2750 768 2803 tibi
796 2756 985 2821 magna
1016 2753 1127 2816 ﬁat,
1161 2754 1427 2826 lacrymas
1458 2757 1753 2811 ascendere
1779 2758 1979 2811 cmlum

503 2837 643 2895 llinc
667 2842 908 2909 potuisse
933 2851 1074 2908 tuas,
1108 2843 1270 2900 fultas
1296 2847 1615 2914 patronibus
1644 2849 1670 2887 δ
1702 2848 1840 2902 istis.

504 2928 603 2986 Hic
630 2940 812 2986 manet
841 2933 930 2987 ille
962 2950 1125 2988 cruor
1153 2946 1347 2991 cuncto
1373 2939 1665 3007 pretiosior
1691 2955 1843 3003 auro,

502 3020 851 3094 Membraque
878 3027 1081 3081 cmlcsti
1114 3044 1237 3082 rore
1260 3030 1349 3084 hic
1376 3031 1591 3099 perfusa
1613 3032 1912 3102 quiescunt.

501 3111 734 3183 Adjuvat
764 3117 889 3171 hinc
915 3118 1111 3173 Paulus
1141 3121 1351 3186 doctor,
1381 3122 1689 3178 Bonifacius
1715 3124 1859 3189 inde,

503 3202 629 3262 Haec
658 3208 761 3262 illis
785 3210 1000 3278 quando
1025 3222 1241 3266 constat
1272 3213 1429 3267 simul
1457 3215 1578 3268 aula
1607 3215 1805 3269 dicata.

1214 3304 1386 3360 CLIII.

546 3402 570 3429 ο
598 3392 675 3444 De
702 3392 932 3447 basilicis
961 3403 1266 3448 sanctorum
1293 3396 1649 3466 apostolorum
1687 3396 1859 3452 sancti
1888 3397 2055 3452 Petri.

505 3481 658 3538 Ilanc
687 3485 881 3539 Petrus
908 3487 1149 3540 absidam
1178 3487 1203 3527 ά
1238 3498 1550 3543 sanctorum
1578 3498 1726 3545 sorte
1752 3498 2000 3557 coronat,

512 3573 761 3646 Claviger
786 3579 1077 3640 atthereus,
1108 3579 1198 3647 qui
1228 3589 1441 3649 portam
1471 3581 1659 3649 pandit
1690 3581 1742 3636 in
1772 3581 1964 3648 aathra,

504 3663 717 3720 Janitor
744 3677 959 3723 πίει-ηαξ
990 3670 1272 3725 recludens
1300 3670 1487 3726 limina
1515 3673 1653 3727 vitae.

507 3757 768 3816 Omnibus
795 3762 883 3815 hic
906 3763 1177 3835 geminum
1210 3765 1435 3834 digessit
1461 3767 1652 3836 dogma
1680 3780 1778 3835 per
1806 3766 2017 3831 orbem,

510 3850 664 3917 Quod
695 3850 839 3905 binis
868 3862 1084 3907 constat
1114 3855 1446 3923 descriptum
1470 3856 1573 3909 rite
1600 3855 1798 3911 libellis
1826 3868 1871 3921 ε,

504 3939 731 3995 Pectore
762 3943 851 4011 qui
881 3944 1065 4011 patulo
1093 3943 1293 3999 Christi
1325 3954 1592 4015 praecepta
1623 3956 1929 4016 capessant.

505 4029 578 4086 Ut
601 4032 750 4101 prius
778 4049 1056 4103 mquorcas
1084 4037 1337 4104 captabat
1366 4044 1512 4091 recte
1539 4046 1808 4101 catervas,

509 4122 679 4178 Linea
712 4125 1071 4194 squamigeris
1097 4128 1394 4181 extendens
1424 4128 1637 4181 vincula
1660 4129 1884 4183 turmis:

506 4212 599 4267 Sic
626 4213 904 4268 hominum
936 4231 1157 4281 cuneos,
1189 4217 1373 4301 mundi
1400 4217 1466 4271 de
1493 4217 1703 4288 gurgite
1734 4224 1942 4288 raptos,

507 4305 668 4359 Ducit
693 4307 758 4359 ad
789 4316 1049 4362 azternum
1075 4310 1280 4364 ccelesti
1306 4310 1509 4380 remige
1537 4310 1795 4386 regnum‘;

508 4395 581 4450 Ut
610 4397 702 4450 tibi
734 4397 981 4453 Salvator
1010 4415 1137 4454 vera
1164 4418 1287 4455 cum
1316 4418 1447 4457 voce
1471 4403 1781 4473 spopondit,

507 4488 734 4554 Quando
761 4490 1061 4560 piscantem
1093 4495 1269 4561 panda
1296 4495 1360 4549 de
1381 4510 1557 4565 puppe
1586 4499 1834 4551 vocabat.

508 4580 611 4645 Qui
643 4581 789 4650 ponti
825 4582 1053 4651 pedibus
1079 4584 1309 4637 calcavit
1335 4585 1528 4639 caerula
1555 4586 1752 4655 glauci,

510 4673 619 4727 Sed
649 4689 800 4728 mare
828 4684 1161 4746 mergentem
1190 4677 1410 4733 tumidis
1432 4694 1537 4731 non
1570 4679 1779 4733 sorbuit
1808 4682 1965 4736 undis
1991 4701 2002 4734 :

510 4764 743 4819 Dextera
770 4764 900 4820 dum
930 4765 1130 4821 Christi
1161 4768 1427 4838 turgentia
1458 4785 1736 4824 marmora
1765 4772 1982 4840 pressit,

583 4932 606 4959 λ
640 4921 699 4975 S.
732 4921 986 4991 Liutgeri.
1035 4924 1089 4978 Id
1121 4933 1229 4987 est,
1273 4925 1340 4978 de
1387 4925 1616 4980 ecclesia
1660 4925 1718 4979 S.
1764 4924 2023 4979 Bonifacii
2063 4941 2094 4981 a

416 5034 423 5043 .
511 5000 699 5062 sancto
744 4992 1011 5062 Liudgero
1060 5006 1387 5049 constructa.
1436 4995 1547 5050 lloc
1582 5011 1802 5050 carmen
1848 5004 2096 5049 recenset

510 5061 779 5137 Altfridns
796 5061 1029 5137 scriptor
1062 5066 1198 5120 Vita:
1237 5067 1408 5137 sancti
1438 5066 1687 5137 Liudgeri
1707 5067 1957 5137 episcopi
2000 5066 2096 5120 Mi-

512 5133 1022 5205 niigardefordensis
1070 5138 1210 5205 apud
1254 5133 1599 5205 Westphalos
1637 5133 1816 5205 primi.
1864 5133 2093 5190 ΜἈιιιιι..

510 5203 631 5257 Act.
653 5202 765 5276 SS.
795 5206 992 5261 Bened.
1011 5202 1134 5262 Sine.
1171 5224 1243 5269 iv,
1270 5202 1474 5276 partfi,
1505 5202 1749 5276 pagfﬁl.

582 5276 608 5313 δ
641 5273 981 5347 Patronibus,
1014 5293 1044 5330 a
1073 5273 1285 5347 patron—
1309 5279 1392 5329 vel
1422 5273 1689 5347 palmites.
1744 5277 1861 5332 Vill.
1912 5277 2093 5333 Gloss.

514 5344 702 5469 Cangji
735 5346 838 5401 hac
865 5363 1015 5402 voce.

589 5428 609 5453 ο
670 5416 856 5469 'ditum
895 5419 1015 5469 est]

589 5428 609 5453 ο
643 5416 856 5470 Editum
895 5428 977 5472 est
1006 5419 1110 5473 hoc
1153 5434 1370 5473 carmen
1400 5434 1521 5472 cum
1550 5417 1902 5488 sequentibus
1928 5417 2099 5473 unde-

513 5486 618 5558 cini
649 5488 789 5558 inter
825 5488 1006 5543 Strabi
1036 5497 1302 5558 poemata.
1336 5486 1811 5558 Qut-:ncsrfcarm.
1844 5488 1899 5541 4.

583 5557 606 5594 (ι
637 5557 790 5613 Hanc
825 5558 1010 5613 Petrus
1035 5557 1294 5613 obsidam.
1323 5558 1486 5611 Forte
1523 5557 1808 5613 ecclesiam
1831 5558 2099 5611 Taneten-

514 5644 630 5685 sem
677 5630 731 5684 in
779 5629 993 5699 Anglia,
1046 5645 1208 5698 quam
1256 5628 1540 5698 Eadburga
1588 5628 1860 5699 abbatissa
1890 5628 2097 5699 eodem

517 5715 655 5770 pcnc
680 5697 919 5774 tempore
948 5697 1234 5759 aediﬁcavit
1272 5700 1324 5754 in
1374 5697 1632 5755 honorem
1674 5697 1934 5769 principis
1965 5711 2091 5767 apo-

2119 394 2166 450 Α
2196 386 2361 458 Cujus
2389 391 2679 459 perstabat
2707 390 2974 446 defunctis
3003 391 3193 447 umbra
3222 390 3488 447 medelam
3516 412 3529 447 :

2198 477 2335 531 Dum
2361 479 2476 533 sani
2500 495 2687 534 rursus
2714 481 2942 534 redeunt
2967 479 3033 534 ad
3064 480 3266 535 lumina
3298 481 3443 548 vitae,

2195 568 2450 635 Quamvis
2484 578 2608 624 ante
2641 570 2808 641 nigra:
2835 570 3160 626 lustrassent
3184 571 3370 628 limina
3396 575 3607 630 mortis.

2194 659 2293 715 llic
2317 675 2530 729 quoque
2554 661 2864 731 peplitibus,
2894 678 2995 717 nec
3024 677 3132 716 non
3150 672 3203 717 et
3230 678 3388 718 crure
3415 665 3663 734 gemello,

2192 751 2455 807 Claudum
2481 762 2753 808 restaurat
2776 753 2948 809 fretus
2978 754 3180 809 virtute
3204 755 3499 822 Tonantis;

2196 844 2263 898 Et
2298 844 2407 899 cito
2437 846 2642 900 sanatis
2667 846 2922 915 prtecepit
2948 861 3175 915 pergere
3196 846 3418 915 plantis,

2193 934 2364 1002 Quem
2393 937 2545 1006 prius
2571 938 2639 991 ad
2678 937 2936 1006 templum
2962 939 3210 1009 gestabat
3237 938 3375 994 forte
3413 941 3768 1012 propinquus.

2192 1025 2292 1081 Hic
2320 1028 2483 1080 etiam
2512 1027 2669 1082 binos
2694 1028 2975 1083 mulctavit
2996 1038 3169 1084 morte
3196 1031 3483 1101 malignos,

2192 1115 2292 1182 Qui
2319 1111 2551 1184 pretium
2581 1117 2731 1171 fundi
2758 1117 3006 1173 celarunt
3031 1117 3220 1174 fraude
3245 1121 3553 1176 nefandum.

2189 1204 2413 1276 Insuper
2438 1215 2492 1261 et
2519 1207 2785 1278 magicum
2812 1208 2930 1263 falsi
2956 1210 3273 1278 phantasma
3297 1211 3554 1278 Simonis,

2191 1294 2454 1353 Funditus
2483 1314 2768 1364 evacuans,
2803 1308 2972 1356 tetras
2996 1301 3226 1357 detrusit
3254 1306 3304 1357 in
3331 1306 3589 1375 umbras;

2190 1386 2492 1442 Romanum
2524 1388 2718 1459 vulgus
2742 1390 2956 1445 solvens
2985 1406 3172 1446 errore
3200 1402 3434 1460 vetusto,

2192 1479 2293 1547 Qui
2321 1480 2577 1550 praecelsa
2607 1480 2754 1535 rudis
2784 1482 2995 1536 scandit
3024 1482 3237 1553 fastigia
3264 1487 3452 1551 turris,

2188 1569 2369 1639 Atque
2397 1579 2689 1625 coronatus
2717 1570 2854 1624 lauri
2882 1571 2947 1625 de
2974 1569 3163 1626 fronde
3185 1573 3403 1639 volavit,

2194 1657 2300 1713 Sed
2321 1674 2445 1714 mox
2470 1661 2735 1714 :ethereas
2762 1660 3053 1715 demittens
3081 1660 3329 1717 fructifer
3358 1679 3546 1733 auras,

2119 1723 2168 1783 Β
2195 1748 2440 1803 Cernuus
2463 1748 2529 1802 ad
2557 1758 2778 1813 terram,
2808 1748 3101 1805 confractis
3127 1751 3341 1806 ossibus
3368 1752 3557 1821 ambo,

2193 1839 2429 1907 Corruit,
2463 1849 2518 1893 et
2542 1839 2704 1894 Petro
2731 1840 2897 1895 cessit
2930 1841 3157 1895 victoria
3180 1842 3325 1895 belli.

2194 1930 2294 1997 Qui
2324 1947 2481 1985 cruce
2508 1930 2751 1985 conﬁxus
2780 1932 3017 2002 gaudens
3044 1940 3313 1987 tormenta
3340 1932 3553 2000 luebat,

2193 2019 2421 2075 Horrida
2453 2022 2968 2091 crudelispassurus
2991 2024 3216 2078 vulnera
3246 2024 3396 2079 ferri.

2193 2111 2362 2178 Quem
2392 2111 2551 2174 Deus.
2576 2113 2796 2167 :eternis
2824 2121 3071 2167 ornatum
3091 2115 3215 2183 jure
3246 2115 3567 2187 triumphis,

2192 2204 2413 2259 Arbiter
2438 2205 2781 2275 omnipotens
2806 2206 2873 2259 ad
2895 2206 3016 2259 coeli
3042 2206 3275 2260 culmina
3307 2208 3473 2263 vexit.

2903 2314 3078 2371 CLIV.

2658 2406 2845 2462 Sancti
2875 2405 3035 2460 Pauli
3059 2408 3302 2478 apostoli.

2197 2497 2421 2563 Saulus,
2452 2499 2543 2568 qui
2574 2507 2790 2554 sanctas
2817 2498 3102 2554 mulctavit
3133 2515 3354 2555 carcere
3383 2501 3599 2569 turbas,

2195 2588 2456 2644 Credulus
2478 2589 2728 2655 edicitur,
2760 2597 2968 2643 mutato
2994 2590 3212 2645 nomine
3238 2590 3436 2645 Paulus
3463 2610 3477 2644 :

2194 2679 2431 2734 Plurima
2464 2679 2742 2750 frugiferis
2770 2680 3089 2750 dispergens
3118 2680 3322 2734 semina
3348 2682 3550 2746 verbis,

2195 2769 2272 2825 De
2298 2785 2405 2840 quo
2435 2786 2586 2825 sacra
2612 2786 2766 2840 seges
2789 2770 2974 2824 mundi
3002 2769 3267 2824 succrevit
3293 2770 3347 2823 in
3371 2785 3531 2833 occa.

2196 2861 2364 2928 Quem
2398 2861 2538 2916 Deus
2568 2861 2789 2915 inﬁdum
2822 2860 2946 2915 cmli
2973 2861 3229 2915 clamavit
3253 2862 3320 2915 ab
3355 2877 3504 2926 arce,

2199 2949 2339 3015 Quid
2361 2967 2439 3004 me
2461 2950 2780 3021 persequeris
2805 2951 2937 3005 dura
2962 2966 3085 3005 cum
3112 2950 3257 3005 calce
3288 2950 3617 3023 refragatus!

2115 3062 2164 3121 α
2199 3042 2340 3113 Ergo
2372 3044 2515 3097 diem
2543 3058 2607 3098 ac
2632 3052 2843 3098 noctem
2876 3043 3026 3112 ponti
3059 3045 3158 3099 sub
3185 3044 3396 3115 gurgite
3425 3059 3651 3102 mersus

2195 3135 2385 3206 Magna
2415 3150 2771 3204 supernarum
2798 3133 2996 3188 meruit
3019 3134 3325 3203 spectacula
3359 3149 3563 3189 rerum.

2194 3226 2378 3280 Tertia
2408 3225 2668 3279 malorum
2700 3231 2885 3294 raptus
2910 3223 3125 3293 fastigia
3150 3223 3384 3287 scandit,

2194 3316 2371 3385 Atque
2404 3314 2509 3385 poli
2532 3328 2786 3383 proceres
2817 3313 2952 3367 vidit
2981 3328 3102 3367 cum
3130 3318 3309 3365 mente
3336 3310 3639 3381 maniplos”

2194 3407 2363 3476 Quem
2404 3421 2472 3477 py
2484 3406 2722 3460 thonissa
2748 3419 2950 3474 procax
2977 3402 3231 3458 clamavit
3258 3415 3391 3455 voce
3411 3409 3695 3470 proterva,

2196 3498 2432 3568 Spiritus
2456 3496 2737 3561 abscessit,
2773 3494 2939 3549 Paulo
2961 3500 3224 3564 purgante
3252 3492 3507 3562 puellam,

2194 3588 2252 3643 ln
2279 3603 2584 3666 vacuasque
2609 3586 2800 3657 procul
2829 3585 3040 3655 fugiens
3069 3584 3289 3638 evanuit
3310 3599 3493 3638 auras.

2195 3678 2437 3733 Ellebum
2460 3693 2708 3748 puerum,
2734 3677 3054 3731 lustrantem
3088 3684 3293 3729 tartara
3310 3676 3515 3729 mortis

2198 3769 2453 3834 Suscitat,
2487 3770 2539 3823 in
2568 3768 2815 3840 proprias
2844 3768 3022 3821 anima
3049 3772 3369 3838 penetrante
3390 3764 3685 3823 medullas.

2195 3858 2383 3915 Nonne
2407 3874 2620 3929 magum
2650 3858 2846 3913 merito
2872 3856 3101 3927 geminis
3124 3855 3395 3909 fraudavit
3423 3853 3634 3918 ocellis,

2195 3951 2456 4008 Cerneret
2477 3960 2536 4005 ut
2559 3965 2832 4019 nunquam
2856 3947 3226 4017 splendentem
3250 3945 3452 3999 lumine
3476 3942 3786 4001 Phoebum?

2198 4043 2457 4099 Cruribus
2483 4051 2643 4111 atque
2668 4042 2809 4096 suris
2841 4040 3092 4094 claudum
3122 4046 3389 4094 restaurat
3413 4047 3701 4108 mgrotum,

2197 4135 2365 4200 Quem
2394 4132 2609 4187 fortuna
2637 4133 2790 4201 prius
2818 4147 3007 4202 gressu
3032 4130 3267 4201 privavit
3290 4139 3563 4199 egentem.

2201 4223 2399 4291 Sicque
2429 4220 2644 4274 Patrem
2671 4220 2853 4290 populi
2886 4218 2904 4257 τ
2933 4234 3093 4288 quem
3121 4218 3289 4273 febris
3318 4218 3479 4272 torsit
3504 4216 3727 4281 anhela,

2197 4312 2456 4368 Torridus
2480 4319 2640 4380 atque
2667 4311 2834 4375 calor,
2865 4308 3094 4380 frigidus
3124 4310 3147 4347 ε
3174 4308 3420 4362 brumale
3442 4307 3735 4376 coquebat.

2116 4421 2169 4483 ι)
2196 4404 2304 4459 Nec
2332 4419 2437 4458 non
2466 4402 2672 4457 extales
2696 4401 2935 4455 multa...
2965 4415 3125 4470 ptena
3152 4399 3398 4470 pudenda
3422 4399 3474 4451 ιι.

2196 4495 2417 4550 Curavit
2442 4493 2623 4555 citius,
2656 4490 2882 4546 Domino
2914 4490 3201 4553 tribuente,
3238 4488 3523 4543 medelam.

2194 4579 2331 4638 Dum
2362 4591 2635 4639 sarmenta
2664 4582 2814 4650 prius
2838 4580 3164 4651 glomeraret
3189 4577 3385 4632 Paulus
3408 4578 3477 4632 ad
3506 4577 3711 4647 ignem,

2196 4677 2457 4732 Torribus
2484 4681 2543 4728 ut
2571 4672 2735 4743 pellat
2772 4672 3046 4726 brumosis
3074 4669 3267 4739 frigida
3293 4667 3482 4731 nimis,

2197 4770 2394 4839 Vipera
2419 4768 2535 4822 dira
2564 4781 2781 4819 manum
2808 4763 2991 4818 lethali
3019 4763 3177 4818 dente
3199 4758 3509 4825 momordit,

2197 4924 2477 4981 stolorum.
2505 4922 2852 4979 Cunnumor
2885 4919 2936 4973 in
2970 4934 3072 4973 ms.
3114 4947 3186 4958 ——
3210 4916 3324 4971 Non
3357 4913 3626 4969 assentior
3664 4914 3791 4967 viro

2198 4996 2331 5051 alias
2360 4994 2695 5055 doctissimo,
2728 5006 2851 5064 cum
2877 4989 3021 5043 nulla
3071 4989 3230 5064 hujus
3266 4987 3593 5064 conjecturae
3642 4985 3790 5064 ratio

2199 5073 2485 5135 appareat;
2514 5074 2570 5120 et
2596 5062 2839 5135 carmina
2871 5055 3155 5129 sequentia
3176 5058 3240 5135 de
3270 5056 3493 5135 reliquis
3518 5055 3791 5135 apostolis

2199 5124 2318 5205 qua:
2343 5124 2584 5205 ejusdem
2608 5131 2853 5205 profecto
2877 5124 3003 5184 sunt
3024 5128 3284 5191 auctoris,
3320 5129 3387 5182 ad
3414 5126 3566 5179 illum
3597 5124 3791 5178 locum

2198 5202 2969 5279 ιῡενιίρξπεμιειιερνίροαηιειιέ-
3101 5268 3134 5279 ._
3170 5267 3211 5279 ,η
3253 5268 3265 5278 .
3307 5275 3316 5279 -
3357 5265 3370 5279 .
3463 5264 3503 5279 -
3544 5273 3556 5279 -
3598 5264 3610 5275 .

2276 5289 2298 5315 ο
2327 5276 2441 5329 Rite
2483 5274 2688 5328 libellis.
2721 5272 2864 5325 Duas
2887 5268 3141 5337 intelligit
3170 5265 3438 5337 Epistolas
3463 5264 3612 5337 Petri
3658 5277 3797 5337 apo-

2201 5347 2321 5402 stoli
2352 5346 2659 5409 canonicas,
2692 5358 2812 5413 quae
2854 5334 3368 5410 Christi'prtcccpta
3407 5346 3466 5391 et
3488 5335 3611 5390 ﬁdei
3651 5334 3795 5406 dog-

2201 5427 2342 5471 mata
2370 5416 2668 5470 continent.

2278 5487 2297 5525 r
2339 5486 2492 5556 Leg.,
2526 5484 2722 5556 Publii.

2276 5559 2300 5597 Β
2340 5555 2523 5620 Forte,
2555 5555 2723 5625 frigus
2752 5565 2819 5608 et.
3442 5594 3445 5597 ‹

2274 5628 2299 5668 ιι
2342 5626 2517 5684 Locus
2544 5634 2847 5694 corruptus.
3498 5652 3501 5657 -
3566 5636 3593 5649 κ
