4044 6340
304 275 406 331 765

302 385 408 440 Sed
436 383 637 440 Paulus
664 382 898 454 gelidum
925 398 1032 437 non
1060 386 1230 440 sensit
1251 384 1473 441 vulnere
1496 386 1662 450 virus,

296 462 522 532 Laedere
548 488 647 529 nec
677 481 923 530 sanctum
953 474 1117 528 valuit
1139 476 1353 530 caudele
1379 489 1665 531 venenum.

302 568 549 637 Denique
577 580 865 635 squamosa
898 573 1202 620 contectum
1230 567 1367 636 pelle
1390 567 1651 622 celidrum
1675 579 1701 607 ιι

300 658 561 714 Protinus
589 659 644 713 in
671 657 915 711 ﬂammas
942 657 1249 711 torrendum
1281 658 1503 712 tradidit
1536 667 1703 712 atras.

302 749 594 817 Postquam
621 746 907 816 complevit
929 746 1161 801 labentis
1188 754 1431 816 tempora
1460 749 1607 811 vitae,

305 839 465 909 221
490 836 802 908 Martyrium
827 837 992 891 rubro
1014 836 1259 906 quaesivit
1282 837 1542 907 sanguine
1571 851 1808 902 sacrum,

302 928 719 997 Purpureusque
755 942 917 981 cruor
959 926 986 966 δ
1017 942 1276 982 venarum
1300 926 1452 981 fonte
1479 928 1737 981 cucurrit.

305 1019 439 1075 Ossa
470 1028 616 1091 tegat
640 1018 797 1074 tellus
827 1018 1074 1088 quamvis
1094 1019 1253 1073 modo
1284 1018 1424 1071 mole
1447 1017 1699 1086 sepulcri,

304 1111 556 1167 Attamen
590 1112 642 1164 in
679 1126 937 1181 proceras
967 1110 1210 1165 ascendit
1235 1109 1468 1179 Spiritus
1492 1124 1662 1171 arces,

305 1202 547 1259 Canibus
580 1203 853 1274 angelicis,
883 1203 1129 1257 nimbosa
1157 1216 1258 1270 per
1276 1201 1497 1264 aethera,
1524 1201 1734 1255 ductus.

1015 1291 1168 1347 CLV.

728 1383 909 1438 Sancti
950 1382 1068 1435 And
1074 1398 1173 1435 rete
1214 1380 1454 1451 apostoli.

306 1473 407 1529 Hie
436 1473 595 1528 simul
616 1472 862 1527 Andreas
888 1470 1072 1541 templi
1100 1471 1364 1526 tutabitur
1390 1485 1560 1531 aram,

304 1566 451 1621 Petri
481 1579 789 1636 germanus,
813 1563 903 1632 qui
930 1563 1200 1631 quondam
1230 1562 1419 1615 funera
1440 1561 1571 1616 lethi

305 1655 532 1712 Horrida
559 1672 870 1726 perpessus,
895 1662 1107 1710 sacrata
1132 1669 1294 1709 carne
1317 1653 1572 1723 pependit
1606 1671 1617 1704 :

306 1746 477 1815 Quem
516 1746 656 1801 Deus
683 1745 882 1800 Oceani
910 1744 1226 1798 lustrantem
1258 1742 1459 1796 frustra
1484 1753 1506 1781 ο
1537 1739 1775 1811 phaselio

303 1837 534 1893 C(elitus
560 1837 753 1891 ascivit
785 1834 1037 1906 gradiens
1061 1850 1158 1903 per
1186 1836 1367 1889 littora
1396 1834 1546 1903 ponti
1578 1852 1591 1888 :

302 1927 560 1983 Protinus
586 1927 827 1981 Andreas
855 1935 1206 1997 compunctus
1227 1940 1357 1981 voce
1382 1926 1643 1981 Tonantis

304 2014 547 2072 Credidit
575 2024 835 2070 azternum
867 2017 1166 2071 salvantem
1191 2017 1381 2070 smcula
1411 2031 1616 2087 regem,

303 2107 545 2163 Pendula
582 2116 819 2176 capturte
842 2116 1191 2161 contemnens
1222 2109 1359 2161 retia
1388 2116 1604 2176 spretae,

306 2201 376 2254 Et
403 2200 546 2255 dicto
572 2198 734 2253 citius
767 2197 966 2252 Christi
1005 2205 1273 2267 prmcepta
1303 2196 1542 2252 facessit.

307 2288 443 2357 Quis
472 2303 759 2344 numerare
802 2288 964 2353 valet,
992 2288 1269 2358 populosis
1292 2288 1487 2357 oppida
1513 2287 1707 2355 turbis,

304 2381 454 2437 lllius
482 2380 693 2449 eloquio
720 2394 838 2449 quae
870 2378 991 2432 fana
1016 2377 1241 2448 profana
1278 2378 1566 2445 frieabant,

305 2475 533 2531 Credula
563 2474 859 2544 pandentes
886 2474 995 2544 regi
1020 2471 1315 2543 praecordia
1346 2472 1603 2528 Christo?

306 2566 511 2636 Nempe
544 2566 711 2621 vicem
736 2565 963 2620 Domino
996 2567 1237 2619 solvebat
1260 2566 1405 2619 calce
1430 2576 1676 2631 cruenta,

305 2662 448 2718 Dum
483 2662 658 2716 crucis
685 2662 736 2715 in
762 2661 945 2729 patulo
974 2676 1265 2730 suspensus
1306 2660 1486 2731 stipite
1513 2669 1742 2731 martyr,

310 2748 513 2807 Ultima
540 2749 781 2805 mortalis
809 2749 1002 2804 clausit
1029 2749 1295 2820 spiracula
1320 2749 1465 2815 vitae,

307 2843 617 2915 Purpureas
637 2860 857 2903 sumens
883 2843 1097 2900 Christo
1122 2853 1380 2914 regnante
1411 2860 1657 2900 coronas.

1021 2937 1198 2992 CLVI.

769 3026 952 3082 Sancti
975 3026 1164 3082 Jacobi
1183 3026 1424 3098 apostoli.

308 3119 412 3175 llic
435 3134 646 3189 quoque
666 3118 920 3181 Jacobus,
945 3126 1125 3173 cretus
1166 3118 1410 3187 genitore
1433 3126 1645 3173 vetusto

307 3210 592 3265 Dilubrum
622 3218 811 3265 sancto
832 3206 1068 3263 defendit
1104 3210 1340 3279 tegmine
1382 3209 1604 3264 celsum.

311 3300 415 3367 Qui
444 3300 709 3355 clamante
736 3300 826 3369 pio
846 3299 995 3370 ponti
1026 3301 1091 3354 de
1124 3299 1365 3369 margine
1399 3298 1612 3354 Christo

309 3391 617 3462 Linquebat
644 3392 922 3462 proprium
964 3391 1139 3461 panda
1167 3406 1288 3445 eum
1317 3405 1491 3460 puppe
1516 3399 1816 3460 parentem.

310 3485 574 3541 Primitus
594 3484 858 3554 Hispanas
884 3482 909 3521 ἀ
955 3483 1220 3539 convertit
1252 3483 1500 3552 dogmate
1526 3490 1735 3553 gentes,

312 3576 555 3631 Barbara
583 3576 781 3631 divinis
804 3584 1127 3631 convertens
1151 3575 1363 3645 agmina
1400 3574 1581 3639 dictis,

242 3661 246 3665 ’
315 3669 447 3736 Qua:
470 3668 679 3738 priscos
703 3668 902 3722 dudum
938 3668 1096 3733 ritus,
1130 3675 1183 3721 et
1207 3667 1380 3721 lurida
1402 3666 1546 3732 fana,
1611 3665 1615 3669 ’

315 3763 589 3818 Dcemonis
628 3761 884 3817 horrendi
915 3762 1137 3830 decepta
1162 3760 1350 3817 fraude
1371 3802 1385 3827 ,
1416 3761 1686 3815 colebant.

316 3852 558 3909 Plurima
593 3853 681 3907 hic
704 3852 901 3923 praesul
927 3852 1158 3922 patravit
1178 3854 1329 3921 signa
1348 3848 1667 3921 slupendus,

319 3943 453 4010 Quae
482 3958 626 3996 nunc
670 3942 722 3996 in
751 3943 957 3996 chartis
986 3942 1299 3997 scribuntur
1322 3941 1425 3995 rite
1459 3939 1759 4011 quadratis.

317 4033 477 4088 Hunc
503 4041 626 4087 trux
657 4033 917 4097 Herodes,
949 4040 1138 4102 regnat
1173 4032 1447 4086 tetrarcha
1474 4038 1755 4103 tyrannus,

248 4114 251 4117 ’
318 4122 647 4178 Percussum
675 4124 940 4177 machaera
971 4123 1173 4179 crudeli
1206 4131 1378 4177 morte
1402 4121 1657 4177 necavit:

320 4213 495 4279 Quem
517 4223 672 4282 pater
693 4214 959 4279 excelsus,
984 4214 1075 4282 qui
1101 4221 1316 4268 sanctos
1332 4211 1454 4281 jure
1483 4212 1797 4284 triumphat,

321 4303 485 4357 Venit
507 4303 561 4356 in
590 4305 853 4359 aethereos
875 4304 1084 4358 meritis
1119 4303 1445 4374 fulgentibus
1482 4318 1657 4358 arces.

1023 4396 1221 4452 CLVII.

544 4489 724 4545 Sancti
753 4489 976 4543 Joannis
1004 4489 1228 4559 apostoli
1253 4498 1302 4542 et
1324 4487 1671 4558 evangelista.

325 4579 439 4634 Nec
460 4581 638 4634 minus
660 4582 862 4635 interea
895 4580 1223 4650 glomeretur
1248 4580 1401 4650 virgo
1436 4578 1695 4645 Joannes,

327 4673 500 4738 Quem
530 4687 784 4744 germana
815 4672 973 4727 simul
1000 4670 1181 4744 junxit
1206 4670 1495 4735 concordia
1524 4669 1759 4735 Christo,

406 4861 432 4890 ε
473 4848 654 4913 Forte,
690 4849 984 4904 colubram.

404 4919 869 4992 bAPurpureusque
895 4918 1300 4992 cruor.Auctor
1328 4918 1595 4992 sermonis
1620 4916 1678 4970 ll
1706 4916 1759 4971 in
1780 4916 1911 4971 edit.

405 4940 432 4959 ν
469 4940 578 4975 rur
614 4940 869 4992 areasque
895 4940 1068 4974 CI'NOI'.
1097 4940 1300 4975 AllClOl‘
1328 4940 1595 4974 SCI'IIIUIIIS
1620 4940 1678 4970 11
1706 4940 1759 4971 Ill
1780 4940 1911 4971 cun.

328 4988 511 5062 Paris.
556 4940 717 5062 (I’per.
751 4992 808 5045 S.
842 4991 1135 5062 Ambrosii,
1158 5007 1279 5061 pag.
1308 4991 1428 5062 ill,
1470 4996 1699 5062 eleuet.
1746 5002 1911 5062 serm.

329 5061 423 5121 50,
453 5070 581 5115 tom.
605 5058 672 5117 VI
700 5062 860 5131 Oper.
893 5060 948 5115 S.
966 5058 1498 5130 ChrysOstomi,pag.
1525 5058 1647 5121 ‘267,
1668 5058 1916 5131 scribunt

334 5139 586 5186 truncum
616 5128 784 5187 sancti
820 5131 967 5185 Pauli
998 5128 1157 5200 caput
1179 5132 1319 5186 lacte
1348 5128 1459 5200 pro
1496 5128 1755 5200 sanguine
1803 5143 1917 5181 ma-

331 5218 496 5256 nasse
530 5221 541 5255 :
572 5204 664 5257 sed
713 5204 827 5258 hzec
868 5203 1013 5256 nullo
1060 5199 1281 5270 antiquo
1326 5208 1548 5270 auctore
1582 5199 1911 5270 probantur;

330 5281 391 5325 et
417 5272 695 5337 Alcuinus,
726 5283 787 5327 ut
831 5288 897 5326 ex
928 5275 1031 5328 hoc
1071 5268 1494 5340 loco—probatur,
1524 5268 1723 5340 factum
1768 5268 1919 5340 igno—

333 5343 497 5396 ravit.
553 5336 690 5398 Vid.’
733 5343 1040 5397 Tillemont.
1081 5336 1385 5404 Mémbires,
1437 5348 1564 5393 tom.
1612 5338 1651 5402 ι,
1704 5346 1817 5391 not.
1850 5336 1918 5394 80

334 5426 437 5466 sur
466 5415 609 5484 sagint
635 5414 789 5478 Paul,
821 5428 944 5484 pag.
977 5413 1101 5484 558,
1131 5412 1261 5465 edit.
1288 5410 1463 5471 Paris,
1489 5424 1631 5484 anno
1658 5407 1813 5461 1701.

413 5494 436 5521 ο
486 5483 735 5538 Frustra.
779 5477 1088 5554 Ifegéndnm
1135 5484 1343 5552 ﬂustra,
1403 5488 1462 5554 ut
1493 5478 1634 5554 infra
1683 5477 1923 5554 carmine

333 5551 464 5608 165.
514 5554 789 5614 Elustrum
848 5549 979 5609 vero
1022 5562 1107 5608 est
1136 5549 1298 5620 'aqua
1353 5550 1432 5620 vel
1464 5549 1604 5602 unda
1656 5549 1922 5620 crispans,

330 5631 397 5675 et
425 5625 624 5679 dicitur
651 5641 679 5679 a
726 5626 856 5695 πίω,
886 5626 1027 5694 ﬂuis.
1073 5616 1326 5692 Ducange
1374 5619 1574 5683 Gloss,
1605 5632 1735 5673 voce
1768 5616 1923 5671 Ῥιπι-

333 5701 531 5753 stram,

1295 273 1624 331 CARMINA.
1660 304 1731 314 --
1767 274 2289 332 INSCRIPTIONES
2327 272 2582 329 VARUE.

3451 278 3554 336 766

1900 393 1950 456 Α
1980 388 2114 441 Dum
2146 388 2378 458 pandam
2406 388 2587 443 vetulo
2628 388 2823 460 linquit
2863 405 2984 447 eum
3008 400 3161 463 patre
3182 395 3446 462 carinam,

1981 478 2205 533 Retibus
2242 495 2521 550 tequoreas
2549 480 2886 538 claudentem
2918 499 3189 543 marmore
3215 488 3447 558 praedas,

1980 566 2082 634 Qui
2108 568 2258 635 prius
2282 568 2478 638 algosis
2503 572 2755 627 verrebat
2790 574 2984 628 caerula
3009 577 3199 642 remis,

1978 658 2225 714 Piscibus
2262 659 2484 714 insidias
2516 671 2738 719 nectens
2764 666 2864 720 sub
2884 667 3094 737 gurgite
3120 669 3266 736 ponti
3299 686 3313 722 :

1981 748 2089 804 Sed
2114 748 2382 804 clamante
2404 750 2514 805 Deo
2535 752 2800 810 luctantes
2833 756 3015 812 littore
3044 757 3307 829 lymphas,

1980 838 2382 909 Retiferamque
2404 856 2594 896 navem
2620 858 2748 899 caro
2772 861 2894 900 cum
2923 847 3092 903 fratre
3126 849 3399 919 relinquit,

1980 928 2048 983 Et
2076 929 2357 984 Dominum
2383 932 2648 1000 sequitur,
2673 934 2795 989 οωιί
2817 937 2909 1005 qui
2944 948 3135 1008 regnat
3158 940 3211 993 in
3237 956 3383 995 arce.

1981 1016 2081 1072 Hic
2106 1018 2208 1073 fuit
2235 1022 2481 1091 egregius
2504 1021 2704 1078 Christi
2740 1028 3015 1096 regnantis
3040 1029 3288 1086 alumnus

1981 1105 2241 1163 Omnibus
2271 1111 2526 1178 anterior,
2558 1126 2749 1184 magno
2778 1115 3006 1170 dilectus
3035 1132 3236 1184 amore,

1981 1195 2151 1263 Quem
2177 1214 2270 1252 rex
2297 1208 2591 1267 extorrem,
2633 1204 2820 1259 Roma:
2841 1205 2933 1275 qui
2964 1221 3130 1277 regna
3160 1208 3395 1280 regebat,

1983 1288 2168 1344 Trusit
2193 1291 2247 1347 in
2273 1293 2544 1359 exsilium,
2578 1296 2769 1366 cymba
2800 1305 2953 1351 trans
2975 1299 3171 1352 caerula
3196 1309 3411 1356 vectum
3431 1341 3445 1356 .

1983 1378 2147 1433 Exsul
2179 1395 2284 1448 qua
2309 1382 2515 1454 positus
2536 1399 2715 1438 rerum
2738 1387 3040 1455 spectacula
3066 1387 3221 1456 plura

1983 1468 2167 1524 Crevit
2196 1480 2219 1509 ο
2246 1471 2302 1525 in
2333 1473 2551 1537 exstasi,
2584 1475 2792 1530 etelesti
2818 1478 3039 1533 numine
3063 1478 3252 1545 fretus,

1983 1558 2112 1625 Qum
2136 1561 2296 1615 modo
2318 1563 2647 1617 membranis
2668 1579 2767 1633 per
2788 1567 3045 1621 mundum
3068 1568 3269 1637 scripta
3290 1568 3560 1638 leguntur.

1985 1648 2286 1718 Pausatque
2314 1649 2523 1720 Epheso
2551 1652 2569 1690 τ
2594 1652 2850 1721 praefatus
2876 1671 3101 1724 corpore
3121 1658 3341 1727 prtesul,

1917 1750 1958 1808 Β
1985 1735 2213 1793 Przemia
2236 1750 2570 1809 sumpturus,
2600 1758 2721 1796 cum
2745 1744 2958 1815 elanget
2981 1745 3206 1803 classica
3238 1749 3406 1818 salpix
3442 1750 3467 1790 δ

1988 1822 2186 1880 Ultima
2215 1826 2342 1882 dum
2367 1829 2562 1897 priscis
2588 1829 2841 1886 labuntur
2871 1843 3111 1904 tempora
3139 1837 3333 1892 saeclis.

2672 1920 2891 1976 CLVIII.

2433 2005 2621 2062 Sancti
2654 2008 2865 2065 Thomas
2900 2013 3144 2082 apostoli.

1984 2097 2085 2153 llic
2108 2097 2345 2154 Thomas
2375 2099 2653 2171 Didymus,
2678 2118 2874 2158 nomen
2913 2106 3137 2161 sortitus
3176 2106 3463 2174 Achivum,

1987 2187 2184 2243 Servat
2204 2198 2477 2244 sacratum
2502 2199 2646 2245 sarta
2672 2194 2942 2247 testudine
2976 2195 3266 2264 templum;

1986 2277 2220 2334 Vulnera
2249 2281 2340 2350 qui
2372 2290 2598 2353 tangens
2626 2285 2827 2339 crudeli
2861 2288 3082 2357 cuspide
3114 2297 3284 2359 gesta,

1986 2370 2227 2427 Credidit
2253 2376 2526 2443 extemplo
2548 2376 2847 2432 salvantem
2876 2380 3034 2435 smcla
3060 2370 3415 2438 monarchutﬁ
3445 2401 3458 2438 :

1988 2463 2246 2530 Quamvis
2276 2474 2401 2520 ante
2428 2465 2571 2521 foret
2594 2468 2757 2523 sociis
2782 2469 3094 2525 incredulus
3128 2472 3308 2539 almis,

1987 2553 2164 2624 Atque
2194 2554 2353 2612 fidem
2382 2557 2545 2611 dubio
2568 2567 2807 2628 gestaret
2833 2562 2997 2615 corde
3027 2561 3324 2627 sinistram,

1990 2647 2126 2703 Dum
2159 2649 2326 2705 chaos
2346 2648 2562 2715 inferni,
2588 2666 2817 2721 surgens
2846 2651 2911 2706 de
2940 2660 3115 2707 morte
3151 2652 3479 2725 Redemptor

1990 2733 2282 2809 Linquerct
2307 2741 2637 2806 abstrusum,
2668 2750 2823 2795 vasta
2850 2741 3143 2796 comitante
3165 2751 3409 2809 caterva.

1993 2828 2098 2884 Sed
2129 2845 2255 2884 mox
2286 2830 2597 2900 ambiguum
2624 2830 2891 2883 convertit
2914 2830 3078 2884 rubra
3111 2832 3361 2898 cicatrix,

1992 2919 2267 2991 Discipulo
2302 2919 2540 2987 palpanti
2572 2920 2741 2974 trucis
2764 2919 3082 2975 vulnuseula
3106 2919 3256 2988 ferri,

1993 3010 2133 3065 Dum
2169 3010 2375 3066 foribus
2407 3012 2625 3077 clausis,
2663 3012 2937 3081 trepidans
2955 3029 3059 3083 qua
3097 3014 3250 3069 turba
3282 3015 3504 3083 latebat,

1915 3093 1965 3158 (Ξ
1994 3101 2207 3158 Pacifer
2233 3102 2460 3155 intraret
2486 3100 2737 3157 Christus
2768 3101 3020 3157 Salvator
3040 3103 3094 3158 in
3126 3104 3329 3159 aulam.

1995 3194 2147 3250 Hunc
2178 3193 2340 3263 igitur
2370 3192 2584 3249 soboles
2625 3194 2773 3248 misit
2800 3197 3105 3249 veneranda
3139 3196 3401 3253 Tonantis

1994 3286 2136 3341 ans
2160 3293 2345 3357 gentes
2387 3285 2543 3339 almis
2573 3293 2891 3340 convertere
2915 3285 3081 3341 Biblis
3105 3287 3132 3326 ιι

1994 3378 2235 3433 Plurima
2259 3376 2559 3446 magniﬁcis
2581 3383 2887 3444 patrantem
2912 3376 3065 3446 signa
3088 3376 3396 3446 triumphis.

1995 3469 2144 3525 India
2182 3477 2295 3524 tum
2324 3468 2493 3522 sacris
2515 3467 2683 3522 coluit
2707 3466 2997 3521 simulacra
3026 3466 3296 3532 nefandis,

1996 3560 2269 3616 Doctrinis
2295 3567 2539 3613 veterum
2569 3556 2782 3612 stolidis
2818 3557 3082 3612 instructa
3112 3565 3437 3627 parentum;

2002 3652 2110 3707 Sed
2137 3650 2361 3706 confusa
2397 3648 2502 3703 ﬁde
2524 3649 2581 3704 in
2609 3648 2814 3703 Thema
2845 3649 3091 3704 lucrante
3112 3643 3340 3703 salutem

1999 3741 2237 3797 Credidit
2262 3740 2314 3795 in
2336 3739 2632 3802 Christum,
2667 3738 2787 3793 coeli
2816 3739 2908 3808 qui
2939 3746 3153 3808 sceptra
3181 3737 3466 3808 gubernat.

2002 3835 2243 3902 Deni:;ue
2275 3840 2549 3888 transacto
2574 3832 2860 3901 praesentis
2886 3841 3130 3900 tempore
3154 3830 3281 3885 vita:

2003 3924 2257 3980 Protinus
2298 3923 2597 3979 arthereuin
2625 3922 2861 3977 Thomas
2898 3921 3149 3976 lustravit
3175 3919 3481 3993 Olympum,

2005 4016 2176 4083 Quem
2206 4014 2314 4069 fani
2336 4013 2532 4068 ﬂamen
2562 4014 2765 4069 veteris
2797 4015 3077 4083 cultorque
3099 4014 3281 4069 sacelli

2008 4108 2282 4178 Sanguine
2311 4116 2589 4161 rorantem
2622 4107 2795 4174 rigido
2819 4108 3222 4161 transverberat
3248 4120 3398 4171 ense,

2008 4201 2235 4255 Praimia
2267 4208 2628 4267 sumpturum,
2671 4215 2796 4254 cum
2826 4199 2985 4254 tellus
3001 4207 3192 4268 sponte
3219 4197 3483 4263 dehiscet,

2009 4293 2201 4349 Omnia
2222 4291 2289 4345 de
2324 4290 2520 4361 priscis
2545 4297 2601 4343 et
2627 4298 2849 4359 surgent
2879 4304 3105 4359 corpora
3131 4289 3371 4347 lumbis,

2466 4386 2469 4393 '
2712 4378 2815 4434 CLI
2826 4378 2889 4434 Χ.

2468 4469 2653 4526 Sancti
2678 4468 2867 4524 Jacobi
2905 4469 3148 4539 apostoli.

2017 4566 2126 4621 Nec
2149 4581 2255 4619 non
2284 4563 2540 4628 Jacobus,
2569 4562 2770 4618 Christi
2808 4569 3100 4616 matertera
3131 4562 3146 4601 ί
3181 4568 3381 4622 cretus,

2019 4660 2085 4713 Et
2119 4657 2427 4714 consobrini
2452 4655 2592 4711 felici
2615 4654 2831 4709 nomine
2854 4653 3050 4718 fretus,

2090 4840 2114 4879 ἀ
2148 4839 2311 4900 Είὶὶι.,
2341 4837 2564 4907 Spanas.

2096 4923 2117 4950 ε
2149 4910 2333 4973 Forte,
2358 4908 2517 4960 crevit
2546 4922 2575 4959 a
2610 4918 2789 4958 cerno.

2096 4981 2115 5021 ί
2150 4981 2317 5041 Edit.,
2350 4978 2540 5047 e/faeto.

2097 5054 2121 5091 ε
2170 5035 2405 5119 Salpix:
2429 5046 2599 5100 Tuba.
2642 5043 2760 5099 Vid.
2812 5043 2954 5098 hanc
3001 5056 3189 5097 vocem
3236 5040 3429 5111 saepius
3464 5035 3605 5107 apud

2023 5117 2299 5187 Ducange,
2324 5117 2499 5187 Gloss.

2094 5186 2523 5261 hEilit.,Billis.
2628 5256 2638 5261 Α
2748 5254 2799 5261 __
2863 5251 2910 5261 __
2989 5252 3000 5261 _
3123 5251 3153 5261 ﬂ
3196 5249 3257 5261 ω

2104 5264 2115 5301 i
2149 5250 2452 5313 Matertera.
2478 5256 2735 5326 Sequitur
2748 5254 2835 5309 hic
2848 5251 3177 5327 Aletrinusg
3196 5250 3605 5327 Hieronymum,

2028 5332 2163 5386 Ven.
2202 5330 2403 5384 Bedam
2426 5336 2481 5382 et
2523 5316 2680 5391 alios,
2732 5327 2822 5394 qui
2852 5320 3373 5400 Mariamgleophm,
3404 5316 3610 5371 Jacobi

2031 5402 2255 5456 Minoris
2297 5408 2569 5462 matrem,
2622 5391 2806 5450 vera—ru
2858 5395 3030 5469 beata:
3081 5391 3317 5469 Virginis
3363 5402 3610 5469 sororem

2030 5472 2197 5545 fuisse
2243 5456 2586 5545 eredebant,_
2615 5475 2820 5545 textum
2855 5465 2911 5519 S.
2962 5456 3330 5545 Joannisjca'p.
3367 5475 3484 5522 χιχ,

2031 5543 2361 5613 accipientes
2388 5531 2683 5595 secundum
2715 5538 2971 5613 litteram.
3007 5532 3137 5613 Vide
3160 5531 3362 5613 denhac
3412 5545 3471 5613 re
3504 5531 3614 5613 ρης

2032 5599 2167 5670 ιίοοὲ
2212 5613 2379 5666 fusius
2426 5617 2741 5683 tractantes,
2792 5604 3118 5683 nominatim
3160 5602 3470 5683 Tillemont.
3504 5599 3612 5654 loc.

2066 5686 2150 5750 it.,
2180 5692 2291 5738 not.
2333 5683 2368 5736 ‘2
2393 5697 2487 5736 sur
2516 5682 2564 5734 la
2589 5680 2761 5735 sainte
2792 5676 3008 5746 Vicrgc,
3054 5690 3175 5746 pag.
3204 5672 3327 5727 458.
