4044 6340
504 334 607 389 767

506 448 659 503 Hanc
677 446 847 502 aedem
871 444 1084 499 Domini
1122 445 1189 497 de
1222 455 1433 496 summo
1464 447 1642 495 servat
1661 440 1905 510 Olympo,

508 538 682 606 Quem
710 535 862 606 plebs
888 534 1071 589 Iudaea
1094 547 1236 587 saevo
1262 532 1563 586 bacchante
1585 531 1821 584 tumultu

505 629 730 685 Pulsum
755 628 819 682 de
849 626 1011 695 pinna
1034 623 1252 677 fullonis
1278 622 1422 676 fuste
1458 621 1691 676 necavit.

507 721 659 787 Quod
684 718 956 775 Christum
986 715 1219 785 populis,
1258 715 1520 769 scandens
1546 713 1761 782 fastigia
1798 712 2002 782 templi,

508 812 930 868 Concionaretur
948 810 1140 863 crebro
1163 823 1412 862 sermone
1444 807 1715 862 sacerdos.

503 902 566 957 In
596 900 745 969 cujus
763 900 988 970 genibus
1012 900 1170 969 pellis
1193 899 1391 954 callosa
1414 896 1669 961 refertur,

506 994 646 1047 Dum
679 992 884 1046 crebris
910 991 1119 1046 vicibus
1141 997 1323 1045 oraret
1348 1004 1480 1043 voce
1511 987 1830 1049 Tonantem,

503 1080 802 1150 Poplitibus
825 1079 978 1135 ﬂexis
1008 1080 1237 1134 tundens
1266 1080 1572 1148 pavimenta
1598 1077 1798 1133 sacelli.

506 1174 687 1229 Lanea
709 1173 881 1227 villosi
921 1172 1124 1241 sprevit
1144 1171 1409 1225 velamina
1436 1170 1601 1239 pepli,

506 1264 675 1318 Linea
701 1263 941 1318 brumosi
972 1278 1191 1317 sumens
1224 1262 1469 1315 mantilia
1493 1260 1695 1316 ﬂabris.

510 1356 603 1411 Sic
652 1369 870 1425 quoque
911 1352 1229 1424 ﬂagrantem
1277 1361 1628 1408 contemnens
1673 1367 1903 1422 corpore
1956 1366 2083 1403 nar-

1841 1440 2013 1513 [dum,

506 1534 867 1591 Thermarum
901 1534 1117 1603 penitus
1156 1533 1392 1603 neglexit
1418 1541 1636 1602 pectore
1670 1545 1944 1601 pompam,

506 1627 624 1682 Non
661 1628 835 1682 cirros
868 1626 1081 1696 capitis,
1116 1626 1318 1681 ferrata
1347 1625 1572 1694 forcipe,
1606 1625 1858 1694 dempsit,

505 1720 667 1789 222
694 1718 802 1774 Nec
832 1718 1003 1773 culter
1030 1718 1204 1772 malas
1234 1717 1403 1771 vestis
1438 1716 1691 1786 lanugine
1720 1716 1849 1768 rasit
1880 1732 1891 1767 :

506 1811 669 1879 Cujus
691 1811 950 1864 virtutum
979 1817 1124 1863 tanta
1162 1809 1430 1877 praeconia
1458 1815 1727 1870 constant,

509 1902 579 1957 Ut
602 1901 837 1956 vindicta
861 1899 1031 1963 necis,
1062 1914 1223 1968 quam
1256 1898 1370 1952 dira
1398 1905 1574 1952 morte
1605 1897 1806 1959 luebat,

506 1993 761 2048 Interitus
783 1992 937 2047 fieret
972 1991 1208 2062 Solyme,
1250 1989 1540 2060 populique
1578 1990 1733 2043 ruina
1756 2002 1803 2042 ε.

509 2084 645 2140 Dum
671 2084 825 2139 Titus
848 2100 1038 2147 caesar,
1072 2086 1236 2137 densa
1266 2082 1559 2136 comitante
1586 2090 1825 2145 caterva,

509 2178 713 2233 Urbem
752 2175 1022 2231 ferriferis
1044 2175 1271 2228 vallaret
1298 2174 1536 2228 millibus
1560 2174 1815 2241 amplam,

505 2270 641 2323 Cum
667 2270 909 2337 genitore
932 2267 1113 2332 simul,
1150 2267 1409 2320 Romanis
1432 2266 1647 2319 arcibus
1669 2272 1790 2318 orto
1819 2283 1831 2318 :

508 2361 697 2437 Donec
714 2358 830 2411 dira
858 2356 1027 2409 fames
1058 2356 1392 2423 consumpsit
1418 2365 1596 2423 strage
1623 2363 1885 2419 catervas,

507 2446 772 2501 Manibus
800 2447 1106 2501 obstructas
1126 2454 1179 2498 et
1209 2445 1347 2498 muri
1375 2459 1592 2498 carcere
1613 2452 1812 2511 septas.

506 2534 791 2604 Tempore,
833 2549 940 2603 quo
976 2542 1221 2588 tenerum
1256 2535 1513 2587 mactavit
1543 2533 1741 2589 femina
1768 2545 1956 2590 natum

504 2624 727 2695 Insuper
748 2624 1037 2679 assandum
1060 2624 1294 2677 verubus
1325 2625 1598 2678 transfixit
1636 2626 1811 2679 acutis
1841 2646 1855 2680 :

505 2715 677 2785 Quem
700 2725 910 2771 coctum
940 2716 1143 2770 laribus
1167 2716 1403 2771 crudelis
1437 2726 1610 2771 mater
1632 2718 1848 2783 edebat,

506 2806 764 2861 Humana:
790 2807 1004 2877 penitus
1029 2815 1234 2861 natura)
1245 2804 1371 2874 jura
1397 2807 1705 2873 resolvens;

504 2897 771 2951 Horresco
797 2895 1058 2959 referens,
1088 2895 1256 2949 Eﬂ'ebi
1280 2895 1440 2950 funus
1471 2898 1746 2951 acerbum.

505 2986 597 3041 Sic
623 2987 859 3041 vindicta
888 2986 1067 3040 crucis
1089 2985 1367 3039 muletavit
1393 2986 1544 3041 clade
1572 2963 1833 3042 nefandos
1864 3007 1878 3041 :

506 3075 599 3130 Sic
622 3090 836 3144 quoque
856 3073 1040 3128 Jacobi
1064 3074 1345 3128 mulctavit
1374 3074 1551 3141 passio
1576 3084 1776 3129 sontes.

508 3165 775 3220 Undecies
804 3172 1028 3218 centena
1059 3164 1216 3217 simul
1251 3164 1509 3237 cecidisse
1534 3165 1783 3234 leguntur

506 3252 691 3316 Millia,
725 3267 822 3320 per
845 3253 1119 3315 miseram,
1144 3253 1479 3307 moribundis
1509 3254 1741 3320 civibus,
1768 3259 1955 3313 urbem
1983 3279 1994 3311 :

505 3346 729 3413 Insuper
748 3351 803 3398 et
828 3352 1041 3397 centum
1068 3344 1370 3398 vendantur
1396 3345 1559 3399 millia
1581 3348 1802 3415 passim,

506 3435 653 3501 Quos
675 3434 878 3504 rigidus
909 3433 1035 3487 ferri
1061 3434 1332 3504 neglectus
1360 3452 1548 3490 mucro
1581 3437 1821 3507 reliquit,

505 3524 574 3582 Et
600 3524 760 3580 famis
782 3525 972 3596 exigua
999 3525 1276 3595 perierunt
1295 3526 1483 3581 funera
1514 3528 1671 3597 stipe.

1219 3617 1374 3672 CLX.

931 3705 1113 3761 Sancti
1143 3705 1377 3778 Philippi
1411 3708 1652 3778 apostoli.

507 3796 606 3853 Hic
642 3811 855 3867 quoque
895 3805 1283 3852 commemorat
1327 3808 1625 3855 metrorum
1672 3817 1824 3858 coma
1876 3803 2084 3874 Philip.

1843 3894 2010 3966 lpum.

506 3978 678 4045 Quem
706 3979 829 4047 pius
852 3979 1062 4033 aethrali
1086 3979 1275 4034 ditavit
1295 3980 1467 4050 gratia
1496 3980 1774 4047 Christus;

506 4068 744 4123 Barbara
779 4069 870 4138 qui
895 4070 1077 4124 docuit
1105 4069 1365 4124 doctrinis
1395 4072 1609 4140 agmina
1639 4074 1827 4137 sacris,

504 4156 738 4214 Credere
757 4175 856 4229 per
876 4158 1152 4231 Scythiam
1168 4160 1464 4215 salvantem
1481 4163 1675 4217 saecula
1698 4162 1972 4219 Christum
1995 4183 2006 4218 :

504 4249 610 4318 Qui
636 4252 835 4306 dudum
860 4260 998 4307 tetra
1030 4253 1315 4321 torpebant
1339 4257 1531 4310 mortis
1553 4255 1607 4309 in
1628 4257 1818 4312 umbra

506 4340 796 4396 Auctorem
824 4342 960 4397 lueis
987 4344 1271 4399 tenebroso
1300 4345 1464 4399 corde
1499 4354 1781 4417 negantes,

505 4431 681 4502 Atque
710 4440 972 4487 creaturze
994 4432 1317 4489 famulantes
1340 4435 1529 4491 ordine
1559 4453 1737 4493 verso.

505 4523 687 4577 Donec
714 4522 1063 4591 apostolicam
1086 4524 1383 4581 hauserunt
1420 4543 1551 4582 aure
1576 4529 1867 4597 loquelam,

504 4613 749 4681 Limpida
771 4612 1014 4681 perpetui
1046 4622 1332 4670 cernentes
1361 4616 1560 4670 lumina
1598 4616 1807 4673 Phoebi.

505 4700 707 4757 Omnes
732 4702 978 4757 certatim
1007 4713 1326 4774 merguntur
1344 4706 1554 4777 gurgite
1579 4722 1757 4773 sacro,

506 4790 794 4860 Flagitium
820 4792 1038 4848 sceleris
1066 4803 1356 4866 purgantes
1377 4795 1521 4851 fonte
1542 4798 1763 4853 lavacri.

508 4880 636 4934 Inde
665 4880 849 4936 Asiam
878 4893 1154 4954 properat,
1185 4887 1389 4941 sanctis
1419 4896 1735 4944 convertere
1764 4891 1940 4955 biblis,

506 4967 649 5022 ldola
678 4984 797 5037 qum
819 4969 1018 5025 dudum
1041 4971 1261 5041 decepta
1290 4975 1476 5029 fraude
1496 4976 1724 5032 colebat.

512 5058 711 5115 Sedula
743 5060 770 5100 ι)
798 5061 891 5115 sed
918 5062 1078 5118 citius
1108 5064 1293 5133 pandit
1318 5068 1615 5133 praecordia
1641 5068 1877 5133 Christo,

511 5151 800 5222 Splendida
828 5153 1075 5223 discipuli
1101 5155 1225 5209 dum
1250 5154 1410 5213 fantis
1439 5160 1602 5214 verba
1633 5163 1886 5230 capessit.

513 5244 619 5298 Sed
656 5244 780 5298 felix
817 5245 959 5301 Asia:
993 5248 1261 5301 convertit
1287 5249 1533 5319 dogmate
1558 5266 1805 5321 regnum,

509 5334 568 5389 In
592 5352 695 5404 qua
726 5345 848 5405 post
868 5336 1074 5391 obitum
1105 5335 1254 5392 fatali
1293 5348 1437 5395 sorte
1467 5341 1712 5410 quiescit,

580 5524 603 5550 -
636 5511 935 5589 Descriptio
976 5512 1674 5589 excidii__Jcrosolymitani,
1728 5534 1887 5586 quam
1938 5521 2085 5589 legas

510 5582 650 5650 apud
677 5579 991 5649 Iosephum.
1019 5583 1084 5637 dc
1110 5582 1254 5639 Bello
1283 5579 1521 5640 Iudaico.

584 5651 610 5690 δ
638 5651 745 5713 AL,
792 5652 1021 5704 credula.

585 5732 605 5753 τ
650 5722 730 5774 Al.
767 5720 1018 5789 miri/iris.

1360 329 1420 383 Β.
1464 328 1523 383 F.
1562 328 1787 383 ALBINI
1828 327 1957 383 SEU
2000 324 2277 381 ALCUINI
2316 322 2601 380 OPERUM
2644 320 2822 373 PARS
2862 317 2948 373 Vl.

2104 438 2153 496 Α
2178 434 2341 503 Cujus
2371 435 2472 489 hoc
2500 432 2754 501 templum
2788 438 2996 485 sacrata
3022 430 3261 484 tuebitur
3287 442 3380 481 ara
3408 427 3543 499 HL,
3594 428 3767 501 arca].

3669 316 3770 373 768

2890 538 3068 597 CLXI.

2542 653 2727 708 Sancti
2763 650 3140 707 Bartholomtei
3166 650 3412 719 apostoli.

2188 764 2387 821 Ultima
2422 771 2686 818 terrarum
2709 762 3032 832 praepollens
3058 761 3216 818 India
3246 768 3482 827 constat,

2188 855 2362 921 Quam
2381 855 2433 908 in
2463 862 2576 909 tres
2604 862 2783 925 partes
2808 854 3073 909 librorum
3101 853 3301 923 scripta
3327 860 3697 923 sequestrant,

2187 942 2332 997 Idola
2366 958 2489 1011 quae
2513 943 2676 998 coluit
2704 944 2930 1014 paganis
2951 944 3132 998 dedita
3158 943 3350 997 sacris.

2188 1034 2295 1089 Sed
2322 1034 2732 1090 Bartholomeus
2758 1035 3026 1090 destruxit
3046 1034 3222 1089 lurida
3256 1033 3398 1098 fana,

2187 1126 2404 1198 Eﬂigies
2429 1135 2672 1182 veterum
2712 1126 3061 1196 eonfringens
3083 1127 3207 1196 jure
3233 1126 3476 1190 deorum,

2187 1216 2396 1271 Ilebrea
2419 1233 2580 1287 quem
2605 1217 2805 1272 clamat
2832 1218 3135 1287 peregrinis
3154 1217 3333 1287 lingua
3354 1216 3602 1285 loquelis.

2187 1306 2372 1363 Proles
2400 1308 2777 1376 suspendentis
2803 1324 2971 1377 aquas
2992 1308 3048 1361 in
3072 1308 3307 1364 nubibus
3333 1308 3490 1371 atris,

2188 1398 2418 1453 llumida
2446 1398 2708 1451 nimbosis
2726 1398 2850 1452 dum
2875 1398 3082 1452 stillant
3108 1401 3311 1451 mthera
3340 1397 3526 1466 guttis,

2189 1490 2331 1558 Quot
2381 1489 2590 1561 [quem]
2644 1491 2821 1558 signat
2870 1505 3157 1561 procerum
3201 1489 3440 1545 caelestis
3484 1489 3623 1542 dona
3648 1502 3775 1558 pro-

3496 1575 3674 1647 [fundi

2192 1670 2261 1725 Ut
2284 1669 2556 1739 quondam
2584 1670 2780 1725 cecinit
2804 1670 3139 1725 Psalmorum
3167 1669 3408 1722 carmine
3430 1680 3583 1724 vates
3607 1687 3622 1723 :

2122 1780 2164 1837 Β
2192 1765 2330 1819 Ecce
2351 1763 2495 1821 latex
2523 1774 2674 1820 rorat
2695 1764 2996 1820 tenebrosis
3027 1763 3263 1817 nubibus
3285 1764 3452 1816 aeris.

2190 1856 2319 1911 Post
2348 1858 2463 1912 haec
2486 1857 2734 1929 martyrii
2761 1864 3035 1910 mercatur
3062 1862 3207 1909 serta
3231 1863 3455 1909 cruenta

2191 1947 2257 2002 Et
2283 1949 2530 2018 sequitur
2555 1948 2841 2004 Dominum
2886 1947 3063 2016 pictus
3088 1963 3212 2001 cum
3254 1944 3388 2016 [Αι.,
3419 1944 3497 2017 ἰη]
3525 1945 3779 2016 stigmate

3502 2039 3717 2094 Christi.

2190 2131 2354 2200 (.ujus
2377 2131 2480 2199 hoc
2506 2131 2764 2200 templum
2794 2133 3099 2186 veneranda
3125 2131 3367 2185 tuebitur
3395 2146 3512 2185 ara.

2873 2247 3077 2302 CLXII.

2418 2336 2602 2391 Sancti
2632 2337 2873 2392 Μαιηιωί
2898 2339 3124 2409 apostoli
3138 2348 3185 2392 et
3212 2339 3557 2409 evangelista.

2189 2451 2454 2506 Mattheus
2475 2453 2752 2522 egregium
2782 2452 3093 2507 describens
3126 2453 3313 2521 dogma
3342 2453 3550 2517 salutis,

2189 2539 2398 2595 Ilebrea
2428 2555 2524 2611 per
2552 2541 2802 2610 simplum
2834 2542 3056 2611 digessit
3087 2542 3229 2598 dicta
3252 2544 3514 2608 libellum,

2188 2628 2425 2683 Plurima
2451 2630 2744 2685 sanctifieis
2771 2642 2791 2668 ο
2826 2646 3056 2687 narrans
3080 2633 3337 2687 miracula
3367 2635 3561 2697 szeclis,

2190 2711 2320 2779 Quae
2366 2714 2525 2767 modo
2571 2729 2669 2782 per
2715 2713 2975 2769 mundum
3008 2715 3286 2787 divulgant
3329 2718 3527 2787 scripta
3569 2718 3771 2788 triqua-

3498 2809 3699 2881 [drum.

2189 2894 2358 2960 Quem
2384 2893 2546 2947 Ftaan
2570 2892 2782 2960 ﬂuvius,
2816 2896 3052 2965 paradisi
3080 2896 3225 2952 fonte
3248 2900 3576 2962 redundans,

2188 2984 2415 3053 Tropica
2439 2986 2709 3055 portendit
2730 2987 2972 3055 pandens
2998 2991 3251 3054 mvsteria
3286 3007 3489 3045 rerum.

2189 3070 2376 3130 Fontis
2395 3077 2639 3147 designat
2662 3076 3040 3149 Salvatorjure
3056 3079 3302 3149 figuram,

2137 3166 2153 3184 ί
2188 3166 2265 3219 De
2294 3180 2403 3234 quo
2425 3167 2742 3235 quadriﬂuis
2770 3168 3067 3225 decurrunt
3103 3171 3321 3226 ﬂmnina
3353 3174 3505 3231 rivis.

2186 3255 2451 3322 Quattuor
2479 3265 2539 3311 ut
2568 3260 2859 3328 quondam,
2890 3263 3158 3317 nascentis
3185 3264 3393 3334 origine
3419 3266 3587 3331 saecli,

2185 3347 2428 3418 Limpida
2449 3364 2547 3419 per
2566 3349 2730 3404 latum
2760 3349 3026 3406 ﬂuxerunt
3057 3351 3277 3408 ﬂumina
3307 3358 3604 3422 mundum;

2186 3441 2303 3508 Quo
2334 3438 2528 3496 rubros
2550 3440 2731 3508 ﬂores,
2759 3451 2814 3499 et
2841 3454 2995 3513 prata
3018 3445 3245 3501 virentia
3269 3448 3461 3518 glebis,

2192 3533 2512 3604 Gurgitibus
2540 3536 2709 3604 puris,
2752 3543 2806 3591 et
2827 3538 3018 3608 glauco
3040 3553 3165 3593 rore
3191 3541 3441 3611 rigabant
3476 3558 3490 3595 :

2187 3625 2279 3680 Sic
2306 3625 2550 3680 doctrina
2576 3627 2670 3681 Dei
2695 3626 2866 3692 ﬂuxit,
2898 3628 2965 3683 de
2994 3628 3143 3684 fonte
3173 3640 3459 3699 quaterno,

2186 3716 2347 3772 Arida
2374 3719 2570 3774 divinis
2592 3720 2833 3774 irrorans
2862 3721 3026 3775 corda
3060 3723 3346 3778 scatebris.

2185 3807 2335 3865 lianc
2364 3810 2594 3879 scriptor
2609 3826 2773 3866 verax
2802 3813 3071 3882 expressit
3106 3812 3369 3869 Mattheus
3389 3816 3539 3881 olim,

2185 3899 2461 3969 Quemque
2487 3902 2750 3972 prepheta
2780 3901 2899 3967 Dei,
2936 3919 3091 3959 sacro
3131 3907 3422 3975 spiramine
3445 3908 3659 3977 plenus,

2184 3989 2427 4046 Humana
2451 3994 2630 4062 specie
2648 3995 2784 4048 vidit
2802 3996 3067 4066 signarier
3084 3999 3212 4053 olim
3233 4017 3247 4065 ;

2184 4080 2336 4149 Quod
2362 4081 2560 4137 Christi
2584 4091 2784 4153 patres,
2814 4094 2867 4141 et
2890 4102 3019 4143 avos
3045 4098 3355 4175 numeraret
3383 4106 3606 4145 avorum
3630 4134 3646 4157 ,

2184 4171 2226 4225 E
2247 4172 2401 4241 queis
2423 4170 2670 4226 Salvator
2708 4182 2892 4229 noster
2916 4176 3181 4231 cunabula
3210 4170 3350 4232 sacri

2185 4263 2521 4333 Sumpserat,
2546 4263 2600 4318 in
2633 4266 2834 4320 mundo
2855 4274 3068 4321 sacrata
3088 4266 3114 4305 ἀ
3142 4268 3351 4336 piacula
3378 4268 3604 4325 demens
3644 4282 3667 4309 ο

2865 4375 3087 4433 CLXIII.

2625 4467 2812 4523 Sanrti
2834 4467 3063 4523 Simonis
3095 4470 3340 4541 apostoli.

2182 4582 2369 4637 Simon
2397 4581 2630 4647 Zelotes,
2662 4598 2761 4637 nec
2782 4599 2890 4638 non
2909 4582 3195 4643 Canancus
3230 4583 3394 4646 idem,

2180 4671 2327 4726 Inter
2353 4672 2674 4742 apostolicos
2702 4672 2849 4727 Petri
2875 4674 3196 4744 cognomine
3223 4672 3438 4731 functus
3467 4674 3514 4741 ί,

2182 4763 2367 4819 Coetus
2394 4764 2485 4833 qui
2508 4764 2691 4817 docuit
2712 4764 2938 4834 gentiles
2964 4765 3159 4835 dogma
3183 4781 3499 4836 supernum,

2132 4930 2139 4935 θ
2184 4855 2256 4911 Ut
2288 4854 2487 4910 celsum
2517 4863 2761 4924 peterent
2785 4855 2990 4910 cmlesti
3019 4857 3240 4912 tramite
3270 4871 3517 4927 regnum.

2182 4944 2347 5012 Cujus
2371 4944 2424 4999 in
2451 4945 2554 4999 hac
2578 4944 2698 4999 aula
2729 4960 2882 4999 sacra
2911 4946 3218 5001 servabitur
3246 4962 3361 5011 ara,

2182 5035 2314 5089 Cum
2341 5034 2493 5104 polus
2519 5044 2571 5090 et
2604 5035 2775 5097 tellus,
2816 5052 2879 5089 ac
2900 5036 3052 5105 ponti
3093 5034 3279 5090 ﬂustra
3308 5036 3561 5093 fatiscant

2184 5125 2363 5180 Donec
2392 5126 2657 5195 supremis
2686 5125 2981 5181 scintillent
3017 5126 3176 5181 saecla
3202 5126 3418 5190 favillis,

2184 5216 2250 5270 Et
2276 5216 2456 5270 mundi
2492 5215 2679 5278 moles,
2711 5224 2939 5280 montes,
2963 5215 3236 5286 collesque
3263 5217 3586 5286 liquescant,

2183 5306 2358 5374 Atque
2384 5311 2668 5365 creaturae,
2702 5319 2949 5358 cerarum
2981 5304 3157 5357 ﬂuxus
3179 5306 3247 5358 ad
3280 5306 3472 5370 instar,

2187 5393 2431 5447 Machina
2466 5392 2805 5455 succumbat,
2833 5390 3047 5445 ﬂamma
3075 5395 3400 5462 crepitante,
3433 5410 3531 5463 per
3555 5397 3760 5451 orbem.

2257 5525 2281 5563 ἀ
2324 5524 2429 5587 Μ..
2466 5524 2738 5578 scelerata.

2262 5607 2282 5631 ο
2317 5594 2454 5647 Edit.
2470 5636 2482 5657 ,
2506 5593 2742 5649 clemens.

2264 5665 2281 5703 τ
2318 5665 2399 5719 Al.
2413 5705 2425 5729 ,
2458 5664 2640 5733 fretus.
