4044 6340
301 246 405 329 τεο

980 359 1203 414 CLXIV.

623 450 805 509 Sancti
832 450 989 505 Juda:
1027 450 1277 506 Tltacldtei
1307 453 1550 521 apostoli.

299 548 595 619 Supremus
623 556 906 600 numerum
933 544 1254 599 conclaudat
1283 544 1531 598 Taddeus
1556 544 1750 606 almus,

296 636 393 694 Cui
437 650 736 708 cognomen
796 642 915 688 erat
960 634 1278 701 praeclarum
1324 632 1542 687 Bibleus
1590 631 1867 704 [Libbeus]

482 738 485 739 '
1621 721 1798 793 [olim,

294 816 464 885 Quem
497 816 715 872 duxisse
757 815 936 871 ferunt
961 827 1008 879 ο,
1037 814 1239 870 Christi
1290 829 1411 869 cum
1442 823 1745 884 grammate
1772 830 1872 868 sa:-

1569 904 1733 975 [clum
1770 905 1798 944 ιι

291 1000 562 1070 Abagaro,
589 999 858 1069 quondam
886 998 977 1067 qui
1005 998 1152 1067 regni
1192 1005 1402 1067 sceptra
1425 996 1643 1065 regebat
1667 1012 1680 1047 ε

293 1090 583 1159 Postquam
617 1098 911 1144 tartareum
930 1088 1215 1151 damnavit
1236 1095 1410 1141 morte
1440 1094 1725 1156 tyrannum
1743 1119 1758 1147 ,

291 1181 362 1237 Et
390 1182 542 1237 tetris
568 1182 714 1237 erebi
744 1181 982 1251 gaudens
1011 1181 1233 1235 emersit
1261 1180 1328 1234 ab
1350 1180 1542 1242 antris,

290 1273 429 1327 Exin
452 1272 721 1327 sidereum
738 1271 985 1326 Christus
1014 1270 1256 1324 ascendit
1296 1268 1599 1338 Olympum.

286 1363 499 1418 Dicitur
524 1364 613 1417 hic
633 1364 796 1417 etiam
823 1363 1041 1432 vulgato
1069 1361 1285 1416 nomine
1313 1360 1503 1423 Iudas,

286 1449 455 1519 Cujus
474 1451 721 1519 pnesenti
745 1450 931 1504 laudes
964 1449 1310 1504 celebrantur
1334 1450 1386 1503 in
1414 1448 1534 1502 aula
1569 1467 1580 1500 :

285 1538 392 1605 Qui
431 1541 585 1595 nobis
611 1541 795 1594 binum
828 1541 1059 1609 (acuudo
1080 1539 1281 1594 famine
1311 1540 1514 1594 biblum
1544 1549 1566 1577 ε

281 1628 493 1694 Edidit,
522 1632 773 1699 antiquas
810 1630 1154 1699 promulgans
1179 1645 1274 1683 ore
1303 1628 1565 1697 loquelas,

278 1718 447 1789 223
471 1719 616 1786 Quas
640 1721 822 1774 Enoch
849 1720 1027 1789 prisco
1046 1718 1333 1787 descripsit
1353 1728 1593 1786 tempore
1623 1729 1793 1781 vates,

276 1809 427 1862 Ante
452 1826 622 1879 rapax
647 1810 903 1865 mundum
929 1824 1090 1878 quam
1112 1816 1310 1878 pontus
1334 1808 1593 1879 plecteret
1617 1808 1796 1872 undis,

275 1900 484 1955 Dicens
513 1920 524 1954 :
552 1901 691 1955 Ecce
718 1902 864 1954 venit
888 1901 1148 1955 Dominus
1179 1916 1303 1955 cum
1330 1900 1561 1955 millibus
1589 1901 1762 1965 almis,

276 1987 769 2058 Ponerejudicium
798 1990 1006 2043 cunctis
1029 1990 1398 2043 habitantibus
1426 1989 1630 2053 orbem,

276 2080 433 2148 Quos
460 2080 631 2136 nubes
657 2080 890 2150 appellat
918 2095 1057 2149 aqua
1084 2080 1322 2134 stillante
1343 2089 1612 2143 carentes,

276 2172 500 2244 Frigida
534 2187 674 2241 quas
709 2171 909 2240 rapidis
950 2172 1263 2242 dispergunt
1296 2170 1512 2223 ﬂamina
1542 2171 1757 2224 ventis:

278 2262 399 2316 Nec
428 2277 531 2316 non
560 2260 838 2315 arboribus
865 2260 1033 2314 sterili
1063 2260 1129 2313 de
1157 2260 1339 2327 stipite
1375 2260 1514 2312 natis

277 2350 594 2421 Comparat,
621 2351 859 2404 autumni
883 2364 1001 2419 quae
1024 2348 1251 2403 fructum
1281 2357 1521 2417 tempore
1547 2348 1797 2418 perdunt.

280 2443 611 2514 Sicﬂuoque
633 2442 938 2513 spumiferis
961 2442 1223 2495 undarum
1252 2441 1497 2495 ﬂuctibus
1523 2447 1719 2510 aequat,

278 2534 601 2589 Errabunda
631 2548 830 2589 vocans
855 2533 1114 2587 calorum
1146 2533 1321 2586 sidera
1354 2539 1558 2596 sontes,

279 2625 451 2694 Queis
479 2635 690 2681 servata
716 2633 887 2681 restat
911 2626 1211 2681 tenebrosis
1236 2639 1395 2695 poena
1419 2625 1685 2695 procellis.

279 2717 491 2786 Nempe
517 2715 657 2771 feras
685 2726 891 2787 gentes,
920 2724 974 2770 et
999 2716 1146 2785 ponti
1179 2715 1407 2768 barbara
1431 2730 1616 2785 regna,

278 2808 453 2863 Iudas
488 2809 555 2861 ad
585 2808 868 2862 Dominum
894 2807 1153 2862 doctrinis
1181 2805 1405 2859 ﬂexerat
1432 2806 1617 2871 almis;

279 2897 452 2968 Cujus
477 2900 530 2953 in
556 2899 807 2953 Armenia
836 2900 1067 2968 sopitum
1095 2906 1270 2952 morte
1298 2898 1550 2963 cadaver,

279 2988 737 3044 Exsurrecturum
773 2989 921 3043 fatali
958 2989 1083 3053 ﬁne,
1126 2988 1388 3057 quiescit:

279 3080 397 3138 Sed
426 3089 605 3136 tamen
627 3084 887 3136 aethereas
910 3081 1158 3134 lustravit
1184 3081 1404 3149 spiritus
1430 3096 1603 3135 arces.

959 3170 1159 3224 CLXV.
1230 3160 1233 3161 ν

280 3258 467 3316 Poeta:
502 3262 667 3315 oratio
698 3262 767 3314 ad
804 3262 1073 3314 duodecim
1111 3260 1371 3331 apostolos
1407 3276 1567 3330 supra
1599 3260 1862 3315 laudatos.

278 3349 408 3406 Iam
432 3351 515 3426 bis
537 3367 665 3407 sena
692 3353 850 3407 simul
875 3353 1069 3422 digessi
1096 3352 1312 3406 nomina
1338 3354 1577 3416 Patrum,

278 3441 327 3498 E
355 3442 552 3511 quibus
573 3442 879 3497 Altitbrono
902 3457 1196 3497 conversus
1224 3444 1453 3498 credidit
1479 3445 1643 3497 orbis.

280 3532 400 3589 Hos
428 3534 670 3603 precibus
698 3546 862 3588 verna
890 3533 917 3571 ἀ
946 3535 1172 3597 crebris,
1206 3543 1260 3589 et
1292 3543 1508 3604 pectore
1534 3534 1699 3596 fulvo,

281 3622 359 3679 Ut
384 3624 515 3678 mihi
538 3624 830 3678 clementer
858 3638 1118 3677 noxarum
1150 3624 1388 3693 pondera
1421 3623 1631 3687 laxent;

278 3714 354 3767 Et
380 3714 594 3766 veniam
619 3714 808 3767 dantes
835 3714 1121 3767 commissa
1152 3713 1361 3782 piacula
1391 3713 1602 3766 solvant
1630 3727 1645 3766 :

278 3802 568 3869 Quatenus
596 3802 649 3855 in
679 3804 918 3871 requiem
947 3803 1129 3856 divina
1152 3803 1323 3872 gratia
1358 3814 1380 3841 ε
1406 3803 1596 3867 fretus,

282 3891 523 3947 Ultimus
546 3894 831 3964 ingrediar,
855 3893 1071 3947 Christo
1092 3902 1384 3963 pugnante,
1412 3908 1509 3961 per
1532 3894 1721 3947 aethra.

959 4002 1181 4058 CLXVI.

717 4094 896 4150 Sancti
930 4093 1164 4148 Matthiae
1194 4094 1435 4163 apostoli.

279 4186 405 4242 Hoc
433 4202 588 4241 sacer
612 4187 863 4241 observat
894 4185 1159 4239 dilubrum
1190 4184 1443 4239 Matthias
1472 4185 1688 4248 almum,

282 4273 445 4329 Unus
480 4275 569 4344 qui
603 4274 772 4328 fertur
811 4275 876 4328 de
903 4273 1241 4343 septuaginta
1278 4272 1442 4327 fuisse

277 4363 575 4433 Discipulis
600 4363 830 4429 Domini,
861 4364 949 4433 qui
982 4378 1194 4417 sacrum
1223 4364 1413 4434 dogma
1440 4364 1719 4419 docebant.

276 4453 461 4520 Quem
482 4454 623 4507 Deus
647 4454 873 4507 electum
899 4454 1131 4523 signavit
1159 4464 1303 4507 sorte
1330 4470 1583 4524 superna,

276 4542 430 4596 Dum
452 4540 617 4600 Iudas
646 4542 914 4605 Scarioth,
949 4543 1168 4610 stropha
1197 4543 1452 4612 deceptus
1481 4545 1687 4614 iniqua,

276 4633 517 4689 Culmen
549 4633 826 4701 apostolici
856 4632 1059 4685 celsum
1090 4632 1350 4701 perdebat
1374 4634 1615 4699 honoris,

274 4725 468 4794 Atque
500 4724 659 4777 ﬁbras
686 4723 854 4777 olidas
885 4730 1022 4776 telro
1050 4738 1172 4775 cum
1196 4724 1401 4778 viscere
1431 4722 1620 4791 fundit,

275 4817 426 4871 Cum
452 4818 658 4886 crepuit
685 4817 892 4871 medius
921 4817 1113 4885 laqueo
1142 4833 1435 4887 suspensus
1460 4817 1529 4873 ab
1559 4820 1667 4875 alto
1690 4839 1703 4885 ;

356 4927 587 5001 l{Quem
642 4928 853 5001 duxisse
888 4928 1080 5001 ferunt.
1120 4926 1310 4983 Iudam
1369 4929 1717 4995 Thaddznum,
1750 4941 1871 5001 post

273 4998 493 5055 Christi
517 4999 907 5069 ascensionem,
931 4998 1186 5053 Edessam
1224 5002 1290 5052 ad
1338 5014 1519 5069 regem
1562 4998 1864 5069 Abagarum

274 5070 521 5139 missum
542 5068 730 5132 fuisse,
763 5077 983 5139 sanctus
1002 5084 1222 5139 quoque
1260 5068 1617 5139 Hierdnymus
1638 5068 1870 5126 credidit

275 5139 369 5210 (In
398 5138 587 5194 Matth.
608 5154 740 5210 _cap.
770 5155 826 5203 x,
853 5138 929 5207 4).
955 5137 1059 5191 Alii
1088 5137 1223 5210 vero
1245 5137 1538 5210 scriptores
1562 5141 1873 5195 existimant

272 5208 546 5277 sanctum
606 5208 993 5277 Hieronymum
1051 5223 1154 5260 non
1214 5209 1691 5277 bcnedistinxiss'e
1728 5211 1870 5266 inter

273 5276 630 5358 Thzld‘dteum
684 5276 983 5358 apostolum
1003 5286 1094 5358 “et
1142 5276 1663 5358 alium-Thaddzpum
1704 5296 1870 5358 unum

270 5364 351 5401 ex
383 5347 459 5400 70
490 5347 784 5418 discipulis,
814 5362 974 5415 quem
1002 5348 1264 5401 Eusebius
1286 5348 1483 5401 Histor.
1510 5349 1715 5403 Eccles.
1747 5351 1868 5403 lii:r.

274 5434 322 5481 ι,
360 5433 422 5471 c.
454 5418 550 5481 i5;
582 5419 703 5473 libr.
733 5432 791 5477 tt,
822 5437 871 5471 e.
909 5418 953 5477 I.
978 5433 1008 5470 a
1038 5425 1224 5487 sancto
1252 5418 1455 5470 Thoma
1483 5420 1723 5487 apostolo
1745 5420 1874 5473 mis-

271 5503 442 5549 sum,
471 5489 630 5557 paulo
649 5497 770 5557 post
796 5488 1164 5543 ascensionem
1196 5486 1395 5541 Christi
1421 5488 1472 5539 in
1516 5486 1728 5554 malum,
1787 5505 1874 5544 vc-

272 5559 447 5613 nisse
492 5559 748 5613 Edessam
788 5567 1047 5612 memorat
1084 5558 1151 5612 ad
1179 5572 1358 5626 regem
1384 5557 1708 5626 Abagarum.
1764 5559 1874 5613 Til-

276 5629 522 5684 lcmont.
551 5629 587 5683 Ι.
615 5631 732 5697 cit.,
760 5638 871 5683 not.
903 5628 934 5681 5
958 5644 1053 5684 sur
1076 5628 1215 5684 saiut
1240 5628 1474 5682 Thomas
1522 5645 1640 5701 pag.
1674 5630 1794 5683 615.

1288 245 1616 301 (ΞΑΒΜΙΝΑ.
1660 278 1727 287 -—
1766 248 2285 305 INSCRIPTIONES
2328 250 2577 308 VARUS.

1901 372 1949 425 Α
1978 362 2077 428 Qui
2120 364 2402 418 Dominum
2426 364 2580 427 lucis,
2612 365 2964 420 redimentem
2987 367 3248 438 sanguine
3283 370 3447 434 secla,

1894 4379 1943 4440 D

3454 254 3557 309 770

1974 450 2244 516 Vendidit,
2275 461 2335 506 ut
2360 454 2585 521 cupidus
2614 454 2813 508 fulvum
2843 458 3110 512 numisma
3141 469 3409 529 capessit.

1974 539 2227 594 Matthias
2253 541 2472 605 idcirco,
2503 552 2684 612 spreto
2709 544 2918 598 latrone
2942 545 3176 601 nefando

1973 625 2029 680 In
2054 627 2284 681 Domino
2308 628 2479 682 fretus
2509 648 2790 686 numerum
2822 635 3086 704 supplevit
3110 638 3377 705 eumdem,

1971 714 2199 771 Junctus
2226 719 2534 786 apostolicis
2558 730 2799 790 gratatur
2818 723 2940 790 jure
2966 727 3268 798 triumphis.

2643 811 2889 868 CLXVII.

2451 902 2530 954 Ad
2563 912 2800 957 sanctam
2843 923 3070 961 crucem.

1973 982 2236 1038 Vexillum
2262 987 2488 1044 sublime
2513 992 2687 1045 crucis
2714 1008 2972 1048 venerare
3005 996 3199 1063 ﬁdelis,

2043 1074 2158 1142 Qua
2189 1078 2277 1146 qui
2303 1094 2360 1133 se
2389 1081 2579 1145 munit,
2612 1085 2784 1137 tristia
2811 1101 2919 1139 non
2954 1091 3163 1153 metuit,

1970 1163 2114 1218 Crux
2136 1165 2417 1222 benedicta
2445 1170 2599 1233 nitet,
2630 1172 2888 1227 Dominus
2922 1190 3026 1243 qua
3053 1193 3216 1232 carne
3242 1182 3511 1251 pependit,

2039 1253 2212 1324 Atque
2232 1272 2330 1310 suo
2356 1257 2549 1311 clausit
2570 1258 2759 1315 funere
2784 1264 2981 1317 mentis
3006 1263 3124 1335 [F.,
3155 1270 3365 1341 mortis]
3395 1272 3514 1325 iter.

1971 1343 2069 1397 llic
2094 1353 2281 1399 auctor
2312 1348 2432 1400 vitae
2457 1357 2684 1403 mortem
2715 1352 2993 1407 moriendo
3021 1359 3267 1423 peremit,

2045 1429 2366 1487 Vulneribus
2390 1449 2592 1490 sanans
2621 1437 2843 1491 vulnera
2871 1449 3054 1493 nostra
3081 1443 3211 1496 suis.

2624 1526 2895 1582 CLXVIII.

2140 1613 2220 1665 Ad
2264 1624 2511 1684 templum
2544 1618 2712 1669 sancti
2750 1617 3026 1672 Michaelis
3063 1619 3383 1692 archangeli.

1898 1700 1943 1758 Β
1970 1701 2108 1756 Ante
2139 1705 2391 1758 thronum
2416 1708 2601 1760 aeterni
2633 1707 2759 1761 felix
2785 1711 2876 1776 qui
2907 1711 3047 1779 regis
3073 1712 3124 1765 in
3150 1728 3343 1779 aevum,

2041 1792 2265 1847 Michael
2296 1810 2506 1848 summa
2531 1796 2584 1850 in
2614 1812 2741 1851 arce
2764 1799 3012 1853 minister
3044 1801 3169 1854 ades
3194 1818 3208 1863 ;

1969 1879 2315 1952 Aligerosque
2337 1884 2477 1937 inter
2500 1887 2676 1939 socios
2698 1901 2796 1955 per
2818 1887 2960 1941 secla
2997 1891 3266 1944 manentis

2038 1971 2299 2038 Luminis,
2330 1982 2385 2028 et
2412 1977 2560 2044 pacis
2590 1992 2756 2045 regna
2780 1978 2937 2031 beata
2964 1980 3114 2032 canis
3147 1998 3159 2031 :

1965 2059 2212 2133 Protege,
2238 2080 2400 2133 quam
2430 2067 2587 2119 terris
2614 2067 2707 2119 tibi
2728 2067 2851 2136 jure
2879 2067 3176 2123 dicavimus
3205 2070 3403 2135 aulam,

2037 2153 2297 2222 Optantes
2331 2156 2581 2224 precibus
2614 2159 2875 2211 scandere
2905 2159 2971 2212 ad
3002 2169 3147 2214 astra
3182 2162 3307 2215 tuis.

1966 2240 2232 2313 Igneaque
2261 2244 2441 2299 infesti
2469 2256 2700 2300 noceant
2728 2262 2795 2300 ne
2822 2247 2923 2300 tela
2955 2248 3226 2315 draconis,

2036 2334 2357 2389 Continuam
2390 2335 2618 2389 inﬁrmis
2652 2336 2827 2405 pande
2857 2337 3119 2407 benignus
3153 2355 3330 2409 opem.
3386 2394 3399 2401 ,

1964 2423 2241 2490 Quatenus
2267 2425 2480 2494 expleto
2504 2426 2629 2480 belli
2659 2430 2941 2495 praesentis
2968 2444 3159 2498 agone,

2038 2511 2118 2569 Ad
2140 2513 2376 2583 palmam
2402 2515 2524 2569 vita:
2551 2530 2650 2570 nos
2677 2525 2768 2569 tua
2795 2518 2986 2572 dextra
3011 2519 3190 2589 levek

2651 2608 2880 2663 CLXIX.

2275 2698 2351 2751 De
2386 2699 2579 2753 catenis
2613 2702 2780 2753 sancti
2818 2702 2965 2755 Petri
3006 2702 3251 2772 apostoli.

1967 2786 2062 2842 llis
2089 2787 2317 2847 solidata
2340 2787 2491 2852 ﬁdes,
2521 2789 2605 2843 his
2631 2797 2716 2842 est
2743 2790 2856 2853 tibi,
2889 2790 3079 2855 Roma,
3106 2793 3334 2855 catenis,

1968 2876 2245 2948 Simplicio
2272 2894 2416 2932 nunc
2444 2879 2557 2947 ipse
2590 2878 2740 2933 dedit
2763 2896 2917 2934 sacra
2942 2882 3062 2950 jure
3091 2890 3294 2935 tenere.

1966 2966 2161 3022 Libera
2185 2983 2399 3037 semper
2423 2970 2530 3022 eris
2560 2987 2571 3021 :
2595 2970 2723 3038 quid
2745 2964 2887 3025 e'nim
2909 2987 3015 3026 non
3036 2972 3249 3026 vincula
3270 2978 3548 3041 praestent,

1892 3038 1938 3100 θ
1969 3057 2099 3126 Quae
2127 3060 2323 3129 tetigit,
2350 3060 2439 3128 qui
2466 3068 2657 3113 cuncta
2680 3068 2858 3128 potest
2885 3062 3205 3117 absolvere?
3234 3038 3388 3132 cujus

1967 3147 2092 3203 Haec
2120 3148 2317 3202 invicta
2348 3164 2559 3211 manus,
2588 3149 2670 3203 vel
2697 3150 2964 3220 relligiosa
2993 3153 3266 3221 triumpho

1966 3240 2160 3294 “mnia
2186 3256 2292 3294 non
2323 3240 2429 3294 ullo
2458 3242 2671 3309 penitus
2700 3244 3012 3311 quatientur
3039 3244 3108 3297 ab
3136 3244 3309 3299 hoste.

1964 3326 2177 3383 Claudit
2210 3330 2311 3383 iter
2332 3329 2506 3397 bellis,
2535 3332 2627 3401 qui
2654 3341 2862 3400 portam
2886 3335 3073 3403 pandit
3102 3335 3157 3388 in
3188 3334 3371 3390 astris.

2649 3420 2855 3478 CLXX.

2250 3510 2430 3565 Sancti
2481 3509 2638 3563 Pauli
2685 3514 2908 3582 apostoli
2945 3514 3264 3569 intercessio.

1964 3598 2316 3668 Omnipotens
2348 3600 2580 3669 genitor,
2612 3602 2822 3655 cunctis
2850 3603 2941 3671 qui
2969 3604 3216 3673 gentibus
3243 3602 3442 3655 almnm

2040 3690 2268 3760 Egregio
2297 3689 2446 3742 Pauli
2477 3689 2658 3744 fundis
2686 3691 2753 3743 ab
2775 3707 2869 3746 ore
2890 3691 3068 3759 jubar.

1964 3778 2108 3833 Illius
2135 3778 2289 3833 nobis
2313 3778 2563 3846 precibus
2584 3779 2650 3832 da
2681 3781 2895 3849 gaudia,
2922 3797 3087 3851 regna

2038 3868 2145 3924 Nos
2176 3871 2328 3939 cujus
2360 3870 2577 3924 monitis
2610 3885 2833 3939 poscere
2866 3871 3010 3926 celsa
3033 3871 3210 3939 jubes.

2651 3961 2877 4016 CLXXI.

2249 4050 2330 4103 Ad
2357 4049 2600 4119 templum
2623 4052 2791 4103 sancti
2820 4050 2979 4105 Pauli
3001 4052 3244 4121 apostoli.

1967 4140 2066 4207 Qui
2098 4155 2256 4194 cruce
2288 4139 2525 4193 munitus
2556 4154 2781 4208 superas
2808 4138 2920 4193 fera
2950 4141 3128 4209 prazlia
3161 4141 3367 4205 mundi,

2036 4231 2348 4299 Felicesque
2384 4230 2552 4283 trabis
2575 4229 2747 4283 victor
2774 4231 2839 4283 ad
2871 4238 3014 4284 astra
3052 4231 3265 4286 choros.

1969 4322 2138 4378 Serva
2174 4320 2340 4391 [Ed.,
2374 4318 2549 4391 saeva]
2573 4361 2586 4383 ,
2633 4319 2817 4385 Paule,
2854 4320 2929 4373 tui
2974 4321 3279 4375 veneranda
3310 4321 3547 4374 sacraria

2039 4481 2115 4535 Ne
2146 4482 2283 4535 latro
2308 4478 2637 4550 depopulans
2661 4487 2835 4535 vastet
2857 4480 2995 4535 ovile
3026 4489 3193 4534 mum.
3291 4406 3541 4481 [temph,

2625 4569 2875 4623 CLXXII.

2073 4664 2154 4715 Ad
2182 4660 2427 4732 templum
2463 4670 2761 4715 sanctorum
2795 4659 3044 4729 Stephani
3077 4669 3123 4713 et
3170 4659 3439 4713 Laurentii

2603 4740 2913 4799 martyrum.

1968 4824 2047 4878 En
2074 4821 2378 4893 Stephanus
2415 4820 2621 4891 lapides
2652 4817 2857 4883 suﬁ'ert,
2886 4819 3206 4873 Laurentius
3232 4820 3403 4889 ignes,

2039 4936 2068 4975 δ
2104 4933 2234 5004 Leg.
2267 4933 2495 5004 scedant.

2042 5015 2064 5042 ο
2098 4999 2359 5057 Βὶγῑιιηι...
2413 5001 2653 5065 Biblum,
2716 5000 2767 5054 id
2805 5008 2888 5054 est
2912 5000 3098 5053 binum
3134 4999 3350 5060 librum,
3377 5012 3546 5053 unum

1970 5081 2178 5128 tantum
2232 5078 2411 5141 exstat
2472 5070 2699 5141 apostoli
2750 5068 3267 5141 JudmscriptumL
3308 5068 3544 5141 Epistula

1972 5157 2163 5210 nempe
2216 5137 2474 5210 canonica
2505 5135 2768 5194 omnibus
2819 5135 3182 5210 ﬁdelibus—,Vin
3232 5135 3547 5210 Deo—Patre

1969 5207 2171 5265 dilectis
2194 5220 2240 5265 et
2267 5228 2298 5263 a
2321 5208 2528 5264 Christo
2556 5210 2683 5263 Jesu
2708 5210 2925 5274 uocatis,
2946 5209 3202 5279 inscripta
3220 5226 3233 5273 ;
3251 5208 3393 5279 ali_ud
3414 5207 3549 5279 scri-

2007 5290 2119 5334 tum
2147 5280 2214 5333 ab
2242 5279 2485 5335 Ecclesia
2513 5290 2787 5349 receptum
2819 5276 3127 5349 ignoraturi
3151 5277 3281 5332 Nam
3311 5276 3545 5349 Pseudo-

1993 5350 2341 5427 Svangelium,
2371 5351 2478 5427 divi
2516 5346 2666 5427 Iudae
2715 5346 2933 5427 nomine
2964 5357 3332 5427 personatum,
3382 5346 3542 5427 Cela-

1973 5424 2084 5475 sius
2128 5417 2373 5489 pontifex
2440 5421 2783 5491 improbavit.
2834 5417 3026 5474 Mirum
3074 5419 3118 5472 si
3158 5418 3210 5471 id
3259 5417 3544 5473 Alcuinum

1973 5491 2143 5545 latuit.

2040 5560 2066 5599 ά
2119 5560 2297 5625 Forte,
2323 5578 2552 5616 veneror.

2046 5645 2068 5669 ⁸
2116 5631 2236 5706 ch.
2277 5632 2697 5686 dieinomuncn.
