4044 6340
538 286 639 343 ’171

606 391 819 461 Perque
848 390 951 446 iter
975 398 1259 461 angustum
1284 404 1447 459 regna
1472 388 1631 443 beata
1654 396 1862 457 petunt.

538 477 667 536 Jure
690 481 853 535 micat
873 481 1032 535 rutilo
1052 480 1333 534 levitarum
1361 478 1479 534 aula
1503 479 1702 541 colore,

611 568 757 638 Quos
780 571 904 625 vita:
929 571 997 625 ad
1019 569 1252 641 palmam
1279 586 1424 624 mors
1452 570 1688 639 pretiosa
1719 576 1892 621 vocat.

1191 659 1461 714 CLXXIII.

868 751 945 804 Ad
978 767 1126 805 aram
1159 751 1565 820 beatmvirginis
1599 749 1807 803 Marica.

542 844 704 916 Virgo
724 843 819 899 Dei
845 843 1097 913 genitrix,
1124 850 1321 896 nostra:
1342 842 1525 910 regina
1550 840 1759 903 salutis,

611 934 710 989 Hic
729 934 977 1003 precibus
998 932 1210 987 famulis
1236 932 1495 986 auxiliare
1527 931 1651 985 tuis.

542 1024 656 1081 Hoc
678 1026 849 1079 altare
870 1024 975 1078 tuis
996 1023 1250 1093 quoniam
1279 1032 1363 1076 est
1382 1022 1691 1076 venerabile
1718 1022 1879 1085 votis,

612 1112 921 1185 Virginibus
951 1114 1120 1168 sacris
1150 1112 1286 1176 laus,
1320 1112 1507 1177 decus,
1532 1121 1693 1180 atque
1722 1111 1886 1164 salus.

1187 1201 1459 1258 CLXXIV.
1888 1217 1894 1223 '

754 1294 835 1347 Ad
869 1294 1135 1349 ecclesiam
1171 1304 1218 1347 et
1254 1311 1401 1348 aram
1439 1294 1601 1349 beata?
1654 1292 1901 1363 Virginis.

545 1386 668 1442 Haec
690 1386 783 1441 tibi
807 1397 992 1441 sancta
1015 1387 1203 1441 domus
1224 1394 1410 1440 sancta
1432 1393 1534 1451 est,
1564 1385 1906 1440 sanctissima
1926 1381 2108 1456 Virgo,

545 1475 704 1548 Virgo
735 1475 921 1541 Maria,
953 1476 1045 1530 Dei
1076 1489 1138 1528 ac
1167 1475 1392 1545 genitrix
1419 1476 1619 1529 intacta
1649 1475 1929 1529 Tonantis.

542 1565 863 1636 Perpetuam
898 1566 1095 1619 mundo
1130 1565 1357 1636 genuisti
1396 1566 1548 1636 virgo
1577 1565 1824 1629 salutem,

542 1654 878 1724 Quapropter
905 1655 1133 1708 mundus
1158 1661 1301 1708 totus
1330 1662 1381 1708 te
1406 1654 1590 1707 laudat
1614 1654 1827 1722 ubique.

541 1743 623 1797 En
643 1760 741 1813 ego
762 1744 955 1813 quippe
980 1752 1101 1797 tuus
1129 1741 1357 1797 famulus
1383 1752 1435 1798 te
1456 1743 1613 1797 laudo
1636 1742 1911 1798 Cammnis
1933 1758 1949 1809 ;

542 1833 622 1887 Tu
644 1834 772 1887 mihi
799 1833 969 1887 dulcis
995 1848 1163 1898 amor,
1194 1832 1376 1897 decus,
1405 1842 1457 1886 et
1486 1847 1609 1902 spes
1638 1848 1831 1902 magna
1867 1831 2073 1885 salutis.

537 1925 811 1979 Auxiliare
841 1934 988 1979 tuum
1018 1939 1252 1989 servum,
1280 1924 1581 1979 clarissima
1607 1922 1769 1994 Virgo
1795 1941 1809 1989 ;

540 2002 657 2071 Vox
686 2032 807 2071 mea
836 2025 885 2071 te
915 2016 1166 2087 lacrymis
1196 2015 1393 2086 pulsat,
1423 2031 1574 2070 mens
1604 2014 1757 2069 ardet
1786 2030 2003 2070 amore:

538 2105 648 2161 Nec
672 2122 778 2160 non
800 2114 1115 2161 cunctorum
1140 2107 1389 2175 precibus
1411 2108 1497 2161 hic
1528 2124 1706 2163 annue
1731 2106 1979 2173 fratrum,

536 2196 623 2253 Ad
654 2206 705 2252 te
730 2198 821 2267 qui
847 2196 1083 2251 clamant
1109 2217 1120 2250 :
1146 2196 1327 2266 Virgo,
1360 2205 1415 2250 tu
1441 2200 1613 2267 gratia
1633 2198 1806 2268 plena,

537 2288 644 2343 Per
666 2299 717 2343 te
737 2297 1021 2342 conservet
1041 2304 1252 2357 semper
1272 2304 1368 2343 nos
1390 2290 1561 2359 gratia
1582 2288 1802 2346 Christi.

539 2376 778 2447 Quisque
799 2377 945 2447 legas
969 2392 1155 2431 versus
1181 2377 1268 2431 dic
1292 2395 1304 2430 :
1328 2376 1564 2444 Christe,
1594 2388 1742 2434 tuere
1769 2389 2005 2450 poetam,

540 2468 667 2522 Haac
691 2483 902 2537 quoque
926 2483 1115 2522 mensa
1142 2477 1233 2522 tuo
1258 2477 1470 2523 sacrata
1492 2478 1575 2524 est
1597 2471 1832 2537 nomine,
1861 2470 2046 2542 Virgo,

543 2557 623 2611 Tu
656 2558 840 2628 regina
868 2558 996 2627 poli,
1028 2559 1202 2628 campi
1230 2557 1345 2624 llos,
1378 2559 1487 2614 lilia
1514 2560 1722 2626 mundi,

539 2645 737 2702 Hortus
763 2647 1068 2714 conclusus,
1102 2649 1223 2702 vita:
1252 2648 1393 2715 fons,
1420 2666 1559 2705 vena
1589 2651 1798 2705 salutis.

537 2738 735 2807 Accipe
758 2739 1053 2794 clementer
1082 2738 1405 2795 famulorum
1431 2751 1556 2797 vota
1584 2751 1817 2809 tuorum,

537 2829 711 2901 Atque
736 2830 845 2886 Deo
879 2829 1095 2889 Christo
1124 2833 1311 2888 humili
1342 2849 1470 2904 rogo
1495 2835 1659 2889 redde
1684 2843 1927 2905 precatu.

1194 2921 1427 2977 CLXXV

957 3010 1039 3063 Ad
1070 3027 1219 3064 aram
1249 3013 1417 3066 sancti
1448 3012 1688 3068 Martini.

539 3100 655 3157 Hoc
682 3099 847 3155 altare
878 3101 971 3156 tibi
998 3108 1229 3169 constat,
1258 3103 1507 3171 Martine,
1533 3107 1791 3171 dicatum,

610 3188 901 3245 Confessor
924 3192 1129 3246 meritis
1158 3208 1385 3263 magnus
1418 3194 1471 3247 in
1501 3194 1631 3249 orbe
1661 3195 1782 3264 piis.

1197 3282 1472 3338 CLXXVI.

826 3369 906 3423 Ad
941 3378 1177 3424 sanctum
1216 3372 1474 3426 Joannem
1508 3372 1820 3444 Baptistam.

542 3460 587 3516 Ο
618 3461 855 3531 Baptista
878 3470 1089 3532 potens,
1120 3464 1324 3517 tinxisti
1352 3465 1404 3517 in
1422 3462 1657 3519 Jordane
1679 3465 1971 3529 Christum,

610 3553 709 3609 llic
735 3555 983 3625 precibus
1008 3554 1125 3608 lava
1149 3556 1372 3609 crimina
1403 3564 1587 3609 nostra
1610 3556 1732 3611 tuis.

1076 3643 1239 3716 224
1288 3644 1581 3700 CLxxvu.

971 3732 1050 3785 Ad
1085 3749 1234 3786 aram
1268 3735 1437 3787 sancti
1472 3733 1684 3789 Aniani.

541 3822 654 3877 Ilac
686 3822 807 3891 pius
841 3820 1083 3877 Anianus
1116 3838 1268 3877 sacra
1304 3833 1640 3879 memoratur
1676 3825 1730 3878 in
1769 3841 1885 3888 ara,

611 3911 901 3967 Coufcssor
924 3910 1123 3967 Christi
1146 3921 1364 3968 sanctus
1391 3915 1443 3969 in
1472 3930 1564 3969 ore
1591 3916 1692 3970 sui.

1170 4002 1492 4059 CLXXVIII.

751 4089 834 4143 Ad
862 4092 1109 4162 templum
1141 4102 1191 4146 et
1225 4093 1394 4147 altare
1431 4096 1601 4150 sancti
1641 4093 1900 4149 Medardi.

542 4172 666 4229 Hzec
699 4186 781 4232 est
806 4179 926 4233 aula
955 4180 1167 4250 quidem
1198 4183 1369 4236 sancti
1400 4183 1702 4237 veneranda
1738 4182 2009 4248 Medardi;

610 4267 763 4324 Haud
792 4271 969 4325 minus
995 4272 1165 4327 altare
1192 4273 1295 4327 hoc
1324 4274 1470 4329 illius
1494 4289 1612 4329 esse
1643 4275 1828 4345 liquet.

540 4356 657 4411 IIuc
684 4359 989 4430 quicunque
1016 4362 1120 4417 ﬁde
1150 4364 1345 4429 veniat,
1384 4380 1477 4419 sua
1506 4367 1733 4421 crimina
1769 4366 1918 4433 flere,

612 4446 692 4503 0b
716 4451 967 4506 meritum
997 4454 1189 4518 sancti,
1226 4455 1313 4509 hic
1342 4456 1569 4526 accipiet
1594 4458 1826 4512 veniam.

1189 4544 1469 4601 CLXXIX.

721 4627 800 4681 Ad
825 4645 974 4683 aram
1002 4642 1298 4686 sanctorum
1330 4633 1569 4699 Quintini
1599 4647 1646 4690 et
1676 4638 1933 4709 Dionysii.

543 4715 654 4771 Hac
680 4717 785 4772 duo
809 4720 1050 4789 praeclari
1078 4722 1262 4779 Patres
1289 4735 1613 4781 venerantur
1638 4728 1691 4781 in
1721 4743 1835 4792 ara,

543 4806 831 4874 Quintiuus
855 4810 1143 4880 siquidem,
1171 4823 1391 4870 sanctus
1420 4816 1703 4888 Dionysius
1728 4826 1913 4887 atque,

542 4895 641 4951 Hic
662 4896 937 4954 confessor
966 4913 1085 4955 erat
1114 4904 1337 4970 Christi,
1367 4907 1460 4961 sed
1494 4916 1700 4979 martyr
1726 4916 1780 4962 ct
1807 4908 1926 4973 ille;

538 4984 621 5041 Ad
648 4986 929 5044 Dominum
955 4993 1127 5061 prosit
1150 5010 1378 5064 quorum
1410 4998 1724 5055 intercessio
1762 4999 1936 5054 nobis.

1198 5083 1452 5139 CLXXX.

780 5166 859 5219 Ad
890 5185 1040 5223 aram
1061 5182 1358 5226 sanctorum
1385 5174 1547 5231 Salvii
1570 5187 1616 5231 et
1642 5178 1887 5232 Amandi.

543 5256 755 5314 Salvius
783 5260 924 5314 hanc
952 5278 1123 5326 aram,
1151 5279 1345 5333 magno
1376 5282 1587 5337 quoque
1609 5309 1625 5324 .
1647 5312 1659 5325 .
1682 5311 1697 5325 .
1721 5272 1967 5333 Amando
1990 5289 2016 5318 ι

608 5349 1020 5421 Amplectuntur
1046 5356 1188 5409 enim
1220 5360 1492 5414 mentibus
1515 5362 1775 5419 ambobus
1804 5365 1830 5405 δ

544 5443 713 5499 Ambo
736 5443 989 5501 ﬂorentes
1017 5447 1321 5515 virtutibus,
1353 5451 1507 5506 ambo
1529 5456 1751 5522 perenni

615 5589 639 5653 ξ
678 5577 857 5653 Eorte,
886 5597 1103 5653 magnus
1123 5600 1322 5653 quoque
1342 5596 1551 5640 sanctus
1575 5587 1861 5643 Amandus.

617 5644 643 5685 ⁸ο
682 5647 860 5714 Forte,
899 5644 1048 5704 ambo
1074 5644 1181 5705 suis
1209 5644 1284 5706 vel
1309 5656 1427 5710 niis.

1378 255 1440 338 B.
1481 283 1542 337 F.
1583 280 1809 336 ALBINI
1849 278 1979 335 SEU
2016 274 2294 332 ALCUINI
2332 272 2616 330 OPEBUM
2651 271 2828 326 PARS
2870 270 2951 326 VI.

3680 262 3784 317 779.

2138 390 2188 448 Α
2284 383 2555 439 (Ζωιοινυω
2580 400 2767 454 regno,
2797 384 3089 446 credimus,
3112 388 3173 434 ut
3200 389 3472 436 maneant.

2863 472 3143 529 CLXXXI.

2441 564 2522 616 Ad
2550 562 2819 618 ecclesiam
2842 570 2889 615 et
2919 578 3071 614 aram
3098 560 3267 613 sancti
3296 558 3536 613 Mauritii

2211 652 2398 709 Victor
2419 655 2489 709 ab
2514 656 2667 710 hoste
2694 656 2854 720 redit,
2877 654 3060 708 divino
3086 668 3309 707 munere
3339 652 3542 716 clams,

2283 743 2418 798 Dum
2442 743 2561 816 [F.,
2580 745 2725 816 cum]
2747 744 2953 814 legione
2977 758 3148 809 sacra,
3173 743 3345 797 victor
3364 742 3432 795 ab
3454 742 3607 796 hoste
3629 740 3780 795 redit.

2212 831 2399 887 Praelia
2430 851 2563 903 pace
2592 836 2684 890 Dei
2716 835 2996 889 Mauritius
3019 835 3188 889 ardua
3213 834 3363 901 vicit,

2282 924 2623 994 Exsuperans
2649 927 2831 980 mundi
2856 926 3057 995 pratlia,
3087 941 3218 995 pace
3250 925 3365 980 Dei.

2212 1011 2339 1068 Haec
2377 1016 2593 1081 domus,
2632 1032 2779 1081 ecce,
2820 1032 2917 1071 suo
2956 1017 3167 1071 titulata
3204 1027 3286 1072 est
3325 1017 3544 1072 nomine
3580 1022 3782 1079 sancta,

2283 1102 2505 1174 Fulgeat
2530 1114 2585 1159 et
2613 1107 2836 1169 meritis,
2880 1107 2995 1160 hmc
3018 1107 3207 1161 domus
3236 1121 3361 1161 ecce
3388 1106 3499 1160 suis
3525 1120 3542 1170 ;

2212 1193 2377 1263 Cujus
2399 1197 2599 1252 honore
2623 1213 2836 1254 sacrum
2859 1207 2914 1253 et
2940 1200 3105 1254 micat
3132 1201 3235 1254 hoc
3264 1199 3435 1252 altare
3464 1197 3720 1260 dicatum,

2284 1283 2526 1341 Gaudeat
2554 1296 2607 1342 et
2639 1288 2867 1359 populus
2905 1290 3057 1358 cujus
3091 1289 3296 1343 honore
3331 1300 3505 1342 sacro.

2857 1379 3158 1435 CLXXXII.

2502 1471 2581 1522 Ad
2610 1487 2759 1525 aram
2788 1472 2954 1526 sancti
2980 1472 3205 1526 Joannis
3234 1470 3505 1541 Baptism.

2215 1559 2319 1612 Ara
2346 1559 2522 1614 dicata
2550 1560 2649 1615 tibi
2678 1561 2841 1617 micat
2865 1562 2999 1626 haec,
3032 1562 3271 1632 Baptista
3302 1560 3578 1623 Joannes;

2215 1648 2486 1705 Laudibus
2510 1651 2650 1705 hanc
2670 1651 2846 1722 dignis
2873 1668 3086 1722 semper
3108 1630 3316 1707 memor
3344 1660 3462 1706 esto
3488 1647 3782 1705 colendam.

2141 1720 2187 1780 Β
2214 1740 2315 1806 Qui
2341 1742 2624 1796 Dominum
2659 1744 2830 1798 sacris
2859 1744 3101 1798 meruisti
3142 1744 3349 1814 tingere
3384 1744 3438 1797 in
3468 1743 3652 1805 undis,

2215 1829 2259 1885 Ο
2289 1829 2413 1884 felix
2437 1831 2449 1883 !
2483 1830 2732 1901 precibus
2764 1841 2979 1888 nostras
3005 1833 3093 1887 hic
3119 1833 3275 1887 ablue
3302 1833 3507 1904 culpas.

2833 1922 3157 1978 CLXXXIII.

2592 2013 2673 2067 Ad
2696 2014 2946 2069 sacellum
2972 2017 3141 2069 sancti
3170 2014 3410 2070 Martini.

2215 2103 2329 2160 Hoc
2357 2103 2583 2170 defende
2607 2106 2713 2160 tuis
2742 2107 3012 2174 precibus,
3047 2106 3294 2171 Martine,
3327 2106 3584 2162 sacellum

2217 2194 2436 2261 Sancte,
2470 2197 2593 2266 piis,
2625 2196 2783 2252 simul
2812 2205 2867 2251 et
2897 2204 3112 2252 nostras
3147 2198 3369 2268 dignare
3400 2204 3622 2269 rogatus

2214 2286 2501 2351 Exaudire,
2530 2286 2710 2351 Pater,
2739 2288 2919 2341 varios
2946 2303 3011 2341 ac
3037 2286 3279 2356 deprime
3314 2285 3507 2342 ﬂuctus

2216 2377 2426 2444 Cordis,
2456 2388 2516 2433 ut
2544 2387 2801 2435 aeternam
2824 2378 3103 2433 valeamus
3127 2393 3348 2448 carpere
3371 2378 3540 2432 vitam

2839 2470 3164 2526 CLXXXIV.

2428 2561 2506 2614 Ad
2537 2560 2805 2616 ecclesiam
2831 2563 2998 2616 sancti
3025 2560 3275 2631 Stephani
3301 2562 3568 2631 martyris.

2218 2647 2342 2704 Haec
2381 2649 2616 2721 (domus)
2653 2661 2855 2708 aeterna
2892 2653 3055 2708 micat
3089 2652 3361 2724 Stephano
3400 2660 3788 2723 protomartyre

3478 2742 3720 2815 (magno,

2217 2829 2317 2899 Qui
2348 2832 2562 2886 veniam
2592 2833 2734 2890 inter
2760 2834 2973 2889 veniam
3005 2845 3027 2873 ε
3061 2833 3421 2903 lapidautibus
3451 2832 3603 2887 illum

2216 2919 2497 2990 Deposcit;
2526 2921 2724 2979 Christi
2749 2937 2903 2979 sacra
2930 2933 3015 2980 est
3034 2924 3277 2995 exempla
3298 2932 3533 2978 secutus.

2217 3010 2446 3082 Adjuvat
2465 3028 2591 3068 ecce
2611 3014 2721 3069 suis
2745 3014 2994 3084 precibus
3015 3015 3134 3084 plus
3156 3023 3359 3085 martyr
3376 3014 3598 3069 amicos.

2835 3107 3137 3164 CLXXXV.

2502 3198 2582 3251 Ad
2606 3198 2852 3267 templum
2881 3198 3048 3253 sancti
3080 3197 3226 3252 Petri
3255 3198 3497 3268 apostoli.

2216 3286 2408 3343 Petrus
2428 3292 2721 3358 apostolico
2747 3301 3031 3349 conservet
3059 3294 3277 3348 nomine
3302 3307 3533 3363 semper,

2285 3376 2582 3436 Praeclarus
2600 3382 2870 3453 princeps,
2896 3392 3036 3439 tecta
3060 3392 3271 3439 sacrata
3297 3383 3415 3437 sibi.

2217 3464 2318 3533 Qui
2339 3468 2543 3524 clavem
2564 3471 2685 3526 θωιὶ
2705 3473 2951 3528 manibus
2973 3475 3217 3543 deportat
3238 3473 3501 3536 honestis,

2284 3559 2616 3618 Clementem
2637 3565 2790 3621 nobis
2814 3550 3012 3634 pandat
3032 3566 3098 3620 ad
3120 3574 3265 3619 astra
3289 3566 3452 3622 viam.

2840 3653 3166 3709 CLXXXVI.

2472 3745 2553 3799 Ad
2578 3763 2728 3800 aram
2753 3759 3052 3801 sanctorum
3084 3747 3538 3818 archangclorum.

2216 3834 2367 3890 Hanc
2391 3847 2539 3907 regat
2557 3841 2895 3909 omnipotens
2923 3839 3146 3895 Michael
3171 3842 3395 3913 angelus
3423 3856 3598 3904 aram,

2284 3926 2390 3981 Per
2416 3944 2574 3998 quem
2603 3932 2778 3985 victus
2806 3941 2926 3986 erat
2950 3934 3187 4001 perfidus
3213 3934 3301 3988 ille
3321 3934 3512 3997 draco,

2215 4014 2283 4068 Et
2300 4016 2485 4085 procul
2513 4017 2716 4086 ejecms
2736 4019 2881 4075 celso
2902 4022 2967 4075 de
2990 4021 3223 4075 culmine
3249 4022 3371 4077 caeli

2284 4106 2386 4172 Qui
2407 4107 2626 4176 culpare
2647 4112 2795 4179 cupit
2817 4126 3031 4181 semper
3059 4113 3112 4165 in
3134 4128 3228 4167 ore
3253 4114 3390 4182 pios.

2214 4196 2465 4267 Iungitur
2500 4200 2624 4254 huic
2649 4200 2889 4268 Gabriel,
2919 4204 3098 4258 socius
3126 4204 3473 4268 venerabilis,
3503 4220 3633 4269 arar,

2285 4289 2386 4354 Qui
2414 4291 2612 4345 virtute
2633 4294 2722 4362 pia
2744 4293 2909 4366 fulget
2936 4296 2990 4349 in
3016 4311 3140 4351 arce
3167 4297 3295 4366 poli.

2136 4396 2190 4455 υ
2215 4377 2381 4449 Cujus
2401 4380 2471 4434 ab
2490 4395 2585 4435 ore
2610 4397 2765 4438 sacro
2789 4386 2973 4440 mundi
2995 4402 3252 4458 generare
3272 4388 3498 4443 salutem

2286 4468 2481 4524 Didicit
2501 4479 2783 4539 aeternum,
2817 4476 2967 4544 virgo
2991 4475 3176 4540 Maria,
3205 4478 3392 4540 Deum,

2214 4556 2440 4613 Additur
2467 4561 2551 4615 his
2570 4561 2825 4631 Raphael,
2856 4565 3042 4619 oculos
3065 4567 3155 4635 qui
3178 4567 3313 4621 forte
3336 4566 3520 4622 Tobite

2286 4647 2526 4716 Sanavit,
2566 4662 2748 4707 natum
2796 4655 2947 4708 duxit
2981 4665 3035 4709 et
3073 4656 3160 4710 ille
3194 4672 3370 4711 suum.

2214 4737 2324 4793 IIos
2350 4748 2460 4795 tres
2483 4743 2570 4797 hic
2597 4745 2849 4812 precibus
2878 4747 3077 4801 nostris
3104 4757 3281 4802 astare
3305 4763 3612 4817 precamur,

2283 4830 2480 4885 Audiat
2512 4844 2572 4887 ut
2595 4834 2822 4891 famulos
2844 4835 3090 4891 Christus
3115 4838 3185 4891 ab
3205 4853 3330 4893 arce
3354 4854 3501 4895 suos.

2820 4925 3167 4981 CLXXXVII.
3358 4922 3361 4925 λ

2500 5016 2577 5070 Ad
2600 5033 2751 5069 aram
2782 5016 2950 5070 sancti
2976 5017 3199 5072 Joannis
3232 5019 3505 5091 Baptista".

2215 5107 2367 5162 Hanc
2392 5105 2632 5176 Baptista
2666 5114 2858 5176 potens
2884 5108 3094 5162 meritis
3124 5109 3384 5164 tutabitur
3402 5125 3572 5172 aram,

2284 5196 2386 5264 Qui
2408 5198 2689 5251 Dominum
2718 5195 2993 5253 Christum
3015 5198 3173 5252 tinxit
3200 5200 3253 5252 in
3279 5213 3438 5254 amne
3469 5213 3632 5253 sacro.

2214 5289 2313 5344 Hic
2342 5289 2543 5343 electus
2576 5298 2694 5342 erat
2719 5290 2909 5344 matris
2941 5289 3005 5343 de
3035 5299 3252 5353 ventre;
3282 5289 3542 5344 Tonantis

2286 5379 2401 5434 Vox
2442 5378 2622 5444 Verbi,
2661 5388 2717 5433 et
2756 5388 2954 5433 nostrae
2989 5394 3167 5448 praeco
3204 5378 3394 5434 salutis
3428 5390 3562 5434 erat.

2217 5468 2314 5524 llic
2350 5468 2449 5524 fuit
2480 5470 2723 5542 egregius
2754 5469 2951 5524 Christi
2982 5470 3384 5541 paranymphus
3414 5471 3466 5525 in
3498 5470 3636 5531 orbe,

2139 3058 2192 3123 C

2291 5611 2312 5638 τ
2369 5600 2549 5664 Forte,
2577 5601 2803 5669 indignis
2835 5601 3001 5654 venia.
