4044 6340
295 306 398 363 773
1274 305 1602 362 CARMINA.
1644 336 1712 347 —-—
1751 305 1839 360 IN!

1962 304 2273 362 IPTXONES
2308 305 2565 362 VARIzE.
3439 314 3542 369 77.5

290 421 394 477 Iste
424 418 517 476 Dei
545 419 724 490 digitis
754 435 950 490 agnum
976 423 1297 477 monstravit
1327 424 1537 487 adesse,

359 508 633 581 Sanguine
661 511 753 580 qui
782 510 966 565 mundi
992 511 1215 566 crimina
1243 522 1434 568 cuncta
1462 513 1601 567 tulit.

889 601 1255 658 CLXXXVIII.

368 693 450 747 Ad
484 710 635 747 aram
663 703 960 748 sanctorum
988 693 1239 765 Stephani
1267 706 1313 749 et
1349 694 1508 749 Pauli
1537 696 1778 764 apostoli.

290 785 401 841 Hac
427 785 732 856 Stephanus
752 786 949 841 colitur
970 801 1196 856 magnus
1221 795 1581 858 protomartyr
1611 789 1663 842 in
1694 802 1809 849 ara,

360 875 631 931 Grandine
652 877 744 947 qui
771 876 1005 946 lapidum
1030 892 1193 947 regna
1220 876 1375 933 beata
1404 878 1556 947 petit.

288 969 355 1023 Et
387 968 635 1038 precibus
664 967 835 1036 cujus,
872 968 1094 1022 nimium
1126 968 1369 1038 mirabile
1403 968 1568 1033 dictu,

359 1037 553 1113 Saulus
578 1066 694 1113 erat
717 1058 895 1112 subito
923 1056 1119 1112 Paulus
1151 1037 1215 1111 in.
1234 1057 1363 1112 orbe
1396 1058 1516 1125 piis.

283 1147 466 1204 Bestia
489 1164 646 1203 mane
670 1164 855 1219 rapax,
887 1148 1055 1218 spolia
1082 1164 1201 1218 qua:
1235 1164 1451 1218 vespere
1481 1156 1695 1214 tractat,

356 1241 458 1296 lste
478 1256 669 1311 preces
693 1250 908 1297 nostras
932 1239 1146 1309 adjuvet
1168 1242 1281 1311 ipse
1304 1244 1433 1298 suis.

904 1324 1232 1390 CLXXXIX.

540 1422 622 1476 Ad
651 1440 801 1478 aram
831 1425 1003 1479 sancti
1032 1424 1304 1480 Laurentii
1331 1426 1597 1497 martyris.

276 1513 452 1582 Quem
479 1529 577 1570 nec
602 1514 813 1571 ﬂamma
840 1532 1005 1573 vorax
1034 1518 1178 1582 vicit,
1210 1519 1535 1574 Laurentius
1560 1534 1709 1574 aram

353 1604 623 1678 Sanguine
644 1617 927 1673 consen'et
952 1611 1109 1675 hanc,
1141 1625 1289 1681 rogo,
1312 1611 1575 1681 martyrii.

270 1697 384 1752 Iste
420 1698 511 1753 Dei
541 1699 739 1755 Christi
777 1702 1027 1756 mandata
1054 1702 1290 1771 implevit
1317 1719 1521 1770 amore,

347 1787 683 1859 Pauperibus
714 1791 976 1855 tribuens,
1013 1791 1272 1861 quidquid
1298 1793 1531 1848 habebat
1557 1795 1729 1866 inops.

268 1876 505 1932 Divitias
533 1878 674 1933 saecli
706 1880 1026 1950 contempsit
1050 1880 1253 1936 habere
1288 1883 1538 1949 caducas,

343 1970 646 2040 Perpetuas
674 1969 875 2025 Christi
905 1979 963 2026 ut
992 1972 1164 2042 possit
1190 1972 1389 2028 habere
1419 1973 1541 2043 polo

988 2061 1142 2116 CXC.

269 2150 360 2205 Ad
399 2165 550 2205 aram
584 2161 884 2205 sanctorum
913 2152 1149 2217 Quintini
1181 2162 1231 2207 et
1260 2157 1519 2209 sociorum
1546 2164 1857 2226 martyrum.

270 2241 394 2297 Hoc
415 2241 582 2296 altare
605 2242 725 2312 pius
752 2251 931 2298 servet
954 2244 1244 2310 Quintinus
1272 2246 1341 2300 ab
1366 2247 1543 2312 hoste,

350 2332 625 2404 Sanguine
646 2334 737 2403 qui
762 2350 917 2389 sacro
939 2350 1104 2406 regna
1127 2338 1283 2391 beata
1310 2338 1463 2407 petit.

271 2422 419 2478 Huic
444 2438 655 2492 quoque
677 2422 976 2494 junguntur
1001 2425 1262 2481 laicorum
1296 2428 1449 2482 turba
1483 2428 1714 2498 piorum,

348 2512 454 2581 Qui
482 2514 685 2583 petiere
709 2514 909 2584 polum,
939 2517 1200 2587 sanguine
1221 2518 1486 2590 martyrii.

973 2627 1147 2685 CXCI.

456 2715 538 2769 Ad
560 2726 767 2772 sanctos
800 2717 1110 2774 Mauritium
1137 2730 1185 2774 et
1212 2723 1378 2777 socios
1405 2733 1681 2794 martyres.

272 2806 408 2864 Haec
436 2807 553 2863 loca
577 2808 857 2866 Mauritius
884 2812 1091 2866 meritis
1111 2812 1388 2868 vivacibus
1412 2822 1584 2879 ornet,

347 2901 612 2973 Egregius
640 2911 845 2972 martyr
870 2918 993 2957 cum
1017 2903 1226 2975 legione
1251 2920 1348 2961 sua
1372 2923 1387 2961 :

271 2992 519 3060 Quorum
542 2995 679 3050 mira
710 2994 843 3050 fides
869 2996 1054 3061 animi,
1083 3003 1138 3050 et
1165 2998 1469 3053 constantia
1497 2998 1658 3065 mira,

346 3073 682 3140 Co‘mmeruit
712 3084 896 3141 laudes
924 3101 1136 3155 semper
1171 3087 1225 3141 in
1261 3087 1389 3142 orbe
1411 3088 1551 3158 pias.

968 3176 1164 3232 CXCII.

270 3262 360 3319 Ad
383 3282 533 3319 aram
561 3275 859 3321 sanctorum
885 3266 1123 3339 Dionysii
1164 3278 1211 3323 et
1242 3270 1504 3324 sociorum
1540 3278 1853 3340 martywm.

270 3354 608 3412 Pontificalis
628 3373 761 3437 apex
781 3368 961 3413 servet
979 3359 1266 3431 Dionysius
1294 3377 1445 3416 aram
1590 3355 1599 3367 ’

346 3446 521 3512 Hanc,
546 3464 695 3519 rogo,
724 3465 846 3504 cum
875 3450 1037 3506 sociis
1062 3452 1495 3522 martyribusque
1524 3451 1665 3508 aliis.

270 3537 520 3605 Quorum
548 3538 721 3593 scriba
746 3546 893 3594 tenet
916 3540 1123 3596 caelesti
1151 3543 1202 3596 in
1225 3557 1350 3596 arce
1372 3543 1598 3607 libellos,

314 3676 319 3679 .
349 3629 494 3684 Ante
514 3629 610 3684 Dei
632 3629 822 3685 faciem
846 3633 1061 3687 nomine
1082 3642 1359 3704 perpetuo.

461 3828 542 3882 Ad
577 3846 725 3882 aram
747 3743 1324 3889 εαηεεονῗιξιςὲἐηηαηὶ
1349 3844 1396 3890 et
1432 3835 1677 3893 aliorum.

267 3916 572 3973 Confessor
597 3919 718 3973 fidei
746 3921 953 3976 meritis
982 3931 1036 3977 et
1060 3924 1275 3979 nomine
1307 3926 1485 3983 clarus

348 4006 652 4064 Germanus
673 4012 887 4081 priesul,
910 4023 1094 4083 pastor
1116 4023 1171 4070 et
1197 4016 1310 4087 ipse
1330 4019 1450 4088 pius
1480 4037 1496 4075 :

269 4099 378 4155 Cui
408 4100 776 4156 confessorum
808 4104 909 4159 hac
938 4107 1182 4177 jungitur
1217 4124 1407 4177 agmen
1447 4112 1503 4167 in
1534 4128 1647 4179 ara,

347 4190 463 4246 Nos
489 4192 737 4261 precibus
766 4210 991 4263 quorum
1020 4207 1200 4253 servet
1226 4202 1422 4271 ubique
1442 4202 1603 4258 Deus.

959 4287 1183 4342 CXClV.

497 4374 575 4426 Ad
601 4391 753 4428 aram
782 4388 1083 4431 sanctorum
1113 4378 1329 4434 Martini
1352 4392 1398 4435 ct
1424 4381 1672 4436 aliorum.

1894 431 1942 490 Α
1969 416 2147 472 Turba
2169 420 2553 473 monachorum
2580 417 2820 473 celebrat
2855 429 2908 475 te
2934 433 3115 477 sancta
3144 439 3240 493 per
3264 426 3469 489 orbem,
3570 418 3573 425 ’

2033 509 2271 575 Quorum
2300 511 2404 564 vita
2436 509 2536 564 fuit
2560 511 2761 565 famine
2791 514 2990 582 scripta
3020 522 3129 569 tuo.

1959 595 2037 652 Te
2065 614 2277 669 quoque
2305 610 2489 653 sancta
2518 601 2712 657 cohors
2742 602 2966 658 fratrum
2994 606 3299 674 specialiter
3326 609 3466 668 istic.

2029 688 2273 743 Assiduis
2298 692 2571 760 precibus,
2605 692 2804 757 laudat,
2834 694 3080 760 honorat,
3106 706 3250 752 amat
3276 715 3291 763 ;

1960 778 2086 831 Huic
2114 779 2309 847 quibus
2338 780 2461 833 aula
2490 790 2635 849 patet
2664 791 2928 837 nocturno
2956 793 3197 854 tempore
3230 803 3466 858 semper,

2030 870 2128 923 Hic
2161 886 2319 925 orare
2348 873 2523 936 docet,
2555 874 2778 928 fundere
2808 883 2860 929 et
2884 876 2971 929 hic
3001 877 3289 949 laerymas.

1960 960 2183 1028 Horum,
2218 972 2401 1018 sancte
2431 965 2613 1030 Pater,
2639 968 2890 1034 precibus
2911 969 2997 1023 hic
3024 984 3235 1039 semper
3262 971 3467 1026 adesto.

2622 1077 2869 1134 CXCVII.

2099 1166 2181 1221 Ad
2209 1184 2357 1222 aram
2394 1179 2695 1223 sanctorum
2731 1170 3041 1242 Hieronymi
3068 1184 3115 1227 et
3146 1175 3390 1230 aliorum.

1962 1256 2147 1312 Totius
2176 1258 2535 1331 Hieronymus
2556 1262 2744 1317 doctor
2772 1265 3036 1320 mirabilis
3060 1267 3229 1331 orbis,

2027 1350 2162 1404 Cum
2189 1351 2455 1420 sociisque
2483 1355 2611 1418 suis,
2648 1356 2762 1409 hate
2786 1356 2901 1410 loca
2932 1368 3117 1413 sancta
3154 1368 3320 1416 tenet.

1958 1440 2185 1495 Nomina
2211 1441 2437 1512 quisque
2464 1444 2627 1513 legas,
2662 1446 2835 1501 titulis
2860 1450 3155 1517 perscripta
3178 1451 3413 1519 piorum,

2030 1530 2139 1586 Hos
2169 1533 2344 1601 rogito
2367 1535 2616 1602 precibus
2642 1549 2845 1603 pronus
2875 1537 3064 1593 adesse
3095 1540 3220 1594 tuis.

2617 1644 2752 1699 CXC
2760 1645 2886 1699 VIII.

2299 1734 2379 1787 Ad
2408 1752 2556 1788 aram
2584 1738 2752 1789 saucii
2782 1734 3018 1805 Gregorii
3041 1755 3208 1807 papa'.

1964 1825 2258 1894 Gregorius
2281 1827 2493 1888 doctor,
2520 1836 2727 1894 pastor,
2748 1828 3077 1895 patriarcha,
3099 1831 3370 1893 sacerdos,

2039 1918 2280 1971 Romam
2314 1917 2581 1985 quondam
2611 1917 2806 1986 praesul
2830 1919 2881 1970 in
2912 1920 3043 1971 urbe
3075 1920 3228 1987 pius:

1964 2012 2061 2067 Hic
2090 2027 2283 2082 precor
2304 2026 2398 2065 ore
2426 2011 2567 2065 ferat
2587 2011 2813 2065 fratrum
2843 2011 2929 2081 pia
2953 2020 3072 2065 vota
3106 2011 3356 2076 Tonanti,

2032 2103 2164 2158 Cum
2194 2103 2445 2157 Patrihus
2472 2116 2698 2171 quorum
2723 2102 2810 2156 hic
2831 2103 3046 2156 nomina
3069 2102 3270 2170 scripta
3295 2102 3466 2158 vides.

2643 2191 2870 2246 CXCIX.

2063 2284 2145 2337 Ad
2167 2283 2435 2338 ecclesiam
2459 2283 2545 2336 ubi
2591 2292 2891 2336 sanctorum
2922 2282 3151 2351 reliquiae
3172 2281 3433 2335 coluntur.

1962 2374 2062 2441 Qui
2093 2374 2213 2429 coeli
2245 2374 2429 2442 cupiet
2450 2383 2634 2440 portas
2672 2373 2873 2426 intrare
2899 2380 3169 2440 patentes,

2036 2464 2242 2533 Samius
2269 2464 2409 2517 hanc
2437 2462 2661 2531 pedibus
2682 2463 2849 2517 intret
2877 2469 2931 2516 et
2958 2462 3070 2529 ipse
3092 2461 3220 2515 suis.

1964 2553 2091 2610 Haec
2111 2561 2194 2609 est
2219 2561 2489 2624 perpetum
2515 2552 2751 2607 venienti
2778 2559 2933 2620 porta
2960 2551 3168 2612 salutis,

2029 2643 2142 2699 Hoc
2166 2650 2249 2697 est.
2285 2642 2421 2697 lucis
2442 2643 2563 2706 iter,
2597 2650 2650 2696 et
2680 2641 2765 2694 via
2788 2642 2901 2710 jam
2928 2640 3119 2694 venire.

1958 2732 2087 2789 Haec
2113 2733 2304 2787 domus
2334 2733 2475 2785 alma
2501 2732 2612 2794 Dei,
2641 2731 2731 2784 hic
2754 2738 2879 2784 sunt
2911 2731 3164 2783 thesaura
3196 2726 3478 2790 Tonantis,

2029 2824 2351 2880 Sanctorum
2381 2823 2563 2877 multae
2586 2823 2958 2891 relliquiwque
2982 2822 3224 2875 Patrum.

1956 2917 2164 2974 Idcirco
2199 2918 2524 2988 ingrediens,
2554 2917 2743 2970 devota
2772 2923 2974 2978 mente,
2996 2915 3191 2977 viator,

2005 3010 2224 3086 .Sterne
2253 3011 2366 3065 solo
2392 3011 2651 3072 membra,
2686 3016 2905 3079 pectore
2933 3022 3095 3077 carpe
3121 3006 3325 3076 polum.

1885 3116 1931 3178 ο
1960 3101 2061 3157 Hic
2084 3102 2250 3166 Deus,
2271 3101 2360 3155 hic
2386 3100 2578 3163 sancti,
2608 3100 2706 3153 tibi
2745 3114 2888 3168 spes,
2925 3098 3015 3151 hic
3036 3105 3183 3151 terra
3212 3096 3399 3169 salutis

1922 3216 1925 3219 <
2024 3194 2114 3248 Sit
2139 3192 2426 3263 conjuncta
2457 3200 2551 3244 tuo
2577 3198 2795 3260 pectore
2820 3188 2976 3242 firma
2999 3188 3148 3243 fides.

2702 3304 2805 3359 CC.

2206 3398 2288 3450 Ad
2309 3407 2546 3452 sanctum
2575 3395 2881 3449 Michaelem
2911 3394 3298 3464 archangelum.

1960 3490 2058 3545 Hic
2087 3489 2336 3559 precibus
2366 3489 2567 3544 nostris
2591 3488 2815 3551 Michael
2842 3488 3197 3558 archangelus
3231 3487 3390 3547 adsit,

1960 3583 2182 3655 Magnus
2212 3584 2265 3637 in
2301 3597 2425 3637 arce
2468 3581 2574 3651 poli
2620 3581 2888 3650 princeps,
2928 3580 3236 3649 Christique
3286 3579 3533 3634 minister

3004 3668 3159 3740 [Ed.,
3186 3666 3466 3738 magister]

1960 3764 2189 3833 Adjuvet
2215 3762 2302 3817 ille
2320 3776 2509 3830 preces
2531 3770 2843 3825 sanctorum,
2868 3774 3082 3828 semper
3110 3758 3328 3827 ubique.

1961 3855 2051 3909 Ille
2079 3854 2193 3908 suis
2221 3851 2471 3921 precibus
2502 3865 2600 3903 nos
2630 3849 2719 3904 hic
2748 3858 3033 3902 conservet
3061 3849 3129 3902 ab
3158 3848 3332 3910 hoste,

1961 3948 2243 4019 Invigilare
2271 3945 2365 4000 Dei
2396 3944 2556 3999 faciet
2581 3951 2635 3996 et
2658 3941 2907 3995 laudibus
2939 3940 3082 3995 istic.

2690 4030 2816 4087 CCI.

2452 4124 2533 4176 Ad
2568 4140 2715 4176 aram
2752 4122 3054 4193 quamdam.

1961 4221 2075 4275 Hac
2096 4219 2249 4276 sedet
2276 4233 2398 4273 arce
2422 4218 2562 4271 Deus
2585 4217 2774 4285 judex,
2811 4214 3083 4269 Genitoris
3115 4214 3291 4285 imago
3317 4232 3329 4266 :

1962 4311 2062 4366 Hic
2091 4311 2359 4379 seraphim
2390 4308 2594 4378 fulgent
2624 4307 2832 4360 Domini
2861 4306 2959 4359 sub
2985 4321 3168 4360 amore
3196 4306 3432 4359 calentes
3456 4323 3472 4370 ;

1962 4401 2063 4456 Hic
2093 4402 2234 4454 inter
2256 4399 2535 4454 cherubim
2565 4398 2798 4450 volitant
2824 4412 3021 4451 arcana
3052 4396 3351 4459 Tonantis;

268 4464 397 4561 Hae
419 4475 661 4561 sacratus
691 4482 843 4561 a_mor
863 4467 978 4540 [F.,
1012 4471 1205 4543 honor]
1242 4473 1453 4528 Martini
1483 4474 1646 4546 fulget
1666 4476 1719 4531 in
1744 4491 1859 4544 ara,
1886 4472 1938 4534 D
1966 4490 2065 4546 Hic
2093 4491 2296 4561 pariter
2325 4487 2526 4557 fulgent
2557 4487 2830 4555 sapientes
2859 4487 3095 4555 quinque
3123 4484 3333 4555 puellm,

348 4555 526 4622 Quem
552 4557 679 4611 colit
702 4557 933 4628 Europa,
966 4575 1125 4629 quem
1155 4564 1311 4617 simul
1341 4565 1486 4620 orbis
1517 4573 1679 4621 amat.

265 4645 511 4714 Agmina
536 4662 689 4701 sacra
719 4648 803 4701 cui
837 4664 1025 4719 magna
1049 4650 1349 4722 junguntur
1376 4656 1579 4712 honore

352 4734 682 4791 Sanctorum
705 4738 927 4808 pariter,
956 4756 1053 4809 per
1076 4742 1162 4812 pia
1194 4752 1317 4798 vota
1344 4744 1486 4801 fidei.

875 4853 1035 4924 225
1070 4855 1270 4911 cxcv.

466 4942 545 4995 Ad
574 4959 721 4997 aram
749 4955 1049 4999 sanctorum
1090 4945 1326 5003 Remedii
1355 4958 1403 5003 et
1438 4950 1681 5007 aliorum.

268 5037 441 5093 Hanc
469 5037 629 5092 Pater
654 5040 925 5110 egregius,
950 5042 1243 5111 doctorque
1268 5043 1557 5100 Remedius
1578 5061 1728 5099 aram

349 5131 494 5186 Cum
518 5132 680 5187 sociis
705 5134 846 5197 vitae,
878 5141 1057 5188 servat
1080 5135 1276 5205 ubique
1308 5137 1438 5191 suis.

266 5222 437 5290 Quos
455 5224 543 5292 pia
571 5239 700 5277 cura
722 5223 879 5277 simul
908 5238 1092 5278 mensa
1121 5226 1335 5279 satiavit
1362 5228 1413 5280 in
1443 5226 1563 5290 ista,

348 5311 464 5380 Qui
482 5314 657 5368 erexit
684 5313 847 5377 illam,
875 5314 1074 5384 quique
1094 5314 1293 5370 dicavit
1315 5332 1456 5371 eam.

977 5426 1202 5482 CXCVI.

518 5516 599 5571 Ad
630 5517 897 5571 ecclesiam
919 5518 1087 5572 sancti
1124 5517 1389 5572 Benedicti
1420 5519 1638 5573 abbatis.

266 5608 445 5671 Haec,
473 5608 777 5673 Benedicte,
810 5611 925 5673 tibi,
956 5610 1076 5679 pius
1102 5610 1237 5664 abba
1269 5611 1588 5674 monachus,

353 5699 656 5757 Confessor
694 5710 893 5770 vester,
926 5711 1067 5757 tecta
1098 5703 1271 5757 dicata
1302 5711 1539 5756 manent.

1968 4579 2191 4635 IEterna
2217 4580 2269 4633 in
2307 4578 2554 4632 manibus
2583 4584 2862 4645 portantes
2891 4575 3008 4630 luce
3038 4576 3303 4630 lucernas.

2687 4689 2837 4743 CCII.

2297 4782 2377 4835 Ad
2407 4798 2556 4835 aram
2591 4781 2761 4835 sancti
2798 4777 2944 4832 Petri
2978 4777 3222 4847 apostoli.

1943 4836 2213 4941 ‘Claviger
2239 4871 2526 4935 mthereus,
2556 4877 2738 4938 portas
2761 4869 2853 4938 qui
2883 4836 3065 4922 servat
3092 4864 3305 4938 Olympi

1969 4962 2164 5018 Petrus
2190 4962 2533 5031 apostolicus,
2565 4960 2814 5029 princeps
2839 4965 2893 5011 et
2915 4966 3099 5028 pastor
3122 4958 3295 5012 ovilis.

1970 5053 2220 5122 Perpetui
2247 5051 2430 5121 Regis,
2450 5049 2667 5102 sibimet
2688 5049 2803 5101 haec
2825 5055 3070 5101 contecta
3095 5046 3234 5117 [ara]
3254 5046 3427 5099 dicata
3446 5051 3547 5106 est,

1969 5141 2216 5197 Assiduis
2240 5140 2489 5208 precibus
2527 5146 2695 5192 totum
2726 5144 3007 5192 conservet
3037 5138 3087 5191 in
3113 5150 3303 5190 aevum.

2682 5248 2847 5305 CCIII.

2401 5342 2481 5394 Ad
2508 5359 2655 5396 aram
2691 5343 2852 5395 beata:
2891 5341 3137 5411 Virginis.

1975 5437 2138 5507 Virgo
2166 5435 2331 5489 Maria
2361 5434 2456 5489 Dei
2482 5435 2735 5505 genitrix,
2769 5435 3067 5489 castissima
3084 5433 3266 5502 Virgo,

1974 5526 2088 5580 Lux
2119 5535 2173 5580 et
2202 5525 2351 5581 stella
2377 5526 2564 5590 maris,
2594 5533 2792 5580 nostra:
2814 5525 2998 5595 regina
3024 5522 3212 5577 salutis
3237 5540 3249 5574 :

1974 5616 2123 5672 Hanc
2145 5632 2295 5671 aram
2324 5618 2532 5672 meritis
2560 5632 2776 5685 semper
2794 5614 3069 5669 vivacibus
3095 5622 3272 5676 ornet,

1974 5706 2103 5772 Qua:
2124 5716 2332 5762 sacrata
2363 5723 2461 5762 suo
2488 5707 2755 5779 condigne
2783 5714 2991 5765 constat
3017 5708 3241 5761 honore.

4029 922 4031 1063 ι

4029 1620 4031 1735 l
