4044 6340
24 26 47 765 l

515 312 622 373 775

1218 427 1391 482 CCIV.

857 520 938 575 Ad
960 534 1106 572 aram
1136 518 1301 571 sancti
1329 514 1487 569 Pauli
1511 514 1749 583 apostoli.

513 611 741 668 Nomine
762 624 992 677 namque
1020 616 1134 671 tuo,
1165 607 1353 660 doctor
1376 604 1678 658 clarissime
1708 602 1911 665 mundi,

513 700 678 755 Paule
707 700 816 754 Deo
840 698 1054 752 Christo
1080 696 1218 751 ctelo
1240 702 1461 749 vocatus
1487 694 1552 747 ab
1587 694 1696 747 alto
1725 711 1737 744 :

519 786 645 843 Iizcc
667 801 902 856 przesens
930 785 1097 838 titulis
1125 784 1248 837 vita:
1278 782 1584 837 sacrabitur
1610 797 1725 843 ara,

516 876 573 931 In
605 891 711 946 qua
730 889 922 945 magna
944 872 1085 929 salus
1109 872 1275 937 venit,
1306 886 1429 940 spes
1453 878 1602 924 certa
1633 870 1845 925 salutis.

1221 981 1373 1038 CCV.

795 1076 872 1129 De
899 1075 1223 1129 dedicatione
1254 1073 1483 1127 ecclesia:
1513 1069 1832 1127 Corziensis.

516 1171 622 1226 Ista
658 1171 847 1225 domus
880 1169 1106 1223 Domino
1132 1167 1368 1231 Christo,
1401 1168 1709 1236 sanctisque
1740 1169 1918 1222 dicata
1951 1175 2058 1231 est,

519 1260 775 1316 Ardentis
795 1257 921 1323 Iuli,
949 1258 1128 1326 quinis
1149 1266 1203 1311 et
1228 1258 1406 1311 Idibus
1428 1257 1582 1328 [Ed.,
1608 1256 1844 1330 indibus]
1875 1258 2023 1312 olim.

520 1350 670 1404 Hanc
688 1350 808 1419 pius
837 1348 1159 1415 archipater,
1188 1347 1438 1402 Metensis
1466 1348 1634 1417 gloria
1661 1348 1852 1416 plebis,

519 1437 840 1508 Hrogandus
866 1448 892 1477 ι
919 1436 1137 1505 praesul,
1165 1452 1361 1505 magno
1389 1438 1624 1491 sacravit
1648 1439 1870 1493 honore.

1226 1545 1399 1601 CCVI.

1018 1635 1197 1691 Oratio
1226 1637 1294 1690 ad
1316 1636 1600 1691 Christum.

521 1729 600 1784 Da
630 1737 720 1783 tua
749 1727 1115 1783 Celsithronus
1138 1728 1291 1781 nobis
1320 1727 1571 1797 suffragia
1600 1743 1885 1798 semperp-

522 1818 791 1873 Exaudire
814 1831 1001 1885 preces
1030 1814 1373 1880 famulorum,
1403 1815 1638 1881 Christe,
1673 1825 1905 1882 tuorum,

524 1906 626 1974 Qui
656 1907 750 1960 tibi
769 1914 894 1959 vota
920 1904 1094 1958 ferant
1124 1905 1316 1959 devoto
1338 1914 1555 1975 pectore
1584 1907 1779 1971 laudis,

521 1996 844 2064 Perpetuam
874 1996 1117 2049 tribuens
1143 1995 1393 2051 clementi
1422 2012 1645 2053 munere
1675 1999 1861 2053 vitam.

519 2084 756 2154 Quisque
778 2084 889 2139 Deo
914 2084 1271 2154 lacrymas....
1298 2086 1439 2140 hanc
1470 2084 1649 2141 fundis
1674 2087 1742 2142 ad
1781 2103 1956 2155 aram,

520 2175 651 2230 Esto
680 2189 887 2228 memor
914 2175 1106 2238 nostri,
1138 2175 1309 2229 cecini
1337 2175 1428 2244 qui
1459 2177 1700 2230 carmina
1728 2176 1967 2244 Christe,

518 2267 785 2322 Exaudire
810 2282 997 2334 preces
1026 2266 1368 2331 famulorum,
1394 2266 1627 2331 Christe,
1648 2275 1885 2335 tuorum,

522 2356 625 2420 Qui
656 2355 750 2409 tibi
778 2364 903 2408 vota
935 2353 1109 2408 ferant
1131 2357 1381 2425 praesenti
1404 2357 1578 2411 laudis
1599 2358 1654 2412 in
1678 2373 1794 2423 ara,

521 2445 591 2499 Et
610 2444 675 2497 da
701 2443 935 2498 caelestis
962 2444 1119 2499 nobis
1140 2446 1231 2513 pia
1262 2446 1399 2500 dona
1428 2446 1639 2501 salutis.

521 2532 609 2587 Sis
636 2548 842 2587 memor
866 2532 1097 2597 Alcuini,
1124 2533 1311 2597 lector,
1339 2550 1485 2604 rogo,
1515 2536 1771 2590 carminis
1798 2535 1976 2605 hujus.

521 2620 602 2681 Tu
628 2621 758 2675 mihi
787 2622 956 2676 dulcis
979 2636 1127 2689 amor
1150 2637 1361 2692 semper
1384 2638 1537 2677 soror
1566 2624 1761 2695 inclyta
1791 2625 1962 2691 salve,

593 2711 652 2764 In
679 2711 928 2779 precibus
956 2710 1137 2765 fratris
1160 2712 1235 2766 sis
1264 2728 1473 2767 memor
1495 2714 1608 2782 ipsa
1635 2715 1733 2769 tui.

523 2801 753 2855 Delicias
788 2802 953 2866 saecli,
982 2817 1226 2871 pompas,
1256 2819 1521 2873 gazasque
1540 2805 1793 2871 caducas,

593 2891 788 2956 Mente,
813 2907 997 2955 manu,
1025 2893 1205 2964 lingua
1233 2911 1485 2964 spernere
1512 2897 1657 2951 disce
1686 2906 1795 2951 tua.

526 2982 611 3038 Sit
633 2985 730 3037 tibi
760 2982 1009 3040 Christus
1037 3000 1212 3051 amor,
1242 2952 1433 3050 virtus,
1458 2988 1595 3052 laus,
1622 2988 1802 3042 omnia
1832 2985 2104 3054 Christus,
2140 2952 2145 2963 ᾗ

607 3072 1017 3127 Permaneat....
1049 3082 1105 3128 et
1138 3089 1351 3142 semper
1381 3076 1433 3153 in
1460 3091 1554 3130 ore
1583 3086 1755 3131 sonet.

1236 3163 1431 3217 CCVII.

820 3253 900 3326 Ad
930 3270 1079 3307 aram
1108 3250 1171 3306 ab
1204 3252 1520 3309 Hildebaldo
1551 3265 1812 3311 ornatam.

524 3345 728 3399 Ductus
758 3357 943 3397 amore
972 3352 1064 3396 tuo
1094 3359 1307 3413 magno,
1332 3345 1613 3400 mitissime
1641 3345 1877 3411 Christe,

524 3432 701 3500 Atque
739 3441 831 3485 tuo
860 3432 1082 3500 pariter,
1115 3434 1451 3487 sanctissima
1475 3436 1625 3505 virgo
1659 3436 1847 3501 Maria,

523 3524 700 3592 Atque
726 3530 835 3586 tuo,
860 3523 1067 3576 meritis
1090 3524 1366 3593 praeclare,
1405 3520 1654 3579 Medarde
1683 3526 1954 3589 sacerdos,

528 3609 771 3667 Iusserat
796 3613 939 3667 hanc
968 3629 1115 3689 aram
1149 3613 1389 3682 pulchris
1417 3628 1610 3669 ornare
1643 3616 1876 3671 metallis

528 3698 872 3756 Hildebaldus
898 3702 927 3741 ι)
957 3718 1143 3767 ovans,
1173 3704 1387 3757 humilis
1412 3712 1569 3772 pater
1593 3713 1754 3774 atque
1784 3707 2060 3775 sacerdos,

525 3791 633 3846 Pro
667 3808 795 3862 quo,
825 3792 1057 3847 lectores
1090 3793 1249 3855 tituli,
1282 3810 1507 3849 exorare
1539 3810 1811 3866 rogamus.

642 3880 649 3899 '
1214 3882 1434 3938 CCVIII.

525 3973 606 4025 Ad
630 3971 858 4042 picturas
887 3973 1307 4042 patriarcharum
1335 3974 1525 4039 Adam,
1551 3972 1665 4029 Noe
1691 3987 1739 4030 et
1762 3978 2023 4032 Abraham
2060 3989 2107 4033 ε.

525 4062 624 4118 IIic
655 4062 795 4116 Deus
820 4063 1159 4131 omnipotens
1187 4062 1357 4116 Adam
1381 4064 1447 4118 de
1470 4066 1689 4134 pulvere
1713 4069 1969 4138 plasmat,

523 4152 721 4207 Accola
748 4152 834 4205 hic
857 4150 1029 4207 factus
1058 4152 1296 4221 paradisi
1325 4155 1575 4223 primitus
1601 4156 1793 4210 Adam.

528 4242 691 4313 226
717 4242 941 4297 Nomina
964 4257 1101 4310 pone
1122 4241 1287 4297 Pater
1301 4245 1510 4298 cunctis
1531 4245 1895 4301 animantibus
1915 4245 2107 4302 Adam.

525 4332 687 4387 Costa
713 4333 812 4385 viri
843 4340 1069 4385 matrem
1098 4340 1357 4402 pausante
1384 4335 1606 4402 protulit
1628 4335 1817 4390 Adam.

525 4423 622 4477 Iiic
651 4422 869 4476 seducta
900 4420 999 4474 fuit
1024 4419 1238 4485 mulier,
1265 4423 1516 4476 seductus
1540 4434 1593 4477 et
1614 4425 1804 4479 Adam.

523 4512 634 4566 Has
662 4509 939 4565 cherubim
962 4519 1146 4578 portas
1174 4509 1401 4565 flammis
1422 4511 1646 4568 defende
1677 4516 1881 4570 beatas.

524 4604 695 4670 Perge
725 4601 869 4655 foras
897 4601 1067 4654 Adam
1093 4610 1148 4653 et
1168 4601 1341 4655 felicia
1371 4618 1532 4672 regna
1562 4605 1821 4674 relinque.

527 4696 695 4749 Terra
727 4694 820 4746 tibi
851 4692 1076 4747 tribulos
1101 4709 1197 4763 pro
1219 4694 1444 4748 crimine
1472 4697 1737 4762 germinet
1769 4698 1957 4753 Adam.

530 4784 691 4839 Livor
718 4783 852 4837 edax
882 4782 1066 4838 fratris
1104 4784 1194 4853 qui
1218 4782 1422 4851 justum
1452 4785 1681 4853 perculit
1701 4786 1832 4841 Abel
1858 4788 1883 4827 ἀ

528 4874 628 4930 IIic
650 4873 760 4929 Noe
782 4872 1009 4929 dilectus
1034 4874 1257 4929 Domino
1282 4876 1383 4929 sibi
1409 4875 1635 4931 fabricat
1664 4893 1843 4932 arcam
1871 4897 1883 4932 :

526 4965 606 5020 En
636 4973 786 5019 natat
811 4965 865 5019 in
905 4965 1141 5033 liquidis,
1166 4966 1349 5021 mundi
1374 4981 1497 5021 cum
1520 4966 1748 5034 civibus,
1779 4984 1924 5024 arca.

599 5134 624 5160 ι
653 5119 991 5204 Hrogandus.
1018 5118 1073 5173 Id
1099 5128 1201 5181 est,
1224 5121 1880 5204 Grodega’ngusMetensis
1897 5127 2103 5204 episco-

527 5206 648 5259 pus,
667 5191 765 5262 qui
782 5189 1089 5262 ecclesiam
1102 5189 1428 5262 _monasterii
1458 5189 1770 5250 Gorziensis
1813 5189 2099 5262 dedicavit,

526 5258 583 5314 et
603 5260 857 5331 reliquias
877 5259 1048 5331 sancti
1062 5258 1281 5331 ‘l‘iaizarii
1305 5261 1500 5316 ibidem
1524 5264 1803 5319 collocavit
1828 5281 1861 5317 v
1879 5265 1952 5320 Id.
1972 5258 2101 5331 Jul,

523 5327 847 5453 3330:2555.
881 5327 1014 5382 Vide
1060 5328 1258 5383 Mabill.
1302 5332 1490 5386 Annal.
1532 5333 1684 5399 Ben.,
1719 5343 1844 5390 tom.
1886 5336 1949 5401 II,
1981 5327 2101 5408 pag.

636 5415 821 5465 ,n.o.

600 5469 627 5507 δ
654 5466 1031 5545 Ηὶιέεὸαβάιιξ..
1046 5469 1137 5522 Ille
1152 5471 1247 5525 abs
1267 5470 1427 5524 dubio
1448 5471 1781 5545 Coloniensis
1800 5476 2103 5545 episcopus,

525 5554 555 5592 a
586 5554 693 5621 quo
735 5537 958 5621 Carolus
988 5540 1208 5621 iiagnns
1253 5551 1650 5621 sacramentum
1680 5537 1941 5600 Domihici
1985 5537 2107 5599 cur?

524 5609 672 5691 poris
699 5617 751 5662 et
773 5608 1049 5691 sanguinis
1072 5611 1245 5691 petiit,
1274 5619 1330 5663 ut
1354 5611 1736 5691 es-itumsuum
1762 5615 2105 5691 confirmaret

519 5678 739 5746 jamjam
764 5678 1056 5733 moriturus
1076 5689 1132 5733 et
1148 5690 1356 5749 postera
1379 5680 1465 5736 die
1489 5683 1642 5738 obiit.
1668 5683 1886 5751 Mabill.,
1910 5687 2101 5740 Annal.

1368 316 1428 368 Β.
1471 315 1531 367 F.
1570 311 1795 366 ALBINI
1832 310 1964 366 SEU
2006 309 2282 366 ALCUINI
2319 302 2607 364 OPERUM
2644 300 2821 356 PARS
2861 299 2948 354 VI.

3667 284 3776 344 776

2114 427 2165 484 Α
2190 423 2328 476 Ecce
2355 419 2602 475 columba
2628 416 2716 485 pia
2739 414 2893 484 pacis
2923 410 3019 467 tibi
3043 418 3227 481 portat
3251 411 3449 466 olivam
3475 427 3492 464 :

2189 512 2323 566 Alba
2348 509 2595 565 columba
2624 506 2764 560 redit
2787 518 2950 558 corvo
2972 509 3232 571 pereunte
3261 502 3480 569 nigello.

2189 604 2359 673 Perge
2388 600 2533 655 foras
2560 606 2613 653 et
2639 598 2773 652 educ
2799 605 2854 650 et
2874 603 3069 650 cuncta
3098 594 3350 648 animalia
3378 602 3580 648 tecum.

2191 692 2287 745 Est
2314 698 2471 759 pater
2496 687 2584 742 hic
2603 688 2803 740 Abram
2832 685 3063 753 patriam
3091 684 3365 739 dimittere
3382 683 3587 753 jussus,

2192 780 2291 835 Hic
2318 778 2467 834 Sarri
2494 778 2711 832 latitans
2734 776 2926 831 casula:
2953 782 3077 845 post
3092 775 3231 830 ostia
3255 775 3395 830 risit.

2896 867 3074 923 CCIX.

2693 961 2766 1015 De
2793 961 3020 1031 quadam
3047 958 3284 1014 ecclesia.

2196 1061 2297 1128 Qui
2330 1060 2466 1132 regit
2489 1060 2716 1130 imperio
2740 1059 2985 1128 pelagum
3009 1067 3320 1123 terramque
3346 1052 3638 1122 polumque

2196 1152 2349 1206 Hanc
2386 1159 2537 1221 regat
2563 1152 2677 1220 ipse
2706 1150 2817 1204 suis
2847 1148 3001 1203 donis
3028 1146 3341 1202 coelestibus
3374 1144 3549 1197 aulam
3576 1160 3589 1196 :

2194 1241 2253 1297 In
2279 1258 2383 1312 qua
2415 1243 2607 1303 cultus,
2637 1242 2826 1304 honor,
2862 1240 3047 1293 laudes
3064 1247 3121 1293 et
3148 1237 3318 1304 gloria
3337 1234 3561 1297 Christi,

2197 1330 2424 1404 Semper
2448 1334 2500 1387 in
2534 1342 2792 1387 aeternum
2822 1338 3038 1385 maneat
3059 1329 3273 1399 pietatis
3296 1340 3498 1381 amore.

2925 1418 3079 1473 CCX.

2559 1514 2632 1567 De
2658 1510 2865 1567 Christo
2903 1509 3161 1563 salvatore
3186 1506 3369 1560 mundi
3399 1516 3444 1558 ο.

2199 1606 2363 1677 Virgo
2389 1605 2553 1659 Maria
2576 1604 2729 1667 nitet,
2753 1602 2900 1655 nullo
2930 1596 3534 1667 temerantepudorem,

2269 1698 2399 1751 Post
2423 1703 2638 1765 partum
2666 1693 2848 1757 Pueri,
2876 1692 3028 1761 virgo
3056 1689 3224 1743 Maria
3249 1688 3403 1741 nitet.

2124 1763 2174 1823 Β
2198 1787 2367 1842 Filius
2396 1763 2485 1839 hic
2507 1783 2740 1838 hominis
2766 1782 2826 1835 fit
2852 1779 3083 1835 maxima
3107 1776 3332 1846 quaestio
3369 1771 3576 1836 mundi,

2268 1878 2557 1933 Nobiscum
2584 1874 2725 1928 Deus
2745 1881 2850 1937 est,
2874 1871 3041 1926 Filius
3067 1870 3156 1924 hic
3182 1867 3435 1923 hominis.

2198 1967 2298 2023 Hic
2322 1969 2504 2031 homo,
2540 1967 2632 2036 qui
2662 1966 2805 2019 Deus
2827 1972 2930 2028 est,
2966 1977 3090 2032 spes
3120 1970 3204 2016 est
3230 1957 3450 2027 antiqua
3485 1957 3748 2027 priorum,

2271 2059 2407 2129 Spes
2429 2059 2483 2112 in
2511 2057 2616 2111 fine
2645 2056 2769 2126 piis,
2798 2055 2886 2109 hic
2911 2054 3093 2117 homo,
3126 2053 3217 2122 qui
3254 2051 3397 2105 Deus
3420 2060 3523 2103 est.

2199 2150 2407 2220 Aspera
2433 2162 2581 2203 mors
2608 2146 2789 2215 populi
2820 2146 2963 2214 ligno
2990 2142 3217 2197 deducta
3243 2141 3503 2203 cucurrit,

2270 2241 2526 2297 Aufertur
2550 2240 2697 2309 ligno
2724 2254 2916 2309 aspera
2957 2252 3101 2291 mors
3126 2235 3325 2305 populi.

2202 2333 2407 2389 Lumen
2430 2332 2617 2386 adesse
2646 2330 2742 2385 Dei
2768 2329 3040 2400 persensit
3069 2329 3330 2382 Tartarus
3358 2327 3567 2395 ingens,

2274 2423 2384 2478 Nec
2410 2423 2638 2477 credunt
2664 2420 2931 2485 homines,
2964 2419 3144 2473 lumen
3167 2419 3358 2472 adesse
3383 2416 3500 2469 Dei.

2205 2513 2349 2568 Mors
2377 2511 2487 2565 fera
2510 2527 2607 2581 per
2630 2510 2904 2565 hominem
2923 2509 3180 2564 miserum
3195 2506 3297 2563 sibi
3320 2506 3557 2561 subdidit
3577 2506 3785 2570 orbem,

2279 2602 2499 2657 Subdita
2533 2600 2840 2671 congemuit
2863 2614 3007 2653 mors
3030 2597 3146 2652 fera
3172 2612 3270 2666 per
3295 2596 3591 2650 hominem.

2209 2693 2454 2749 Suscitat
2479 2707 2604 2747 ecce
2632 2707 2801 2761 genus
2840 2691 3020 2756 morti,
3052 2698 3205 2760 pater
3231 2688 3318 2743 ille
3344 2685 3621 2757 profanus,

2279 2785 2360 2839 Ad
2384 2785 2550 2839 vitam
2578 2784 2825 2839 Christus
2850 2783 3077 2838 suscitat
3100 2796 3226 2836 ecce
3255 2794 3442 2851 genus.

2575 2939 3317 3033 ADHORTATION
3330 2936 3441 3012 ES

2960 3069 3049 3106 seu

2704 3145 2935 3204 vensus
2982 3156 3293 3202 MORALES.

2918 3248 3092 3304 CCXI.

2532 3343 2841 3396 Adhortatio
2877 3341 2945 3394 ad
2975 3348 3255 3394 nocturnas
3283 3337 3489 3393 laudes.

2213 3431 2431 3503 Surgite
2459 3447 2576 3495 vos,
2610 3431 2824 3493 fratres,
2857 3428 3042 3482 Iaudes
3070 3437 3125 3482 et
3152 3426 3314 3481 dicite
3341 3426 3584 3490 Christo,

2211 3524 2338 3579 Haec
2367 3533 2453 3579 est
2477 3533 2601 3594 apta
2624 3522 2815 3577 domus
2850 3529 3114 3574 nocturno
3141 3526 3380 3585 tempore
3402 3517 3575 3571 vobis.

2209 3612 2505 3684 Pervigiles
2534 3611 2785 3682 precibus
2801 3610 2913 3678 jam
2943 3623 3037 3662 vos
3065 3607 3298 3661 insistite
3327 3605 3523 3668 sacris,

2209 3704 2493 3758 Credimus
2520 3700 2779 3754 auxilium
2818 3705 3075 3767 praestare
3105 3694 3411 3765 petentibus
3433 3694 3557 3747 istic

2209 3792 2495 3863 Angelicos
2518 3798 2710 3852 castus,
2742 3788 2915 3842 noctis
2941 3785 3033 3856 qui
3055 3793 3297 3854 tempora
3328 3792 3567 3845 servant,

2211 3884 2419 3952 Quique
2458 3882 2633 3936 ferant
2660 3881 2873 3935 Christo
2904 3880 3130 3933 fratrum
3152 3877 3239 3945 pia
3262 3883 3385 3929 vota
3413 3875 3661 3945 benigne,

2213 3974 2311 4028 IIic
2337 3989 2433 4027 vos
2464 3972 2742 4027 inveniant
2763 3970 3045 4040 vigilantes
3075 3981 3289 4035 semper
3316 3965 3568 4027 honeste,

2207 4064 2383 4133 Atque
2410 4064 2496 4133 pia
2521 4073 2700 4117 mente
2728 4062 2927 4133 Regem
2952 4058 3169 4113 laudare
3193 4071 3505 4126 supernum.

2901 4149 3098 4206 CCXII.

2458 4246 2762 4300 Adhortath
2799 4245 2868 4298 ad
2901 4241 3263 4298 excutiendum
3285 4250 3544 4294 somnum.

2211 4335 2405 4407 Surge,
2434 4352 2646 4406 precor,
2669 4336 2902 4407 juvenis,
2933 4330 3115 4404 vigcas
3141 4334 3267 4387 dum
3291 4347 3520 4401 corpore
3546 4344 3673 4385 sano

2132 4447 2185 4508 ι)
2211 4429 2277 4482 Et
2297 4429 2392 4483 tibi
2418 4430 2591 4498 pande
2618 4429 2759 4482 viam
2795 4428 3047 4498 precibus
3070 4424 3136 4480 ad
3158 4440 3320 4495 regna
3348 4423 3629 4493 polorum:

2212 4517 2323 4573 Nec
2352 4519 2564 4574 dederis
2596 4534 2786 4573 sensus
2816 4527 2951 4583 tota,
2977 4532 3127 4587 rogo,
3150 4524 3307 4570 nocte
3327 4529 3543 4584 sopore.

2211 4609 2473 4664 Assiduus
2503 4608 2689 4679 gelida:
2718 4624 2936 4662 somnus
2967 4616 3052 4661 est
3076 4606 3264 4660 mortis
3291 4606 3469 4673 imago
3493 4618 3507 4657 :

2210 4701 2393 4771 Longa
2423 4700 2725 4771 quiescenti
2756 4699 2953 4752 facient
2973 4697 3069 4750 tibi
3100 4695 3209 4749 fata
3238 4690 3579 4764 sepulcrum:

2207 4791 2370 4845 Artes
2393 4806 2516 4844 nam
2538 4790 2711 4844 hostis
2732 4788 2893 4842 habet
2920 4787 3173 4855 antiquus
3196 4781 3339 4839 mille
3366 4777 3616 4839 nocendi.

2208 4870 2440 4950 Pervigil
2466 4874 2665 4935 idcirco
2692 4893 2943 4949 magnum
2974 4877 3068 4933 tibi
3093 4876 3264 4931 conde
3296 4874 3641 4945 triumphum,

2207 4971 2277 5026 Ut
2304 4972 2389 5041 pia
2419 4981 2468 5026 te
2491 4970 2690 5025 Christi
2728 4976 3009 5025 conservet
3034 4968 3254 5022 dextera
3276 4980 3506 5034 semper.

2136 3103 2183 3164 ϐ

2206 5128 2576 5251 geeuednéom.
2603 5129 2666 5193 ll,
2707 5144 2829 5199 pag.
2866 5127 2994 5192 407,
3024 5144 3077 5181 n.
3113 5126 3200 5179 14.
3223 5155 3293 5165 ——
3319 5123 3454 5178 Vide
3490 5136 3646 5191 supra
3671 5134 3785 5175 car-

2302 5215 2334 5251 fl
2481 5238 2494 5251 .
2582 5224 2599 5233 κ

2211 5214 2334 5252 men
2376 5214 2494 5252 ιιξ).
2582 5224 2599 5233 ί

2286 5279 2306 5305 ο
2359 5267 2510 5321 Hanc
2561 5268 2962 5334 inscriptionem
3022 5263 3386 5334 decerpsimus
3436 5278 3503 5317 ex
3565 5258 3783 5329 longiori

2286 5284 2306 5305 ε
2359 5284 2510 5321 uane
2561 5284 2720 5323 inscr:
2766 5284 2962 5323 tionem
3022 5284 3386 5334 accerpSImus
3436 5284 3503 5317 ex
3565 5284 3783 5329 longior!

2212 5338 2602 5407 epigrammate
2651 5284 2760 5393 193
2795 5336 3047 5393 editionis
3109 5334 3430 5403 Quercctani
3458 5374 3473 5396 ,
3510 5345 3638 5407 cum
3678 5343 3785 5381 nec

2213 5403 2336 5476 cum
2367 5408 2826 5471 antecedentibus,
2864 5422 2977 5475 nec
3024 5423 3147 5462 cum
3174 5403 3624 5473 consequentibus
3662 5412 3785 5476 ver-

2214 5472 2366 5531 sibus
2391 5478 2587 5532 ibidem
2612 5478 2775 5533 ullam
2814 5467 3009 5533 babeat
3052 5467 3481 5538 connexionem;
3512 5480 3696 5525 etcum
3720 5467 3786 5519 ilo

2212 5546 2279 5600 lis
2307 5561 2412 5601 non
2444 5546 2604 5602 fuerit
2630 5548 2935 5615 conjuncta,
2965 5547 3065 5601 nisi
3093 5562 3157 5600 ex
3185 5544 3393 5600 incuria
3420 5538 3703 5609 scriptoris.

2284 5616 2309 5655 ά
2338 5618 2500 5698 Edita
2531 5619 2585 5698 id
2604 5618 3048 5698 justum-perculit
3082 5617 3267 5669 Adam.

2268 5698 2315 5739 ,ο
2343 5687 2418 5740 Ex
2447 5689 2565 5743 cod.
2600 5704 2698 5744 ms.
2736 5687 2912 5743 Salisb
