4044 6340
922 470 1142 529 CCXIII.

796 563 1052 619 Memoria
1104 566 1305 619 mortis.

254 657 299 720 0
320 657 565 716 mortalis
593 659 777 725 homo,
807 659 997 713 mortis
1031 658 1378 712 reminiscere
1402 670 1583 711 casus.

254 751 340 810 Nil
366 753 571 823 pecude
596 751 786 817 distas,
818 751 864 807 si
891 758 1101 805 tantum
1128 764 1385 820 prospera
1414 756 1622 819 captas.

255 840 469 907 Omnia,
498 856 620 912 quae
644 841 843 907 cernis,
873 841 1149 895 variarum
1179 826 1378 909 gaudia
1408 854 1613 906 rerum,

262 930 461 989 Umbra
485 931 633 987 velut
656 931 833 987 tenuis
858 930 1029 985 veloci
1059 930 1166 985 fine
1190 930 1471 984 recedunt.

254 1024 505 1080 Przecave
526 1039 635 1079 non
666 1023 793 1078 felix
817 1039 883 1077 ne
906 1032 983 1088 te,
1018 1022 1143 1077 dum
1173 1022 1352 1076 nescis
1376 1029 1432 1075 et
1452 1020 1632 1085 audis,

255 1116 533 1184 Quassans
560 1116 825 1187 praecipiti
853 1114 1113 1169 dissolvat
1143 1114 1357 1168 turbine
1384 1112 1525 1167 ﬂnis.

252 1207 476 1279 Porrige
499 1207 742 1278 poscenti
772 1207 995 1270 victum,
1022 1206 1104 1261 vel
1141 1212 1366 1275 contege
1391 1201 1617 1270 nudum,

252 1301 324 1358 Et
349 1310 403 1358 te
437 1308 560 1372 post
588 1301 796 1357 obitum
824 1300 905 1355 sic
932 1299 1059 1353 talia
1088 1298 1230 1354 facta
1256 1298 1513 1353 beabunt.

949 1388 1175 1445 CCXIV.

685 1484 765 1539 De
791 1492 1086 1553 contemptu
1110 1482 1435 1537 divitiarum.

250 1575 430 1647 Dilige
453 1575 789 1647 pauperiem,
815 1576 1098 1630 mordaces
1125 1572 1300 1645 effuge
1329 1587 1513 1644 gazas,

250 1668 397 1725 Nam
430 1670 661 1725 reddunt
687 1668 916 1739 cupidis,
941 1675 1061 1739 post
1092 1668 1273 1722 carnis
1300 1666 1500 1731 dulcia,
1525 1664 1792 1721 ﬂammas.

250 1761 517 1829 Quamvis
541 1762 859 1833 perspicuus
887 1777 1019 1816 auro
1048 1760 1386 1832 gemmisque
1415 1760 1676 1825 nitescas,

248 1851 473 1923 Pauper
501 1862 556 1908 et
582 1853 809 1925 exiguus
832 1852 958 1917 ibis,
989 1861 1045 1907 et
1070 1851 1247 1906 nudus
1270 1851 1338 1905 ad
1364 1851 1605 1905 umbras.

247 1942 307 1998 Id
333 1944 516 1997 solum
542 1952 719 1998 tecum
744 1951 868 2014 post
894 1942 1085 1998 mortis
1113 1942 1217 1996 fata
1244 1942 1504 2007 manebit,

250 2033 416 2103 Quod
443 2036 601 2100 bene,
634 2035 777 2104 quod
798 2035 967 2106 juste,
994 2036 1140 2104 quod
1168 2043 1316 2089 recte
1344 2032 1543 2089 feceris
1572 2032 1707 2104 ipse.

960 2123 1163 2179 CCXV.

581 2217 659 2271 De
687 2217 958 2271 exoranda
986 2217 1163 2271 divina
1195 2215 1469 2271 clementia
1491 2224 1540 2269 ⁸.

254 2309 384 2366 Non
405 2317 490 2364 cst
516 2310 714 2379 quippe
737 2307 880 2363 Deus
904 2308 1080 2378 pcenis
1111 2308 1410 2377 culpandus
1431 2307 1487 2360 in
1516 2306 1657 2373 istis,

334 2401 447 2458 Sed
470 2408 653 2456 nostra
680 2401 735 2455 in
764 2400 958 2455 melius
979 2401 1091 2454 vita
1119 2398 1340 2454 ferenda
1368 2400 1476 2454 cito
1500 2417 1514 2452 :

256 2498 330 2554 Et
356 2497 446 2568 pia
471 2495 731 2551 ﬂectenda
752 2504 836 2551 est
860 2495 1113 2565 precibus
1140 2493 1428 2550 clementia
1451 2492 1678 2559 nostris,

334 2592 617 2660 Quatenus
641 2606 672 2645 a
698 2591 855 2646 nobis
879 2589 1171 2645 transferat
1197 2590 1310 2660 ipse
1336 2589 1559 2660 plagas:

257 2686 445 2756 Atque
467 2684 580 2740 suis
607 2684 844 2740 clemens
864 2691 1087 2754 praestet
1113 2683 1306 2738 solatia
1337 2683 1531 2749 servis,

334 2778 609 2849 Tempora
634 2778 936 2833 concedens
955 2792 1217 2847 prospera
1240 2782 1433 2830 cuncta
1466 2774 1682 2843 quibus.

260 2868 619 2942 Hymnidicas
646 2869 765 2924 laeta
794 2868 979 2924 laudes
1005 2878 1068 2922 ut
1093 2874 1274 2923 mente
1295 2880 1576 2931 canamus,

337 2960 669 3017 Celsithroni
691 2960 872 3016 cuncti
899 2974 1112 3029 semper
1134 2959 1333 3027 ubique
1365 2957 1548 3011 simul.

264 3052 415 3109 Laus
443 3053 554 3119 cui,
580 3052 778 3119 cultus,
805 3052 1000 3117 honor,
1031 3050 1228 3114 virtus,
1253 3049 1584 3114 benedictio,
1612 3060 1859 3111 carmen,

342 3144 573 3218 Semper
599 3145 654 3200 in
683 3153 948 3201 aeternum
978 3142 1148 3212 gloria
1177 3156 1371 3211 magna
1407 3140 1551 3196 Deo!

665 3275 776 3355 IN
789 3272 1337 3352 SCRIPTION
1349 3269 1463 3347 ES

708 3423 1045 3473 VARIORUM
1090 3420 1416 3466 LOCORUM.

958 3524 1184 3582 CCXVI.

758 3619 827 3675 In
849 3618 1122 3689 refectorio
1150 3618 1401 3690 fratrum.

272 3713 379 3771 Hic
406 3713 715 3785 patriarcha
737 3712 860 3783 pius
884 3711 1070 3767 sedeat
1099 3722 1449 3778 summusque
1476 3706 1756 3774 sacerdos,

271 3807 364 3865 Sit
390 3809 478 3863 cui
501 3808 652 3878 larga
686 3821 898 3870 manus,
925 3804 1196 3874 placidum
1226 3819 1343 3867 cor,
1370 3803 1536 3857 verba
1566 3816 1798 3859 serena:

273 3902 397 3959 Per
412 3900 566 3971 cujus
595 3900 843 3955 dextram
867 3899 1151 3955 benedicat
1184 3898 1405 3952 dextera
1432 3895 1660 3961 Christi,

270 3992 563 4049 Fratribus
589 3991 896 4063 appositum
922 3989 1181 4061 quidquid
1210 3987 1453 4043 defertur
1477 3986 1763 4042 edendum.

962 4078 1211 4136 CCXVII.

963 4170 1189 4225 Ibidem.

272 4263 412 4322 Haec
438 4272 525 4321 est
547 4271 737 4321 sancta
771 4264 984 4331 domus,
1014 4264 1165 4334 pacis
1194 4262 1365 4328 locus,
1399 4262 1520 4317 aula
1542 4261 1757 4329 salutis,

272 4358 459 4429 Quam
489 4373 653 4429 super
678 4358 739 4413 o!
772 4370 983 4428 semper
1001 4364 1220 4410 maneat
1246 4355 1549 4411 benedictio
1576 4353 1804 4411 Christi.

271 4451 337 4508 In
368 4466 475 4521 qua
504 4449 821 4520 multiplicet
847 4449 1075 4504 fratrum
1115 4448 1359 4503 convivia
1386 4447 1555 4520 large,

270 4542 385 4611 Qui
414 4542 688 4614 quondam
717 4543 922 4614 p0puli,
949 4543 1157 4597 cmlesti
1182 4557 1407 4597 munere
1434 4542 1603 4606 dives,

269 4633 519 4689 Panibus
546 4647 614 4687 ex
639 4633 876 4703 quinque
900 4632 1119 4688 satiavit
1144 4631 1312 4687 millia
1348 4633 1605 4704 quinque.

956 4721 1225 4779 CCXVIII.

965 4817 1191 4871 Ibidem.

270 4911 366 4968 Sit
393 4926 687 4984 germanus
711 4926 883 4977 amor,
914 4909 1132 4975 fratres,
1156 4925 1255 4966 vos
1277 4910 1421 4966 inter
1437 4911 1659 4982 ubique,

271 5001 366 5057 Sit
401 5019 530 5073 pax,
559 5018 693 5073 pura
715 5002 846 5057 lides
872 5001 1091 5067 Christi,
1115 5001 1403 5057 concordia
1426 5002 1617 5058 dulcis.

269 5095 536 5151 Christus
554 5094 609 5149 in
629 5111 724 5150 ore
749 5101 919 5155 sonet,
945 5094 1256 5163 habitetque
1281 5093 1335 5147 in
1356 5101 1576 5163 pectore
1603 5092 1873 5161 Christus,

271 5185 365 5242 Sit
397 5187 554 5242 cibus
590 5195 644 5242 et
672 5195 831 5257 potus
856 5185 1120 5249 Christus,
1153 5184 1224 5239 sit
1246 5184 1358 5238 vita
1386 5183 1660 5254 salusque,

318 5341 535 5397 inHoc

270 5484 570 5540 tribuitur.

348 5557 384 5598 ι»
422 5553 546 5620 M3,,
587 5547 691 5603 Hic
719 5555 917 5620 pariter
938 5554 1149 5624 fratres.

353 5638 382 5666 ε
422 5624 539 5680 Hoc
565 5636 785 5679 carmen
814 5625 870 5679 in
897 5621 1025 5680 edit.
1051 5623 1376 5692 Quercetani
1398 5622 1561 5679 finem
1595 5621 1726 5678 facit
1751 5637 1873 5678 car-

776 5696 915 5763 quod
963 5703 1142 5751 tamen
1172 5696 1393 5765 minime
1425 5693 1678 5765 pertinet.
1730 5692 1872 5760 Qua-

266 5774 519 5899 Q’ropter
560 5765 693 5821 illud
738 5762 843 5820 hoc
869 5765 986 5853 loco
1015 5768 1113 5822 sub
1138 5762 1397 5839 singulari
1421 5762 1577 5821 titulo
1602 5765 1865 5823 dedimus.

327 5840 435 5897 ide
456 5852 618 5899 supra
636 5850 856 5893 carmen
875 5835 997 5891 lOb.

266 5695 461 5756 minis
483 5695 584 5750 I98
602 5735 617 5759 ,
663 5694 732 5749 ad

327 5835 435 5897 ide
456 5852 618 5910 supra
636 5850 856 5893 carmen
875 5835 997 5891 106.

701 5932 980 5997 Ρηιιοι..
1023 5929 1129 5993 CI.

1449 349 1781 411 CARMINA.
1820 379 1893 394 --
1926 349 2021 408 AD
2052 349 2333 409 ’VARIOS.

1861 480 1916 538 Δ

563 5357 778 5414 quoque
825 5356 1044 5414 carmen
1076 5355 1141 5395 ex
1182 5340 1370 5414 codice
1408 5354 1538 5414 ms._
1566 5346 1880 5414 pervetusto

273 5408 706 5484 Salisburgensi'
719 5412 1125 5482 descripsimus,
1156 5410 1248 5466 ubi
1290 5425 1413 5466 cum
1457 5410 1626 5481 priori
1650 5408 1879 5464 Alcuino

3422 343 3526 399 778

2590 465 2875 524 CCXIX.

2630 563 2853 618 Ibidem.

1947 651 2046 708 Hic
2066 663 2266 723 patres,
2298 653 2491 709 fratres
2516 654 2569 720 ι),
2600 654 2811 709 Domini
2841 669 2961 709 cum
3002 654 3247 709 laudibus
3271 652 3492 720 intrent,

1948 746 2094 813 Quos
2124 748 2330 817 pariter
2356 747 2615 802 Dominus
2648 757 2815 804 totum
2845 758 3131 803 conservet
3158 750 3212 803 in
3242 762 3415 804 aevum
3440 766 3454 802 :

1947 836 2016 891 Et
2039 837 2247 907 pariter
2272 847 2460 909 pascat
2482 839 2653 895 nitido
2677 857 2799 895 cum
2827 858 2965 911 pane
2995 841 3204 909 salutis,

1948 929 2018 985 Et
2044 930 2250 1002 pariter
2276 933 2437 987 donet
2461 933 2698 989 caelestis
2727 934 2927 990 fercula
2964 936 3109 991 vitm.

2545 1050 2705 1119 227
2731 1048 2937 1103 ccxx.

2637 1141 2861 1195 Ibidem.

1952 1230 2057 1300 Qui
2086 1231 2153 1287 de
2179 1247 2303 1288 rore
2346 1234 2511 1305 dapes
2540 1234 2709 1301 dedit,
2738 1244 2793 1290 et
2820 1236 2887 1291 de
2934 1246 3086 1307 petra
3134 1241 3461 1309 bibendum,

1952 1324 2055 1391 Qui
2088 1327 2355 1382 convertit
2384 1344 2553 1398 aquas
2582 1328 2815 1399 liquidas
2842 1332 2895 1385 in
2927 1333 3050 1386 vina
3080 1333 3343 1401 Falerna;

1953 1414 2057 1482 Qui
2080 1416 2242 1473 siccis
2262 1418 2437 1490 pelagi
2467 1422 2694 1491 pedibus
2719 1424 3125 1493 superambulat
3151 1426 3323 1482 undas

1952 1508 2165 1581 Augeat
2200 1510 2315 1582 ipse
2345 1512 2457 1568 suis
2488 1512 2704 1570 famulis
2728 1532 2825 1571 sua
2851 1518 2991 1573 dona
3014 1518 3301 1591 benignus.

2637 1626 2769 1681 CCX
2779 1628 2863 1682 XI.

2509 1715 2592 1769 Ad
2639 1716 2907 1785 fornacem
2936 1730 2957 1757 ε
2970 1758 2984 1772 .

1878 1841 1931 1905 Β
1961 1805 2020 1863 Si
2048 1820 2167 1861 mea
2189 1805 2330 1861 dona
2358 1806 2458 1861 tibi
2487 1810 2694 1879 cupias,
2727 1812 2974 1865 nimbose
3003 1812 3212 1879 viator,

2033 1898 2112 1953 Da
2132 1899 2284 1969 prior
2308 1914 2435 1954 ecce
2466 1908 2579 1966 tua,
2610 1902 2689 1955 sic
2722 1903 2819 1956 tibi
2839 1904 3042 1972 prende
3065 1919 3204 1959 mea.

1960 1992 2058 2048 Est
2083 1993 2217 2047 mihi
2242 2002 2434 2047 venter
2461 1996 2621 2060 edax,
2651 1995 2825 2050 calido
2854 1997 2944 2066 qui
2974 2000 3217 2067 pascitur
3245 1998 3401 2071 igne,

2032 2085 2249 2142 Vertice
2274 2086 2374 2141 sub
2404 2087 2613 2156 quadro
2642 2087 2877 2144 fumidus
2898 2091 3008 2145 exit
3037 2091 3194 2145 odor.

1959 2174 2044 2231 Ad
2063 2190 2151 2231 me
2185 2191 2311 2231 mox
2341 2175 2470 2249 [Ed.
2496 2177 2624 2250 vox]
2657 2179 2854 2249 hospes
2874 2180 3050 2252 gelido
3071 2180 3208 2251 fugit
3233 2180 3408 2238 imbre
3442 2180 3549 2237 De-

3306 2273 3511 2331 cembri
3527 2311 3548 2343 ,

2030 2356 2078 2413 A
2103 2373 2193 2415 me
2226 2359 2321 2430 qui
2347 2359 2591 2433 Augusto
2616 2360 2808 2417 ﬂorida
2828 2362 2885 2418 in
2916 2366 3048 2419 a'rva
3070 2363 3230 2435 fugit.
3283 2272 3303 2346 [

2631 2474 2882 2530 CCXXII.

2422 2544 2504 2599 Ad
2526 2544 2795 2615 fornacem
2818 2549 3009 2602 iterum
3034 2547 3085 2602 ἀ.

1961 2631 2044 2688 En
2064 2673 2079 2700 ,
2108 2647 2209 2705 ego
2235 2633 2463 2704 pulchra
2493 2636 2639 2691 foras
2682 2654 2823 2704 sum,
2854 2639 2948 2694 sed
2978 2640 3151 2711 magis
3191 2639 3341 2696 utilis
3369 2641 3553 2709 intus,

1963 2724 2062 2781 Est
2083 2726 2289 2783 calidus
2315 2738 2526 2796 venter,
2561 2728 2755 2785 feritur
2792 2732 2918 2786 dum
2960 2730 3163 2802 frigore
3197 2739 3406 2786 vertex.

1961 2814 2166 2871 Avidus
2185 2818 2384 2888 hospes
2405 2828 2552 2874 amat
2572 2821 2761 2890 gelidae
2788 2836 2873 2875 me
2897 2830 3140 2893 tempore
3164 2823 3372 2880 bruma:
3390 2864 3408 2891 ,

2035 2909 2138 2978 Qui
2174 2911 2348 2967 calida
2379 2920 2568 2967 aastate
2590 2915 2798 2983 spernit
2826 2915 3017 2970 adesse
3037 2916 3192 2971 mihi.

1964 3004 2039 3063 Os
2068 3006 2123 3061 in
2161 3015 2351 3062 ventre
2385 3008 2519 3063 mihi
2568 3018 2682 3075 est,
2717 3010 2985 3080 quadrato
3031 3012 3085 3065 in
3115 3019 3334 3083 gutture
3357 3026 3554 3081 nares,

2040 3101 2143 3170 Qui
2164 3102 2338 3173 spirat
2354 3101 2587 3171 fumum,
2617 3103 2745 3159 dum
2772 3106 2914 3161 calet
2940 3105 3030 3163 ille
3055 3105 3204 3169 foco,

2226 3253 2616 3334 VERSUS
2690 3257 2824 3331 AD
2900 3256 3297 3337 VARIOS.

2622 3389 2895 3446 CCXXIII.

2400 3481 2484 3536 Ad
2524 3480 2751 3535 Leonem
2784 3480 2883 3536 III
2914 3500 3127 3555 papam.

1973 3571 2201 3644 Semper
2225 3574 2279 3628 in
2305 3581 2570 3629 internum
2590 3574 2795 3639 valeas,
2822 3576 3164 3632 sanctissime
3183 3592 3321 3648 papa
3341 3618 3357 3642 ,

2046 3671 2128 3727 Tu
2154 3672 2285 3738 Leo,
2310 3682 2366 3726 tu
2388 3673 2565 3727 victor
2587 3672 2769 3744 proles
2795 3681 2974 3726 amata
3006 3672 3122 3727 Dei.

1972 3763 2172 3820 Doctor
2200 3766 2255 3819 in
2280 3766 2411 3819 orbe
2433 3766 2573 3835 pius,
2608 3764 2811 3821 Christi
2839 3765 3140 3821 clarissima
3181 3766 3352 3838 salpix
3381 3767 3457 3838 (Ι.
3482 3785 3560 3835 e.,

3360 3858 3560 3933 sum).

2046 3949 2117 4005 Et
2140 3958 2304 4020 caput
2330 3950 2607 4016 Ecclesiae,
2653 3950 2764 4016 lux,
2795 3951 2961 4006 decus
2992 3959 3155 4021 atque
3181 3960 3356 4023 pater.

1974 4046 2206 4106 Iustitia:
2233 4046 2429 4112 cultor,
2465 4060 2607 4099 verae
2630 4052 2686 4099 et
2711 4044 2929 4114 pietatis
2954 4054 3167 4100 amator
3186 4085 3201 4111 ,

2046 4143 2500 4214 Pauperibus.....
2531 4141 2711 4197 clarus
2739 4131 2970 4196 honore.
2983 4142 3093 4213 pio.

1976 4239 2149 4295 Notus
2182 4239 2237 4293 in
2262 4239 2396 4294 orbe
2418 4238 2628 4308 procul,
2662 4238 2980 4294 meritorum
3012 4239 3168 4294 laude
3193 4243 3487 4305 venustus,

2048 4330 2322 4386 Virtutum
2348 4329 2519 4384 titulis
2545 4344 2741 4385 nomen
2769 4330 2971 4385 amoris
2996 4330 3220 4385 habens.

1978 4421 2069 4478 Sis
2091 4421 2212 4492 pius
2234 4428 2290 4475 et
2320 4419 2489 4485 mitis,
2510 4418 2713 4473 Christi
2733 4434 2854 4489 pro,
2889 4427 3093 4489 pastor,
3124 4433 3341 4485 amore,

2048 4512 2320 4586 Angelicis
2342 4512 2534 4582 opibus
2557 4526 2691 4583 quos
2716 4509 2832 4583 [F.,
2856 4511 3046 4567 ovibus
3071 4510 3226 4585 quas]
3254 4518 3345 4566 tua
3368 4510 3559 4566 dextra

1979 4608 2055 4665 Te
2077 4607 2219 4662 Deus
2244 4615 2480 4662 aeternus
2506 4606 2747 4677 longmvo
2777 4614 3022 4675 tempore
3050 4620 3241 4660 sanum
3374 4603 3558 4676 fregit.

2048 4702 2325 4772 Protegat,
2354 4701 2555 4757 exaltet
2586 4700 2946 4772 prosperitate
2969 4699 3146 4765 bona;

1975 4794 2046 4851 Et
2069 4796 2167 4851 tibi
2196 4801 2513 4866 perpetuum
2541 4792 2803 4848 concedat
2829 4792 2884 4845 in
2905 4806 3031 4847 arce
3058 4791 3305 4861 polorum
3323 4832 3339 4860 ,

2046 4886 2183 4944 Cum
2209 4886 2413 4943 sanctis
2442 4900 2667 4954 regnum
2698 4899 2716 4938 ι
2741 4884 2854 4955 jam
2884 4884 3000 4938 sine
3031 4883 3138 4939 ﬁne
3164 4883 3315 4940 vale!

2625 4998 2901 5056 CCXXIV.

2139 5094 2243 5149 Pia
2270 5103 2387 5149 vota
2420 5109 2513 5165 pro
2542 5093 2666 5147 urbe
2704 5092 2873 5148 Roma
2903 5102 2951 5147 et
2980 5093 3150 5149 Leone
3172 5110 3310 5165 papa
3341 5104 3388 5147 ο.

1978 5189 2160 5256 Salve,
2199 5187 2372 5244 Roma
2400 5194 2621 5259 potens,
2657 5186 2840 5241 mundi
2878 5186 3042 5242 decus
3064 5227 3078 5253 ,
3115 5186 3317 5257 inclyta
3351 5190 3561 5253 mater,

2050 5343 2077 5383 ἀ
2129 5343 2243 5399 Hoc
2298 5356 2516 5399 carmen
2563 5342 2617 5397 in
2681 5343 2810 5397 edit.
2858 5342 3182 5411 Quercctani
3222 5340 3443 5411 initium,
3476 5347 3565 5396 est

1982 5431 2148 5472 carm.
2196 5414 2317 5479 I99,
2347 5415 2488 5485 quod
2515 5429 2640 5469 cum
2692 5410 3039 5483 sequentibus
3071 5412 3317 5467 versibus
3358 5410 3563 5485 nullam

1981 5482 2380 5544 connexionem‘
2399 5486 2594 5551 habet;
2634 5482 2795 5556 atque
2828 5486 2954 5540 hinc
2978 5485 3101 5539 inde
3123 5485 3432 5556 detractum
3461 5482 3564 5556 sub

1982 5560 2085 5614 hoc
2113 5558 2269 5613 titulo
2295 5550 2593 5628 posuimus.
2618 5550 2751 5612 Vide
2774 5571 2938 5626 supra
2959 5570 3179 5609 carmen
3204 5553 3311 5609 208
3338 5562 3394 5608 et
3420 5550 3564 5609 infla

1982 5646 2200 5684 carmen
2230 5629 2354 5684 260.

1980 5646 2396 5829 czimfqugxés
2425 5699 2738 5757 differentes
2760 5712 2828 5754 ex
2867 5697 2987 5754 cod.
3022 5711 3125 5752 ms.
3168 5693 3566 5770 Salisburgeusi

1980 5788 2006 5827 a
2047 5784 2371 5828 notavimus.

1976 5784 2371 5828 adnotavnnus.

3055 5925 3133 5988 25
