4044 6340
522 305 635 364 779

520 423 696 495 Atque
726 423 802 478 tui
826 432 1002 478 tecum
1024 421 1242 475 valeam
1265 421 1322 474 in
1352 420 1543 476 saecula
1570 420 1701 474 nati.

523 517 590 573 Et
630 525 794 587 caput
834 515 983 571 orbis
1022 514 1216 578 honor,
1270 528 1462 584 magno
1513 512 1639 584 [Ms.
1677 510 1816 577 Sal.,
1850 509 2097 581 magnus]

1533 605 1666 677 [Leo
1693 621 1850 676 papa,
1881 606 2057 660 valeto
2082 622 2095 658 :

522 701 617 781 Tu.
645 715 861 773 quoque
895 697 1121 768 iustitiae
1163 705 1457 768 sceptrum,
1503 698 1594 753 lux
1622 697 1752 770 [Ib.,
1776 698 1885 772 lex]
1935 699 2111 781 scdis,,

1343 302 1402 356 B.
1445 302 1510 357 ιτ.
1550 299 1785 357 ALBth
1821 300 1967 361 seu
1996 278 2278 363 ALCUlNl
2320 300 2611 359 OPERUM
2651 298 2961 383 pansvi.

3676 295 3791 367 70$.

2124 422 2180 491 Α
2205 418 2280 471 Te
2310 417 2452 472 Deus
2476 425 2732 481 aeternus,
2764 414 2953 469 multis
2970 413 3204 471 felici-ter
3227 412 3415 477 annis,

2274 508 2547 563 Concedat
2566 523 2787 562 sacrum
2800 506 3158 576 multiplicare
3187 521 3424 577 gregem.

2201 598 2273 655 Ut
2295 598 2409 653 laus
2438 606 2493 653 et
2512 613 2723 657 merces
2760 606 2978 652 maneat
3005 597 3125 661 tibi,
3151 604 3338 651 sancte
3365 594 3663 669 sacerdos,

2274 688 2541 759 Tempore
2571 696 2828 759 perpetuo
2854 687 3002 758 pacis
3030 687 3083 741 in
3112 688 3242 742 orbe
3271 701 3448 740 sacro.

1853 778 2109 863 Lponoris,
2199 777 2462 857 Dogmata
2493 778 2687 835 divinae
2715 779 2846 848 legis
2878 787 3206 835 renoventur
3234 778 3436 848 ubique

519 883 814 954 Perpetuus
864 879 996 965 [lb_.,
1046 879 1343 954 perpetuis]
1375 881 1555 937 valeas
1602 880 1818 938 Christo
1866 882 2111 971 donante,

1768 976 2095 1047 [triumphis.

517 1068 764 1140 Claviger
785 1068 1065 1132 aetherius,
1098 1067 1287 1122 doctor
1318 1067 1476 1121 simul
1504 1066 1737 1137 inclytus
1773 1068 1921 1121 orbis
1940 1108 1954 1131 ,

519 1162 594 1217 Te
626 1161 877 1233 precibus
904 1160 1110 1230 pariter
1135 1167 1421 1215 conservet
1446 1175 1658 1229 semper
1685 1159 1881 1228 ubique
1907 1176 1919 1210 :

514 1252 601 1318 Et,
627 1268 762 1322 quos
789 1251 960 1307 Roma
988 1258 1136 1305 tenet
1162 1251 1367 1305 circum
1398 1266 1495 1305 sua
1526 1250 1747 1314 moenia,
1782 1250 1954 1305 sancti

516 1347 624 1401 Vos
649 1346 901 1415 precibus
923 1344 1131 1413 pariter
1160 1344 1362 1397 sanctis
1385 1352 1637 1397 tueantur
1664 1343 1881 1414 ubique.

515 1440 558 1493 0
591 1439 797 1503 Patres,
822 1437 1070 1508 populus,
1099 1436 1356 1491 Romanae
1396 1436 1565 1507 gloria
1602 1438 1775 1507 gentis
1801 1478 1815 1501 ,

516 1528 742 1601 Semper
767 1530 823 1584 in
859 1538 1144 1597 aeternum,
1170 1530 1398 1585 Domino
1434 1531 1749 1598 miserante,
1782 1531 1986 1587 valete!

1179 1661 1432 1719 CCXXV.

826 1758 908 1813 Ad
936 1757 1161 1814 Leonem
1187 1758 1325 1811 sedis
1356 1758 1698 1828 apostolicum
1724 1772 1772 1812 α.

510 1851 843 1907 Pontificalis
888 1866 1046 1921 apex,
1082 1851 1357 1921 princeps,
1418 1852 1749 1922 patriarcha,
1797 1854 2091 1919 sacerdos,

510 1942 712 1997 Prtesul
742 1950 917 1996 amate
944 1942 1073 2007 Deo,
1104 1951 1417 1997 sanctorum
1439 1952 1623 1998 sancte
1648 1945 1910 2016 magister
1933 1988 1950 2013 ,

508 2034 701 2089 Pastor
729 2033 1079 2103 apostolicus,
1110 2049 1339 2105 magnus
1360 2034 1468 2091 Leo
1492 2050 1650 2105 papa,
1677 2037 1877 2094 valeto.

508 2125 646 2192 Lux,
671 2127 837 2182 decus
857 2118 1132 2194 Ecclesiae,
1160 2128 1417 2185 Romana:
1440 2129 1611 2202 gloria
1641 2132 1821 2201 gentis
1838 2174 1852 2198 ,

507 2217 578 2272 Et
609 2217 786 2286 patrio
809 2218 1001 2287 patria:
1028 2219 1225 2288 popqu
1252 2234 1374 2288 spes
1398 2235 1591 2289 magna
1614 2222 1805 2277 salutis
1838 2240 1851 2276 :

505 2300 769 2376 Egregius
795 2306 1006 2371 doctor,
1030 2309 1241 2371 meritis
1267 2318 1322 2363 et
1349 2310 1566 2366 nomine
1594 2312 1807 2377 clarus,

514 2398 785 2453 Virtutum
807 2397 978 2451 titulis
999 2405 1113 2452 toto
1138 2401 1429 2469 praeclarus
1452 2402 1507 2456 in
1544 2404 1696 2459 orbe.

507 2488 587 2545 Te
616 2489 759 2545 Deus
794 2497 1049 2555 aeternus,
1078 2494 1263 2553 mundi
1287 2497 1607 2554 mitissimus
1633 2507 1825 2555 auctor
1848 2539 1864 2567 ,

509 2581 762 2647 Salvator
781 2586 999 2656 generis,
1016 2585 1261 2653 humani,
1291 2590 1561 2648 maximus
1582 2593 1786 2659 hazres,

504 2667 763 2747 Protegat
793 2682 954 2746 atque
983 2684 1139 2747 regat
1168 2677 1410 2751 longaevo
1442 2690 1682 2753 tempore
1708 2699 1900 2741 sanum
1932 2702 1946 2738 :

504 2764 685 2837 Atque
712 2768 815 2829 tibi,
842 2769 1047 2825 tribuat
1072 2768 1251 2827 felicia
1277 2780 1519 2844 tempora
1547 2776 1785 2837 clemens
1807 2792 1829 2834 ι

503 2855 715 2928 Augeat
739 2867 794 2913 et
816 2875 1103 2919 numerum
1132 2863 1335 2932 populi,
1364 2880 1461 2935 per
1482 2866 1737 2938 dogmata
1763 2868 1915 2925 verbi

505 2948 580 3004 Ut
604 2949 919 3021 multiplicia
949 2952 1100 3007 laetus
1123 2956 1372 3010 mercede
1404 2957 1635 3025 laboris,

505 3036 832 3094 Celsithroni
852 3041 1036 3099 videas
1062 3041 1253 3099 facient
1286 3046 1402 3102 sine
1426 3047 1533 3113 line
1557 3052 1809 3121 beatam,

502 3128 741 3200 Principi
764 3133 1059 3200 apostolico
1090 3132 1252 3190 Petro
1278 3132 1598 3207 coniunctus
1620 3144 1673 3199 in
1691 3160 1893 3212 navum,

503 3218 645 3273 Arce
667 3219 777 3288 poli
800 3219 1016 3278 Christo
1041 3223 1196 3280 laetus
1218 3227 1272 3281 in
1299 3227 1546 3293 laudibus
1573 3233 1747 3290 almis.

510 3309 594 3363 Tu
632 3325 760 3381 rege
786 3304 1048 3368 doctrinis
1076 3316 1260 3373 munla
1289 3318 1407 3375 laus
1435 3320 1460 3358 δ
1491 3338 1653 3393 regna
1688 3340 1786 3395 per
1808 3328 2016 3385 orbem.

504 3396 708 3453 Charta
734 3407 825 3454 tua
846 3410 1047 3466 currat,
1078 3404 1286 3475 signata
1316 3408 1371 3461 in
1396 3412 1611 3468 nomine
1640 3430 1826 3477 sacro,

504 3488 612 3543 Per
640 3496 864 3573 terram,
892 3493 1132 3564 pelagus,
1165 3498 1429 3569 regiones,
1474 3518 1660 3576 regna,
1697 3522 1795 3581 per
1820 3509 2025 3578 urbes,

504 3579 821 3638 Exhortans
840 3593 1033 3639 sancto
1057 3596 1282 3645 cunctos
1304 3606 1550 3651 sermone
1587 3596 1847 3669 legentes.

506 3672 725 3730 Semina
744 3690 813 3731 ne
840 3676 965 3731 vitae
987 3679 1261 3734 maculent
1287 3683 1493 3740 zizania
1518 3690 1708 3745 mortis
1727 3732 1743 3756 ,

506 3765 730 3823 Crescat
759 3768 829 3822 ab
855 3783 951 3823 ore
979 3777 1077 3825 tuo
1096 3772 1355 3829 caelorum
1385 3779 1611 3835 candida
1651 3784 1874 3853 messis,

506 3855 665 3913 Unde
688 3857 783 3913 Dei
807 3859 1036 3929 populus
1059 3862 1205 3915 vivat
1229 3863 1460 3923 feliciter
1485 3872 1663 3928 omnis
1698 3892 1711 3928 :

506 3944 753 4002 Gaudeat
775 3957 829 4002 et
850 3956 1033 4005 teneat
1058 3958 1241 4008 tecum
1258 3956 1497 4013 coelestia
1525 3977 1690 4034 regna

509 4036 738 4108 Semper
760 4040 814 4094 in
835 4050 1121 4111 aeternum,
1145 4060 1363 4103 summo
1379 4051 1612 4110 donante
1635 4065 1873 4115 tonante.

508 4130 644 4185 Vive
671 4132 782 4188 Deo
802 4131 950 4199 felix,
979 4134 1109 4192 felix
1144 4146 1199 4192 et
1221 4140 1339 4195 vive
1360 4156 1457 4212 per
1482 4159 1676 4212 mvum,

504 4219 689 4277 Aurea
715 4222 805 4277 hu
828 4226 1034 4292 mundi,
1072 4237 1232 4284 terrae
1253 4231 1353 4297 sal,
1378 4243 1533 4302 porta
1553 4236 1774 4304 salutis,

512 4310 582 4404 Et
608 4314 772 4369 decus
798 4316 1072 4385 Ecclesiae,
1104 4323 1439 4394 gemmisque
1456 4341 1657 4382 corona
1683 4330 1976 4404 refulgens.

506 4402 597 4495 Eis
624 4420 831 4460 memor
856 4408 1056 4474 Albini,
1082 4424 1346 4470 memoret
1371 4424 1425 4469 te
1441 4420 1615 4487 gratia
1639 4402 1872 4495 Christi,
1946 4402 1947 4405 Ἴ

505 4491 639 4585 Qum
676 4502 728 4550 te
751 4508 1050 4565 conservet,
1076 4504 1273 4570 pnesul
1311 4508 1671 4578 sanctissime,
1710 4530 1939 4589 semper.

1155 4635 1432 4695 CCXXVI.

740 4726 823 4780 Ad
849 4726 1074 4791 Leonem
1102 4732 1445 4801 apostolicum
1473 4737 1617 4794 urbis
1644 4739 1845 4799 Romae.

500 4815 834 4874 Pontificalis
870 4836 1030 4890 apex,
1064 4831 1119 4877 et
1144 4825 1354 4893 primus
1385 4828 1437 4881 in
1467 4832 1601 4887 orbe
1624 4837 1915 4905 sacerdos,

570 4908 764 4965 Pastor
788 4914 1138 4982 apostolicus,
1169 4932 1305 4986 papa
1330 4920 1507 4976 valeto
1536 4924 1664 4980 Leo.

501 4998 702 5057 Sancte
729 5002 922 5071 Pater,
947 5007 1133 5075 patriae
1155 5012 1400 5077 praeclari
1430 5025 1483 5070 et
1512 5019 1725 5075 culmen
1753 5022 2007 5094 honoris,

574 5096 777 5169 Dignus
801 5098 856 5153 in
886 5100 1019 5156 urbe
1045 5116 1221 5169 sacra,
1253 5105 1441 5162 doctus
1470 5110 1523 5163 in
1553 5114 1685 5169 orbe
1705 5118 1911 5184 procul.

497 5184 730 5244 Iustitia:
757 5189 955 5257 cultor,
984 5202 1185 5248 sancta:
1210 5202 1265 5249 et
1290 5198 1506 5265 pietatis
1533 5212 1762 5259 amator.

569 5278 785 5337 Firmus
815 5282 869 5335 in
892 5282 1103 5349 ofﬁciis,
1134 5301 1296 5343 verus
1327 5289 1381 5343 in
1406 5265 1655 5362 eloquiis.

500 5366 583 5433 Tu
604 5370 768 5427 decus
785 5371 1062 5439 Ecclesiae,
1091 5379 1277 5431 inundi
1306 5379 1445 5447 laus,
1473 5384 1645 5453 gloria
1667 5386 1801 5443 cieri
1818 5426 1837 5457 ,

568 5462 890 5533 Exemplum
912 5464 1055 5531 vitae,
1080 5466 1253 5523 forma
1272 5472 1463 5528 salictis
1495 5491 1615 5545 ope.

572 5609 599 5637 δ
625 5597 705 5651 Ita
750 5599 1139 5666 Quercetanus.

572 5667 601 5707 ιι
629 5668 812 5746 Locus
836 5682 1141 5741 corruptus.
1182 5674 1368 5746 Forte,
1394 5678 1685 5737 mundana.

575 5746 597 5774 ε
629 5735 830 5795 Versus
859 5735 1162 5813 corruptus.

2270 871 2374 927 Per
2398 880 2468 937 te,
2497 887 2701 949 perque
2730 882 2904 937 tuum,
2934 881 3117 927 sancte
3147 872 3311 927 Pater
3331 913 3347 938 ,
3378 871 3623 929 studium

2200 965 2316 1022 Hoc
2343 981 2479 1041 Opus
2516 966 2725 1036 antiqui
2754 966 2945 1021 Patres
2984 964 3162 1020 fecere
3187 980 3283 1034 per
3320 964 3541 1030 orbem,

2275 1058 2517 1126 Quorum
2547 1059 2691 1119 dicta
2718 1058 2879 1114 modo
2900 1042 3094 1128 pagina
3124 1073 3276 1112 sacra
3298 1058 3473 1124 canit,

2198 1150 2268 1206 Et
2290 1151 2508 1205 virtutis
2534 1150 2709 1207 bonos
2726 1150 2835 1205 lato
2856 1150 3162 1205 celebratur
3187 1150 3242 1203 iu
3267 1150 3431 1215 orbe;

2270 1241 2521 1297 Caelestis
2543 1257 2773 1315 quorum
2800 1242 3019 1296 nomina
3048 1243 3240 1296 charta
3262 1248 3440 1307 tenet,
3524 1282 3529 1287 ς

2198 1333 2267 1389 Et
2296 1333 2413 1389 laus
2430 1340 2689 1403 perpetuo
2718 1332 2975 1387 decantat
3014 1332 3254 1387 carmine
3276 1332 3537 1398 mundus,

2270 1424 2611 1496 Principibus
2635 1433 2841 1485 structa
2869 1435 2952 1479 est
2980 1424 3177 1479 talibus
3204 1424 3466 1483 Ecclesia.

2199 1516 2317 1574 Hoc
2361 1532 2515 1587 opus,
2558 1518 2663 1573 hoc
2685 1518 2948 1582 studium,
2982 1516 3164 1586 magni
3192 1523 3275 1570 cst
3295 1516 3532 1586 pastoris
3555 1514 3613 1575 in
3632 1516 3780 1584 orbe,

2269 1609 2475 1680 Nempe
2503 1609 2706 1665 talenta
2734 1609 2837 1663 sibi
2861 1608 3221 1678 multiplicare
3255 1608 3398 1663 data.

2200 1706 2366 1776 228
2395 1704 2561 1759 Totus
2590 1704 2721 1759 hora
2751 1703 2969 1771 quidem
2992 1711 3251 1772 properat
3287 1702 3475 1757 mundi

2121 1773 2177 1841 Β
2201 1773 2350 1852 -Ῑλῖ
2369 1794 2641 1865 quondam
2670 1802 2823 1848 vates
2851 1792 3187 1863 praecinuerc
3214 1792 3375 1848 sacri.

2200 1886 2268 1943 Et
2287 1885 2454 1955 judex
2480 1884 2668 1956 vigilat
2699 1885 2977 1940 hominum
3006 1899 3167 1955 super
3202 1895 3327 1940 acta
3358 1901 3656 1957 supernus,

2272 1978 2347 2034 Ut
2364 1986 2589 2035 cunctos
2615 1977 2850 2048 propriis
2869 1975 3077 2045 judicct
3099 1992 3168 2031 ex
3195 1978 3429 2033 meritis.

2199 2071 2353 2126 Tunc
2379 2070 2613 2125 famulus
2638 2076 2811 2123 sumet
2833 2069 3149 2125 meritorum
3183 2069 3323 2123 dona
3358 2069 3534 2124 fidelis
3556 2108 3574 2136 ,

2267 2162 2448 2217 Ltetus
2467 2168 2523 2215 et
2540 2160 2783 2235 intrabit
2813 2159 3009 2231 gaudia
3034 2175 3245 2217 summa
3264 2156 3381 2217 Dei.

2200 2254 2279 2308 Tu
2319 2268 2533 2331 quoque
2553 2260 2738 2309 sancte
2760 2252 2939 2317 Pater,
2967 2251 3182 2307 laudem
3204 2253 3347 2311 inter
3366 2250 3713 2319 hoshabebis

2272 2344 2595 2400 Sanctorum
2630 2345 2800 2411 cives,
2825 2344 3007 2401 clarus
3029 2344 3087 2400 in
3107 2345 3240 2403 orbe
3265 2345 3396 2421 poli.

2199 2437 2274 2495 Ut
2299 2446 2430 2519 tunc
2458 2454 2578 2495 esse
2598 2439 2755 2494 bonis
2782 2437 2912 2493 felix
2940 2440 3209 2496 merearis
3226 2441 3397 2497 in.....

2269 2531 2423 2587 Nunc
2448 2533 2614 2588 durus
2641 2532 2740 2589 tibi
2762 2532 2834 2590 sit
2852 2533 3033 2589 nullus
3057 2533 3115 2588 in
3138 2533 3270 2590 orbe
3292 2534 3473 2595 labor.

2197 2624 2488 2682 Ptenarum
2514 2639 2711 2694 genera
2740 2633 3063 2693 spreverunt
3081 2626 3271 2691 omnia,
3288 2626 3467 2685 sancti
3483 2670 3507 2693 ,
3568 2612 3577 2620 ’

2268 2713 2403 2769 Cum
2432 2712 2647 2772 Christo
2680 2721 2741 2767 ut
2768 2724 3026 2784 caperent
3064 2731 3231 2788 regna
3257 2716 3419 2779 beata
3440 2717 3571 2787 poli.

2198 2790 2405 2861 Horum
2430 2812 2617 2860 sancta
2643 2820 2876 2875 sequens
2904 2805 3033 2864 felix
3056 2808 3282 2876 vestigia
3311 2816 3499 2879 pastor
3519 2850 3535 2876 ,

2269 2894 2541 2949 Doctrinis
2579 2894 2776 2953 mentis
2808 2911 2935 2953 cum
2957 2896 3160 2966 pietate
3180 2898 3351 2963 sacris
3382 2916 3394 2952 :

2201 2986 2272 3042 Ut
2296 2994 2348 3041 te
2372 2986 2647 3056 perpetuis
2675 2985 2937 3045 caelorum
2975 2988 3147 3059 gloria
3168 2989 3333 3059 donis,

2273 3081 2408 3135 Cum
2442 3080 2661 3139 Christo
2682 3088 2735 3135 et
2761 3082 2965 3139 sanctis
2993 3082 3255 3155 accipiat,
3274 3092 3477 3141 teneat.

2120 3161 2183 3230 ὕ
2200 3172 2422 3228 Miserat
2446 3173 2589 3228 hunc
2618 3188 2845 3243 puerum
2881 3182 3074 3229 vestrae
3099 3175 3319 3251 pietatis
3344 3185 3556 3232 amator
3574 3217 3591 3245 ,

2266 3269 2472 3326 Praesul
2494 3270 2833 3326 Eantbaldus
2851 3268 2879 3311 ἀ
2905 3283 3133 3327 munera
3152 3288 3323 3343 parva
3340 3288 3557 3344 gerens.

2196 3365 2371 3433 Quem
2392 3373 2483 3419 tua
2510 3365 2773 3435 suscipiat
2792 3366 3025 3433 bonitas,
3048 3366 3305 3435 obsecro,
3320 3366 3551 3438 benigne
3572 3408 3591 3435 ,

2269 3456 2335 3510 Et
2361 3452 2489 3528 [est]
2519 3455 2751 3511 famulus
2774 3465 2975 3524 vester,
3002 3456 3145 3513 filius
3178 3467 3337 3528 atque
3363 3473 3540 3517 meus.

2194 3545 2453 3604 Ecclesiae
2474 3562 2668 3617 magno
2692 3562 2842 3621 papa:
2867 3556 2921 3603 et
2948 3559 3166 3619 pastore
3191 3550 3356 3615 Leoni

2266 3640 2493 3707 Albinus
2526 3642 2772 3696 chartam
2796 3643 3017 3707 miserat
3042 3644 3182 3713 hanc
3208 3642 3461 3711 famulus.

2842 3756 3143 3817 CCXXVII.

2642 3828 2729 3891 Ad,
2768 3826 3016 3884 Carolum
3059 3829 3334 3902 Magnum.

2192 3918 2276 3977 Ad
2298 3933 2396 3975 nos
2422 3919 2619 3991 quippe
2643 3928 2764 3975 tuus
2790 3918 3023 3977 famulus
3051 3921 3302 3981 veniebat
3325 3919 3594 3983 Homerus
3624 3934 3670 3989 °,

2264 4004 2464 4063 Nantia
2492 4009 2615 4063 laeta
2636 4008 2815 4065 ferens
2836 4010 3008 4066 David
3032 4011 3101 4071 ab
3126 4026 3221 4067 ore
3246 4020 3359 4067 tuo.

2192 4098 2420 4155 Fecerat
2455 4110 2509 4155 et
2537 4100 2790 4157 Flaccum
2817 4103 3135 4173 gaudentem
3163 4105 3217 4160 in
3256 4114 3475 4175 pectore
3502 4114 3761 4173 vestrum,

2260 4190 2448 4263 Deque
2470 4193 2649 4257 salute
2667 4201 2777 4259 tua,
2814 4194 2881 4259 de
2900 4195 3206 4269 scholisque
3238 4206 3360 4257 tuae.

2194 4279 2240 4337 Ο
2266 4281 2399 4337 mihi
2423 4282 2594 4338 dulcis
2638 4300 2812 4350 amor,
2843 4284 3014 4349 dulcis
3041 4288 3331 4357 praesentia
3358 4286 3600 4359 Christi,

2263 4372 2430 4432 Dulce
2459 4386 2608 4444 tuum
2631 4379 2891 4447 studium,
2919 4390 2975 4445 et
2999 4381 3169 4445 dulcis
3192 4382 3259 4437 ab
3289 4398 3384 4438 ore
3406 4398 3593 4441 sonus.

2195 4468 2383 4539 Tuque
2406 4471 2592 4542 tuique
2619 4471 2777 4526 simul
2805 4488 2904 4543 per
2937 4472 3133 4528 saecula
3164 4489 3376 4544 semper
3401 4475 3573 4545 amici,

2117 4529 2181 4603 ἢ
2264 4529 2604 4629 Pervaleant,
2638 4529 2877 4636 vigeant,
2905 4564 3073 4627 David
3094 4529 3299 4636 ubique
3314 4567 3453 4627 vale.

2192 4654 2346 4710 Hunc
2374 4650 2570 4711 iterum
2600 4673 2826 4727 puerum
2854 4667 3049 4713 vestra:
3084 4660 3283 4730 pietate
3309 4660 3522 4727 remisi,

2263 4742 2477 4801 Serviat
2499 4754 2558 4799 ut
2580 4747 2736 4802 nobis
2757 4746 2871 4819 [F.,
2898 4748 3074 4822 vobis]
3098 4751 3356 4819 carmine,
3380 4751 3564 4819 corde,
3587 4766 3758 4808 manu.

2821 4861 3140 4919 CCXXVII].

2403 4928 2490 4984 Ad
2514 4931 2774 4998 eumdem,
2814 4930 2878 4987 de
2909 4935 3099 4989 studiis
3137 4936 3192 4990 in
3220 4934 3351 4991 aula
3390 4937 3557 5008 regia.

2190 5022 2467 5097 Venerunt
2498 5023 2680 5094 apices
2706 5034 2901 5078 vestrze
2927 5026 3143 5095 pietatis
3169 5026 3237 5081 ab
3259 5026 3381 5081 aula
3400 5067 3414 5091 ,

2192 5113 2238 5171 0
2279 5114 2475 5181 dilecte
2507 5115 2635 5180 Deo,
2665 5116 2831 5177 David
2859 5116 3190 5184 dulcissime,
3220 5116 3455 5182 Flacco;

2187 5207 2473 5263 Portantes
2498 5215 2692 5261 vestrae
2720 5208 2875 5263 nobis
2902 5210 2990 5279 pia
3021 5210 3155 5263 dona
3182 5210 3399 5275 salutis,

2189 5299 2363 5367 Quam
2400 5301 2542 5355 Deus
2584 5301 2926 5372 omnipotens
2971 5319 3186 5373 semper
3211 5313 3595 5381 superatum,
3616 5310 3750 5372 opto.

2190 5387 2275 5444 TI
2296 5389 2436 5456 laus,
2461 5405 2691 5460 spesque
2715 5392 2844 5456 tuis,
2870 5400 2985 5447 toto
3008 5401 3063 5447 tu
3094 5395 3289 5465 gaudia
3312 5408 3484 5466 regno
3514 5413 3528 5449 :

2186 5480 2269 5537 Tu
2298 5483 2463 5538 decus
2486 5482 2756 5552 Ecclesiae,
2791 5493 2989 5554 rector,
3024 5487 3295 5555 defensor,
3326 5498 3537 5548 amator
3572 5506 3591 5547 :

2254 5621 2287 5662 δ
2335 5623 2543 5705 Prwsttl
2593 5626 2944 5705 Eanfbaldus.
2997 5631 3093 5705 ΛηΔ
3128 5630 3437 5705 Emtbaldus
3481 5632 3749 5705 episcopus

2181 5692 2557 5773 Eboracensis,
2589 5698 2668 5773 de
2681 5716 2786 5767 quo
2816 5702 2944 5757 alibi
2971 5702 3199 5773 sacpius?
3512 5692 3531 5711 ”

2259 5774 2282 5801 θ
2309 5764 2365 5818 Id
2386 5774 2465 5821 est
2492 5764 2858 5837 Angilbertus.
