4044 6340
277 403 356 462 Tu
394 402 584 475 dignos
611 398 858 470 equidem
888 396 1086 452 misisti
1123 403 1268 450 sorte
1296 391 1574 448 ministros

278 495 568 554 Ordinibus
604 493 792 557 sacris,
821 492 938 560 jam.
962 507 1057 560 per
1083 491 1198 543 loca
1231 497 1356 541 nota
1382 485 1620 555 capcllzn.

279 597 416 652 Ecce
442 592 752 649 sacerdotes
770 589 972 644 Christi
997 604 1094 646 sua
1122 587 1244 654 jura
1271 584 1530 638 tenebunt
1559 589 1592 631 :'

280 685 512 743 Ollicialc
542 684 705 737 decus
747 692 962 736 servent
1001 675 1263 750 [servant]
1306 674 1406 729 sibi
1439 674 1540 726 rite
1584 667 1852 734 ministri,

257 777 648 845 ,Nathaneique
674 790 770 830 suo
805 775 1037 844 gaudent
1064 772 1162 825 sub
1196 769 1438 840 principe
1469 772 1638 820 certo.

277 871 581 925 Accurrunt
615 865 808 920 medici
839 880 961 918 mox
985 861 1364 930 Ilippocratica
1396 866 1535 916 tecta
1559 897 1573 922 ,

279 960 378 1016 Hic
397 974 566 1016 venas
589 957 783 1022 fundit,
814 957 1010 1012 herbas
1037 955 1124 1009 hic
1154 953 1347 1007 miscet
1365 951 1418 1004 in
1444 950 1548 1004 olla
1573 967 1588 1005 :

277 1051 369 1108 ille
392 1051 575 1120 coquit
600 1049 792 1119 pultes,
829 1048 966 1103 alter
991 1047 1086 1102 sed
1105 1046 1295 1116 pocula
1318 1043 1534 1115 praefert
1558 1059 1574 1098 :

277 1144 347 1201 Et
395 1151 602 1209 tamen,
667 1157 701 1196 o
762 1141 986 1196 medici!
1054 1140 1265 1196 cunctis
1330 1136 1622 1207 impendite
1676 1139 1860 1205 grates

1498 1227 1618 1301 [F.,
1638 1224 1854 1300 gratis,]

277 1334 352 1390 Ut
377 1335 626 1388 manibus
654 1332 850 1388 vestris
875 1330 1016 1386 adsit
1041 1325 1347 1386 benedictio
1371 1323 1576 1380 Christi
1613 1339 1624 1376 :

275 1422 408 1479 llam
429 1424 566 1478 mihi
599 1431 794 1480 cuncta
819 1421 1054 1490 placent,
1079 1420 1178 1474 iste
1205 1427 1289 1474 est
1318 1415 1601 1472 laudabilis
1620 1413 1774 1470 ordo.

273 1513 419 1582 Quid
445 1514 594 1569 Maro
619 1513 902 1569 versificns
927 1511 1072 1576 solus
1100 1511 1344 1580 peccavit
1373 1510 1428 1563 in
1451 1506 1612 1582 aula?

271 1571 396 1659 ﬁcu
427 1603 525 1658 fuit
553 1604 639 1660 ille
664 1603 825 1658 Pater
847 1573 964 1670 jam
984 1571 1178 1672 dignus
1204 1601 1404 1654 habere
1429 1571 1748 1670 magisirum
1768 1637 1784 1663 ,

269 1696 381 1764 Qui
406 1699 559 1752 daret
584 1695 830 1766 egregias
851 1694 1034 1765 pueris
1054 1709 1150 1762 per
1176 1699 1318 1746 tecta
1356 1705 1628 1745 camenas.

269 1788 421 1856 Quid
443 1788 608 1842 faciet
637 1787 813 1842 Beleel
839 1786 1048 1841 biliacis
1072 1784 1260 1840 doctus
1285 1784 1340 1838 in
1360 1783 1513 1837 odis?

268 1879 389 1936 Cur
414 1896 548 1950 rogo
569 1895 678 1944 non
701 1877 876 1932 tenuit
903 1875 1140 1930 scholam
1172 1875 1272 1928 sub
1300 1873 1516 1928 nomine
1552 1869 1756 1944 patris?

268 1971 422 2040 Quid
450 1969 614 2024 faciet
641 1969 826 2022 tardus
850 1975 1046 2022 canum
1074 1966 1278 2020 vertice
1304 1965 1541 2018 Drances
1564 2004 1579 2028 ,

268 2063 518 2120 Consilio
541 2061 770 2126 validus,
802 2061 975 2131 gelida
1001 2067 1085 2114 est
1109 2074 1208 2114 ceu
1235 2059 1458 2112 dextera
1483 2057 1658 2112 bello?

266 2155 525 2211 Zacheus
549 2152 799 2206 arborem
820 2149 1132 2206 conscendit
1168 2163 1367 2220 parvus
1397 2148 1452 2202 in
1481 2147 1644 2202 altam
1667 2186 1683 2211 ,

271 2245 353 2305 Ut
372 2245 554 2302 videat
573 2243 784 2300 turbam
807 2243 1135 2314 scriptorum
1165 2255 1385 2294 currere
1415 2240 1617 2295 circum
1637 2278 1652 2304 ,

269 2335 583 2401 Litterulis,
615 2336 842 2401 chartis,
873 2334 1085 2390 miseris
1119 2333 1310 2388 solatia
1336 2338 1575 2401 praestat.

272 2427 401 2484 Non
447 2434 648 2500 tangat,
673 2434 882 2492 caveat,
904 2439 1194 2495 puerorum
1223 2423 1464 2493 sportula
1487 2423 1707 2477 dextras

1439 273 1768 332 CARMINA.
1810 302 1880 314 -
1915 271 2012 334 AD
2050 271 2319 330 V’ARIOS.

1881 403 1934 464 Α
1959 383 2224 440 Dilectum
2250 386 2428 440 David
2450 401 2711 441 conserva
2735 385 2788 439 in
2817 383 3010 442 stecula
3037 383 3235 454 multa;

1913 544 1920 550 _
1961 479 2032 536 Ut
2061 479 2302 551 gaudens
2330 479 2477 532 vivat
2507 479 2656 545 felix,
2681 487 2735 534 et
2765 494 3021 549 prospere
3045 487 3252 547 regnet.
3345 493 3350 497 ·

1958 569 2146 627 Omnis
2183 571 2384 640 ubique
2409 571 2570 628 simul
2609 572 2836 644 populus
2865 572 3188 644 respondeat
3219 589 3232 624 :
3259 569 3466 636 Ament

1958 662 2263 720 Clementer
2289 664 2437 718 mitis
2482 664 2676 734 populo
2713 667 2972 720 miserere
3002 665 3208 719 misello
3239 683 3251 717 :
3423 673 3430 680 '

1901 833 1904 836 _
1959 754 2104 811 Grex
2133 763 2217 809 est
2234 755 2433 825 quippe
2453 763 2597 820 tuus,
2621 766 2676 809 tu
2702 765 2888 826 pastor
2908 757 3154 811 amabilis
3183 757 3289 823 illi,

1959 849 2259 906 Mercedem
2287 849 2484 903 tribuet
2517 850 2727 908 tibimet
2746 866 2843 920 per
2869 850 3062 906 saecula
3092 849 3359 906 Christus.

1958 938 2114 996 Nunc
2134 938 2316 994 valeas
2340 939 2538 993 iterum
2560 948 2617 994 et
2641 956 2855 1011 semper
2876 941 2932 995 in
2953 939 3113 997 saacla
3132 940 3341 997 valeto!
3425 924 3428 926 i

3436 269 3546 336 782,

2619 1056 2878 1112 CCXXX.

2553 1149 2638 1202 Ad
2693 1149 2949 1205 eumdem.

1961 1264 2252 1336 Splendida
2279 1263 2406 1319 dum
2430 1262 2618 1319 rutilat
2641 1263 2814 1318 roseis
2848 1263 3036 1334 auriga
3063 1262 3341 1337 quadrigis

2029 1357 2370 1413 Perfundens
2397 1357 2618 1428 pelagus
2647 1356 2766 1412 luce
2800 1372 2938 1412 nova
2970 1356 3265 1426 liquidum;

1961 1448 2196 1504 Discutit
2218 1462 2286 1502 ex
2313 1448 2485 1504 oculis
2532 1455 2828 1504 nocturnos
2852 1447 3047 1517 pollice
3072 1461 3326 1511 somnos,

2031 1539 2150 1594 Mox
2181 1540 2364 1594 senior
2383 1537 2555 1595 strato
2578 1539 2796 1608 prosilit
2818 1539 2936 1609 ipse
2961 1553 3094 1594 suo:

1959 1631 2018 1686 In
2047 1646 2269 1701 campos
2296 1640 2538 1687 veterum
2560 1647 2916 1702 procurrens,
2944 1644 3170 1701 carpere
3203 1629 3366 1686 flores

2038 1722 2366 1790 Rcctilocos,
2411 1723 2536 1780 ludo
2559 1733 2836 1793 spargeret
2855 1733 2912 1780 ut
2940 1725 3124 1794 pueris
3151 1743 3164 1780 :

1888 1774 1940 1836 Β
1964 1813 2111 1882 Quos
2161 1814 2279 1880 tibi,
2326 1815 2506 1870 dulcis
2539 1830 2716 1880 amor,
2755 1774 2970 1880 David:
2994 1814 3296 1872 clarissime
3323 1811 3552 1894 consul,

2034 1907 2259 1970 Obtulit,
2290 1915 2349 1960 ut
2376 1907 2560 1977 pietas
2589 1917 2771 1962 vestra
2812 1909 3072 1976 probaret
3093 1921 3207 1968 eos.

1963 1998 2129 2068 229
2159 1998 2394 2054 Tradere
2415 1997 2534 2066 jam
2565 2000 2750 2068 pueris
2782 2000 2980 2060 tierent
3011 2000 3058 2054 si
3083 1998 3270 2068 judice
3294 1999 3444 2076 digni

2035 2089 2132 2155 Te,
2159 2091 2322 2145 decus
2349 2106 2390 2146 o
2418 2091 2643 2162 sophiae,
2675 2092 2911 2148 condere
2939 2092 3124 2159 corde,
3157 2091 3286 2148 tuis.

1965 2180 2047 2236 Tu
2072 2180 2323 2246 defende,
2357 2197 2572 2252 precor,
2609 2182 2772 2238 solita
2806 2183 3007 2252 pietate
3038 2191 3257 2256 poetam
3280 2221 3298 2241 .

2035 2272 2138 2339 Qui
2166 2273 2367 2328 direxit
2387 2288 2560 2330 ovans
2586 2288 2812 2330 munera
2836 2289 3012 2342 pauca
3042 2273 3156 2328 tibi.

1965 2363 2106 2421 Sunt
2137 2365 2392 2436 equidem
2427 2366 2612 2436 plures
2638 2407 2654 2432 ,
2689 2368 2918 2438 cupiunt
2948 2366 3042 2438 qui
3077 2379 3302 2436 carpere
3335 2363 3484 2432 dicta

2035 2456 2246 2529 Saepius
2275 2458 2522 2534 alterius,
2552 2474 2716 2529 quam
2743 2475 2843 2514 sua
2874 2458 3018 2514 ferre
3047 2459 3196 2516 foras
3224 2479 3236 2514 :

271 2519 404 2620 iam
419 2521 712 2620 tenetordo
725 2535 878 2620 suum
891 2518 1110 2620 proprie
1124 2532 1267 2620 nunc
1281 2517 1508 2620 quisque
1522 2516 1858 2588 magistrum.
1963 2548 2024 2604 In
2053 2516 2158 2602 ho;
2189 2563 2248 2604 se
2275 2531 2458 2606 studio
2492 2516 2770 2620 s'aéientes
2795 2563 2918 2604 esse
2939 2555 3195 2619 putantes
3208 2583 3227 2616 ι’

273 2613 574 2684 Presbyter
596 2613 840 2683 egregius
865 2620 980 2668 toto
1001 2611 1104 2668 sub
1122 2619 1339 2681 pectore
1352 2610 1546 2680 plenus
1560 2649 1575 2675 ,

273 2706 392 2764 Iste
429 2706 738 2762 sacerdotes
773 2704 933 2762 factis
959 2713 1014 2760 et
1046 2719 1180 2759 voce
1208 2703 1508 2774 gubernat,

273 2801 425 2857 Ante
453 2800 571 2856 illos
592 2800 866 2872 gradiens,
899 2798 1200 2854 clarissima
1221 2795 1398 2852 forma
1422 2795 1650 2852 salutis:

277 2895 432 2952 Ordo
460 2893 1102 2963 ministrorum‘sequitur
1125 2901 1177 2946 te
1203 2890 1354 2946 Iesse
1385 2890 1718 2960 magistrum.

277 2987 404 3044 Vox
428 2986 528 3042 tibi
555 2984 694 3042 forte
721 2992 876 3040 sonat
904 2983 1106 3038 Christi
1135 2982 1352 3038 taurina
1378 2997 1480 3052 per
1515 2981 1720 3045 aulam,

280 3079 360 3138 Ut
379 3079 535 3135 decet
560 3093 625 3133 ex
650 3079 758 3134 alto
792 3079 1006 3148 populis
1027 3077 1116 3146 pia
1142 3077 1304 3132 verba
1328 3076 1546 3146 legenti.

193 3223 196 3226 .
280 3172 530 3236 Candida
561 3173 834 3243 Sulpicius
862 3181 983 3242 post
1009 3181 1064 3227 te
1094 3173 1261 3228 trahit
1284 3173 1496 3243 agmina
1519 3171 1722 3236 lector,

281 3264 402 3320 Hos
431 3272 602 3336 regat,
628 3275 682 3320 et
712 3265 920 3330 doceat,
953 3263 1118 3319 certis
1147 3279 1215 3318 ne
1246 3262 1560 3320 accentibus
1589 3268 1794 3318 errent.

279 3357 532 3414 Instituit
549 3371 746 3426 peros
763 3355 980 3410 ldithun
1005 3355 1366 3410 modulamine
1393 3369 1547 3410 sacro
1547 3395 1582 3438 λ

285 3446 471 3516 thue
501 3462 662 3502 sonos
697 3446 888 3503 dulces
910 3445 1218 3510 decantent,
1237 3459 1374 3500 voce
1401 3459 1617 3500 sonora.

285 3538 436 3606 Quot
452 3538 698 3610 potilius,
723 3539 987 3603 numeris,
1010 3539 1264 3608 rhythmo
1289 3545 1398 3592 stat
1419 3537 1650 3602 musica,
1674 3535 1868 3594 discat.

283 3629 555 3686 Noctibus
578 3629 827 3700 inspiciat
855 3629 980 3684 coeli
1009 3645 1130 3684 mea
1160 3629 1272 3684 ﬁlia
1297 3629 1512 3694 stelias,

284 3723 690 3794 Assuescatque
721 3723 890 3778 Deum
912 3738 1126 3792 semper
1147 3722 1366 3776 laudare
1394 3729 1700 3792 potentem,

287 3818 399 3886 Qui
422 3817 615 3872 malum
642 3817 812 3871 stellis
829 3817 1066 3882 ornavit,
1085 3817 1328 3886 gramine
1346 3826 1521 3872 terras
1539 3857 1554 3882 ,

286 3910 489 3968 Omnia
517 3911 606 3980 qui
639 3911 801 3966 verbo
831 3911 1014 3966 mundi
1047 3911 1303 3966 miracula
1334 3911 1480 3965 fecit.

287 4000 505 4058 Fistula
549 4011 673 4055 tunc
705 4000 884 4055 Flacci
911 4001 1187 4072 proprium
1214 4003 1306 4056 tibi
1341 4019 1579 4066 carmen,
1610 4002 1870 4069 Homere,

288 4094 418 4152 Jam
441 4095 622 4161 faciet,
647 4102 704 4148 tu
724 4095 850 4148 dum
886 4109 1094 4148 sacram
1127 4095 1351 4148 redieris
1378 4096 1430 4148 in
1465 4099 1663 4149 aulam.

287 4188 626 4258 Perpetuam
654 4185 828 4241 valeat
868 4185 1092 4255 Thyrsis
1123 4186 1280 4239 simul
1310 4195 1470 4258 atque
1502 4186 1768 4252 Menalca,

288 4279 419 4350 Ipse
447 4277 684 4332 Menalca
709 4292 910 4344 coquos
938 4276 1087 4346 nigra
1115 4279 1340 4347 castiget
1366 4279 1418 4330 in
1443 4277 1561 4331 aula
1581 4318 1595 4342 ,

292 4365 375 4444 Ut
405 4369 606 4424 calidos
627 4368 822 4422 habeat
844 4367 1069 4424 Flaccus
1095 4384 1191 4438 per
1214 4368 1416 4423 fercula
1447 4369 1644 4438 pultes.

290 4459 370 4517 Et
397 4459 612 4514 Nemias
645 4457 820 4514 Groco
852 4459 1096 4513 infundat
1127 4475 1222 4514 sua
1246 4459 1436 4528 pocula
1462 4459 1705 4525 Baccho,

293 4554 410 4623 Qui
431 4570 614 4610 secum
646 4561 868 4608 tunnam
897 4566 924 4594 ιι
953 4567 1166 4624 semper
1190 4563 1408 4624 portare
1431 4553 1649 4610 suescit.

960 4663 1236 4721 CCXXIX.

876 4758 959 4812 Ad
1003 4758 1239 4813 eumdem
1268 4758 1319 4810 δ.

297 4850 575 4909 Omnibus
602 4849 742 4904 alma
767 4849 913 4904 salus
934 4849 1119 4918 pueris
1149 4849 1222 4904 sit
1241 4857 1402 4918 atque
1424 4847 1644 4920 puellis,

251 4941 268 4958 ³
297 4945 482 5015 Regia
510 4944 792 5015 progenies
823 4943 1002 4998 valeas
1027 4957 1126 5011 per
1153 4943 1346 4998 stncula
1378 4943 1532 5013 longa
1565 4961 1579 4997 :

299 5037 512 5091 Vivere
531 5052 692 5105 quam
715 5033 964 5088 Christus
991 5034 1176 5089 multis
1205 5033 1432 5088 feliciter
1456 5035 1612 5088 annis

301 5126 608 5190 Concedat,
641 5126 884 5180 tribuens
907 5125 1091 5180 teterni
1115 5134 1171 5180 et
1189 5126 1381 5196 gaudia
1412 5126 1580 5192 regni.

303 5217 558 5282 Christe,
593 5218 738 5271 salus
761 5218 966 5280 mundi,
1013 5218 1148 5280 laus,
1175 5219 1368 5287 gloria,
1393 5219 1519 5281 vita,
1547 5217 1902 5289 Redemptor,

305 5305 676 5380 Temporibus
714 5310 941 5373 cunctis,
1004 5310 1158 5364 annis
1205 5318 1365 5377 atque
1417 5310 1672 5364 omnibus
1715 5310 1902 5378 horis,

395 5481 421 5510 ι
447 5469 707 5522 Tumtum.
736 5468 924 5522 Tunna
952 5483 1047 5522 vas
1076 5481 1249 5534 aqua),
1281 5465 1411 5528 vini,
1442 5463 1716 5517 cerevisizc
1743 5470 1798 5518 et
1824 5464 1901 5520 al-

301 5539 494 5597 terius
542 5539 767 5608 liquoris
809 5554 1068 5608 (νίψαι...
1104 5536 1402 5608 1115)·υ1ἤή8
1431 5535 1902 5608 Λιιδιιὶηιιςᾼῇιιιιυὶῐ

305 5605 638 5686 νίῐιροτιιειιίι
667 5605 891 5680 regium:
924 5611 1172 5673 Durnium
1197 5606 1558 5685 Glttsst‘l‘iliiit,
1593 5608 1652 5657 Υ.
1691 5605 1900 5658 Tunna.

399 5683 428 5722 ι)
467 5683 523 5735 ln
572 5681 701 5735 edit.
739 5678 1080 5750 Quarta-Fului
1115 5680 1384 5750 prioribus
1415 5678 1528 5750 liis:
1562 5703 1576 5729 .-
1631 5679 1900 5750 versibus,

307 5753 421 5822 qui
459 5751 702 5808 fortassis
741 5747 869 5821 pars
899 5760 1022 5806 sunt
1061 5749 1318 5804 carminis
1365 5748 1466 5801 2:28
1515 5747 1899 5816 ant-mdentis,

2037 2639 2304 2695 Natorum
2342 2640 2563 2696 valeant
2593 2641 2640 2696 si
2671 2641 2949 2696 maculare
2979 2641 3167 2696 melos.

1965 2730 2189 2786 Talibus
2215 2740 2469 2788 occurrat
2491 2739 2601 2799 tua,
2629 2747 2748 2797 rex,
2774 2732 3044 2803 sapientia
3073 2731 3226 2788 dives
3249 2771 3270 2799 ,_

2036 2823 2346 2880 Defendens
2369 2824 2551 2880 Flacci
2579 2825 2812 2895 paucula
2845 2825 2992 2880 dicta
3026 2825 3192 2882 senis.

1969 2901 2094 2969 Sint
2119 2913 2296 2969 Patris
2319 2914 2520 2970 Entelli
2553 2931 2844 2981 memores,
2871 2915 3197 2986 juvenisque
3223 2914 3437 2978 Daretis
3464 2954 3484 2986 ,

2038 3005 2118 3060 Ne
2145 3005 2284 3071 laus,
2322 3021 2486 3076 quam
2516 3015 2784 3077 quaerant,
2811 3001 3061 3074 detrahat
3087 3007 3204 3078 ipsa
3233 3007 3423 3080 mag's.

1895 3126 1942 3194 c
1968 3097 2196 3174 inpleat
2229 3099 2446 3154 aeternis
2481 3098 2684 3154 Christi
2714 3106 2768 3156 te
2790 3099 2970 3172 gratia
2995 3098 3154 3154 donis
3179 3139 3195 3164 ,

2043 3191 2090 3248 0
2118 3191 2239 3252 laus
2267 3201 2430 3270 atque
2457 3192 2646 3259 decus,
2674 3206 2772 3246 rex
2806 3192 2926 3248 sine
2961 3191 3070 3248 fine
3098 3189 3220 3252 vale
3246 3191 3260 3246 l

2614 3329 2896 3386 CCXXXI.

2327 3443 2410 3498 Ad
2444 3441 2702 3507 eumdem,
2743 3451 2791 3496 et
2820 3439 3200 3514 Angilberlum.

1972 3556 2155 3613 Dulcis
2177 3556 2436 3622 Homere,
2461 3556 2603 3622 vale,
2654 3554 2833 3610 valeat
2857 3564 2950 3612 tua
2972 3556 3084 3610 vita
3118 3569 3214 3626 per
3233 3567 3410 3616 aevum
3430 3591 3454 3624 ,

2047 3650 2357 3721 Semper-iu
2392 3659 2675 3714 mternum,
2711 3650 2882 3704 dulcis
2916 3649 3148 3706 Homere
3171 3695 3186 3716 ,
3210 3647 3360 3705 vale!

1975 3743 2296 3799 Pectoribus
2320 3743 2501 3797 valeat
2521 3741 2693 3796 dulcis
2714 3741 2933 3798 dilectio
2957 3742 3161 3797 nostris
3189 3783 3206 3808 ,

2044 3836 2108 3892 In
2142 3835 2348 3891 nostris
2381 3833 2630 3889 Christus
2655 3834 2968 3904 pectoribus
2999 3835 3194 3888 valeat.

1975 3929 2114 3993 Lux,
2155 3927 2261 3991 via,
2291 3925 2421 3990 vita,
2457 3924 2606 3982 salus
2640 3934 2961 3980 cunctorum
2993 3924 3240 3984 Christus
3272 3933 3487 3982 ametur
3507 3964 3532 3994 ,

2051 4022 2134 4077 Sit
2158 4021 2316 4080 nobis
2341 4019 2600 4078 Christus
2621 4018 2734 4083 lux,
2758 4019 2870 4084 via,
2901 4019 3034 4084 vita,
3067 4018 3232 4074 salus.
3521 3997 3530 4010 ’

1981 4111 2209 4181 Semper
2235 4111 2433 4179 ubique
2462 4109 2598 4174 vale,
2625 4109 2734 4172 dic,
2766 4109 2872 4174 dic,
2889 4108 3203 4166 dulcissime
3229 4108 3450 4176 David..

2051 4202 2242 4266 David,
2276 4216 2429 4256 amor
2454 4201 2654 4266 Flacci,
2677 4216 2891 4272 semper
2925 4202 3121 4276 ubique
3148 4201 3270 4256 vale
3294 4203 3308 4256 l

1982 4295 2027 4352 O
2052 4296 2184 4350 mihi
2214 4295 2387 4350 dulcis
2413 4310 2586 4359 amor,
2621 4294 2810 4360 David,
2839 4310 2936 4366 per
2958 4295 3120 4372 szecla
3149 4295 3358 4363 valeto;

2056 4389 2231 4457 Quam
2257 4398 2310 4444 te
2336 4398 2660 4459 praesentem
2691 4404 2908 4460 semper
2936 4389 3138 4446 habere
3163 4391 3350 4456 velim,

1986 4480 2167 4536 Pierio
2189 4489 2248 4535 ut
2275 4489 2450 4536 tecum
2476 4480 2640 4534 liceat
2662 4481 2795 4534 mihi
2821 4479 3006 4536 ludere
3031 4497 3215 4549 versu,

2067 4575 2340 4632 Scandere
2369 4573 2454 4630 vel
2477 4573 2671 4628 summi
2708 4573 2887 4629 sidera
2917 4574 3064 4646 celsa
3100 4576 3232 4654 poli,
3261 4649 3266 4654 _

1993 4665 2092 4723 Vel
2121 4667 2372 4738 pulchras
2409 4676 2589 4722 tecum
2615 4682 2966 4728 numerorum
3001 4651 3228 4726 discere
3251 4651 3457 4748 fortnas
3483 4707 3502 4742 ,

2064 4759 2306 4830 lrrepere
2334 4769 2428 4814 aut
2457 4768 2703 4814 veterum
2739 4760 2885 4826 dicta
2912 4763 3176 4832 stupenda
3199 4763 3448 4844 Patrum,

1993 4853 2105 4909 Aut
2130 4861 2366 4907 tractare
2397 4868 2556 4907 sacra
2585 4861 2803 4908 aeternae
2827 4862 3097 4924 praecepta
3123 4855 3317 4922 salutis
3342 4897 3360 4932 η

2068 4945 2200 5013 Quae
2224 4945 2308 4999 via
2336 4951 2390 4998 te
2424 4957 2632 4997 mecum
2658 4942 2919 5012 pervellat
2947 4953 3096 5002 astra
3119 4962 3302 5018 super.

1997 5035 2125 5091 Hinc
2149 5043 2234 5088 est
2265 5034 2380 5088 sola
2416 5032 2584 5098 salus,
2611 5033 2728 5088 haec
2751 5042 2836 5090 est
2862 5037 3130 5109 sapientia
3160 5053 3291 5096 vera
3314 5080 3332 5108 ,

2073 5126 2225 5180 Hanc
2250 5124 2432 5194 qui....
2474 5133 2640 5189 amat,
2673 5124 2818 5184 hunc
2842 5137 2989 5183 amat
3015 5130 3128 5199 ipsa
3153 5129 3330 5201 salus,

2001 5217 2101 5286 Qui
2131 5225 2348 5272 terrena
2377 5215 2546 5283 dedit,
2575 5217 2777 5274 tribuat
2799 5221 3044 5288 caelestia
3073 5233 3240 5295 regna
3268 5264 3284 5292 ,

2073 5309 2146 5364 Ut
2167 5308 2298 5366 felix
2321 5309 2473 5366 vivas
2497 5323 2712 5382 semper
2741 5313 2799 5368 in
2836 5329 2963 5371 arce
2985 5316 3117 5386 poli.

2003 5465 2238 5546 nectitur
2265 5479 2484 5520 carmen
2526 5467 2938 5546 alteriusmetri
2979 5471 3209 5546 et__lo_nge
3237 5470 3582 5546 alterius_ar-

2003 5539 2496 5616 gumentinnempe
2516 5539 2804 5616 Descriptio
2825 5541 3134 5616 solitudinis
3151 5539 3204 5596 et
3232 5543 3422 5616 schola:
3446 5542 3582 5598 Cor-

2004 5609 2658 5683 nturiceusis_._qn_o.l_nium
2694 5613 2766 5663 sit
2809 5614 3019 5666 Alcuini
3050 5616 3241 5668 nacrilo
3269 5613 3583 5683 dubitatur;

2001 5687 2288 5751 propterea
2313 5679 2438 5731 illud
2469 5681 2537 5732 ab
2561 5682 2662 5734 hoc
2698 5684 2812 5735 loco
2841 5692 3144 5751 separatum
3174 5685 3316 5740 inter
3339 5679 3588 5745 carmini

2004 5749 2178 5803 dubia:
2217 5751 2552 5804 auctoritatis
2602 5749 2905 5817 rcjecimus.
