  <div class='ocr_page' id='page_1' title='image "/cluster/home/n/w/nwhite01/storage/ocr_20150623/101/hvd.32044004824769/397.png"; bbox 0 0 4044 6340; ppageno 0'>
   <div class='ocr_carea' id='block_1_1' title="bbox 515 290 3789 385">
    <p class='ocr_par' dir='ltr' id='par_1_1' title="bbox 515 290 3789 385">
     <span class='ocr_line' id='line_1_1' title="bbox 515 290 3789 385; baseline 0.001 -16"><span class='ocrx_word' id='word_1_1' title='bbox 515 308 625 369; x_wconf 70' lang='grc' dir='ltr'><strong>ηδ</strong></span> <span class='ocrx_word' id='word_1_2' title='bbox 940 290 949 297; x_wconf 87' lang='grc'><em>’</em></span> <span class='ocrx_word' id='word_1_3' title='bbox 1346 308 1409 365; x_wconf 80' lang='lat' dir='ltr'><strong>s.</strong></span> <span class='ocrx_word' id='word_1_4' title='bbox 1450 304 1514 366; x_wconf 62' lang='grc' dir='ltr'><strong>ι’.</strong></span> <span class='ocrx_word' id='word_1_5' title='bbox 1554 308 1785 367; x_wconf 79' lang='lat' dir='ltr'><strong>ALBINI</strong></span> <span class='ocrx_word' id='word_1_6' title='bbox 1823 307 1959 370; x_wconf 70' lang='lat' dir='ltr'><strong>seu</strong></span> <span class='ocrx_word' id='word_1_7' title='bbox 1996 304 2279 385; x_wconf 75' lang='lat' dir='ltr'><strong>ALCUINI</strong></span> <span class='ocrx_word' id='word_1_8' title='bbox 2312 307 2601 368; x_wconf 80' lang='lat' dir='ltr'><strong>OPERUM</strong></span> <span class='ocrx_word' id='word_1_9' title='bbox 2641 309 2823 368; x_wconf 63' lang='lat' dir='ltr'><strong>rans</strong></span> <span class='ocrx_word' id='word_1_10' title='bbox 2865 308 2950 367; x_wconf 79' lang='lat' dir='ltr'><strong>v1.</strong></span> <span class='ocrx_word' id='word_1_11' title='bbox 3681 313 3789 372; x_wconf 60' lang='lat'><strong>73¢</strong></span> 
     </span>
    </p>
   </div>
   <div class='ocr_carea' id='block_1_2' title="bbox 509 419 3646 506">
    <p class='ocr_par' dir='ltr' id='par_1_2' title="bbox 509 419 3646 506">
     <span class='ocr_line' id='line_1_2' title="bbox 509 419 3646 506; baseline -0.004 -14"><span class='ocrx_word' id='word_1_12' title='bbox 509 430 633 506; x_wconf 80' lang='lat' dir='ltr'><strong>Ipse</strong></span> <span class='ocrx_word' id='word_1_13' title='bbox 652 430 779 506; x_wconf 90' lang='lat' dir='ltr'><strong>pius</strong></span> <span class='ocrx_word' id='word_1_14' title='bbox 802 433 962 491; x_wconf 88' lang='lat' dir='ltr'><strong>nobis</strong></span> <span class='ocrx_word' id='word_1_15' title='bbox 984 432 1191 506; x_wconf 78' lang='lat' dir='ltr'><strong>placuit</strong></span> <span class='ocrx_word' id='word_1_16' title='bbox 1222 429 1480 505; x_wconf 82' lang='lat' dir='ltr'><strong>[placeat]</strong></span> <span class='ocrx_word' id='word_1_17' title='bbox 1522 444 1688 503; x_wconf 84' lang='lat' dir='ltr'><strong>super</strong></span> <span class='ocrx_word' id='word_1_18' title='bbox 1716 427 1898 485; x_wconf 85' lang='lat' dir='ltr'><strong>omnia</strong></span> <span class='ocrx_word' id='word_1_19' title='bbox 1943 423 2101 481; x_wconf 87' lang='lat' dir='ltr'><strong>Cbri-</strong></span> <span class='ocrx_word' id='word_1_20' title='bbox 2123 422 2176 485; x_wconf 75' lang='grc' dir='ltr'><strong>Δ</strong></span> <span class='ocrx_word' id='word_1_21' title='bbox 2204 419 2623 494; x_wconf 76' lang='lat' dir='ltr'><strong>Muneribusque</strong></span> <span class='ocrx_word' id='word_1_22' title='bbox 2649 422 2790 478; x_wconf 88' lang='lat' dir='ltr'><strong>datis</strong></span> <span class='ocrx_word' id='word_1_23' title='bbox 2830 422 3056 477; x_wconf 87' lang='lat' dir='ltr'><strong>veniunt</strong></span> <span class='ocrx_word' id='word_1_24' title='bbox 3100 421 3167 477; x_wconf 90' lang='lat' dir='ltr'><strong>ad</strong></span> <span class='ocrx_word' id='word_1_25' title='bbox 3201 421 3392 493; x_wconf 91' lang='lat' dir='ltr'><strong>pocula</strong></span> <span class='ocrx_word' id='word_1_26' title='bbox 3434 430 3604 480; x_wconf 87' lang='lat' dir='ltr'><strong>testes</strong></span> <span class='ocrx_word' id='word_1_27' title='bbox 3628 462 3646 490; x_wconf 88' lang='lat'><strong>,</strong></span> 
     </span>
    </p>
   </div>
   <div class='ocr_carea' id='block_1_3' title="bbox 1911 516 3424 593">
    <p class='ocr_par' dir='ltr' id='par_1_3' title="bbox 1911 516 3424 593">
     <span class='ocr_line' id='line_1_3' title="bbox 1911 516 3424 593; baseline -0.003 -19"><span class='ocrx_word' id='word_1_28' title='bbox 1911 516 2050 593; x_wconf 88' lang='lat' dir='ltr'><strong>[stus</strong></span> <span class='ocrx_word' id='word_1_29' title='bbox 2078 558 2094 585; x_wconf 90' lang='lat'><strong>,</strong></span> <span class='ocrx_word' id='word_1_30' title='bbox 2271 516 2440 587; x_wconf 90' lang='lat' dir='ltr'><strong>Impia</strong></span> <span class='ocrx_word' id='word_1_31' title='bbox 2463 516 2578 587; x_wconf 90' lang='lat' dir='ltr'><strong>jam</strong></span> <span class='ocrx_word' id='word_1_32' title='bbox 2614 523 2811 588; x_wconf 88' lang='lat' dir='ltr'><strong>purgat</strong></span> <span class='ocrx_word' id='word_1_33' title='bbox 2850 516 3195 585; x_wconf 88' lang='lat' dir='ltr'><strong>ebrietasque</strong></span> <span class='ocrx_word' id='word_1_34' title='bbox 3226 530 3381 570; x_wconf 89' lang='lat' dir='ltr'><strong>reum</strong></span> <span class='ocrx_word' id='word_1_35' title='bbox 3409 530 3424 582; x_wconf 89' lang='lat'><strong>;</strong></span> 
     </span>
    </p>
   </div>
   <div class='ocr_carea' id='block_1_4' title="bbox 580 599 2177 680">
    <p class='ocr_par' dir='ltr' id='par_1_4' title="bbox 580 599 1817 671">
     <span class='ocr_line' id='line_1_4' title="bbox 580 599 1817 671; baseline -0.011 -11"><span class='ocrx_word' id='word_1_36' title='bbox 580 600 762 671; x_wconf 80' lang='lat' dir='ltr'><strong>thue</strong></span> <span class='ocrx_word' id='word_1_37' title='bbox 789 599 906 658; x_wconf 87' lang='lat' dir='ltr'><strong>dies</strong></span> <span class='ocrx_word' id='word_1_38' title='bbox 931 606 1152 657; x_wconf 90' lang='lat' dir='ltr'><strong>nostros</strong></span> <span class='ocrx_word' id='word_1_39' title='bbox 1175 602 1426 670; x_wconf 77' lang='lat' dir='ltr'><strong>protegat</strong></span> <span class='ocrx_word' id='word_1_40' title='bbox 1448 602 1611 665; x_wconf 87' lang='lat' dir='ltr'><strong>atque</strong></span> <span class='ocrx_word' id='word_1_41' title='bbox 1646 599 1817 665; x_wconf 90' lang='lat' dir='ltr'><strong>regat.</strong></span> 
     </span>
    </p>
   </div>
   <div class='ocr_carea' id='block_1_5' title="bbox 2068 599 3665 680">
    <p class='ocr_par' dir='ltr' id='par_1_5' title="bbox 2197 607 3665 680">
     <span class='ocr_line' id='line_1_5' title="bbox 2197 607 3665 680; baseline 0.001 -15"><span class='ocrx_word' id='word_1_42' title='bbox 2197 607 2465 680; x_wconf 86' lang='lat' dir='ltr'><strong>Opprimit</strong></span> <span class='ocrx_word' id='word_1_43' title='bbox 2487 615 2542 664; x_wconf 89' lang='lat' dir='ltr'><strong>et</strong></span> <span class='ocrx_word' id='word_1_44' title='bbox 2568 608 2797 663; x_wconf 87' lang='lat' dir='ltr'><strong>miseros</strong></span> <span class='ocrx_word' id='word_1_45' title='bbox 2824 609 3182 679; x_wconf 88' lang='lat' dir='ltr'><strong>quorumdam</strong></span> <span class='ocrx_word' id='word_1_46' title='bbox 3217 624 3361 665; x_wconf 67' lang='lat' dir='ltr'><strong>saeva</strong></span> <span class='ocrx_word' id='word_1_47' title='bbox 3380 614 3625 680; x_wconf 84' lang='lat' dir='ltr'><strong>potestas</strong></span> <span class='ocrx_word' id='word_1_48' title='bbox 3646 649 3665 675; x_wconf 88' lang='lat'><em>.</em></span> 
     </span>
    </p>
   </div>
   <div class='ocr_carea' id='block_1_6' title="bbox 1151 699 3375 772">
    <p class='ocr_par' dir='ltr' id='par_1_6' title="bbox 1151 699 3375 772">
     <span class='ocr_line' id='line_1_6' title="bbox 1151 699 3375 772; baseline -0.007 0"><span class='ocrx_word' id='word_1_49' title='bbox 1151 710 1453 772; x_wconf 74' lang='lat' dir='ltr'><strong>CCXXXII.</strong></span> <span class='ocrx_word' id='word_1_50' title='bbox 2265 699 2493 770; x_wconf 88' lang='lat' dir='ltr'><strong>Impleat</strong></span> <span class='ocrx_word' id='word_1_51' title='bbox 2518 707 2580 754; x_wconf 91' lang='lat' dir='ltr'><strong>ut</strong></span> <span class='ocrx_word' id='word_1_52' title='bbox 2603 716 2797 756; x_wconf 88' lang='lat' dir='ltr'><strong>saccos</strong></span> <span class='ocrx_word' id='word_1_53' title='bbox 2830 701 2981 757; x_wconf 85' lang='lat' dir='ltr'><strong>dives</strong></span> <span class='ocrx_word' id='word_1_54' title='bbox 3008 702 3076 756; x_wconf 90' lang='lat' dir='ltr'><strong>ab</strong></span> <span class='ocrx_word' id='word_1_55' title='bbox 3103 716 3199 757; x_wconf 92' lang='lat' dir='ltr'><strong>ore</strong></span> <span class='ocrx_word' id='word_1_56' title='bbox 3226 717 3375 757; x_wconf 90' lang='lat' dir='ltr'><strong>suos.</strong></span> 
     </span>
    </p>
   </div>
   <div class='ocr_carea' id='block_1_7' title="bbox 950 790 3538 865">
    <p class='ocr_par' dir='ltr' id='par_1_7' title="bbox 950 790 3538 865">
     <span class='ocr_line' id='line_1_7' title="bbox 950 790 3538 865; baseline -0.001 -12"><span class='ocrx_word' id='word_1_57' title='bbox 950 822 978 853; x_wconf 86' lang='lat' dir='ltr'><strong>a</strong></span> <span class='ocrx_word' id='word_1_58' title='bbox 1007 810 1087 865; x_wconf 80' lang='lat' dir='ltr'><strong>Ad</strong></span> <span class='ocrx_word' id='word_1_59' title='bbox 1117 808 1353 864; x_wconf 80' lang='lat' dir='ltr'><strong>eumdem</strong></span> <span class='ocrx_word' id='word_1_60' title='bbox 1390 802 1661 860; x_wconf 70' lang='lat' dir='ltr'><strong>Curatum.</strong></span> <span class='ocrx_word' id='word_1_61' title='bbox 2193 790 2419 862; x_wconf 80' lang='lat' dir='ltr'><strong>Impune</strong></span> <span class='ocrx_word' id='word_1_62' title='bbox 2449 791 2765 847; x_wconf 89' lang='lat' dir='ltr'><strong>discurrunt</strong></span> <span class='ocrx_word' id='word_1_63' title='bbox 2799 791 3062 847; x_wconf 80' lang='lat' dir='ltr'><strong>facientes</strong></span> <span class='ocrx_word' id='word_1_64' title='bbox 3091 792 3235 848; x_wconf 90' lang='lat' dir='ltr'><strong>furta</strong></span> <span class='ocrx_word' id='word_1_65' title='bbox 3269 792 3538 862; x_wconf 86' lang='lat' dir='ltr'><strong>latrones,</strong></span> 
     </span>
    </p>
   </div>
   <div class='ocr_carea' id='block_1_8' title="bbox 502 881 3316 967">
    <p class='ocr_par' dir='ltr' id='par_1_8' title="bbox 502 881 3316 967">
     <span class='ocr_line' id='line_1_8' title="bbox 502 881 3316 967; baseline -0.01 -1"><span class='ocrx_word' id='word_1_66' title='bbox 502 907 760 967; x_wconf 83' lang='lat' dir='ltr'><strong>Carmina</strong></span> <span class='ocrx_word' id='word_1_67' title='bbox 791 904 991 962; x_wconf 88' lang='lat' dir='ltr'><strong>dilecto</strong></span> <span class='ocrx_word' id='word_1_68' title='bbox 1017 904 1184 959; x_wconf 82' lang='lat' dir='ltr'><strong>faciat</strong></span> <span class='ocrx_word' id='word_1_69' title='bbox 1208 917 1327 957; x_wconf 91' lang='lat' dir='ltr'><strong>mea</strong></span> <span class='ocrx_word' id='word_1_70' title='bbox 1361 899 1544 956; x_wconf 89' lang='lat' dir='ltr'><strong>ﬁstula</strong></span> <span class='ocrx_word' id='word_1_71' title='bbox 1571 894 1741 951; x_wconf 92' lang='lat' dir='ltr'><strong>David</strong></span> <span class='ocrx_word' id='word_1_72' title='bbox 1758 936 1774 962; x_wconf 90' lang='lat'><strong>,</strong></span> <span class='ocrx_word' id='word_1_73' title='bbox 2266 881 2480 939; x_wconf 87' lang='lat' dir='ltr'><strong>Ultores</strong></span> <span class='ocrx_word' id='word_1_74' title='bbox 2516 882 2783 938; x_wconf 89' lang='lat' dir='ltr'><strong>scelerum</strong></span> <span class='ocrx_word' id='word_1_75' title='bbox 2813 891 2943 939; x_wconf 90' lang='lat' dir='ltr'><strong>sunt</strong></span> <span class='ocrx_word' id='word_1_76' title='bbox 2967 884 3135 938; x_wconf 89' lang='lat' dir='ltr'><strong>etiam</strong></span> <span class='ocrx_word' id='word_1_77' title='bbox 3162 885 3316 940; x_wconf 89' lang='lat' dir='ltr'><strong>socii.</strong></span> 
     </span>
    </p>
   </div>
   <div class='ocr_carea' id='block_1_9' title="bbox 2192 973 3624 1049">
    <p class='ocr_par' dir='ltr' id='par_1_9' title="bbox 2192 973 3624 1049">
     <span class='ocr_line' id='line_1_9' title="bbox 2192 973 3624 1049; baseline 0.006 -20"><span class='ocrx_word' id='word_1_78' title='bbox 2192 973 2345 1029; x_wconf 87' lang='lat' dir='ltr'><strong>Talia</strong></span> <span class='ocrx_word' id='word_1_79' title='bbox 2374 983 2686 1045; x_wconf 86' lang='lat' dir='ltr'><strong>compescat</strong></span> <span class='ocrx_word' id='word_1_80' title='bbox 2707 983 2819 1042; x_wconf 91' lang='lat' dir='ltr'><strong>tua,</strong></span> <span class='ocrx_word' id='word_1_81' title='bbox 2849 991 2969 1043; x_wconf 89' lang='lat' dir='ltr'><strong>rex,</strong></span> <span class='ocrx_word' id='word_1_82' title='bbox 2993 978 3305 1034; x_wconf 87' lang='lat' dir='ltr'><strong>veneranda</strong></span> <span class='ocrx_word' id='word_1_83' title='bbox 3334 986 3624 1049; x_wconf 73' lang='lat' dir='ltr'><strong>potestas;</strong></span> 
     </span>
    </p>
   </div>
   <div class='ocr_carea' id='block_1_10' title="bbox 2262 1063 3275 1135">
    <p class='ocr_par' dir='ltr' id='par_1_10' title="bbox 2262 1063 3275 1135">
     <span class='ocr_line' id='line_1_10' title="bbox 2262 1063 3275 1135; baseline 0.003 -16"><span class='ocrx_word' id='word_1_84' title='bbox 2262 1063 2552 1121; x_wconf 81' lang='lat' dir='ltr'><strong>Rectorem</strong></span> <span class='ocrx_word' id='word_1_85' title='bbox 2582 1065 2736 1135; x_wconf 90' lang='lat' dir='ltr'><strong>regni</strong></span> <span class='ocrx_word' id='word_1_86' title='bbox 2761 1072 2814 1121; x_wconf 90' lang='lat' dir='ltr'><strong>te</strong></span> <span class='ocrx_word' id='word_1_87' title='bbox 2839 1065 2983 1122; x_wconf 88' lang='lat' dir='ltr'><strong>Deus</strong></span> <span class='ocrx_word' id='word_1_88' title='bbox 3012 1067 3275 1123; x_wconf 84' lang='lat' dir='ltr'><strong>instituit.</strong></span> 
     </span>
    </p>
   </div>
   <div class='ocr_carea' id='block_1_11' title="bbox 2187 1155 3580 1233">
    <p class='ocr_par' dir='ltr' id='par_1_11' title="bbox 2187 1155 3580 1233">
     <span class='ocr_line' id='line_1_11' title="bbox 2187 1155 3580 1233; baseline 0.006 -21"><span class='ocrx_word' id='word_1_89' title='bbox 2187 1155 2331 1213; x_wconf 85' lang='lat' dir='ltr'><strong>Grex</strong></span> <span class='ocrx_word' id='word_1_90' title='bbox 2354 1164 2439 1212; x_wconf 92' lang='lat' dir='ltr'><strong>est</strong></span> <span class='ocrx_word' id='word_1_91' title='bbox 2461 1158 2659 1228; x_wconf 88' lang='lat' dir='ltr'><strong>quippe</strong></span> <span class='ocrx_word' id='word_1_92' title='bbox 2689 1168 2814 1213; x_wconf 89' lang='lat' dir='ltr'><strong>tuus</strong></span> <span class='ocrx_word' id='word_1_93' title='bbox 2835 1159 3086 1230; x_wconf 91' lang='lat' dir='ltr'><strong>populus,</strong></span> <span class='ocrx_word' id='word_1_94' title='bbox 3119 1169 3179 1216; x_wconf 90' lang='lat' dir='ltr'><strong>tu</strong></span> <span class='ocrx_word' id='word_1_95' title='bbox 3204 1170 3396 1233; x_wconf 85' lang='lat' dir='ltr'><strong>pastor</strong></span> <span class='ocrx_word' id='word_1_96' title='bbox 3416 1162 3580 1222; x_wconf 81' lang='lat' dir='ltr'><strong>ovilis</strong></span> 
     </span>
    </p>
   </div>
   <div class='ocr_carea' id='block_1_12' title="bbox 572 989 1715 1070">
    <p class='ocr_par' dir='ltr' id='par_1_12' title="bbox 572 989 1715 1070">
     <span class='ocr_line' id='line_1_12' title="bbox 572 989 1715 1070; baseline -0.01 -16"><span class='ocrx_word' id='word_1_97' title='bbox 572 997 870 1070; x_wconf 90' lang='lat' dir='ltr'><strong>Laurigero</strong></span> <span class='ocrx_word' id='word_1_98' title='bbox 894 995 1067 1049; x_wconf 81' lang='lat' dir='ltr'><strong>David</strong></span> <span class='ocrx_word' id='word_1_99' title='bbox 1095 993 1341 1049; x_wconf 86' lang='lat' dir='ltr'><strong>carmine</strong></span> <span class='ocrx_word' id='word_1_100' title='bbox 1367 992 1564 1063; x_wconf 90' lang='lat' dir='ltr'><strong>dignus</strong></span> <span class='ocrx_word' id='word_1_101' title='bbox 1592 989 1715 1045; x_wconf 91' lang='lat' dir='ltr'><strong>erit.</strong></span> 
     </span>
    </p>
   </div>
   <div class='ocr_carea' id='block_1_13' title="bbox 499 1081 1902 1160">
    <p class='ocr_par' dir='ltr' id='par_1_13' title="bbox 499 1081 1902 1160">
     <span class='ocr_line' id='line_1_13' title="bbox 499 1081 1902 1160; baseline -0.008 -13"><span class='ocrx_word' id='word_1_102' title='bbox 499 1090 672 1147; x_wconf 82' lang='lat' dir='ltr'><strong>David</strong></span> <span class='ocrx_word' id='word_1_103' title='bbox 699 1105 853 1147; x_wconf 88' lang='lat' dir='ltr'><strong>amor</strong></span> <span class='ocrx_word' id='word_1_104' title='bbox 879 1087 1082 1160; x_wconf 89' lang='lat' dir='ltr'><strong>populi,</strong></span> <span class='ocrx_word' id='word_1_105' title='bbox 1113 1086 1285 1141; x_wconf 92' lang='lat' dir='ltr'><strong>David</strong></span> <span class='ocrx_word' id='word_1_106' title='bbox 1318 1086 1455 1150; x_wconf 91' lang='lat' dir='ltr'><strong>laus,</strong></span> <span class='ocrx_word' id='word_1_107' title='bbox 1494 1084 1663 1156; x_wconf 87' lang='lat' dir='ltr'><strong>gloria</strong></span> <span class='ocrx_word' id='word_1_108' title='bbox 1693 1081 1867 1155; x_wconf 90' lang='lat' dir='ltr'><strong>plebis</strong></span> <span class='ocrx_word' id='word_1_109' title='bbox 1888 1122 1902 1146; x_wconf 88' lang='lat'><strong>,</strong></span> 
     </span>
    </p>
   </div>
   <div class='ocr_carea' id='block_1_14' title="bbox 566 1175 1825 1254">
    <p class='ocr_par' dir='ltr' id='par_1_14' title="bbox 566 1175 1825 1254">
     <span class='ocr_line' id='line_1_14' title="bbox 566 1175 1825 1254; baseline -0.008 -16"><span class='ocrx_word' id='word_1_110' title='bbox 566 1182 746 1254; x_wconf 82' lang='lat' dir='ltr'><strong>Atque</strong></span> <span class='ocrx_word' id='word_1_111' title='bbox 775 1181 943 1237; x_wconf 90' lang='lat' dir='ltr'><strong>decus</strong></span> <span class='ocrx_word' id='word_1_112' title='bbox 974 1178 1149 1250; x_wconf 89' lang='lat' dir='ltr'><strong>regni,</strong></span> <span class='ocrx_word' id='word_1_113' title='bbox 1184 1192 1417 1249; x_wconf 88' lang='lat' dir='ltr'><strong>spesque</strong></span> <span class='ocrx_word' id='word_1_114' title='bbox 1451 1191 1654 1231; x_wconf 90' lang='lat' dir='ltr'><strong>corona</strong></span> <span class='ocrx_word' id='word_1_115' title='bbox 1692 1175 1825 1230; x_wconf 91' lang='lat' dir='ltr'><strong>suis.</strong></span> 
     </span>
    </p>
   </div>
   <div class='ocr_carea' id='block_1_15' title="bbox 494 1254 3466 1348">
    <p class='ocr_par' dir='ltr' id='par_1_15' title="bbox 494 1254 3466 1348">
     <span class='ocr_line' id='line_1_15' title="bbox 494 1254 3466 1348; baseline -0.009 -13"><span class='ocrx_word' id='word_1_116' title='bbox 494 1277 574 1335; x_wconf 88' lang='lat' dir='ltr'><strong>Ite</strong></span> <span class='ocrx_word' id='word_1_117' title='bbox 609 1293 707 1348; x_wconf 89' lang='lat' dir='ltr'><strong>per</strong></span> <span class='ocrx_word' id='word_1_118' title='bbox 743 1275 1085 1346; x_wconf 80' lang='lat' dir='ltr'><strong>Hespericas,</strong></span> <span class='ocrx_word' id='word_1_119' title='bbox 1119 1287 1309 1336; x_wconf 66' lang='lat' dir='ltr'><strong>musae,</strong></span> <span class='ocrx_word' id='word_1_120' title='bbox 1349 1269 1704 1324; x_wconf 88' lang='lat' dir='ltr'><strong>concentibus</strong></span> <span class='ocrx_word' id='word_1_121' title='bbox 1741 1266 1906 1321; x_wconf 82' lang='lat' dir='ltr'><strong>urbes</strong></span> <span class='ocrx_word' id='word_1_122' title='bbox 2257 1254 2483 1321; x_wconf 82' lang='lat' dir='ltr'><strong>NobiliS,</strong></span> <span class='ocrx_word' id='word_1_123' title='bbox 2515 1257 2737 1327; x_wconf 78' lang='lat' dir='ltr'><strong>egregii,</strong></span> <span class='ocrx_word' id='word_1_124' title='bbox 2769 1272 3001 1329; x_wconf 86' lang='lat' dir='ltr'><strong>magnus</strong></span> <span class='ocrx_word' id='word_1_125' title='bbox 3036 1259 3094 1313; x_wconf 91' lang='lat' dir='ltr'><strong>in</strong></span> <span class='ocrx_word' id='word_1_126' title='bbox 3132 1260 3265 1315; x_wconf 84' lang='lat' dir='ltr'><strong>orbe</strong></span> <span class='ocrx_word' id='word_1_127' title='bbox 3288 1268 3466 1331; x_wconf 79' lang='lat' dir='ltr'><strong>pater.</strong></span> 
     </span>
    </p>
   </div>
   <div class='ocr_carea' id='block_1_16' title="bbox 568 1350 3467 1430">
    <p class='ocr_par' dir='ltr' id='par_1_16' title="bbox 568 1350 3467 1430">
     <span class='ocr_line' id='line_1_16' title="bbox 568 1350 3467 1430; baseline -0.005 -5"><span class='ocrx_word' id='word_1_128' title='bbox 568 1368 880 1426; x_wconf 87' lang='lat' dir='ltr'><strong>Clamantes</strong></span> <span class='ocrx_word' id='word_1_129' title='bbox 914 1385 927 1421; x_wconf 91' lang='lat'>:</span> <span class='ocrx_word' id='word_1_130' title='bbox 956 1363 1129 1419; x_wconf 81' lang='lat' dir='ltr'><strong>David</strong></span> <span class='ocrx_word' id='word_1_131' title='bbox 1152 1376 1368 1430; x_wconf 89' lang='lat' dir='ltr'><strong>semper</strong></span> <span class='ocrx_word' id='word_1_132' title='bbox 1402 1359 1600 1429; x_wconf 88' lang='lat' dir='ltr'><strong>ubique</strong></span> <span class='ocrx_word' id='word_1_133' title='bbox 1626 1357 1747 1412; x_wconf 91' lang='lat' dir='ltr'><strong>vale</strong></span> <span class='ocrx_word' id='word_1_134' title='bbox 1774 1358 1787 1410; x_wconf 74' lang='grc' dir='ltr'><strong>ε</strong></span> <span class='ocrx_word' id='word_1_135' title='bbox 2186 1350 2258 1407; x_wconf 92' lang='lat' dir='ltr'><strong>Ut</strong></span> <span class='ocrx_word' id='word_1_136' title='bbox 2282 1360 2374 1407; x_wconf 89' lang='lat' dir='ltr'><strong>tua</strong></span> <span class='ocrx_word' id='word_1_137' title='bbox 2414 1351 2670 1407; x_wconf 87' lang='lat' dir='ltr'><strong>nobilitas</strong></span> <span class='ocrx_word' id='word_1_138' title='bbox 2694 1393 2709 1415; x_wconf 87' lang='lat'><strong>,</strong></span> <span class='ocrx_word' id='word_1_139' title='bbox 2743 1353 2823 1407; x_wconf 91' lang='lat' dir='ltr'><strong>sic</strong></span> <span class='ocrx_word' id='word_1_140' title='bbox 2864 1360 2920 1408; x_wconf 89' lang='lat' dir='ltr'><strong>et</strong></span> <span class='ocrx_word' id='word_1_141' title='bbox 2946 1354 3214 1424; x_wconf 89' lang='lat' dir='ltr'><strong>sapientia</strong></span> <span class='ocrx_word' id='word_1_142' title='bbox 3254 1355 3467 1411; x_wconf 91' lang='lat' dir='ltr'><strong>cunctis</strong></span> 
     </span>
    </p>
   </div>
   <div class='ocr_carea' id='block_1_17' title="bbox 491 1442 3546 1531">
    <p class='ocr_par' dir='ltr' id='par_1_17' title="bbox 491 1442 3546 1531">
     <span class='ocr_line' id='line_1_17' title="bbox 491 1442 3546 1531; baseline -0.004 -15"><span class='ocrx_word' id='word_1_143' title='bbox 491 1459 685 1527; x_wconf 81' lang='lat' dir='ltr'><strong>Terra,</strong></span> <span class='ocrx_word' id='word_1_144' title='bbox 716 1458 895 1531; x_wconf 91' lang='lat' dir='ltr'><strong>polus,</strong></span> <span class='ocrx_word' id='word_1_145' title='bbox 925 1456 1147 1528; x_wconf 89' lang='lat' dir='ltr'><strong>pelagus</strong></span> <span class='ocrx_word' id='word_1_146' title='bbox 1187 1457 1448 1507; x_wconf 75' lang='lat' dir='ltr'><strong>resonent</strong></span> <span class='ocrx_word' id='word_1_147' title='bbox 1481 1450 1585 1504; x_wconf 91' lang='lat' dir='ltr'><strong>hoc</strong></span> <span class='ocrx_word' id='word_1_148' title='bbox 1614 1462 1747 1503; x_wconf 86' lang='lat' dir='ltr'><strong>voce</strong></span> <span class='ocrx_word' id='word_1_149' title='bbox 1776 1460 2007 1505; x_wconf 88' lang='lat' dir='ltr'><strong>sonora.</strong></span> <span class='ocrx_word' id='word_1_150' title='bbox 2255 1442 2553 1507; x_wconf 79' lang='lat' dir='ltr'><strong>Praecellat,</strong></span> <span class='ocrx_word' id='word_1_151' title='bbox 2585 1443 2779 1509; x_wconf 90' lang='lat' dir='ltr'><strong>virtus,</strong></span> <span class='ocrx_word' id='word_1_152' title='bbox 2806 1443 2945 1510; x_wconf 89' lang='lat' dir='ltr'><strong>laus,</strong></span> <span class='ocrx_word' id='word_1_153' title='bbox 2970 1445 3145 1501; x_wconf 90' lang='lat' dir='ltr'><strong>honor</strong></span> <span class='ocrx_word' id='word_1_154' title='bbox 3167 1455 3331 1517; x_wconf 87' lang='lat' dir='ltr'><strong>atque</strong></span> <span class='ocrx_word' id='word_1_155' title='bbox 3355 1446 3546 1505; x_wconf 85' lang='lat' dir='ltr'><strong>decus.</strong></span> 
     </span>
    </p>
   </div>
   <div class='ocr_carea' id='block_1_18' title="bbox 564 1536 3549 1609">
    <p class='ocr_par' dir='ltr' id='par_1_18' title="bbox 564 1536 3549 1609">
     <span class='ocr_line' id='line_1_18' title="bbox 564 1536 3549 1609; baseline -0.005 0"><span class='ocrx_word' id='word_1_156' title='bbox 564 1554 722 1609; x_wconf 90' lang='lat' dir='ltr'><strong>Dicat</strong></span> <span class='ocrx_word' id='word_1_157' title='bbox 747 1560 803 1607; x_wconf 90' lang='lat' dir='ltr'><strong>et</strong></span> <span class='ocrx_word' id='word_1_158' title='bbox 824 1550 972 1606; x_wconf 90' lang='lat' dir='ltr'><strong>orbis</strong></span> <span class='ocrx_word' id='word_1_159' title='bbox 1003 1566 1015 1602; x_wconf 92' lang='lat'><strong>:</strong></span> <span class='ocrx_word' id='word_1_160' title='bbox 1045 1546 1220 1600; x_wconf 88' lang='lat' dir='ltr'><strong>honor</strong></span> <span class='ocrx_word' id='word_1_161' title='bbox 1246 1544 1317 1599; x_wconf 89' lang='lat' dir='ltr'><strong>sit</strong></span> <span class='ocrx_word' id='word_1_162' title='bbox 1340 1543 1427 1599; x_wconf 91' lang='lat' dir='ltr'><strong>cui</strong></span> <span class='ocrx_word' id='word_1_163' title='bbox 1454 1542 1588 1608; x_wconf 91' lang='lat' dir='ltr'><strong>vita,</strong></span> <span class='ocrx_word' id='word_1_164' title='bbox 1623 1541 1789 1598; x_wconf 85' lang='lat' dir='ltr'><strong>salus.</strong></span> <span class='ocrx_word' id='word_1_165' title='bbox 2181 1536 2265 1592; x_wconf 89' lang='lat' dir='ltr'><strong>Ad</strong></span> <span class='ocrx_word' id='word_1_166' title='bbox 2294 1544 2347 1591; x_wconf 90' lang='lat' dir='ltr'><strong>te</strong></span> <span class='ocrx_word' id='word_1_167' title='bbox 2375 1536 2677 1606; x_wconf 89' lang='lat' dir='ltr'><strong>respiciunt</strong></span> <span class='ocrx_word' id='word_1_168' title='bbox 2716 1536 3040 1592; x_wconf 87' lang='lat' dir='ltr'><strong>famulorum</strong></span> <span class='ocrx_word' id='word_1_169' title='bbox 3080 1547 3205 1605; x_wconf 80' lang='lat' dir='ltr'><strong>vota</strong></span> <span class='ocrx_word' id='word_1_170' title='bbox 3233 1548 3452 1594; x_wconf 91' lang='lat' dir='ltr'><strong>tuorum</strong></span> <span class='ocrx_word' id='word_1_171' title='bbox 3477 1579 3493 1605; x_wconf 92' lang='lat'><strong>,</strong></span> <span class='ocrx_word' id='word_1_172' title='bbox 3544 1564 3549 1567; x_wconf 28' lang='grc' dir='ltr'><strong>Α</strong></span> 
     </span>
    </p>
   </div>
   <div class='ocr_carea' id='block_1_19' title="bbox 491 1626 3556 1718">
    <p class='ocr_par' dir='ltr' id='par_1_19' title="bbox 491 1626 3556 1718">
     <span class='ocr_line' id='line_1_19' title="bbox 491 1626 3556 1718; baseline -0.005 -16"><span class='ocrx_word' id='word_1_173' title='bbox 491 1643 609 1702; x_wconf 78' lang='lat' dir='ltr'><strong>Hoc</strong></span> <span class='ocrx_word' id='word_1_174' title='bbox 626 1653 814 1718; x_wconf 90' lang='lat' dir='ltr'><strong>optent</strong></span> <span class='ocrx_word' id='word_1_175' title='bbox 831 1642 1082 1716; x_wconf 88' lang='lat' dir='ltr'><strong>precibus</strong></span> <span class='ocrx_word' id='word_1_176' title='bbox 1106 1638 1267 1693; x_wconf 89' lang='lat' dir='ltr'><strong>simul</strong></span> <span class='ocrx_word' id='word_1_177' title='bbox 1288 1638 1503 1708; x_wconf 85' lang='lat' dir='ltr'><strong>agmina</strong></span> <span class='ocrx_word' id='word_1_178' title='bbox 1524 1643 1714 1691; x_wconf 90' lang='lat' dir='ltr'><strong>sancta</strong></span> <span class='ocrx_word' id='word_1_179' title='bbox 1736 1632 2002 1705; x_wconf 92' lang='lat' dir='ltr'><strong>polorum,</strong></span> <span class='ocrx_word' id='word_1_180' title='bbox 2258 1626 2397 1695; x_wconf 85' lang='lat' dir='ltr'><strong>Quid</strong></span> <span class='ocrx_word' id='word_1_181' title='bbox 2427 1636 2517 1682; x_wconf 90' lang='lat' dir='ltr'><strong>tua</strong></span> <span class='ocrx_word' id='word_1_182' title='bbox 2545 1636 2927 1699; x_wconf 83' lang='lat' dir='ltr'><strong>exspectantes</strong></span> <span class='ocrx_word' id='word_1_183' title='bbox 2956 1645 3114 1685; x_wconf 89' lang='lat' dir='ltr'><strong>mens</strong></span> <span class='ocrx_word' id='word_1_184' title='bbox 3141 1631 3229 1700; x_wconf 88' lang='lat' dir='ltr'><strong>pia</strong></span> <span class='ocrx_word' id='word_1_185' title='bbox 3256 1631 3556 1702; x_wconf 79' lang='lat' dir='ltr'><strong>praecipiat.</strong></span> 
     </span>
    </p>
   </div>
   <div class='ocr_carea' id='block_1_20' title="bbox 562 1716 3602 1799">
    <p class='ocr_par' dir='ltr' id='par_1_20' title="bbox 562 1716 3602 1799">
     <span class='ocr_line' id='line_1_20' title="bbox 562 1716 3602 1799; baseline -0.006 -4"><span class='ocrx_word' id='word_1_186' title='bbox 562 1716 679 1795; x_wconf 83' lang='lat' dir='ltr'><strong>Hoc</strong></span> <span class='ocrx_word' id='word_1_187' title='bbox 704 1739 906 1795; x_wconf 90' lang='lat' dir='ltr'><strong>tribuat</strong></span> <span class='ocrx_word' id='word_1_188' title='bbox 929 1737 1168 1794; x_wconf 88' lang='lat' dir='ltr'><strong>clemens</strong></span> <span class='ocrx_word' id='word_1_189' title='bbox 1198 1732 1447 1794; x_wconf 85' lang='lat' dir='ltr'><strong>Christus</strong></span> <span class='ocrx_word' id='word_1_190' title='bbox 1472 1731 1541 1785; x_wconf 91' lang='lat' dir='ltr'><strong>ab</strong></span> <span class='ocrx_word' id='word_1_191' title='bbox 1568 1743 1694 1784; x_wconf 89' lang='lat' dir='ltr'><strong>arce</strong></span> <span class='ocrx_word' id='word_1_192' title='bbox 1721 1726 1849 1799; x_wconf 90' lang='lat' dir='ltr'><strong>poli.</strong></span> <span class='ocrx_word' id='word_1_193' title='bbox 2105 1780 2153 1799; x_wconf 44' lang='lat' dir='ltr'><strong>ﬁ</strong></span> <span class='ocrx_word' id='word_1_194' title='bbox 2180 1716 2303 1789; x_wconf 79' lang='lat' dir='ltr'><strong>Ipsa</strong></span> <span class='ocrx_word' id='word_1_195' title='bbox 2326 1727 2490 1789; x_wconf 90' lang='lat' dir='ltr'><strong>caput</strong></span> <span class='ocrx_word' id='word_1_196' title='bbox 2513 1719 2700 1773; x_wconf 90' lang='lat' dir='ltr'><strong>mundi</strong></span> <span class='ocrx_word' id='word_1_197' title='bbox 2728 1727 2942 1789; x_wconf 88' lang='lat' dir='ltr'><strong>spectat</strong></span> <span class='ocrx_word' id='word_1_198' title='bbox 2967 1727 3021 1776; x_wconf 90' lang='lat' dir='ltr'><strong>te</strong></span> <span class='ocrx_word' id='word_1_199' title='bbox 3057 1719 3232 1775; x_wconf 81' lang='lat' dir='ltr'><strong>Roma</strong></span> <span class='ocrx_word' id='word_1_200' title='bbox 3263 1729 3559 1792; x_wconf 89' lang='lat' dir='ltr'><strong>patronum</strong></span> <span class='ocrx_word' id='word_1_201' title='bbox 3583 1761 3602 1789; x_wconf 93' lang='lat'><strong>,</strong></span> 
     </span>
    </p>
   </div>
   <div class='ocr_carea' id='block_1_21' title="bbox 489 1780 2086 1902">
    <p class='ocr_par' dir='ltr' id='par_1_21' title="bbox 489 1822 1647 1902">
     <span class='ocr_line' id='line_1_21' title="bbox 489 1822 1647 1902; baseline -0.013 -11"><span class='ocrx_word' id='word_1_202' title='bbox 489 1832 564 1891; x_wconf 88' lang='lat' dir='ltr'><strong>Ut</strong></span> <span class='ocrx_word' id='word_1_203' title='bbox 585 1835 752 1898; x_wconf 86' lang='lat' dir='ltr'><strong>vivat,</strong></span> <span class='ocrx_word' id='word_1_204' title='bbox 788 1838 979 1902; x_wconf 83' lang='lat' dir='ltr'><strong>regnet</strong></span> <span class='ocrx_word' id='word_1_205' title='bbox 999 1828 1185 1883; x_wconf 88' lang='lat' dir='ltr'><strong>multis</strong></span> <span class='ocrx_word' id='word_1_206' title='bbox 1208 1826 1437 1882; x_wconf 80' lang='lat' dir='ltr'><strong>feliciter</strong></span> <span class='ocrx_word' id='word_1_207' title='bbox 1465 1822 1647 1887; x_wconf 90' lang='lat' dir='ltr'><strong>annis,</strong></span> 
     </span>
    </p>
   </div>
   <div class='ocr_carea' id='block_1_22' title="bbox 1877 1780 3474 1902">
    <p class='ocr_par' dir='ltr' id='par_1_22' title="bbox 2104 1780 3474 1885">
     <span class='ocr_line' id='line_1_22' title="bbox 2104 1780 3474 1885; baseline 0.006 -23"><span class='ocrx_word' id='word_1_208' title='bbox 2104 1780 2154 1842; x_wconf 76' lang='grc' dir='ltr'><strong><em>Β</em></strong></span> <span class='ocrx_word' id='word_1_209' title='bbox 2205 1780 2223 1789; x_wconf 39' lang='grc' dir='ltr'>ι</span> <span class='ocrx_word' id='word_1_210' title='bbox 2252 1780 2584 1865; x_wconf 48' lang='lat' dir='ltr'><strong>Cum-Patre</strong></span> <span class='ocrx_word' id='word_1_211' title='bbox 2622 1818 2677 1866; x_wconf 91' lang='lat' dir='ltr'><strong>et</strong></span> <span class='ocrx_word' id='word_1_212' title='bbox 2698 1780 2916 1883; x_wconf 78' lang='lat' dir='ltr'><strong>populo,</strong></span> <span class='ocrx_word' id='word_1_213' title='bbox 2943 1813 3095 1883; x_wconf 88' lang='lat' dir='ltr'><strong>pacis</strong></span> <span class='ocrx_word' id='word_1_214' title='bbox 3125 1780 3312 1869; x_wconf 67' lang='lat' dir='ltr'><strong>amore</strong></span> <span class='ocrx_word' id='word_1_215' title='bbox 3336 1814 3426 1885; x_wconf 91' lang='lat' dir='ltr'><strong>pio</strong></span> <span class='ocrx_word' id='word_1_216' title='bbox 3460 1830 3474 1845; x_wconf 75' lang='grc'><strong><em>⁸</em></strong></span> 
     </span>
    </p>
   </div>
   <div class='ocr_carea' id='block_1_23' title="bbox 557 1904 3711 1993">
    <p class='ocr_par' dir='ltr' id='par_1_23' title="bbox 557 1904 3711 1993">
     <span class='ocr_line' id='line_1_23' title="bbox 557 1904 3711 1993; baseline -0.003 -12"><span class='ocrx_word' id='word_1_217' title='bbox 557 1926 643 1981; x_wconf 86' lang='lat' dir='ltr'><strong>Ad</strong></span> <span class='ocrx_word' id='word_1_218' title='bbox 671 1924 884 1979; x_wconf 91' lang='lat' dir='ltr'><strong>laudem</strong></span> <span class='ocrx_word' id='word_1_219' title='bbox 912 1919 1123 1993; x_wconf 90' lang='lat' dir='ltr'><strong>populi,</strong></span> <span class='ocrx_word' id='word_1_220' title='bbox 1150 1917 1319 1973; x_wconf 87' lang='lat' dir='ltr'><strong>David</strong></span> <span class='ocrx_word' id='word_1_221' title='bbox 1344 1915 1399 1970; x_wconf 92' lang='lat' dir='ltr'><strong>in</strong></span> <span class='ocrx_word' id='word_1_222' title='bbox 1429 1912 1559 1970; x_wconf 91' lang='lat' dir='ltr'><strong>orbe</strong></span> <span class='ocrx_word' id='word_1_223' title='bbox 1585 1912 1725 1983; x_wconf 90' lang='lat' dir='ltr'><strong>pius.</strong></span> <span class='ocrx_word' id='word_1_224' title='bbox 2178 1904 2326 1974; x_wconf 93' lang='lat' dir='ltr'><strong>Quos</strong></span> <span class='ocrx_word' id='word_1_225' title='bbox 2354 1923 2613 1964; x_wconf 86' lang='lat' dir='ltr'><strong>revocare</strong></span> <span class='ocrx_word' id='word_1_226' title='bbox 2634 1909 2853 1978; x_wconf 88' lang='lat' dir='ltr'><strong>quidem</strong></span> <span class='ocrx_word' id='word_1_227' title='bbox 2883 1911 3102 1965; x_wconf 88' lang='lat' dir='ltr'><strong>studeat</strong></span> <span class='ocrx_word' id='word_1_228' title='bbox 3123 1918 3217 1965; x_wconf 91' lang='lat' dir='ltr'><strong>tua</strong></span> <span class='ocrx_word' id='word_1_229' title='bbox 3240 1920 3431 1969; x_wconf 83' lang='lat' dir='ltr'><strong>sancta</strong></span> <span class='ocrx_word' id='word_1_230' title='bbox 3455 1912 3711 1971; x_wconf 69' lang='lat' dir='ltr'><strong>voluntas</strong></span> 
     </span>
    </p>
   </div>
   <div class='ocr_carea' id='block_1_24' title="bbox 486 1998 3296 2082">
    <p class='ocr_par' dir='ltr' id='par_1_24' title="bbox 486 1998 3296 2082">
     <span class='ocr_line' id='line_1_24' title="bbox 486 1998 3296 2082; baseline -0.006 -9"><span class='ocrx_word' id='word_1_231' title='bbox 486 2015 791 2073; x_wconf 85' lang='lat' dir='ltr'><strong>Transacto</strong></span> <span class='ocrx_word' id='word_1_232' title='bbox 815 2021 870 2068; x_wconf 90' lang='lat' dir='ltr'><strong>et</strong></span> <span class='ocrx_word' id='word_1_233' title='bbox 897 2012 1024 2067; x_wconf 86' lang='lat' dir='ltr'><strong>felix</strong></span> <span class='ocrx_word' id='word_1_234' title='bbox 1053 2008 1339 2082; x_wconf 67' lang='lat' dir='ltr'><strong>praesentis</strong></span> <span class='ocrx_word' id='word_1_235' title='bbox 1369 2014 1613 2076; x_wconf 89' lang='lat' dir='ltr'><strong>tempore</strong></span> <span class='ocrx_word' id='word_1_236' title='bbox 1644 2003 1769 2058; x_wconf 73' lang='lat' dir='ltr'><strong>vita:</strong></span> <span class='ocrx_word' id='word_1_237' title='bbox 2246 1998 2329 2053; x_wconf 85' lang='lat' dir='ltr'><strong>Ad</strong></span> <span class='ocrx_word' id='word_1_238' title='bbox 2350 1999 2501 2069; x_wconf 90' lang='lat' dir='ltr'><strong>pacis</strong></span> <span class='ocrx_word' id='word_1_239' title='bbox 2523 2001 2745 2065; x_wconf 89' lang='lat' dir='ltr'><strong>donum,</strong></span> <span class='ocrx_word' id='word_1_240' title='bbox 2774 2015 2871 2071; x_wconf 91' lang='lat' dir='ltr'><strong>per</strong></span> <span class='ocrx_word' id='word_1_241' title='bbox 2898 2001 2987 2072; x_wconf 91' lang='lat' dir='ltr'><strong>pia</strong></span> <span class='ocrx_word' id='word_1_242' title='bbox 3010 2003 3175 2057; x_wconf 90' lang='lat' dir='ltr'><strong>verba</strong></span> <span class='ocrx_word' id='word_1_243' title='bbox 3199 2002 3296 2058; x_wconf 90' lang='lat' dir='ltr'><strong>Dei</strong></span> 
     </span>
    </p>
   </div>
   <div class='ocr_carea' id='block_1_25' title="bbox 556 2090 3431 2169">
    <p class='ocr_par' dir='ltr' id='par_1_25' title="bbox 556 2090 3431 2169">
     <span class='ocr_line' id='line_1_25' title="bbox 556 2090 3431 2169; baseline -0.003 -8"><span class='ocrx_word' id='word_1_244' title='bbox 556 2104 693 2161; x_wconf 89' lang='lat' dir='ltr'><strong>Cum</strong></span> <span class='ocrx_word' id='word_1_245' title='bbox 714 2103 935 2159; x_wconf 90' lang='lat' dir='ltr'><strong>Christo</strong></span> <span class='ocrx_word' id='word_1_246' title='bbox 965 2108 1151 2156; x_wconf 88' lang='lat' dir='ltr'><strong>teneat</strong></span> <span class='ocrx_word' id='word_1_247' title='bbox 1176 2113 1346 2169; x_wconf 89' lang='lat' dir='ltr'><strong>regna</strong></span> <span class='ocrx_word' id='word_1_248' title='bbox 1383 2096 1540 2151; x_wconf 88' lang='lat' dir='ltr'><strong>beata</strong></span> <span class='ocrx_word' id='word_1_249' title='bbox 1582 2092 1712 2164; x_wconf 89' lang='lat' dir='ltr'><strong>poli.</strong></span> <span class='ocrx_word' id='word_1_250' title='bbox 2176 2090 2339 2159; x_wconf 85' lang='lat' dir='ltr'><strong>Erige</strong></span> <span class='ocrx_word' id='word_1_251' title='bbox 2377 2090 2670 2161; x_wconf 88' lang='lat' dir='ltr'><strong>subjectos,</strong></span> <span class='ocrx_word' id='word_1_252' title='bbox 2701 2101 2754 2149; x_wconf 88' lang='lat' dir='ltr'><strong>et</strong></span> <span class='ocrx_word' id='word_1_253' title='bbox 2771 2091 2885 2162; x_wconf 89' lang='lat' dir='ltr'><strong>jam</strong></span> <span class='ocrx_word' id='word_1_254' title='bbox 2909 2094 3118 2165; x_wconf 90' lang='lat' dir='ltr'><strong>depone</strong></span> <span class='ocrx_word' id='word_1_255' title='bbox 3145 2096 3431 2165; x_wconf 87' lang='lat' dir='ltr'><strong>superbos,</strong></span> 
     </span>
    </p>
   </div>
   <div class='ocr_carea' id='block_1_26' title="bbox 482 2181 2079 2262">
    <p class='ocr_par' dir='ltr' id='par_1_26' title="bbox 482 2188 1859 2262">
     <span class='ocr_line' id='line_1_26' title="bbox 482 2188 1859 2262; baseline -0.011 -2"><span class='ocrx_word' id='word_1_256' title='bbox 482 2203 567 2260; x_wconf 89' lang='lat' dir='ltr'><strong>Ad</strong></span> <span class='ocrx_word' id='word_1_257' title='bbox 602 2211 655 2257; x_wconf 90' lang='lat' dir='ltr'><strong>te</strong></span> <span class='ocrx_word' id='word_1_258' title='bbox 677 2215 844 2260; x_wconf 89' lang='lat' dir='ltr'><strong>nunc.</strong></span> <span class='ocrx_word' id='word_1_259' title='bbox 870 2197 1064 2262; x_wconf 91' lang='lat' dir='ltr'><strong>David,</strong></span> <span class='ocrx_word' id='word_1_260' title='bbox 1095 2194 1298 2249; x_wconf 87' lang='lat' dir='ltr'><strong>referat</strong></span> <span class='ocrx_word' id='word_1_261' title='bbox 1320 2206 1442 2247; x_wconf 91' lang='lat' dir='ltr'><strong>mea</strong></span> <span class='ocrx_word' id='word_1_262' title='bbox 1470 2188 1649 2246; x_wconf 88' lang='lat' dir='ltr'><strong>ﬁstula</strong></span> <span class='ocrx_word' id='word_1_263' title='bbox 1673 2199 1859 2246; x_wconf 88' lang='lat' dir='ltr'><strong>voces.</strong></span> 
     </span>
    </p>
   </div>
   <div class='ocr_carea' id='block_1_27' title="bbox 1776 2181 3373 2262">
    <p class='ocr_par' dir='ltr' id='par_1_27' title="bbox 1776 2181 3373 2257">
     <span class='ocr_line' id='line_1_27' title="bbox 1776 2181 3373 2257; baseline 0.004 -21"><span class='ocrx_word' id='word_1_264' title='bbox 1776 2202 1859 2246; x_wconf 81' lang='lat' dir='ltr'><strong>es.</strong></span> <span class='ocrx_word' id='word_1_265' title='bbox 2249 2181 2319 2237; x_wconf 91' lang='lat' dir='ltr'><strong>Ut</strong></span> <span class='ocrx_word' id='word_1_266' title='bbox 2342 2197 2447 2253; x_wconf 86' lang='lat' dir='ltr'><strong>pax</strong></span> <span class='ocrx_word' id='word_1_267' title='bbox 2470 2191 2526 2238; x_wconf 90' lang='lat' dir='ltr'><strong>et</strong></span> <span class='ocrx_word' id='word_1_268' title='bbox 2547 2185 2722 2253; x_wconf 90' lang='lat' dir='ltr'><strong>pietas</strong></span> <span class='ocrx_word' id='word_1_269' title='bbox 2752 2194 2946 2255; x_wconf 83' lang='lat' dir='ltr'><strong>regnet</strong></span> <span class='ocrx_word' id='word_1_270' title='bbox 2967 2186 3170 2257; x_wconf 91' lang='lat' dir='ltr'><strong>ubique</strong></span> <span class='ocrx_word' id='word_1_271' title='bbox 3197 2202 3373 2242; x_wconf 89' lang='lat' dir='ltr'><strong>sacra.</strong></span> 
     </span>
    </p>
   </div>
   <div class='ocr_carea' id='block_1_28' title="bbox 555 2272 3701 2368">
    <p class='ocr_par' dir='ltr' id='par_1_28' title="bbox 555 2272 3701 2368">
     <span class='ocr_line' id='line_1_28' title="bbox 555 2272 3701 2368; baseline -0.004 -15"><span class='ocrx_word' id='word_1_272' title='bbox 555 2298 723 2367; x_wconf 88' lang='lat' dir='ltr'><strong>Quas,</strong></span> <span class='ocrx_word' id='word_1_273' title='bbox 748 2312 962 2368; x_wconf 87' lang='lat' dir='ltr'><strong>precor,</strong></span> <span class='ocrx_word' id='word_1_274' title='bbox 986 2302 1048 2348; x_wconf 90' lang='lat' dir='ltr'><strong>ut</strong></span> <span class='ocrx_word' id='word_1_275' title='bbox 1073 2291 1232 2349; x_wconf 90' lang='lat' dir='ltr'><strong>solita</strong></span> <span class='ocrx_word' id='word_1_276' title='bbox 1256 2289 1370 2359; x_wconf 88' lang='lat' dir='ltr'><strong>jam</strong></span> <span class='ocrx_word' id='word_1_277' title='bbox 1396 2291 1602 2359; x_wconf 88' lang='lat' dir='ltr'><strong>pietate</strong></span> <span class='ocrx_word' id='word_1_278' title='bbox 1631 2288 1797 2358; x_wconf 81' lang='lat' dir='ltr'><strong>legas.</strong></span> <span class='ocrx_word' id='word_1_279' title='bbox 2172 2272 2368 2368; x_wconf 71' lang='lat' dir='ltr'><strong>Pastor</strong></span> <span class='ocrx_word' id='word_1_280' title='bbox 2387 2276 2738 2346; x_wconf 89' lang='lat' dir='ltr'><strong>apostolicus,</strong></span> <span class='ocrx_word' id='word_1_281' title='bbox 2765 2276 2880 2346; x_wconf 88' lang='lat' dir='ltr'><strong>jam</strong></span> <span class='ocrx_word' id='word_1_282' title='bbox 2910 2280 3121 2350; x_wconf 88' lang='lat' dir='ltr'><strong>primus</strong></span> <span class='ocrx_word' id='word_1_283' title='bbox 3158 2282 3212 2336; x_wconf 93' lang='lat' dir='ltr'><strong>in</strong></span> <span class='ocrx_word' id='word_1_284' title='bbox 3245 2283 3377 2338; x_wconf 88' lang='lat' dir='ltr'><strong>orbe</strong></span> <span class='ocrx_word' id='word_1_285' title='bbox 3416 2282 3701 2351; x_wconf 72' lang='lat' dir='ltr'><strong>sacerdos,</strong></span> 
     </span>
    </p>
   </div>
   <div class='ocr_carea' id='block_1_29' title="bbox 481 2366 2078 2455">
    <p class='ocr_par' dir='ltr' id='par_1_29' title="bbox 481 2366 2071 2455">
     <span class='ocr_line' id='line_1_29' title="bbox 481 2366 2071 2455; baseline -0.011 -8"><span class='ocrx_word' id='word_1_286' title='bbox 481 2391 562 2448; x_wconf 88' lang='lat' dir='ltr'><strong>Te</strong></span> <span class='ocrx_word' id='word_1_287' title='bbox 588 2366 726 2446; x_wconf 86' lang='lat' dir='ltr'><strong>mea</strong></span> <span class='ocrx_word' id='word_1_288' title='bbox 752 2366 924 2443; x_wconf 14' lang='lat' dir='ltr'><strong>ﬁmens</strong></span> <span class='ocrx_word' id='word_1_289' title='bbox 966 2385 1215 2455; x_wconf 87' lang='lat' dir='ltr'><strong>sequitur</strong></span> <span class='ocrx_word' id='word_1_290' title='bbox 1235 2423 1251 2448; x_wconf 93' lang='lat'><strong>,</strong></span> <span class='ocrx_word' id='word_1_291' title='bbox 1299 2380 1545 2451; x_wconf 88' lang='lat' dir='ltr'><strong>sequitur</strong></span> <span class='ocrx_word' id='word_1_292' title='bbox 1580 2391 1797 2448; x_wconf 88' lang='lat' dir='ltr'><strong>quoque</strong></span> <span class='ocrx_word' id='word_1_293' title='bbox 1847 2389 2071 2431; x_wconf 87' lang='lat' dir='ltr'><strong>carmen</strong></span> 
     </span>
    </p>
   </div>
   <div class='ocr_carea' id='block_1_30' title="bbox 1883 2366 3480 2455">
    <p class='ocr_par' dir='ltr' id='par_1_30' title="bbox 1883 2366 3480 2443">
     <span class='ocr_line' id='line_1_30' title="bbox 1883 2366 3480 2443; baseline 0.007 -23"><span class='ocrx_word' id='word_1_294' title='bbox 1883 2389 2071 2430; x_wconf 75' lang='lat' dir='ltr'><strong>amen</strong></span> <span class='ocrx_word' id='word_1_295' title='bbox 2244 2366 2350 2423; x_wconf 87' lang='lat' dir='ltr'><strong>Per</strong></span> <span class='ocrx_word' id='word_1_296' title='bbox 2383 2376 2438 2422; x_wconf 90' lang='lat' dir='ltr'><strong>te</strong></span> <span class='ocrx_word' id='word_1_297' title='bbox 2465 2384 2590 2423; x_wconf 89' lang='lat' dir='ltr'><strong>cum</strong></span> <span class='ocrx_word' id='word_1_298' title='bbox 2630 2371 2829 2440; x_wconf 90' lang='lat' dir='ltr'><strong>populo</strong></span> <span class='ocrx_word' id='word_1_299' title='bbox 2859 2371 3092 2440; x_wconf 83' lang='lat' dir='ltr'><strong>gaudeat</strong></span> <span class='ocrx_word' id='word_1_300' title='bbox 3130 2374 3245 2443; x_wconf 90' lang='lat' dir='ltr'><strong>ipse</strong></span> <span class='ocrx_word' id='word_1_301' title='bbox 3272 2374 3438 2431; x_wconf 89' lang='lat' dir='ltr'><strong>Pater</strong></span> <span class='ocrx_word' id='word_1_302' title='bbox 3466 2394 3480 2431; x_wconf 90' lang='lat'><strong>:</strong></span> 
     </span>
    </p>
   </div>
   <div class='ocr_carea' id='block_1_31' title="bbox 1802 2457 3548 2540">
    <p class='ocr_par' dir='ltr' id='par_1_31' title="bbox 1802 2457 3548 2540">
     <span class='ocr_line' id='line_1_31' title="bbox 1802 2457 3548 2540; baseline -0.003 -17"><span class='ocrx_word' id='word_1_303' title='bbox 1802 2466 2030 2540; x_wconf 88' lang='lat' dir='ltr'><strong>[amoris</strong></span> <span class='ocrx_word' id='word_1_304' title='bbox 2052 2504 2070 2531; x_wconf 90' lang='lat'><strong>,</strong></span> <span class='ocrx_word' id='word_1_305' title='bbox 2172 2457 2373 2514; x_wconf 81' lang='lat' dir='ltr'><strong>Rector</strong></span> <span class='ocrx_word' id='word_1_306' title='bbox 2406 2468 2463 2514; x_wconf 90' lang='lat' dir='ltr'><strong>et</strong></span> <span class='ocrx_word' id='word_1_307' title='bbox 2488 2459 2749 2516; x_wconf 68' lang='lat' dir='ltr'><strong>Ecclesiae</strong></span> <span class='ocrx_word' id='word_1_308' title='bbox 2780 2477 2878 2533; x_wconf 91' lang='lat' dir='ltr'><strong>per</strong></span> <span class='ocrx_word' id='word_1_309' title='bbox 2903 2470 2976 2528; x_wconf 88' lang='lat' dir='ltr'><strong>te,</strong></span> <span class='ocrx_word' id='word_1_310' title='bbox 3002 2479 3121 2530; x_wconf 88' lang='lat' dir='ltr'><strong>rex,</strong></span> <span class='ocrx_word' id='word_1_311' title='bbox 3147 2466 3252 2521; x_wconf 89' lang='lat' dir='ltr'><strong>rite</strong></span> <span class='ocrx_word' id='word_1_312' title='bbox 3284 2474 3548 2537; x_wconf 83' lang='lat' dir='ltr'><strong>regatur;</strong></span> 
     </span>
    </p>
   </div>
   <div class='ocr_carea' id='block_1_32' title="bbox 553 2550 2150 2637">
    <p class='ocr_par' dir='ltr' id='par_1_32' title="bbox 553 2558 2111 2637">
     <span class='ocr_line' id='line_1_32' title="bbox 553 2558 2111 2637; baseline -0.015 -7"><span class='ocrx_word' id='word_1_313' title='bbox 553 2573 840 2637; x_wconf 87' lang='lat' dir='ltr'><strong>Decantat,</strong></span> <span class='ocrx_word' id='word_1_314' title='bbox 868 2570 1072 2632; x_wconf 89' lang='lat' dir='ltr'><strong>laudat,</strong></span> <span class='ocrx_word' id='word_1_315' title='bbox 1106 2574 1269 2624; x_wconf 90' lang='lat' dir='ltr'><strong>nocte</strong></span> <span class='ocrx_word' id='word_1_316' title='bbox 1298 2564 1492 2633; x_wconf 89' lang='lat' dir='ltr'><strong>dieque</strong></span> <span class='ocrx_word' id='word_1_317' title='bbox 1522 2558 1684 2615; x_wconf 89' lang='lat' dir='ltr'><strong>simul</strong></span> <span class='ocrx_word' id='word_1_318' title='bbox 1713 2577 1727 2612; x_wconf 90' lang='lat'>:</span> <span class='ocrx_word' id='word_1_319' title='bbox 2108 2606 2111 2607; x_wconf 30' lang='grc' dir='ltr'><em>ν</em></span> 
     </span>
    </p>
   </div>
   <div class='ocr_carea' id='block_1_33' title="bbox 1887 2550 3484 2637">
    <p class='ocr_par' dir='ltr' id='par_1_33' title="bbox 2108 2550 3484 2629">
     <span class='ocr_line' id='line_1_33' title="bbox 2108 2550 3484 2629; baseline 0.005 -22"><span class='ocrx_word' id='word_1_320' title='bbox 2108 2606 2111 2607; x_wconf 30' lang='grc' dir='ltr'><em>ν</em></span> <span class='ocrx_word' id='word_1_321' title='bbox 2242 2550 2310 2605; x_wconf 88' lang='lat' dir='ltr'><strong>Et</strong></span> <span class='ocrx_word' id='word_1_322' title='bbox 2332 2559 2387 2606; x_wconf 89' lang='lat' dir='ltr'><strong>te</strong></span> <span class='ocrx_word' id='word_1_323' title='bbox 2412 2553 2794 2622; x_wconf 88' lang='lat' dir='ltr'><strong>magnipotens</strong></span> <span class='ocrx_word' id='word_1_324' title='bbox 2825 2555 3016 2610; x_wconf 88' lang='lat' dir='ltr'><strong>dextra</strong></span> <span class='ocrx_word' id='word_1_325' title='bbox 3047 2567 3201 2629; x_wconf 88' lang='lat' dir='ltr'><strong>regat</strong></span> <span class='ocrx_word' id='word_1_326' title='bbox 3226 2557 3484 2626; x_wconf 82' lang='lat' dir='ltr'><strong>Domini,</strong></span> 
     </span>
    </p>
   </div>
   <div class='ocr_carea' id='block_1_34' title="bbox 478 2639 3311 2738">
    <p class='ocr_par' dir='ltr' id='par_1_34' title="bbox 478 2639 3311 2738">
     <span class='ocr_line' id='line_1_34' title="bbox 478 2639 3311 2738; baseline -0.002 -17"><span class='ocrx_word' id='word_1_327' title='bbox 478 2667 657 2738; x_wconf 86' lang='lat' dir='ltr'><strong>Atque</strong></span> <span class='ocrx_word' id='word_1_328' title='bbox 680 2667 765 2738; x_wconf 91' lang='lat' dir='ltr'><strong>pie</strong></span> <span class='ocrx_word' id='word_1_329' title='bbox 792 2665 970 2720; x_wconf 89' lang='lat' dir='ltr'><strong>Patris</strong></span> <span class='ocrx_word' id='word_1_330' title='bbox 1003 2661 1217 2718; x_wconf 83' lang='lat' dir='ltr'><strong>Martini</strong></span> <span class='ocrx_word' id='word_1_331' title='bbox 1244 2674 1448 2731; x_wconf 87' lang='lat' dir='ltr'><strong>pronus</strong></span> <span class='ocrx_word' id='word_1_332' title='bbox 1475 2656 1543 2711; x_wconf 92' lang='lat' dir='ltr'><strong>ad</strong></span> <span class='ocrx_word' id='word_1_333' title='bbox 1575 2669 1746 2719; x_wconf 88' lang='lat' dir='ltr'><strong>aram,</strong></span> <span class='ocrx_word' id='word_1_334' title='bbox 2171 2639 2401 2738; x_wconf 47' lang='lat' dir='ltr'><strong>Iit-felix</strong></span> <span class='ocrx_word' id='word_1_335' title='bbox 2429 2642 2605 2738; x_wconf 43' lang='lat' dir='ltr'><strong>vivas}</strong></span> <span class='ocrx_word' id='word_1_336' title='bbox 2632 2640 2741 2697; x_wconf 73' lang='lat' dir='ltr'><strong>lato</strong></span> <span class='ocrx_word' id='word_1_337' title='bbox 2767 2651 3025 2713; x_wconf 75' lang='lat' dir='ltr'><strong>regnator</strong></span> <span class='ocrx_word' id='word_1_338' title='bbox 3061 2644 3117 2699; x_wconf 74' lang='lat' dir='ltr'><strong>in</strong></span> <span class='ocrx_word' id='word_1_339' title='bbox 3147 2647 3311 2713; x_wconf 56' lang='lat' dir='ltr'><strong>07b6,</strong></span> 
     </span>
    </p>
   </div>
   <div class='ocr_carea' id='block_1_35' title="bbox 548 2733 3382 2829">
    <p class='ocr_par' dir='ltr' id='par_1_35' title="bbox 548 2733 3382 2829">
     <span class='ocr_line' id='line_1_35' title="bbox 548 2733 3382 2829; baseline -0.006 -14"><span class='ocrx_word' id='word_1_340' title='bbox 548 2733 631 2815; x_wconf 57' lang='lat' dir='ltr'><strong>in</strong></span> <span class='ocrx_word' id='word_1_341' title='bbox 650 2733 828 2829; x_wconf 73' lang='lat' dir='ltr'><strong>poscit</strong></span> <span class='ocrx_word' id='word_1_342' title='bbox 853 2755 1109 2826; x_wconf 87' lang='lat' dir='ltr'><strong>lacrymis</strong></span> <span class='ocrx_word' id='word_1_343' title='bbox 1135 2765 1395 2824; x_wconf 85' lang='lat' dir='ltr'><strong>prospera</strong></span> <span class='ocrx_word' id='word_1_344' title='bbox 1412 2754 1610 2803; x_wconf 87' lang='lat' dir='ltr'><strong>cuncta</strong></span> <span class='ocrx_word' id='word_1_345' title='bbox 1632 2745 1763 2800; x_wconf 90' lang='lat' dir='ltr'><strong>mihi</strong></span> <span class='ocrx_word' id='word_1_346' title='bbox 1786 2741 2064 2817; x_wconf 85' lang='lat' dir='ltr'><strong>[F.,tibi].</strong></span> <span class='ocrx_word' id='word_1_347' title='bbox 2182 2824 2193 2829; x_wconf 71' lang='lat'>_</span> <span class='ocrx_word' id='word_1_348' title='bbox 2239 2733 2541 2829; x_wconf 31' lang='lat' dir='ltr'><strong>Proﬁcien-s</strong></span> <span class='ocrx_word' id='word_1_349' title='bbox 2572 2733 2743 2829; x_wconf 80' lang='lat' dir='ltr'><strong>facias</strong></span> <span class='ocrx_word' id='word_1_350' title='bbox 2770 2745 2971 2829; x_wconf 85' lang='lat' dir='ltr'><strong>cuncta</strong></span> <span class='ocrx_word' id='word_1_351' title='bbox 3011 2736 3125 2793; x_wconf 92' lang='lat' dir='ltr'><strong>Deo</strong></span> <span class='ocrx_word' id='word_1_352' title='bbox 3159 2740 3382 2810; x_wconf 87' lang='lat' dir='ltr'><strong>placita.</strong></span> 
     </span>
    </p>
   </div>
   <div class='ocr_carea' id='block_1_36' title="bbox 420 2823 3442 2915">
    <p class='ocr_par' dir='ltr' id='par_1_36' title="bbox 420 2823 3442 2915">
     <span class='ocr_line' id='line_1_36' title="bbox 420 2823 3442 2915; baseline -0.005 -4"><span class='ocrx_word' id='word_1_353' title='bbox 420 2880 421 2883; x_wconf 51' lang='grc' dir='ltr'><strong>η</strong></span> <span class='ocrx_word' id='word_1_354' title='bbox 462 2823 700 2915; x_wconf 78' lang='lat' dir='ltr'><strong>.Tecum,</strong></span> <span class='ocrx_word' id='word_1_355' title='bbox 735 2857 924 2905; x_wconf 90' lang='lat' dir='ltr'><strong>sancte</strong></span> <span class='ocrx_word' id='word_1_356' title='bbox 951 2823 1146 2911; x_wconf 25' lang='lat' dir='ltr'><strong>Ii’ater,</strong></span> <span class='ocrx_word' id='word_1_357' title='bbox 1161 2850 1349 2915; x_wconf 86' lang='lat' dir='ltr'><strong>pergat</strong></span> <span class='ocrx_word' id='word_1_358' title='bbox 1373 2839 1653 2897; x_wconf 88' lang='lat' dir='ltr'><strong>miseratio</strong></span> <span class='ocrx_word' id='word_1_359' title='bbox 1688 2850 1923 2907; x_wconf 86' lang='lat' dir='ltr'><strong>semper,</strong></span> <span class='ocrx_word' id='word_1_360' title='bbox 2166 2823 2406 2915; x_wconf 65' lang='grc' dir='ltr'><strong>Αηεθιυδ</strong></span> <span class='ocrx_word' id='word_1_361' title='bbox 2432 2826 2656 2881; x_wconf 42' lang='lat' dir='ltr'><strong>mitella</strong></span> <span class='ocrx_word' id='word_1_362' title='bbox 2680 2826 2909 2883; x_wconf 67' lang='lat' dir='ltr'><strong>veniens</strong></span> <span class='ocrx_word' id='word_1_363' title='bbox 2934 2827 3177 2885; x_wconf 71' lang='grc' dir='ltr'><strong>οωιθεῑίε</strong></span> <span class='ocrx_word' id='word_1_364' title='bbox 3201 2830 3271 2886; x_wconf 77' lang='lat' dir='ltr'><strong>ab</strong></span> <span class='ocrx_word' id='word_1_365' title='bbox 3294 2846 3442 2897; x_wconf 73' lang='grc' dir='ltr'><strong>ποθ.</strong></span> 
     </span>
    </p>
   </div>
   <div class='ocr_carea' id='block_1_37' title="bbox 2239 2914 3445 2989">
    <p class='ocr_par' dir='ltr' id='par_1_37' title="bbox 2239 2914 3445 2989">
     <span class='ocr_line' id='line_1_37' title="bbox 2239 2914 3445 2989; baseline 0.005 -20"><span class='ocrx_word' id='word_1_366' title='bbox 2239 2914 2340 2983; x_wconf 88' lang='lat' dir='ltr'><strong>Qui</strong></span> <span class='ocrx_word' id='word_1_367' title='bbox 2369 2924 2546 2971; x_wconf 89' lang='lat' dir='ltr'><strong>tecum</strong></span> <span class='ocrx_word' id='word_1_368' title='bbox 2570 2924 2812 2982; x_wconf 86' lang='lat' dir='ltr'><strong>maneat,</strong></span> <span class='ocrx_word' id='word_1_369' title='bbox 2848 2927 3011 2974; x_wconf 88' lang='lat' dir='ltr'><strong>nocte</strong></span> <span class='ocrx_word' id='word_1_370' title='bbox 3031 2920 3226 2989; x_wconf 90' lang='lat' dir='ltr'><strong>dieque</strong></span> <span class='ocrx_word' id='word_1_371' title='bbox 3262 2921 3445 2988; x_wconf 87' lang='lat' dir='ltr'><strong>simul,</strong></span> 
     </span>
    </p>
   </div>
   <div class='ocr_carea' id='block_1_38' title="bbox 474 3002 3620 3105">
    <p class='ocr_par' dir='ltr' id='par_1_38' title="bbox 474 3002 3620 3105">
     <span class='ocr_line' id='line_1_38' title="bbox 474 3002 3620 3105; baseline -0.009 -9"><span class='ocrx_word' id='word_1_372' title='bbox 474 3037 720 3097; x_wconf 82' lang='lat' dir='ltr'><strong>Gaudeat</strong></span> <span class='ocrx_word' id='word_1_373' title='bbox 742 3002 1154 3105; x_wconf 21' lang='lat' dir='ltr'><strong>ut.populus,vte</strong></span> <span class='ocrx_word' id='word_1_374' title='bbox 1173 3002 1288 3100; x_wconf 79' lang='lat' dir='ltr'><strong>jam</strong></span> <span class='ocrx_word' id='word_1_375' title='bbox 1315 3026 1589 3089; x_wconf 88' lang='lat' dir='ltr'><strong>veniente,</strong></span> <span class='ocrx_word' id='word_1_376' title='bbox 1616 3037 1716 3093; x_wconf 89' lang='lat' dir='ltr'><strong>per</strong></span> <span class='ocrx_word' id='word_1_377' title='bbox 1740 3019 1903 3076; x_wconf 79' lang='lat' dir='ltr'><strong>urbes</strong></span> <span class='ocrx_word' id='word_1_378' title='bbox 1921 3057 1937 3085; x_wconf 90' lang='lat'><strong>,</strong></span> <span class='ocrx_word' id='word_1_379' title='bbox 2165 3002 2434 3105; x_wconf 55' lang='grc' dir='ltr'><strong>Ρτὲξρθηξ</strong></span> <span class='ocrx_word' id='word_1_380' title='bbox 2458 3006 2549 3075; x_wconf 75' lang='lat' dir='ltr'><strong>qui</strong></span> <span class='ocrx_word' id='word_1_381' title='bbox 2578 3021 2801 3105; x_wconf 66' lang='lat' dir='ltr'><strong>_Sel_nper</strong></span> <span class='ocrx_word' id='word_1_382' title='bbox 2833 3014 2905 3072; x_wconf 84' lang='lat' dir='ltr'><strong>te,</strong></span> <span class='ocrx_word' id='word_1_383' title='bbox 2949 3023 3067 3076; x_wconf 84' lang='lat' dir='ltr'><strong>rex,</strong></span> <span class='ocrx_word' id='word_1_384' title='bbox 3104 3009 3339 3067; x_wconf 88' lang='lat' dir='ltr'><strong>deducat</strong></span> <span class='ocrx_word' id='word_1_385' title='bbox 3374 3020 3620 3077; x_wconf 78' lang='lat' dir='ltr'><strong>euntem,</strong></span> 
     </span>
    </p>
   </div>
   <div class='ocr_carea' id='block_1_39' title="bbox 544 3095 3445 3199">
    <p class='ocr_par' dir='ltr' id='par_1_39' title="bbox 544 3095 3445 3199">
     <span class='ocr_line' id='line_1_39' title="bbox 544 3095 3445 3199; baseline -0.011 -12"><span class='ocrx_word' id='word_1_386' title='bbox 544 3131 715 3188; x_wconf 90' lang='lat' dir='ltr'><strong>Totus</strong></span> <span class='ocrx_word' id='word_1_387' title='bbox 736 3095 936 3196; x_wconf 66' lang='lat' dir='ltr'><strong>ubique</strong></span> <span class='ocrx_word' id='word_1_388' title='bbox 963 3095 1148 3188; x_wconf 87' lang='lat' dir='ltr'><strong>simul,</strong></span> <span class='ocrx_word' id='word_1_389' title='bbox 1172 3095 1297 3176; x_wconf 77' lang='lat' dir='ltr'><strong>cum</strong></span> <span class='ocrx_word' id='word_1_390' title='bbox 1320 3117 1542 3174; x_wconf 87' lang='lat' dir='ltr'><strong>senibus</strong></span> <span class='ocrx_word' id='word_1_391' title='bbox 1556 3116 1803 3185; x_wconf 86' lang='lat' dir='ltr'><strong>juvenes.</strong></span> <span class='ocrx_word' id='word_1_392' title='bbox 2083 3133 2133 3199; x_wconf 65' lang='grc' dir='ltr'>α</span> <span class='ocrx_word' id='word_1_393' title='bbox 2168 3189 2210 3199; x_wconf 32' lang='grc' dir='ltr'>ἢ</span> <span class='ocrx_word' id='word_1_394' title='bbox 2339 3097 2622 3199; x_wconf 60' lang='lat' dir='ltr'><strong>redeuntis</strong></span> <span class='ocrx_word' id='word_1_395' title='bbox 2660 3099 2765 3199; x_wconf 74' lang='lat' dir='ltr'><strong>iter</strong></span> <span class='ocrx_word' id='word_1_396' title='bbox 2789 3108 3038 3199; x_wconf 81' lang='lat' dir='ltr'><strong>protegat</strong></span> <span class='ocrx_word' id='word_1_397' title='bbox 3072 3110 3236 3172; x_wconf 84' lang='lat' dir='ltr'><strong>atque</strong></span> <span class='ocrx_word' id='word_1_398' title='bbox 3272 3114 3445 3177; x_wconf 81' lang='lat' dir='ltr'><strong>regat.</strong></span> 
     </span>
    </p>
   </div>
   <div class='ocr_carea' id='block_1_40' title="bbox 472 3188 3660 3294">
    <p class='ocr_par' dir='ltr' id='par_1_40' title="bbox 472 3188 3660 3294">
     <span class='ocr_line' id='line_1_40' title="bbox 472 3188 3660 3294; baseline -0.006 -18"><span class='ocrx_word' id='word_1_399' title='bbox 472 3222 590 3280; x_wconf 74' lang='lat' dir='ltr'><strong>Hoc</strong></span> <span class='ocrx_word' id='word_1_400' title='bbox 612 3218 730 3294; x_wconf 85' lang='lat' dir='ltr'><strong>[F.,</strong></span> <span class='ocrx_word' id='word_1_401' title='bbox 765 3188 892 3289; x_wconf 74' lang='lat' dir='ltr'><strong>huc]</strong></span> <span class='ocrx_word' id='word_1_402' title='bbox 922 3225 1016 3271; x_wconf 90' lang='lat' dir='ltr'><strong>tua</strong></span> <span class='ocrx_word' id='word_1_403' title='bbox 1054 3212 1337 3285; x_wconf 88' lang='lat' dir='ltr'><strong>perveniat</strong></span> <span class='ocrx_word' id='word_1_404' title='bbox 1364 3207 1580 3263; x_wconf 90' lang='lat' dir='ltr'><strong>bonitas</strong></span> <span class='ocrx_word' id='word_1_405' title='bbox 1659 3211 1817 3275; x_wconf 88' lang='lat' dir='ltr'><strong>pater</strong></span> <span class='ocrx_word' id='word_1_406' title='bbox 1839 3199 2059 3294; x_wconf 71' lang='lat' dir='ltr'><strong>cptime</strong></span> <span class='ocrx_word' id='word_1_407' title='bbox 2089 3188 2133 3199; x_wconf 78' lang='grc'><strong><em>“</em></strong></span> <span class='ocrx_word' id='word_1_408' title='bbox 2353 3189 2428 3292; x_wconf 53' lang='lat' dir='ltr'><strong>pl</strong></span> <span class='ocrx_word' id='word_1_409' title='bbox 2463 3198 2519 3294; x_wconf 71' lang='lat' dir='ltr'><strong>te</strong></span> <span class='ocrx_word' id='word_1_410' title='bbox 2539 3192 2801 3293; x_wconf 75' lang='lat' dir='ltr'><strong>suscipiat</strong></span> <span class='ocrx_word' id='word_1_411' title='bbox 2827 3193 3089 3294; x_wconf 71' lang='lat' dir='ltr'><strong>victorem</strong></span> <span class='ocrx_word' id='word_1_412' title='bbox 3113 3195 3347 3254; x_wconf 86' lang='lat' dir='ltr'><strong>Francia</strong></span> <span class='ocrx_word' id='word_1_413' title='bbox 3371 3201 3619 3271; x_wconf 79' lang='lat' dir='ltr'><strong>gaudens</strong></span> <span class='ocrx_word' id='word_1_414' title='bbox 3638 3240 3660 3269; x_wconf 87' lang='lat'><strong>,</strong></span> 
     </span>
    </p>
   </div>
   <div class='ocr_carea' id='block_1_41' title="bbox 1838 3278 3285 3366">
    <p class='ocr_par' dir='ltr' id='par_1_41' title="bbox 1838 3278 3285 3366">
     <span class='ocr_line' id='line_1_41' title="bbox 1838 3278 3285 3366; baseline 0.003 -29"><span class='ocrx_word' id='word_1_415' title='bbox 1838 3290 2018 3366; x_wconf 66' lang='lat' dir='ltr'><strong>[regni</strong></span> <span class='ocrx_word' id='word_1_416' title='bbox 2037 3329 2054 3357; x_wconf 73' lang='grc'><em>,</em></span> <span class='ocrx_word' id='word_1_417' title='bbox 2233 3278 2402 3335; x_wconf 87' lang='lat' dir='ltr'><strong>Obvia</strong></span> <span class='ocrx_word' id='word_1_418' title='bbox 2433 3280 2688 3351; x_wconf 88' lang='lat' dir='ltr'><strong>palmatis</strong></span> <span class='ocrx_word' id='word_1_419' title='bbox 2718 3290 2774 3337; x_wconf 90' lang='lat' dir='ltr'><strong>et</strong></span> <span class='ocrx_word' id='word_1_420' title='bbox 2799 3284 3055 3340; x_wconf 87' lang='lat' dir='ltr'><strong>manibus</strong></span> <span class='ocrx_word' id='word_1_421' title='bbox 3078 3287 3285 3341; x_wconf 89' lang='lat' dir='ltr'><strong>veniat.</strong></span> 
     </span>
    </p>
   </div>
   <div class='ocr_carea' id='block_1_42' title="bbox 546 2935 1630 3013">
    <p class='ocr_par' dir='ltr' id='par_1_42' title="bbox 546 2935 1630 3013">
     <span class='ocr_line' id='line_1_42' title="bbox 546 2935 1630 3013; baseline -0.015 -14"><span class='ocrx_word' id='word_1_422' title='bbox 546 2942 889 3013; x_wconf 77' lang='lat' dir='ltr'><strong>Justitiaeque</strong></span> <span class='ocrx_word' id='word_1_423' title='bbox 908 2939 1097 3005; x_wconf 90' lang='lat' dir='ltr'><strong>decus,</strong></span> <span class='ocrx_word' id='word_1_424' title='bbox 1128 2946 1184 2992; x_wconf 92' lang='lat' dir='ltr'><strong>et</strong></span> <span class='ocrx_word' id='word_1_425' title='bbox 1212 2935 1429 3006; x_wconf 90' lang='lat' dir='ltr'><strong>pictatis</strong></span> <span class='ocrx_word' id='word_1_426' title='bbox 1459 2947 1630 2986; x_wconf 90' lang='lat' dir='ltr'><strong>amor.</strong></span> 
     </span>
    </p>
   </div>
   <div class='ocr_carea' id='block_1_43' title="bbox 2161 3367 3618 3448">
    <p class='ocr_par' dir='ltr' id='par_1_43' title="bbox 2161 3367 3618 3448">
     <span class='ocr_line' id='line_1_43' title="bbox 2161 3367 3618 3448; baseline 0.008 -24"><span class='ocrx_word' id='word_1_427' title='bbox 2161 3367 2278 3424; x_wconf 78' lang='lat' dir='ltr'><strong>Hoc</strong></span> <span class='ocrx_word' id='word_1_428' title='bbox 2306 3370 2511 3425; x_wconf 91' lang='lat' dir='ltr'><strong>tribuat</strong></span> <span class='ocrx_word' id='word_1_429' title='bbox 2535 3369 2784 3427; x_wconf 87' lang='lat' dir='ltr'><strong>Christus</strong></span> <span class='ocrx_word' id='word_1_430' title='bbox 2812 3373 3001 3428; x_wconf 90' lang='lat' dir='ltr'><strong>mundi</strong></span> <span class='ocrx_word' id='word_1_431' title='bbox 3032 3375 3356 3433; x_wconf 90' lang='lat' dir='ltr'><strong>mitissimus</strong></span> <span class='ocrx_word' id='word_1_432' title='bbox 3380 3386 3577 3435; x_wconf 79' lang='lat' dir='ltr'><strong>auctor</strong></span> <span class='ocrx_word' id='word_1_433' title='bbox 3598 3418 3618 3448; x_wconf 85' lang='lat'><strong>,</strong></span> 
     </span>
    </p>
   </div>
   <div class='ocr_carea' id='block_1_44' title="bbox 2236 3460 3400 3534">
    <p class='ocr_par' dir='ltr' id='par_1_44' title="bbox 2236 3460 3400 3534">
     <span class='ocr_line' id='line_1_44' title="bbox 2236 3460 3400 3534; baseline 0.005 -17"><span class='ocrx_word' id='word_1_434' title='bbox 2236 3460 2305 3517; x_wconf 93' lang='lat' dir='ltr'><strong>Ut</strong></span> <span class='ocrx_word' id='word_1_435' title='bbox 2334 3461 2560 3518; x_wconf 89' lang='lat' dir='ltr'><strong>veniens</strong></span> <span class='ocrx_word' id='word_1_436' title='bbox 2584 3463 2794 3530; x_wconf 88' lang='lat' dir='ltr'><strong>venias,</strong></span> <span class='ocrx_word' id='word_1_437' title='bbox 2830 3464 2999 3521; x_wconf 85' lang='lat' dir='ltr'><strong>David</strong></span> <span class='ocrx_word' id='word_1_438' title='bbox 3032 3475 3232 3534; x_wconf 89' lang='lat' dir='ltr'><strong>amate,</strong></span> <span class='ocrx_word' id='word_1_439' title='bbox 3269 3470 3400 3525; x_wconf 91' lang='lat' dir='ltr'><strong>cito.</strong></span> 
     </span>
    </p>
   </div>
   <div class='ocr_carea' id='block_1_45' title="bbox 2160 3552 3616 3634">
    <p class='ocr_par' dir='ltr' id='par_1_45' title="bbox 2160 3552 3616 3634">
     <span class='ocr_line' id='line_1_45' title="bbox 2160 3552 3616 3634; baseline 0.008 -25"><span class='ocrx_word' id='word_1_440' title='bbox 2160 3552 2276 3610; x_wconf 84' lang='lat' dir='ltr'><strong>Hoc</strong></span> <span class='ocrx_word' id='word_1_441' title='bbox 2310 3554 2443 3609; x_wconf 90' lang='lat' dir='ltr'><strong>mihi</strong></span> <span class='ocrx_word' id='word_1_442' title='bbox 2470 3556 2850 3626; x_wconf 90' lang='lat' dir='ltr'><strong>cunctipotens</strong></span> <span class='ocrx_word' id='word_1_443' title='bbox 2873 3558 3039 3615; x_wconf 91' lang='lat' dir='ltr'><strong>donet</strong></span> <span class='ocrx_word' id='word_1_444' title='bbox 3063 3561 3359 3618; x_wconf 87' lang='lat' dir='ltr'><strong>clementia</strong></span> <span class='ocrx_word' id='word_1_445' title='bbox 3386 3562 3616 3634; x_wconf 81' lang='lat' dir='ltr'><strong>Christi,</strong></span> 
     </span>
    </p>
   </div>
   <div class='ocr_carea' id='block_1_46' title="bbox 2232 3644 3379 3708">
    <p class='ocr_par' dir='ltr' id='par_1_46' title="bbox 2232 3644 3379 3708">
     <span class='ocr_line' id='line_1_46' title="bbox 2232 3644 3379 3708; baseline 0.006 -7"><span class='ocrx_word' id='word_1_446' title='bbox 2232 3644 2306 3701; x_wconf 93' lang='lat' dir='ltr'><strong>Ut</strong></span> <span class='ocrx_word' id='word_1_447' title='bbox 2331 3645 2543 3701; x_wconf 88' lang='lat' dir='ltr'><strong>videam</strong></span> <span class='ocrx_word' id='word_1_448' title='bbox 2568 3644 2766 3702; x_wconf 82' lang='lat' dir='ltr'><strong>faciem</strong></span> <span class='ocrx_word' id='word_1_449' title='bbox 2795 3647 2950 3704; x_wconf 55' lang='lat' dir='ltr'><strong>laetus</strong></span> <span class='ocrx_word' id='word_1_450' title='bbox 2971 3649 3027 3705; x_wconf 90' lang='lat' dir='ltr'><strong>in</strong></span> <span class='ocrx_word' id='word_1_451' title='bbox 3051 3652 3183 3707; x_wconf 90' lang='lat' dir='ltr'><strong>orbe</strong></span> <span class='ocrx_word' id='word_1_452' title='bbox 3210 3660 3379 3708; x_wconf 88' lang='lat' dir='ltr'><strong>tuam.</strong></span> 
     </span>
    </p>
   </div>
   <div class='ocr_carea' id='block_1_47' title="bbox 2158 3736 3529 3816">
    <p class='ocr_par' dir='ltr' id='par_1_47' title="bbox 2158 3736 3529 3816">
     <span class='ocr_line' id='line_1_47' title="bbox 2158 3736 3529 3816; baseline 0.008 -22"><span class='ocrx_word' id='word_1_453' title='bbox 2158 3736 2204 3794; x_wconf 91' lang='grc'>0</span> <span class='ocrx_word' id='word_1_454' title='bbox 2238 3746 2411 3809; x_wconf 90' lang='lat' dir='ltr'><strong>pater,</strong></span> <span class='ocrx_word' id='word_1_455' title='bbox 2440 3754 2474 3794; x_wconf 95' lang='lat' dir='ltr'><strong>o</strong></span> <span class='ocrx_word' id='word_1_456' title='bbox 2506 3739 2942 3810; x_wconf 57' lang='lat' dir='ltr'><strong>pastorfrector,</strong></span> <span class='ocrx_word' id='word_1_457' title='bbox 2971 3759 3096 3814; x_wconf 87' lang='lat' dir='ltr'><strong>spes</strong></span> <span class='ocrx_word' id='word_1_458' title='bbox 3122 3745 3265 3800; x_wconf 88' lang='lat' dir='ltr'><strong>alma</strong></span> <span class='ocrx_word' id='word_1_459' title='bbox 3287 3754 3529 3816; x_wconf 87' lang='lat' dir='ltr'><strong>tuorum,</strong></span> 
     </span>
    </p>
   </div>
   <div class='ocr_carea' id='block_1_48' title="bbox 2232 3828 3408 3903">
    <p class='ocr_par' dir='ltr' id='par_1_48' title="bbox 2232 3828 3408 3903">
     <span class='ocr_line' id='line_1_48' title="bbox 2232 3828 3408 3903; baseline 0.006 -19"><span class='ocrx_word' id='word_1_460' title='bbox 2232 3828 2317 3885; x_wconf 89' lang='lat' dir='ltr'><strong>Sit</strong></span> <span class='ocrx_word' id='word_1_461' title='bbox 2344 3829 2439 3885; x_wconf 90' lang='lat' dir='ltr'><strong>tibi</strong></span> <span class='ocrx_word' id='word_1_462' title='bbox 2469 3830 2604 3897; x_wconf 87' lang='lat' dir='ltr'><strong>vita,</strong></span> <span class='ocrx_word' id='word_1_463' title='bbox 2629 3830 2797 3897; x_wconf 89' lang='lat' dir='ltr'><strong>salus,</strong></span> <span class='ocrx_word' id='word_1_464' title='bbox 2830 3833 2904 3888; x_wconf 90' lang='lat' dir='ltr'><strong>sit</strong></span> <span class='ocrx_word' id='word_1_465' title='bbox 2937 3833 3057 3889; x_wconf 89' lang='lat' dir='ltr'><strong>sine</strong></span> <span class='ocrx_word' id='word_1_466' title='bbox 3084 3834 3213 3903; x_wconf 89' lang='lat' dir='ltr'><strong>ﬁne,</strong></span> <span class='ocrx_word' id='word_1_467' title='bbox 3248 3836 3369 3893; x_wconf 90' lang='lat' dir='ltr'><strong>vale</strong></span> <span class='ocrx_word' id='word_1_468' title='bbox 3394 3838 3408 3891; x_wconf 80' lang='grc' dir='ltr'>ε</span> 
     </span>
    </p>
   </div>
   <div class='ocr_carea' id='block_1_49' title="bbox 544 3386 1847 3475">
    <p class='ocr_par' dir='ltr' id='par_1_49' title="bbox 544 3386 1847 3475">
     <span class='ocr_line' id='line_1_49' title="bbox 544 3386 1847 3475; baseline -0.015 -13"><span class='ocrx_word' id='word_1_469' title='bbox 544 3404 619 3463; x_wconf 91' lang='lat' dir='ltr'><strong>Ut</strong></span> <span class='ocrx_word' id='word_1_470' title='bbox 644 3411 737 3459; x_wconf 87' lang='lat' dir='ltr'><strong>tua</strong></span> <span class='ocrx_word' id='word_1_471' title='bbox 755 3405 1075 3475; x_wconf 90' lang='lat' dir='ltr'><strong>permaneat</strong></span> <span class='ocrx_word' id='word_1_472' title='bbox 1095 3397 1234 3462; x_wconf 87' lang='lat' dir='ltr'><strong>laus,</strong></span> <span class='ocrx_word' id='word_1_473' title='bbox 1263 3395 1440 3450; x_wconf 88' lang='lat' dir='ltr'><strong>honor</strong></span> <span class='ocrx_word' id='word_1_474' title='bbox 1467 3397 1631 3461; x_wconf 90' lang='lat' dir='ltr'><strong>atque</strong></span> <span class='ocrx_word' id='word_1_475' title='bbox 1660 3386 1847 3442; x_wconf 87' lang='lat' dir='ltr'><strong>decus.</strong></span> 
     </span>
    </p>
   </div>
   <div class='ocr_carea' id='block_1_50' title="bbox 468 3476 1841 3573">
    <p class='ocr_par' dir='ltr' id='par_1_50' title="bbox 468 3476 1841 3573">
     <span class='ocr_line' id='line_1_50' title="bbox 468 3476 1841 3573; baseline -0.017 -18"><span class='ocrx_word' id='word_1_476' title='bbox 468 3496 553 3555; x_wconf 87' lang='lat' dir='ltr'><strong>Tu</strong></span> <span class='ocrx_word' id='word_1_477' title='bbox 580 3503 735 3569; x_wconf 85' lang='lat' dir='ltr'><strong>pater</strong></span> <span class='ocrx_word' id='word_1_478' title='bbox 754 3509 816 3551; x_wconf 87' lang='lat' dir='ltr'><strong>es</strong></span> <span class='ocrx_word' id='word_1_479' title='bbox 834 3491 1045 3565; x_wconf 72' lang='lat' dir='ltr'><strong>patriae,</strong></span> <span class='ocrx_word' id='word_1_480' title='bbox 1066 3485 1394 3573; x_wconf 36' lang='lat' dir='ltr'><strong>praeclariOet</strong></span> <span class='ocrx_word' id='word_1_481' title='bbox 1420 3489 1609 3553; x_wconf 90' lang='lat' dir='ltr'><strong>pastor</strong></span> <span class='ocrx_word' id='word_1_482' title='bbox 1644 3476 1799 3534; x_wconf 90' lang='lat' dir='ltr'><strong>ovilis</strong></span> <span class='ocrx_word' id='word_1_483' title='bbox 1822 3515 1841 3544; x_wconf 88' lang='lat'><strong>,</strong></span> 
     </span>
    </p>
   </div>
   <div class='ocr_carea' id='block_1_51' title="bbox 540 3575 1711 3656">
    <p class='ocr_par' dir='ltr' id='par_1_51' title="bbox 540 3575 1711 3656">
     <span class='ocr_line' id='line_1_51' title="bbox 540 3575 1711 3656; baseline -0.015 -12"><span class='ocrx_word' id='word_1_484' title='bbox 540 3587 619 3644; x_wconf 89' lang='lat' dir='ltr'><strong>Te</strong></span> <span class='ocrx_word' id='word_1_485' title='bbox 650 3588 840 3642; x_wconf 88' lang='lat' dir='ltr'><strong>timeat</strong></span> <span class='ocrx_word' id='word_1_486' title='bbox 867 3598 1089 3656; x_wconf 88' lang='lat' dir='ltr'><strong>pravus,</strong></span> <span class='ocrx_word' id='word_1_487' title='bbox 1119 3587 1175 3635; x_wconf 91' lang='lat' dir='ltr'><strong>te</strong></span> <span class='ocrx_word' id='word_1_488' title='bbox 1199 3579 1321 3650; x_wconf 88' lang='lat' dir='ltr'><strong>pius</strong></span> <span class='ocrx_word' id='word_1_489' title='bbox 1341 3575 1519 3632; x_wconf 91' lang='lat' dir='ltr'><strong>omnis</strong></span> <span class='ocrx_word' id='word_1_490' title='bbox 1545 3579 1711 3628; x_wconf 91' lang='lat' dir='ltr'><strong>amet.</strong></span> 
     </span>
    </p>
   </div>
   <div class='ocr_carea' id='block_1_52' title="bbox 468 3663 1882 3747">
    <p class='ocr_par' dir='ltr' id='par_1_52' title="bbox 468 3663 1882 3747">
     <span class='ocr_line' id='line_1_52' title="bbox 468 3663 1882 3747; baseline -0.016 -9"><span class='ocrx_word' id='word_1_491' title='bbox 468 3681 580 3738; x_wconf 81' lang='lat' dir='ltr'><strong>Nec</strong></span> <span class='ocrx_word' id='word_1_492' title='bbox 608 3680 706 3735; x_wconf 86' lang='lat' dir='ltr'><strong>tibi</strong></span> <span class='ocrx_word' id='word_1_493' title='bbox 733 3676 999 3747; x_wconf 88' lang='lat' dir='ltr'><strong>subripiat</strong></span> <span class='ocrx_word' id='word_1_494' title='bbox 1026 3670 1383 3743; x_wconf 89' lang='lat' dir='ltr'><strong>quorumdam</strong></span> <span class='ocrx_word' id='word_1_495' title='bbox 1410 3681 1578 3738; x_wconf 90' lang='lat' dir='ltr'><strong>prava</strong></span> <span class='ocrx_word' id='word_1_496' title='bbox 1608 3663 1882 3729; x_wconf 84' lang='lat' dir='ltr'><strong>voluntas,</strong></span> 
     </span>
    </p>
   </div>
   <div class='ocr_carea' id='block_1_53' title="bbox 538 3754 1849 3841">
    <p class='ocr_par' dir='ltr' id='par_1_53' title="bbox 538 3754 1849 3841">
     <span class='ocr_line' id='line_1_53' title="bbox 538 3754 1849 3841; baseline -0.015 -13"><span class='ocrx_word' id='word_1_497' title='bbox 538 3754 644 3841; x_wconf 89' lang='lat' dir='ltr'><strong>Qui</strong></span> <span class='ocrx_word' id='word_1_498' title='bbox 674 3784 774 3827; x_wconf 88' lang='lat' dir='ltr'><strong>sua</strong></span> <span class='ocrx_word' id='word_1_499' title='bbox 809 3768 949 3824; x_wconf 88' lang='lat' dir='ltr'><strong>forte</strong></span> <span class='ocrx_word' id='word_1_500' title='bbox 982 3764 1193 3826; x_wconf 91' lang='lat' dir='ltr'><strong>volunt,</strong></span> <span class='ocrx_word' id='word_1_501' title='bbox 1227 3775 1330 3817; x_wconf 91' lang='lat' dir='ltr'><strong>nec</strong></span> <span class='ocrx_word' id='word_1_502' title='bbox 1351 3767 1463 3824; x_wconf 91' lang='lat' dir='ltr'><strong>tua,</strong></span> <span class='ocrx_word' id='word_1_503' title='bbox 1488 3772 1592 3813; x_wconf 90' lang='lat' dir='ltr'><strong>nec</strong></span> <span class='ocrx_word' id='word_1_504' title='bbox 1613 3754 1849 3811; x_wconf 90' lang='lat' dir='ltr'><strong>Domini.</strong></span> 
     </span>
    </p>
   </div>
   <div class='ocr_carea' id='block_1_54' title="bbox 466 3843 2052 3936">
    <p class='ocr_par' dir='ltr' id='par_1_54' title="bbox 466 3843 2052 3936">
     <span class='ocr_line' id='line_1_54' title="bbox 466 3843 2052 3936; baseline -0.015 -12"><span class='ocrx_word' id='word_1_505' title='bbox 466 3867 638 3925; x_wconf 78' lang='lat' dir='ltr'><strong>Roma</strong></span> <span class='ocrx_word' id='word_1_506' title='bbox 670 3871 835 3936; x_wconf 89' lang='lat' dir='ltr'><strong>caput</strong></span> <span class='ocrx_word' id='word_1_507' title='bbox 868 3860 1078 3927; x_wconf 89' lang='lat' dir='ltr'><strong>mundi,</strong></span> <span class='ocrx_word' id='word_1_508' title='bbox 1110 3855 1270 3930; x_wconf 89' lang='lat' dir='ltr'><strong>primi</strong></span> <span class='ocrx_word' id='word_1_509' title='bbox 1299 3866 1516 3924; x_wconf 92' lang='lat' dir='ltr'><strong>quoque</strong></span> <span class='ocrx_word' id='word_1_510' title='bbox 1559 3850 1775 3905; x_wconf 90' lang='lat' dir='ltr'><strong>culmen</strong></span> <span class='ocrx_word' id='word_1_511' title='bbox 1805 3843 2052 3913; x_wconf 87' lang='lat' dir='ltr'><strong>honoris,</strong></span> 
     </span>
    </p>
   </div>
   <div class='ocr_carea' id='block_1_55' title="bbox 532 3941 3166 4028">
    <p class='ocr_par' dir='ltr' id='par_1_55' title="bbox 532 3941 3166 4028">
     <span class='ocr_line' id='line_1_55' title="bbox 532 3941 3166 4028; baseline -0.017 -15"><span class='ocrx_word' id='word_1_512' title='bbox 532 3957 594 4013; x_wconf 92' lang='lat' dir='ltr'><strong>In</strong></span> <span class='ocrx_word' id='word_1_513' title='bbox 624 3971 731 4028; x_wconf 91' lang='lat' dir='ltr'><strong>qua</strong></span> <span class='ocrx_word' id='word_1_514' title='bbox 756 3966 1014 4027; x_wconf 85' lang='lat' dir='ltr'><strong>gazarum</strong></span> <span class='ocrx_word' id='word_1_515' title='bbox 1037 3962 1265 4005; x_wconf 89' lang='lat' dir='ltr'><strong>munera</strong></span> <span class='ocrx_word' id='word_1_516' title='bbox 1301 3950 1494 4002; x_wconf 89' lang='lat' dir='ltr'><strong>sancta</strong></span> <span class='ocrx_word' id='word_1_517' title='bbox 1519 3941 1727 4005; x_wconf 88' lang='lat' dir='ltr'><strong>latent;</strong></span> <span class='ocrx_word' id='word_1_518' title='bbox 2745 3948 3028 4007; x_wconf 70' lang='lat' dir='ltr'><strong>ccxxx&quot;</strong></span> <span class='ocrx_word' id='word_1_519' title='bbox 3069 3953 3166 4008; x_wconf 47' lang='grc' dir='ltr'><strong>ωε.</strong></span> 
     </span>
    </p>
   </div>
   <div class='ocr_carea' id='block_1_56' title="bbox 463 4030 3227 4119">
    <p class='ocr_par' dir='ltr' id='par_1_56' title="bbox 463 4030 3227 4119">
     <span class='ocr_line' id='line_1_56' title="bbox 463 4030 3227 4119; baseline -0.008 -12"><span class='ocrx_word' id='word_1_520' title='bbox 463 4050 596 4119; x_wconf 67' lang='lat' dir='ltr'><strong>Quae</strong></span> <span class='ocrx_word' id='word_1_521' title='bbox 625 4047 787 4103; x_wconf 91' lang='lat' dir='ltr'><strong>modo</strong></span> <span class='ocrx_word' id='word_1_522' title='bbox 815 4045 1060 4114; x_wconf 89' lang='lat' dir='ltr'><strong>disrupto</strong></span> <span class='ocrx_word' id='word_1_523' title='bbox 1087 4037 1296 4113; x_wconf 91' lang='lat' dir='ltr'><strong>plangit</strong></span> <span class='ocrx_word' id='word_1_524' title='bbox 1321 4051 1421 4092; x_wconf 90' lang='lat' dir='ltr'><strong>sua</strong></span> <span class='ocrx_word' id='word_1_525' title='bbox 1446 4034 1659 4089; x_wconf 87' lang='lat' dir='ltr'><strong>viscera</strong></span> <span class='ocrx_word' id='word_1_526' title='bbox 1681 4030 1839 4097; x_wconf 70' lang='lat' dir='ltr'><strong>fmtu,</strong></span> <span class='ocrx_word' id='word_1_527' title='bbox 2682 4054 2706 4083; x_wconf 78' lang='grc' dir='ltr'><strong>ο</strong></span> <span class='ocrx_word' id='word_1_528' title='bbox 2758 4045 2841 4099; x_wconf 66' lang='lat' dir='ltr'><strong><em>Ad</em></strong></span> <span class='ocrx_word' id='word_1_529' title='bbox 2888 4046 3125 4102; x_wconf 57' lang='lat' dir='ltr'><strong>eumdem</strong></span> <span class='ocrx_word' id='word_1_530' title='bbox 3176 4047 3227 4103; x_wconf 62' lang='grc' dir='ltr'><strong>ά,</strong></span> 
     </span>
    </p>
   </div>
   <div class='ocr_carea' id='block_1_57' title="bbox 533 4130 3569 4207">
    <p class='ocr_par' dir='ltr' id='par_1_57' title="bbox 533 4130 3569 4207">
     <span class='ocr_line' id='line_1_57' title="bbox 533 4130 3569 4207; baseline -0.001 -8"><span class='ocrx_word' id='word_1_531' title='bbox 533 4143 639 4199; x_wconf 88' lang='lat' dir='ltr'><strong>Per</strong></span> <span class='ocrx_word' id='word_1_532' title='bbox 661 4151 715 4197; x_wconf 88' lang='lat' dir='ltr'><strong>te</strong></span> <span class='ocrx_word' id='word_1_533' title='bbox 736 4147 893 4197; x_wconf 89' lang='lat' dir='ltr'><strong>sanet</strong></span> <span class='ocrx_word' id='word_1_534' title='bbox 914 4139 942 4179; x_wconf 76' lang='grc' dir='ltr'><strong>ι’</strong></span> <span class='ocrx_word' id='word_1_535' title='bbox 967 4136 1151 4194; x_wconf 91' lang='lat' dir='ltr'><strong>saucia</strong></span> <span class='ocrx_word' id='word_1_536' title='bbox 1172 4134 1416 4190; x_wconf 89' lang='lat' dir='ltr'><strong>membra</strong></span> <span class='ocrx_word' id='word_1_537' title='bbox 1436 4130 1547 4186; x_wconf 88' lang='lat' dir='ltr'><strong>cito</strong></span> <span class='ocrx_word' id='word_1_538' title='bbox 1570 4169 1586 4195; x_wconf 89' lang='lat'><strong>,</strong></span> <span class='ocrx_word' id='word_1_539' title='bbox 2155 4133 2349 4207; x_wconf 87' lang='lat' dir='ltr'><strong>Surge,</strong></span> <span class='ocrx_word' id='word_1_540' title='bbox 2384 4150 2506 4190; x_wconf 90' lang='lat' dir='ltr'><strong>meo</strong></span> <span class='ocrx_word' id='word_1_541' title='bbox 2535 4136 2733 4191; x_wconf 89' lang='lat' dir='ltr'><strong>domno</strong></span> <span class='ocrx_word' id='word_1_542' title='bbox 2761 4136 2945 4194; x_wconf 89' lang='lat' dir='ltr'><strong>dulces</strong></span> <span class='ocrx_word' id='word_1_543' title='bbox 2973 4138 3082 4205; x_wconf 86' lang='lat' dir='ltr'><strong>fac,</strong></span> <span class='ocrx_word' id='word_1_544' title='bbox 3121 4139 3323 4205; x_wconf 84' lang='lat' dir='ltr'><strong>fistula,</strong></span> <span class='ocrx_word' id='word_1_545' title='bbox 3353 4156 3569 4199; x_wconf 82' lang='lat' dir='ltr'><strong>versus.</strong></span> 
     </span>
    </p>
   </div>
   <div class='ocr_carea' id='block_1_58' title="bbox 464 4224 3647 4305">
    <p class='ocr_par' dir='ltr' id='par_1_58' title="bbox 464 4224 3647 4305">
     <span class='ocr_line' id='line_1_58' title="bbox 464 4224 3647 4305; baseline -0.001 -14"><span class='ocrx_word' id='word_1_546' title='bbox 464 4234 537 4292; x_wconf 90' lang='lat' dir='ltr'><strong>Ut</strong></span> <span class='ocrx_word' id='word_1_547' title='bbox 570 4242 728 4305; x_wconf 88' lang='lat' dir='ltr'><strong>pater</strong></span> <span class='ocrx_word' id='word_1_548' title='bbox 756 4242 813 4286; x_wconf 89' lang='lat' dir='ltr'><strong>et</strong></span> <span class='ocrx_word' id='word_1_549' title='bbox 832 4228 1062 4301; x_wconf 86' lang='lat' dir='ltr'><strong>p0pulus</strong></span> <span class='ocrx_word' id='word_1_550' title='bbox 1093 4225 1352 4281; x_wconf 90' lang='lat' dir='ltr'><strong>concordi</strong></span> <span class='ocrx_word' id='word_1_551' title='bbox 1386 4236 1521 4295; x_wconf 88' lang='lat' dir='ltr'><strong>pace</strong></span> <span class='ocrx_word' id='word_1_552' title='bbox 1543 4224 1804 4291; x_wconf 87' lang='lat' dir='ltr'><strong>regantur</strong></span> <span class='ocrx_word' id='word_1_553' title='bbox 1823 4257 1839 4282; x_wconf 86' lang='lat'><strong>,</strong></span> <span class='ocrx_word' id='word_1_554' title='bbox 2155 4226 2326 4282; x_wconf 86' lang='lat' dir='ltr'><strong>David</strong></span> <span class='ocrx_word' id='word_1_555' title='bbox 2355 4233 2502 4281; x_wconf 90' lang='lat' dir='ltr'><strong>amat</strong></span> <span class='ocrx_word' id='word_1_556' title='bbox 2526 4241 2741 4291; x_wconf 86' lang='lat' dir='ltr'><strong>versus,</strong></span> <span class='ocrx_word' id='word_1_557' title='bbox 2764 4242 2947 4298; x_wconf 88' lang='lat' dir='ltr'><strong>surge,</strong></span> <span class='ocrx_word' id='word_1_558' title='bbox 2970 4235 3024 4282; x_wconf 91' lang='lat' dir='ltr'><strong>et</strong></span> <span class='ocrx_word' id='word_1_559' title='bbox 3052 4226 3139 4283; x_wconf 92' lang='lat' dir='ltr'><strong>l‘ac</strong></span> <span class='ocrx_word' id='word_1_560' title='bbox 3155 4270 3169 4294; x_wconf 92' lang='lat'><strong>,</strong></span> <span class='ocrx_word' id='word_1_561' title='bbox 3198 4229 3402 4295; x_wconf 87' lang='lat' dir='ltr'><strong>ﬁstula,</strong></span> <span class='ocrx_word' id='word_1_562' title='bbox 3427 4247 3647 4291; x_wconf 80' lang='lat' dir='ltr'><strong>versus.</strong></span> 
     </span>
    </p>
   </div>
   <div class='ocr_carea' id='block_1_59' title="bbox 535 4308 3526 4389">
    <p class='ocr_par' dir='ltr' id='par_1_59' title="bbox 535 4308 3526 4389">
     <span class='ocr_line' id='line_1_59' title="bbox 535 4308 3526 4389; baseline -0.001 -10"><span class='ocrx_word' id='word_1_563' title='bbox 535 4322 609 4381; x_wconf 93' lang='lat' dir='ltr'><strong>Ut</strong></span> <span class='ocrx_word' id='word_1_564' title='bbox 632 4337 788 4377; x_wconf 89' lang='lat' dir='ltr'><strong>mens</strong></span> <span class='ocrx_word' id='word_1_565' title='bbox 815 4336 923 4375; x_wconf 90' lang='lat' dir='ltr'><strong>una</strong></span> <span class='ocrx_word' id='word_1_566' title='bbox 944 4318 1056 4384; x_wconf 86' lang='lat' dir='ltr'><strong>ﬁat,</strong></span> <span class='ocrx_word' id='word_1_567' title='bbox 1093 4331 1231 4387; x_wconf 90' lang='lat' dir='ltr'><strong>quos</strong></span> <span class='ocrx_word' id='word_1_568' title='bbox 1266 4314 1433 4370; x_wconf 83' lang='lat' dir='ltr'><strong>habet</strong></span> <span class='ocrx_word' id='word_1_569' title='bbox 1454 4326 1564 4365; x_wconf 84' lang='lat' dir='ltr'><strong>una</strong></span> <span class='ocrx_word' id='word_1_570' title='bbox 1592 4308 1726 4364; x_wconf 79' lang='lat' dir='ltr'><strong>ﬁdes</strong></span> <span class='ocrx_word' id='word_1_571' title='bbox 1747 4347 1763 4373; x_wconf 72' lang='grc' dir='ltr'><strong>ς</strong></span> <span class='ocrx_word' id='word_1_572' title='bbox 2153 4316 2321 4371; x_wconf 86' lang='lat' dir='ltr'><strong>David</strong></span> <span class='ocrx_word' id='word_1_573' title='bbox 2352 4324 2498 4371; x_wconf 90' lang='lat' dir='ltr'><strong>amat</strong></span> <span class='ocrx_word' id='word_1_574' title='bbox 2521 4326 2695 4381; x_wconf 89' lang='lat' dir='ltr'><strong>vates,</strong></span> <span class='ocrx_word' id='word_1_575' title='bbox 2720 4324 2968 4372; x_wconf 91' lang='lat' dir='ltr'><strong>vatorum</strong></span> <span class='ocrx_word' id='word_1_576' title='bbox 2992 4326 3077 4373; x_wconf 89' lang='lat' dir='ltr'><strong>est</strong></span> <span class='ocrx_word' id='word_1_577' title='bbox 3118 4318 3290 4389; x_wconf 87' lang='lat' dir='ltr'><strong>gloria</strong></span> <span class='ocrx_word' id='word_1_578' title='bbox 3322 4320 3488 4376; x_wconf 89' lang='lat' dir='ltr'><strong>David</strong></span> <span class='ocrx_word' id='word_1_579' title='bbox 3510 4365 3526 4387; x_wconf 86' lang='lat'><strong>,</strong></span> 
     </span>
    </p>
   </div>
   <div class='ocr_carea' id='block_1_60' title="bbox 463 4404 3564 4487">
    <p class='ocr_par' dir='ltr' id='par_1_60' title="bbox 463 4404 3564 4487">
     <span class='ocr_line' id='line_1_60' title="bbox 463 4404 3564 4487; baseline -0.001 -15"><span class='ocrx_word' id='word_1_580' title='bbox 463 4419 610 4486; x_wconf 91' lang='lat' dir='ltr'><strong>Quos</strong></span> <span class='ocrx_word' id='word_1_581' title='bbox 632 4414 817 4487; x_wconf 83' lang='lat' dir='ltr'><strong>genuit</strong></span> <span class='ocrx_word' id='word_1_582' title='bbox 837 4413 1074 4476; x_wconf 84' lang='lat' dir='ltr'><strong>Christo,</strong></span> <span class='ocrx_word' id='word_1_583' title='bbox 1106 4407 1309 4465; x_wconf 89' lang='lat' dir='ltr'><strong>Christi</strong></span> <span class='ocrx_word' id='word_1_584' title='bbox 1339 4404 1627 4461; x_wconf 87' lang='lat' dir='ltr'><strong>confessus</strong></span> <span class='ocrx_word' id='word_1_585' title='bbox 1655 4414 1898 4457; x_wconf 88' lang='lat' dir='ltr'><strong>amorem</strong></span> <span class='ocrx_word' id='word_1_586' title='bbox 1923 4440 1939 4464; x_wconf 86' lang='lat'><strong>,</strong></span> <span class='ocrx_word' id='word_1_587' title='bbox 2152 4405 2511 4478; x_wconf 83' lang='lat' dir='ltr'><strong>Quapropter,</strong></span> <span class='ocrx_word' id='word_1_588' title='bbox 2539 4416 2712 4472; x_wconf 88' lang='lat' dir='ltr'><strong>vates,</strong></span> <span class='ocrx_word' id='word_1_589' title='bbox 2740 4408 2923 4463; x_wconf 87' lang='lat' dir='ltr'><strong>cuncti</strong></span> <span class='ocrx_word' id='word_1_590' title='bbox 2953 4411 3266 4465; x_wconf 89' lang='lat' dir='ltr'><strong>concurrite</strong></span> <span class='ocrx_word' id='word_1_591' title='bbox 3290 4412 3343 4467; x_wconf 92' lang='lat' dir='ltr'><strong>in</strong></span> <span class='ocrx_word' id='word_1_592' title='bbox 3372 4429 3564 4480; x_wconf 85' lang='lat' dir='ltr'><strong>unum,</strong></span> 
     </span>
    </p>
   </div>
   <div class='ocr_carea' id='block_1_61' title="bbox 533 4496 3431 4589">
    <p class='ocr_par' dir='ltr' id='par_1_61' title="bbox 533 4496 3431 4589">
     <span class='ocr_line' id='line_1_61' title="bbox 533 4496 3431 4589; baseline -0.001 -25"><span class='ocrx_word' id='word_1_593' title='bbox 533 4508 781 4580; x_wconf 87' lang='lat' dir='ltr'><strong>Claviger</strong></span> <span class='ocrx_word' id='word_1_594' title='bbox 808 4505 1065 4560; x_wconf 76' lang='lat' dir='ltr'><strong>:etherius</strong></span> <span class='ocrx_word' id='word_1_595' title='bbox 1089 4502 1287 4557; x_wconf 90' lang='lat' dir='ltr'><strong>Petrus</strong></span> <span class='ocrx_word' id='word_1_596' title='bbox 1322 4499 1377 4553; x_wconf 89' lang='lat' dir='ltr'><strong>in</strong></span> <span class='ocrx_word' id='word_1_597' title='bbox 1406 4496 1687 4589; x_wconf 88' lang='lat' dir='ltr'><strong>orbepius</strong></span> <span class='ocrx_word' id='word_1_598' title='bbox 1721 4513 1734 4549; x_wconf 92' lang='lat'>:</span> <span class='ocrx_word' id='word_1_599' title='bbox 2071 4524 2130 4589; x_wconf 65' lang='grc' dir='ltr'><strong>Ι)</strong></span> <span class='ocrx_word' id='word_1_600' title='bbox 2150 4497 2326 4571; x_wconf 81' lang='lat' dir='ltr'><strong>Atque</strong></span> <span class='ocrx_word' id='word_1_601' title='bbox 2352 4515 2472 4556; x_wconf 90' lang='lat' dir='ltr'><strong>meo</strong></span> <span class='ocrx_word' id='word_1_602' title='bbox 2501 4499 2672 4555; x_wconf 90' lang='lat' dir='ltr'><strong>David</strong></span> <span class='ocrx_word' id='word_1_603' title='bbox 2698 4500 2883 4556; x_wconf 81' lang='lat' dir='ltr'><strong>dulces</strong></span> <span class='ocrx_word' id='word_1_604' title='bbox 2910 4509 3128 4557; x_wconf 91' lang='lat' dir='ltr'><strong>cantate</strong></span> <span class='ocrx_word' id='word_1_605' title='bbox 3155 4519 3431 4560; x_wconf 86' lang='lat' dir='ltr'><strong>camenas.</strong></span> 
     </span>
    </p>
   </div>
   <div class='ocr_carea' id='block_1_62' title="bbox 462 4586 3131 4667">
    <p class='ocr_par' dir='ltr' id='par_1_62' title="bbox 462 4586 3131 4667">
     <span class='ocr_line' id='line_1_62' title="bbox 462 4586 3131 4667; baseline -0.007 -11"><span class='ocrx_word' id='word_1_606' title='bbox 462 4598 543 4657; x_wconf 82' lang='lat' dir='ltr'><strong>Ne</strong></span> <span class='ocrx_word' id='word_1_607' title='bbox 575 4598 791 4654; x_wconf 85' lang='lat' dir='ltr'><strong>turbata</strong></span> <span class='ocrx_word' id='word_1_608' title='bbox 825 4595 960 4651; x_wconf 81' lang='lat' dir='ltr'><strong>ﬂuat</strong></span> <span class='ocrx_word' id='word_1_609' title='bbox 991 4610 1089 4667; x_wconf 90' lang='lat' dir='ltr'><strong>per</strong></span> <span class='ocrx_word' id='word_1_610' title='bbox 1119 4591 1382 4648; x_wconf 90' lang='lat' dir='ltr'><strong>mundum</strong></span> <span class='ocrx_word' id='word_1_611' title='bbox 1408 4588 1647 4643; x_wconf 84' lang='lat' dir='ltr'><strong>ﬂuminis</strong></span> <span class='ocrx_word' id='word_1_612' title='bbox 1672 4586 1820 4642; x_wconf 87' lang='lat' dir='ltr'><strong>unda</strong></span> <span class='ocrx_word' id='word_1_613' title='bbox 1848 4626 1865 4653; x_wconf 95' lang='lat'><strong>,</strong></span> <span class='ocrx_word' id='word_1_614' title='bbox 2074 4586 2105 4589; x_wconf 48' lang='grc'>⁷</span> <span class='ocrx_word' id='word_1_615' title='bbox 2154 4593 2323 4650; x_wconf 74' lang='lat' dir='ltr'><strong>David</strong></span> <span class='ocrx_word' id='word_1_616' title='bbox 2337 4602 2486 4649; x_wconf 66' lang='lat' dir='ltr'><strong>ama:</strong></span> <span class='ocrx_word' id='word_1_617' title='bbox 2506 4599 2680 4661; x_wconf 69' lang='lat' dir='ltr'><strong>vates,</strong></span> <span class='ocrx_word' id='word_1_618' title='bbox 2703 4602 2835 4659; x_wconf 48' lang='lat' dir='ltr'><strong>etc&quot;</strong></span> <span class='ocrx_word' id='word_1_619' title='bbox 2865 4603 2923 4648; x_wconf 73' lang='grc' dir='ltr'><strong>ιιι</strong></span> <span class='ocrx_word' id='word_1_620' title='bbox 2950 4611 3131 4665; x_wconf 55' lang='lat' dir='ltr'><strong>supra,</strong></span> 
     </span>
    </p>
   </div>
   <div class='ocr_carea' id='block_1_63' title="bbox 531 4677 3529 4757">
    <p class='ocr_par' dir='ltr' id='par_1_63' title="bbox 531 4677 3529 4757">
     <span class='ocr_line' id='line_1_63' title="bbox 531 4677 3529 4757; baseline -0.001 -12"><span class='ocrx_word' id='word_1_621' title='bbox 531 4689 691 4747; x_wconf 89' lang='lat' dir='ltr'><strong>Unde</strong></span> <span class='ocrx_word' id='word_1_622' title='bbox 725 4687 934 4745; x_wconf 86' lang='lat' dir='ltr'><strong>solebat</strong></span> <span class='ocrx_word' id='word_1_623' title='bbox 967 4699 1107 4757; x_wconf 86' lang='lat' dir='ltr'><strong>aqua</strong></span> <span class='ocrx_word' id='word_1_624' title='bbox 1138 4697 1275 4756; x_wconf 83' lang='lat' dir='ltr'><strong>pura</strong></span> <span class='ocrx_word' id='word_1_625' title='bbox 1300 4693 1527 4735; x_wconf 74' lang='lat' dir='ltr'><strong>manare</strong></span> <span class='ocrx_word' id='word_1_626' title='bbox 1555 4677 1725 4750; x_wconf 63' lang='lat' dir='ltr'><strong>prius»</strong></span> <span class='ocrx_word' id='word_1_627' title='bbox 2150 4687 2334 4743; x_wconf 91' lang='lat' dir='ltr'><strong>Dulcis</strong></span> <span class='ocrx_word' id='word_1_628' title='bbox 2362 4701 2518 4742; x_wconf 91' lang='lat' dir='ltr'><strong>amor</strong></span> <span class='ocrx_word' id='word_1_629' title='bbox 2540 4685 2710 4741; x_wconf 90' lang='lat' dir='ltr'><strong>David</strong></span> <span class='ocrx_word' id='word_1_630' title='bbox 2746 4685 2976 4756; x_wconf 84' lang='lat' dir='ltr'><strong>inspth</strong></span> <span class='ocrx_word' id='word_1_631' title='bbox 3004 4686 3171 4741; x_wconf 89' lang='lat' dir='ltr'><strong>corda</strong></span> <span class='ocrx_word' id='word_1_632' title='bbox 3211 4693 3529 4753; x_wconf 89' lang='lat' dir='ltr'><strong>canentum,</strong></span> 
     </span>
    </p>
   </div>
   <div class='ocr_carea' id='block_1_64' title="bbox 460 4766 3473 4849">
    <p class='ocr_par' dir='ltr' id='par_1_64' title="bbox 460 4766 3473 4849">
     <span class='ocr_line' id='line_1_64' title="bbox 460 4766 3473 4849; baseline -0.005 1"><span class='ocrx_word' id='word_1_633' title='bbox 460 4780 700 4839; x_wconf 66' lang='lat' dir='ltr'><strong>Plurima</strong></span> <span class='ocrx_word' id='word_1_634' title='bbox 723 4794 918 4849; x_wconf 69' lang='lat' dir='ltr'><strong>nempe</strong></span> <span class='ocrx_word' id='word_1_635' title='bbox 945 4777 1041 4833; x_wconf 63' lang='lat' dir='ltr'><strong>ubi</strong></span> <span class='ocrx_word' id='word_1_636' title='bbox 1063 4783 1193 4831; x_wconf 70' lang='lat' dir='ltr'><strong>sum</strong></span> <span class='ocrx_word' id='word_1_637' title='bbox 1216 4772 1554 4830; x_wconf 68' lang='lat' dir='ltr'><strong>emendanda</strong></span> <span class='ocrx_word' id='word_1_638' title='bbox 1582 4784 1680 4841; x_wconf 66' lang='lat' dir='ltr'><strong>Per</strong></span> <span class='ocrx_word' id='word_1_639' title='bbox 1700 4766 1885 4825; x_wconf 63' lang='lat' dir='ltr'><strong>orbem</strong></span> <span class='ocrx_word' id='word_1_640' title='bbox 2149 4780 2416 4836; x_wconf 88' lang='lat' dir='ltr'><strong>Cordibus</strong></span> <span class='ocrx_word' id='word_1_641' title='bbox 2445 4780 2500 4834; x_wconf 92' lang='lat' dir='ltr'><strong>in</strong></span> <span class='ocrx_word' id='word_1_642' title='bbox 2520 4778 2723 4835; x_wconf 90' lang='lat' dir='ltr'><strong>nostris</strong></span> <span class='ocrx_word' id='word_1_643' title='bbox 2752 4778 2917 4835; x_wconf 85' lang='lat' dir='ltr'><strong>faciat</strong></span> <span class='ocrx_word' id='word_1_644' title='bbox 2945 4771 3099 4833; x_wconf 79' lang='lat' dir='ltr'><strong>amor</strong></span> <span class='ocrx_word' id='word_1_645' title='bbox 3127 4780 3296 4849; x_wconf 83' lang='lat' dir='ltr'><strong>ipsius</strong></span> <span class='ocrx_word' id='word_1_646' title='bbox 3318 4778 3473 4836; x_wconf 87' lang='lat' dir='ltr'><strong>odas.</strong></span> 
     </span>
    </p>
   </div>
   <div class='ocr_carea' id='block_1_65' title="bbox 531 4862 2128 4939">
    <p class='ocr_par' dir='ltr' id='par_1_65' title="bbox 531 4862 1937 4939">
     <span class='ocr_line' id='line_1_65' title="bbox 531 4862 1937 4939; baseline -0.013 -10"><span class='ocrx_word' id='word_1_647' title='bbox 531 4872 577 4929; x_wconf 93' lang='lat'><strong>0</strong></span> <span class='ocrx_word' id='word_1_648' title='bbox 600 4887 716 4939; x_wconf 87' lang='lat' dir='ltr'><strong>rex,</strong></span> <span class='ocrx_word' id='word_1_649' title='bbox 738 4886 773 4926; x_wconf 90' lang='grc' dir='ltr'>ο</span> <span class='ocrx_word' id='word_1_650' title='bbox 796 4876 996 4934; x_wconf 90' lang='lat' dir='ltr'><strong>rector,</strong></span> <span class='ocrx_word' id='word_1_651' title='bbox 1020 4883 1054 4922; x_wconf 93' lang='grc' dir='ltr'><strong>ο</strong></span> <span class='ocrx_word' id='word_1_652' title='bbox 1081 4866 1249 4922; x_wconf 92' lang='lat' dir='ltr'><strong>decus</strong></span> <span class='ocrx_word' id='word_1_653' title='bbox 1273 4862 1567 4919; x_wconf 60' lang='lat' dir='ltr'><strong>Ecclesiae!</strong></span> <span class='ocrx_word' id='word_1_654' title='bbox 1932 4888 1937 4893; x_wconf 87' lang='lat'><strong>-</strong></span> 
     </span>
    </p>
   </div>
   <div class='ocr_carea' id='block_1_66' title="bbox 2018 4862 3615 4939">
    <p class='ocr_par' dir='ltr' id='par_1_66' title="bbox 2150 4869 3615 4938">
     <span class='ocr_line' id='line_1_66' title="bbox 2150 4869 3615 4938; baseline 0.001 -11"><span class='ocrx_word' id='word_1_655' title='bbox 2150 4872 2305 4927; x_wconf 81' lang='lat' dir='ltr'><strong>Vatis</strong></span> <span class='ocrx_word' id='word_1_656' title='bbox 2333 4870 2603 4927; x_wconf 82' lang='lat' dir='ltr'><strong>Homerus</strong></span> <span class='ocrx_word' id='word_1_657' title='bbox 2631 4878 2782 4926; x_wconf 90' lang='lat' dir='ltr'><strong>amat</strong></span> <span class='ocrx_word' id='word_1_658' title='bbox 2806 4870 3001 4937; x_wconf 88' lang='lat' dir='ltr'><strong>David,</strong></span> <span class='ocrx_word' id='word_1_659' title='bbox 3024 4869 3133 4935; x_wconf 89' lang='lat' dir='ltr'><strong>fac,</strong></span> <span class='ocrx_word' id='word_1_660' title='bbox 3159 4870 3337 4926; x_wconf 88' lang='lat' dir='ltr'><strong>ﬁstula</strong></span> <span class='ocrx_word' id='word_1_661' title='bbox 3357 4913 3373 4938; x_wconf 91' lang='lat'><strong>,</strong></span> <span class='ocrx_word' id='word_1_662' title='bbox 3398 4887 3615 4929; x_wconf 85' lang='lat' dir='ltr'><strong>versus.</strong></span> 
     </span>
    </p>
   </div>
   <div class='ocr_carea' id='block_1_67' title="bbox 461 4950 3253 5033">
    <p class='ocr_par' dir='ltr' id='par_1_67' title="bbox 461 4950 3253 5033">
     <span class='ocr_line' id='line_1_67' title="bbox 461 4950 3253 5033; baseline -0.006 -13"><span class='ocrx_word' id='word_1_663' title='bbox 461 4963 775 5020; x_wconf 86' lang='lat' dir='ltr'><strong>Simoniaca</strong></span> <span class='ocrx_word' id='word_1_664' title='bbox 798 4959 1017 5031; x_wconf 88' lang='lat' dir='ltr'><strong>quidem</strong></span> <span class='ocrx_word' id='word_1_665' title='bbox 1044 4957 1252 5029; x_wconf 90' lang='lat' dir='ltr'><strong>pululat</strong></span> <span class='ocrx_word' id='word_1_666' title='bbox 1270 4955 1412 5010; x_wconf 88' lang='lat' dir='ltr'><strong>male</strong></span> <span class='ocrx_word' id='word_1_667' title='bbox 1433 4952 1604 5024; x_wconf 87' lang='lat' dir='ltr'><strong>pestis</strong></span> <span class='ocrx_word' id='word_1_668' title='bbox 1624 4951 1680 5006; x_wconf 91' lang='lat' dir='ltr'><strong>in</strong></span> <span class='ocrx_word' id='word_1_669' title='bbox 1700 4950 1870 5014; x_wconf 88' lang='lat' dir='ltr'><strong>orbe;</strong></span> <span class='ocrx_word' id='word_1_670' title='bbox 2148 4963 2320 5019; x_wconf 64' lang='lat' dir='ltr'><strong>David</strong></span> <span class='ocrx_word' id='word_1_671' title='bbox 2351 4971 2501 5019; x_wconf 56' lang='lat' dir='ltr'><strong>ama;</strong></span> <span class='ocrx_word' id='word_1_672' title='bbox 2518 4970 2692 5028; x_wconf 56' lang='lat' dir='ltr'><strong>vates,</strong></span> <span class='ocrx_word' id='word_1_673' title='bbox 2721 4970 2854 5027; x_wconf 50' lang='lat' dir='ltr'><strong>etc&quot;</strong></span> <span class='ocrx_word' id='word_1_674' title='bbox 2889 4970 2945 5016; x_wconf 70' lang='grc' dir='ltr'><strong>αι</strong></span> <span class='ocrx_word' id='word_1_675' title='bbox 2975 4979 3160 5033; x_wconf 60' lang='grc' dir='ltr'><strong>συρτει,</strong></span> <span class='ocrx_word' id='word_1_676' title='bbox 3250 4990 3253 4993; x_wconf 90' lang='grc'><strong><em>-</em></strong></span> 
     </span>
    </p>
   </div>
   <div class='ocr_carea' id='block_1_68' title="bbox 530 5045 3402 5126">
    <p class='ocr_par' dir='ltr' id='par_1_68' title="bbox 530 5045 3402 5126">
     <span class='ocr_line' id='line_1_68' title="bbox 530 5045 3402 5126; baseline -0.001 -15"><span class='ocrx_word' id='word_1_677' title='bbox 530 5054 845 5111; x_wconf 80' lang='lat' dir='ltr'><strong>Muneribus</strong></span> <span class='ocrx_word' id='word_1_678' title='bbox 872 5052 1072 5108; x_wconf 82' lang='lat' dir='ltr'><strong>dantur</strong></span> <span class='ocrx_word' id='word_1_679' title='bbox 1094 5050 1325 5122; x_wconf 79' lang='lat' dir='ltr'><strong>mystica</strong></span> <span class='ocrx_word' id='word_1_680' title='bbox 1352 5048 1493 5103; x_wconf 74' lang='lat' dir='ltr'><strong>dona</strong></span> <span class='ocrx_word' id='word_1_681' title='bbox 1516 5045 1634 5110; x_wconf 65' lang='lat' dir='ltr'><strong>Del.</strong></span> <span class='ocrx_word' id='word_1_682' title='bbox 2147 5054 2351 5126; x_wconf 84' lang='lat' dir='ltr'><strong>Inclyta</strong></span> <span class='ocrx_word' id='word_1_683' title='bbox 2381 5054 2662 5111; x_wconf 90' lang='lat' dir='ltr'><strong>dulcisono</strong></span> <span class='ocrx_word' id='word_1_684' title='bbox 2692 5062 2873 5110; x_wconf 84' lang='lat' dir='ltr'><strong>taceas</strong></span> <span class='ocrx_word' id='word_1_685' title='bbox 2901 5068 2970 5108; x_wconf 90' lang='lat' dir='ltr'><strong>ne</strong></span> <span class='ocrx_word' id='word_1_686' title='bbox 3008 5054 3142 5109; x_wconf 90' lang='lat' dir='ltr'><strong>tibia</strong></span> <span class='ocrx_word' id='word_1_687' title='bbox 3171 5053 3402 5124; x_wconf 88' lang='lat' dir='ltr'><strong>plectro,</strong></span> 
     </span>
    </p>
   </div>
   <div class='ocr_carea' id='block_1_69' title="bbox 459 5131 3594 5215">
    <p class='ocr_par' dir='ltr' id='par_1_69' title="bbox 459 5131 3594 5215">
     <span class='ocr_line' id='line_1_69' title="bbox 459 5131 3594 5215; baseline -0.004 -2"><span class='ocrx_word' id='word_1_688' title='bbox 459 5146 590 5213; x_wconf 59' lang='lat' dir='ltr'><strong>Qua?</strong></span> <span class='ocrx_word' id='word_1_689' title='bbox 611 5145 755 5201; x_wconf 67' lang='lat' dir='ltr'><strong>Dc!“</strong></span> <span class='ocrx_word' id='word_1_690' title='bbox 777 5151 1015 5199; x_wconf 60' lang='grc' dir='ltr'><strong>πίοωιιε</strong></span> <span class='ocrx_word' id='word_1_691' title='bbox 1047 5140 1259 5196; x_wconf 54' lang='lat' dir='ltr'><strong>cunctis</strong></span> <span class='ocrx_word' id='word_1_692' title='bbox 1285 5136 1596 5209; x_wconf 70' lang='lat' dir='ltr'><strong>impendere</strong></span> <span class='ocrx_word' id='word_1_693' title='bbox 1626 5131 1794 5205; x_wconf 72' lang='lat' dir='ltr'><strong>gratis</strong></span> <span class='ocrx_word' id='word_1_694' title='bbox 2147 5144 2355 5204; x_wconf 87' lang='lat' dir='ltr'><strong>Nomen</strong></span> <span class='ocrx_word' id='word_1_695' title='bbox 2386 5146 2443 5201; x_wconf 87' lang='lat' dir='ltr'><strong>in</strong></span> <span class='ocrx_word' id='word_1_696' title='bbox 2471 5162 2568 5202; x_wconf 89' lang='lat' dir='ltr'><strong>ore</strong></span> <span class='ocrx_word' id='word_1_697' title='bbox 2608 5155 2703 5202; x_wconf 93' lang='lat' dir='ltr'><strong>tuo</strong></span> <span class='ocrx_word' id='word_1_698' title='bbox 2740 5154 2960 5202; x_wconf 91' lang='lat' dir='ltr'><strong>resonet</strong></span> <span class='ocrx_word' id='word_1_699' title='bbox 2996 5159 3097 5215; x_wconf 92' lang='lat' dir='ltr'><strong>per</strong></span> <span class='ocrx_word' id='word_1_700' title='bbox 3123 5146 3369 5201; x_wconf 80' lang='lat' dir='ltr'><strong>carmina</strong></span> <span class='ocrx_word' id='word_1_701' title='bbox 3398 5146 3594 5214; x_wconf 85' lang='lat' dir='ltr'><strong>David,</strong></span> 
     </span>
    </p>
   </div>
   <div class='ocr_carea' id='block_1_70' title="bbox 526 5231 2123 5309">
    <p class='ocr_par' dir='ltr' id='par_1_70' title="bbox 526 5231 1660 5308">
     <span class='ocr_line' id='line_1_70' title="bbox 526 5231 1660 5308; baseline -0.008 -16"><span class='ocrx_word' id='word_1_702' title='bbox 526 5236 796 5303; x_wconf 78' lang='lat' dir='ltr'><strong>Iusserat,</strong></span> <span class='ocrx_word' id='word_1_703' title='bbox 824 5243 887 5291; x_wconf 90' lang='lat' dir='ltr'><strong>ut</strong></span> <span class='ocrx_word' id='word_1_704' title='bbox 911 5234 1079 5308; x_wconf 89' lang='lat' dir='ltr'><strong>gratis</strong></span> <span class='ocrx_word' id='word_1_705' title='bbox 1108 5232 1305 5302; x_wconf 89' lang='lat' dir='ltr'><strong>accipit</strong></span> <span class='ocrx_word' id='word_1_706' title='bbox 1334 5231 1448 5301; x_wconf 91' lang='lat' dir='ltr'><strong>ipse</strong></span> <span class='ocrx_word' id='word_1_707' title='bbox 1483 5231 1660 5286; x_wconf 88' lang='lat' dir='ltr'><strong>dator.</strong></span> 
     </span>
    </p>
   </div>
   <div class='ocr_carea' id='block_1_71' title="bbox 1782 5231 3379 5309">
    <p class='ocr_par' dir='ltr' id='par_1_71' title="bbox 2145 5235 3379 5309">
     <span class='ocr_line' id='line_1_71' title="bbox 2145 5235 3379 5309; baseline -0.003 -14"><span class='ocrx_word' id='word_1_708' title='bbox 2145 5237 2293 5295; x_wconf 86' lang='lat' dir='ltr'><strong>Illius</strong></span> <span class='ocrx_word' id='word_1_709' title='bbox 2321 5244 2484 5309; x_wconf 90' lang='lat' dir='ltr'><strong>atque</strong></span> <span class='ocrx_word' id='word_1_710' title='bbox 2513 5244 2665 5292; x_wconf 91' lang='lat' dir='ltr'><strong>tuum</strong></span> <span class='ocrx_word' id='word_1_711' title='bbox 2688 5236 2895 5307; x_wconf 87' lang='lat' dir='ltr'><strong>repleat</strong></span> <span class='ocrx_word' id='word_1_712' title='bbox 2921 5235 3141 5292; x_wconf 90' lang='lat' dir='ltr'><strong>dilectio</strong></span> <span class='ocrx_word' id='word_1_713' title='bbox 3170 5244 3379 5308; x_wconf 88' lang='lat' dir='ltr'><strong>pectus.</strong></span> 
     </span>
    </p>
   </div>
   <div class='ocr_carea' id='block_1_72' title="bbox 459 5320 3163 5402">
    <p class='ocr_par' dir='ltr' id='par_1_72' title="bbox 459 5320 3163 5402">
     <span class='ocr_line' id='line_1_72' title="bbox 459 5320 3163 5402; baseline -0.004 -17"><span class='ocrx_word' id='word_1_714' title='bbox 459 5328 583 5385; x_wconf 88' lang='lat' dir='ltr'><strong>Stat</strong></span> <span class='ocrx_word' id='word_1_715' title='bbox 601 5345 816 5402; x_wconf 91' lang='lat' dir='ltr'><strong>quoque</strong></span> <span class='ocrx_word' id='word_1_716' title='bbox 836 5329 1100 5400; x_wconf 89' lang='lat' dir='ltr'><strong>judicium</strong></span> <span class='ocrx_word' id='word_1_717' title='bbox 1129 5342 1304 5381; x_wconf 72' lang='lat' dir='ltr'><strong>causa:</strong></span> <span class='ocrx_word' id='word_1_718' title='bbox 1328 5325 1428 5380; x_wconf 90' lang='lat' dir='ltr'><strong>sub</strong></span> <span class='ocrx_word' id='word_1_719' title='bbox 1453 5338 1677 5378; x_wconf 89' lang='lat' dir='ltr'><strong>munere</strong></span> <span class='ocrx_word' id='word_1_720' title='bbox 1712 5320 1895 5377; x_wconf 82' lang='lat' dir='ltr'><strong>dantis</strong></span> <span class='ocrx_word' id='word_1_721' title='bbox 1921 5361 1937 5388; x_wconf 92' lang='lat'><strong>,</strong></span> <span class='ocrx_word' id='word_1_722' title='bbox 2148 5331 2316 5386; x_wconf 70' lang='lat' dir='ltr'><strong>David</strong></span> <span class='ocrx_word' id='word_1_723' title='bbox 2345 5336 2492 5385; x_wconf 65' lang='lat' dir='ltr'><strong>amat</strong></span> <span class='ocrx_word' id='word_1_724' title='bbox 2518 5337 2691 5396; x_wconf 62' lang='lat' dir='ltr'><strong>vates,</strong></span> <span class='ocrx_word' id='word_1_725' title='bbox 2721 5339 2851 5393; x_wconf 45' lang='lat' dir='ltr'><strong>ego&quot;</strong></span> <span class='ocrx_word' id='word_1_726' title='bbox 2887 5339 2944 5385; x_wconf 74' lang='grc' dir='ltr'><strong>αι</strong></span> <span class='ocrx_word' id='word_1_727' title='bbox 2981 5347 3163 5402; x_wconf 54' lang='lat' dir='ltr'><strong>supra,</strong></span> 
     </span>
    </p>
   </div>
   <div class='ocr_carea' id='block_1_73' title="bbox 529 5416 3520 5492">
    <p class='ocr_par' dir='ltr' id='par_1_73' title="bbox 529 5416 3520 5492">
     <span class='ocr_line' id='line_1_73' title="bbox 529 5416 3520 5492; baseline 0.001 -16"><span class='ocrx_word' id='word_1_728' title='bbox 529 5421 784 5492; x_wconf 85' lang='lat' dir='ltr'><strong>Sportula</strong></span> <span class='ocrx_word' id='word_1_729' title='bbox 808 5419 1080 5490; x_wconf 86' lang='lat' dir='ltr'><strong>justitiam</strong></span> <span class='ocrx_word' id='word_1_730' title='bbox 1116 5418 1279 5474; x_wconf 80' lang='lat' dir='ltr'><strong>vertit</strong></span> <span class='ocrx_word' id='word_1_731' title='bbox 1322 5418 1377 5471; x_wconf 88' lang='lat' dir='ltr'><strong>in</strong></span> <span class='ocrx_word' id='word_1_732' title='bbox 1400 5432 1497 5471; x_wconf 81' lang='lat' dir='ltr'><strong>ore</strong></span> <span class='ocrx_word' id='word_1_733' title='bbox 1528 5416 1676 5471; x_wconf 85' lang='lat' dir='ltr'><strong>senis</strong></span> <span class='ocrx_word' id='word_1_734' title='bbox 1702 5430 1716 5480; x_wconf 87' lang='lat'><strong>;</strong></span> <span class='ocrx_word' id='word_1_735' title='bbox 2146 5420 2316 5477; x_wconf 87' lang='lat' dir='ltr'><strong>David</strong></span> <span class='ocrx_word' id='word_1_736' title='bbox 2346 5429 2493 5477; x_wconf 90' lang='lat' dir='ltr'><strong>amat</strong></span> <span class='ocrx_word' id='word_1_737' title='bbox 2518 5430 2759 5477; x_wconf 89' lang='lat' dir='ltr'><strong>veterum</strong></span> <span class='ocrx_word' id='word_1_738' title='bbox 2783 5430 3027 5478; x_wconf 89' lang='lat' dir='ltr'><strong>sacratos</strong></span> <span class='ocrx_word' id='word_1_739' title='bbox 3051 5436 3278 5478; x_wconf 88' lang='lat' dir='ltr'><strong>noscere</strong></span> <span class='ocrx_word' id='word_1_740' title='bbox 3302 5436 3520 5486; x_wconf 85' lang='lat' dir='ltr'><strong>sensus,</strong></span> 
     </span>
    </p>
   </div>
   <div class='ocr_carea' id='block_1_74' title="bbox 528 5527 3751 5603">
    <p class='ocr_par' dir='ltr' id='par_1_74' title="bbox 528 5527 3751 5603">
     <span class='ocr_line' id='line_1_74' title="bbox 528 5527 3751 5603; baseline 0 -14"><span class='ocrx_word' id='word_1_741' title='bbox 528 5545 553 5573; x_wconf 80' lang='grc' dir='ltr'>ι</span> <span class='ocrx_word' id='word_1_742' title='bbox 584 5533 698 5590; x_wconf 81' lang='lat' dir='ltr'><strong>Hoc</strong></span> <span class='ocrx_word' id='word_1_743' title='bbox 735 5549 958 5589; x_wconf 87' lang='lat' dir='ltr'><strong>carmen</strong></span> <span class='ocrx_word' id='word_1_744' title='bbox 999 5533 1281 5597; x_wconf 88' lang='lat' dir='ltr'><strong>Alcuinus,</strong></span> <span class='ocrx_word' id='word_1_745' title='bbox 1303 5532 1428 5586; x_wconf 90' lang='lat' dir='ltr'><strong>dum</strong></span> <span class='ocrx_word' id='word_1_746' title='bbox 1449 5528 1565 5599; x_wconf 90' lang='lat' dir='ltr'><strong>jam</strong></span> <span class='ocrx_word' id='word_1_747' title='bbox 1608 5528 1733 5603; x_wconf 65' lang='lat' dir='ltr'><strong>aula</strong></span> <span class='ocrx_word' id='word_1_748' title='bbox 1760 5527 1965 5603; x_wconf 61' lang='lat' dir='ltr'><strong>relicta</strong></span> <span class='ocrx_word' id='word_1_749' title='bbox 1988 5528 2043 5585; x_wconf 84' lang='lat' dir='ltr'><strong>in</strong></span> <span class='ocrx_word' id='word_1_750' title='bbox 2220 5544 2243 5572; x_wconf 77' lang='grc' dir='ltr'><strong>ο</strong></span> <span class='ocrx_word' id='word_1_751' title='bbox 2279 5532 2510 5588; x_wconf 88' lang='lat' dir='ltr'><strong>Carmen</strong></span> <span class='ocrx_word' id='word_1_752' title='bbox 2566 5533 2688 5595; x_wconf 86' lang='lat' dir='ltr'><strong>hoc.</strong></span> <span class='ocrx_word' id='word_1_753' title='bbox 2732 5533 2873 5603; x_wconf 90' lang='lat' dir='ltr'><strong>apud</strong></span> <span class='ocrx_word' id='word_1_754' title='bbox 2901 5533 3232 5589; x_wconf 89' lang='lat' dir='ltr'><strong>Frobenium</strong></span> <span class='ocrx_word' id='word_1_755' title='bbox 3279 5533 3424 5588; x_wconf 90' lang='lat' dir='ltr'><strong>inter</strong></span> <span class='ocrx_word' id='word_1_756' title='bbox 3474 5531 3751 5590; x_wconf 65' lang='lat' dir='ltr'><strong>Auamma</strong></span> 
     </span>
    </p>
   </div>
   <div class='ocr_carea' id='block_1_75' title="bbox 457 5598 3145 5678">
    <p class='ocr_par' dir='ltr' id='par_1_75' title="bbox 457 5598 3145 5678">
     <span class='ocr_line' id='line_1_75' title="bbox 457 5598 3145 5678; baseline -0.001 -18"><span class='ocrx_word' id='word_1_757' title='bbox 457 5605 791 5678; x_wconf 79' lang='lat' dir='ltr'><strong>monasterio</strong></span> <span class='ocrx_word' id='word_1_758' title='bbox 818 5618 925 5678; x_wconf 72' lang='lat' dir='ltr'><strong>suo</strong></span> <span class='ocrx_word' id='word_1_759' title='bbox 944 5603 1180 5678; x_wconf 75' lang='lat' dir='ltr'><strong>Turonis</strong></span> <span class='ocrx_word' id='word_1_760' title='bbox 1202 5598 1539 5668; x_wconf 89' lang='lat' dir='ltr'><strong>moraretur,</strong></span> <span class='ocrx_word' id='word_1_761' title='bbox 1564 5598 1911 5678; x_wconf 71' lang='lat' dir='ltr'><strong>ad_Carolu_m</strong></span> <span class='ocrx_word' id='word_1_762' title='bbox 1937 5601 2047 5657; x_wconf 84' lang='lat' dir='ltr'><strong>Ro-</strong></span> <span class='ocrx_word' id='word_1_763' title='bbox 2144 5604 2403 5678; x_wconf 72' lang='lat' dir='ltr'><strong>positum,</strong></span> <span class='ocrx_word' id='word_1_764' title='bbox 2437 5604 2544 5678; x_wconf 79' lang='lat' dir='ltr'><strong>huc</strong></span> <span class='ocrx_word' id='word_1_765' title='bbox 2566 5598 2958 5678; x_wconf 74' lang='lat' dir='ltr'><strong>revocavimus.</strong></span> <span class='ocrx_word' id='word_1_766' title='bbox 2985 5604 3145 5660; x_wconf 79' lang='lat' dir='ltr'><strong>Eutr.</strong></span> 
     </span>
    </p>
   </div>
   <div class='ocr_carea' id='block_1_76' title="bbox 456 5672 3753 5744">
    <p class='ocr_par' dir='ltr' id='par_1_76' title="bbox 456 5672 3753 5744">
     <span class='ocr_line' id='line_1_76' title="bbox 456 5672 3753 5744; baseline -0.001 -13"><span class='ocrx_word' id='word_1_767' title='bbox 456 5690 603 5731; x_wconf 82' lang='lat' dir='ltr'><strong>mam</strong></span> <span class='ocrx_word' id='word_1_768' title='bbox 634 5715 647 5738; x_wconf 90' lang='lat'><strong>,</strong></span> <span class='ocrx_word' id='word_1_769' title='bbox 687 5675 756 5730; x_wconf 88' lang='lat' dir='ltr'><strong>ad</strong></span> <span class='ocrx_word' id='word_1_770' title='bbox 800 5675 1023 5731; x_wconf 85' lang='lat' dir='ltr'><strong>dissidia</strong></span> <span class='ocrx_word' id='word_1_771' title='bbox 1073 5674 1272 5730; x_wconf 89' lang='lat' dir='ltr'><strong>ibidem</strong></span> <span class='ocrx_word' id='word_1_772' title='bbox 1317 5673 1724 5744; x_wconf 85' lang='lat' dir='ltr'><strong>componenda,</strong></span> <span class='ocrx_word' id='word_1_773' title='bbox 1771 5672 2044 5744; x_wconf 83' lang='lat' dir='ltr'><strong>abiturum</strong></span> <span class='ocrx_word' id='word_1_774' title='bbox 2144 5672 2165 5678; x_wconf 84' lang='grc'><em>’</em></span> <span class='ocrx_word' id='word_1_775' title='bbox 2214 5674 2243 5715; x_wconf 79' lang='lat' dir='ltr'><strong>d</strong></span> <span class='ocrx_word' id='word_1_776' title='bbox 2274 5673 2373 5729; x_wconf 83' lang='lat' dir='ltr'><strong>Hic</strong></span> <span class='ocrx_word' id='word_1_777' title='bbox 2417 5673 2606 5727; x_wconf 89' lang='lat' dir='ltr'><strong>titulus</strong></span> <span class='ocrx_word' id='word_1_778' title='bbox 2655 5675 2916 5729; x_wconf 92' lang='lat' dir='ltr'><strong>carminis</strong></span> <span class='ocrx_word' id='word_1_779' title='bbox 2950 5682 3035 5730; x_wconf 88' lang='lat' dir='ltr'><strong>est</strong></span> <span class='ocrx_word' id='word_1_780' title='bbox 3070 5675 3124 5730; x_wconf 93' lang='lat' dir='ltr'><strong>in</strong></span> <span class='ocrx_word' id='word_1_781' title='bbox 3173 5675 3290 5744; x_wconf 89' lang='lat' dir='ltr'><strong>ipso</strong></span> <span class='ocrx_word' id='word_1_782' title='bbox 3333 5673 3456 5730; x_wconf 92' lang='lat' dir='ltr'><strong>cod.</strong></span> <span class='ocrx_word' id='word_1_783' title='bbox 3506 5689 3637 5737; x_wconf 87' lang='lat' dir='ltr'><strong>ms.;</strong></span> <span class='ocrx_word' id='word_1_784' title='bbox 3674 5672 3753 5729; x_wconf 84' lang='lat' dir='ltr'><strong>ad</strong></span> 
     </span>
    </p>
   </div>
   <div class='ocr_carea' id='block_1_77' title="bbox 458 5690 3757 5823">
    <p class='ocr_par' dir='ltr' id='par_1_77' title="bbox 458 5690 3757 5823">
     <span class='ocr_line' id='line_1_77' title="bbox 458 5690 3753 5744; baseline -0.001 -13"><span class='ocrx_word' id='word_1_785' title='bbox 458 5690 603 5731; x_wconf 82' lang='lat' dir='ltr'><strong>mam</strong></span> <span class='ocrx_word' id='word_1_786' title='bbox 634 5715 647 5738; x_wconf 85' lang='lat'><strong>,</strong></span> <span class='ocrx_word' id='word_1_787' title='bbox 687 5690 756 5730; x_wconf 83' lang='lat' dir='ltr'><strong>au</strong></span> <span class='ocrx_word' id='word_1_788' title='bbox 800 5690 1023 5731; x_wconf 77' lang='lat' dir='ltr'><strong>ﬂlSSIOIa</strong></span> <span class='ocrx_word' id='word_1_789' title='bbox 1073 5690 1272 5730; x_wconf 74' lang='lat' dir='ltr'><strong>Ibidem</strong></span> <span class='ocrx_word' id='word_1_790' title='bbox 1317 5690 1724 5744; x_wconf 80' lang='lat' dir='ltr'><strong>componenda,</strong></span> <span class='ocrx_word' id='word_1_791' title='bbox 1771 5690 2044 5728; x_wconf 76' lang='lat' dir='ltr'><strong>aDIIlII&#39;IIllI</strong></span> <span class='ocrx_word' id='word_1_792' title='bbox 2214 5690 2243 5715; x_wconf 72' lang='grc'><strong>(³</strong></span> <span class='ocrx_word' id='word_1_793' title='bbox 2275 5690 2373 5729; x_wconf 80' lang='lat' dir='ltr'><strong>I‘IIC</strong></span> <span class='ocrx_word' id='word_1_794' title='bbox 2417 5690 2606 5727; x_wconf 72' lang='grc' dir='ltr'><strong>ῑιιιιιιιε</strong></span> <span class='ocrx_word' id='word_1_795' title='bbox 2655 5690 2916 5729; x_wconf 80' lang='lat' dir='ltr'><strong>carminis</strong></span> <span class='ocrx_word' id='word_1_796' title='bbox 2950 5690 3035 5730; x_wconf 74' lang='lat' dir='ltr'><strong>CSI</strong></span> <span class='ocrx_word' id='word_1_797' title='bbox 3070 5691 3124 5730; x_wconf 85' lang='lat' dir='ltr'><strong>III</strong></span> <span class='ocrx_word' id='word_1_798' title='bbox 3173 5692 3190 5730; x_wconf 89' lang='grc' dir='ltr'><strong><em>ι</em></strong></span> <span class='ocrx_word' id='word_1_799' title='bbox 3230 5690 3290 5729; x_wconf 88' lang='lat' dir='ltr'><strong>SO</strong></span> <span class='ocrx_word' id='word_1_800' title='bbox 3333 5690 3456 5730; x_wconf 81' lang='grc' dir='ltr'><strong>οοα.</strong></span> <span class='ocrx_word' id='word_1_801' title='bbox 3506 5690 3637 5737; x_wconf 58' lang='grc' dir='ltr'><strong>ωας</strong></span> <span class='ocrx_word' id='word_1_802' title='bbox 3674 5690 3753 5729; x_wconf 81' lang='lat' dir='ltr'><strong>aa</strong></span> 
     </span>
     <span class='ocr_line' id='line_1_78' title="bbox 458 5690 3757 5823; baseline 0.001 -22"><span class='ocrx_word' id='word_1_803' title='bbox 458 5744 717 5823; x_wconf 67' lang='lat' dir='ltr'><strong>scripsit,</strong></span> <span class='ocrx_word' id='word_1_804' title='bbox 755 5754 919 5818; x_wconf 89' lang='lat' dir='ltr'><strong>prout</strong></span> <span class='ocrx_word' id='word_1_805' title='bbox 948 5753 1244 5823; x_wconf 75' lang='lat' dir='ltr'><strong>contextus</strong></span> <span class='ocrx_word' id='word_1_806' title='bbox 1274 5746 1465 5806; x_wconf 81' lang='lat' dir='ltr'><strong>docet;</strong></span> <span class='ocrx_word' id='word_1_807' title='bbox 1512 5759 1709 5817; x_wconf 88' lang='lat' dir='ltr'><strong>nempe</strong></span> <span class='ocrx_word' id='word_1_808' title='bbox 1742 5757 1889 5803; x_wconf 87' lang='lat' dir='ltr'><strong>anno</strong></span> <span class='ocrx_word' id='word_1_809' title='bbox 1914 5742 2043 5801; x_wconf 75' lang='lat'><strong>800.</strong></span> <span class='ocrx_word' id='word_1_810' title='bbox 2147 5754 2321 5823; x_wconf 68' lang='lat' dir='ltr'><strong>totam</strong></span> <span class='ocrx_word' id='word_1_811' title='bbox 2355 5759 2485 5800; x_wconf 89' lang='lat' dir='ltr'><strong>vero</strong></span> <span class='ocrx_word' id='word_1_812' title='bbox 2517 5744 2692 5802; x_wconf 85' lang='lat' dir='ltr'><strong>aulam</strong></span> <span class='ocrx_word' id='word_1_813' title='bbox 2726 5755 2850 5802; x_wconf 89' lang='lat' dir='ltr'><strong>vota</strong></span> <span class='ocrx_word' id='word_1_814' title='bbox 2900 5760 2998 5801; x_wconf 85' lang='lat' dir='ltr'><strong>sua</strong></span> <span class='ocrx_word' id='word_1_815' title='bbox 3040 5761 3140 5819; x_wconf 91' lang='lat' dir='ltr'><strong>pro</strong></span> <span class='ocrx_word' id='word_1_816' title='bbox 3174 5690 3322 5802; x_wconf 52' lang='lat' dir='ltr'><strong>illius</strong></span> <span class='ocrx_word' id='word_1_817' title='bbox 3370 5744 3757 5823; x_wconf 63' lang='lat' dir='ltr'><strong>prosperitate</strong></span> 
     </span>
    </p>
   </div>
   <div class='ocr_carea' id='block_1_78' title="bbox 531 5814 2349 5887">
    <p class='ocr_par' dir='ltr' id='par_1_78' title="bbox 531 5814 2349 5887">
     <span class='ocr_line' id='line_1_79' title="bbox 531 5814 2349 5887; baseline -0.004 -12"><span class='ocrx_word' id='word_1_818' title='bbox 531 5816 559 5859; x_wconf 69' lang='grc' dir='ltr'>δ</span> <span class='ocrx_word' id='word_1_819' title='bbox 577 5814 773 5883; x_wconf 66' lang='lat' dir='ltr'><strong>rem;</strong></span> <span class='ocrx_word' id='word_1_820' title='bbox 796 5820 1015 5871; x_wconf 59' lang='lat' dir='ltr'><strong>causam</strong></span> <span class='ocrx_word' id='word_1_821' title='bbox 1025 5833 1067 5870; x_wconf 89' lang='lat' dir='ltr'><strong>r.</strong></span> <span class='ocrx_word' id='word_1_822' title='bbox 1646 5814 1657 5817; x_wconf 73' lang='grc'><em>’</em></span> <span class='ocrx_word' id='word_1_823' title='bbox 2146 5814 2349 5887; x_wconf 77' lang='lat' dir='ltr'><strong>dirigit.</strong></span> 
     </span>
    </p>
   </div>
  </div>
