4044 6340
263 416 372 480 735
1061 425 1072 437 -
1434 400 1764 463 CARMINA.
1803 426 1860 444 -

1923 398 1993 456 ω
2030 385 2299 457 ῨΔῐὶΙΟΞ.
3418 390 3520 447 788

267 499 598 599 υἰγίιὶπᾷιιε
624 540 815 583 senum
838 536 1005 596 gnaro
1024 535 1345 595 percurrere
1370 520 1555 586 corde,
1863 519 1915 579 A
1944 516 2015 574 Ut
2036 517 2180 589 legat
2206 519 2304 572 hos
2327 528 2518 571 versus
2545 513 2681 569 aulae
2704 512 3006 585 condignus
3043 525 3225 566 amore
3256 523 3271 563 :

266 626 619 697 Scrutarique
644 638 813 681 sacra;
839 621 1002 694 gestit
1022 627 1233 677 secreta
1257 618 1482 691 sophiae.
1941 610 2145 679 Dignus
2169 622 2323 663 amor
2357 605 2547 662 rutilat
2582 613 2709 661 vato
2727 604 2755 646 ει
2781 606 2838 661 in
2862 605 3026 661 corde
3054 602 3315 660 Menalce.

264 719 432 776 David
458 723 607 773 amat
624 722 797 781 vates,
818 721 954 777 etc.,
982 720 1039 766 ut
1068 726 1250 782 supra.
1944 702 2137 773 Surge,
2168 700 2304 756 meis
2325 700 2528 764 charis,
2554 706 2685 765 etc.,
2714 707 2770 752 ut
2796 714 2979 768 supra.

264 812 435 869 David
460 809 664 866 habere
683 806 832 879 cupit
865 804 1142 876 sapientes
1172 808 1354 857 mente
1385 798 1700 871 magistros,
1942 792 2201 850 Chartula
2240 806 2400 846 curre
2436 790 2596 844 modo
2633 804 2734 860 per
2770 803 2924 844 sacra
2953 787 3158 857 palatia
3182 782 3379 851 David,

264 903 347 961 Ad
383 903 571 967 decus,
592 900 660 956 ad
684 898 900 953 laudem
924 894 1293 964 cujuscunque
1327 892 1464 947 artis
1490 890 1547 945 in
1575 887 1716 944 aula.
1941 885 2118 955 Atque
2144 883 2336 940 humili
2364 882 2575 937 cunctis
2600 881 2782 936 charis
2812 880 2895 937 fer
2921 895 3054 936 voce
3076 880 3327 945 salutem,

266 994 339 1050 Ut
358 1000 604 1047 veterum
631 996 856 1045 renovet
884 987 1126 1042 studiosa
1155 992 1335 1040 mente
1378 982 1647 1053 sophiam.
1940 975 2101 1033 Basia
2133 976 2269 1031 dans
2296 974 2439 1030 dulci
2480 973 2756 1028 molimine
2793 988 3009 1045 semper
3030 974 3243 1041 amicis,

264 1083 434 1139 David
470 1088 615 1137 amat
638 1089 810 1144 vates,
843 1086 977 1145 etc.,
1014 1087 1071 1131 ut
1109 1094 1293 1147 supra.
1941 1066 2120 1135 Atque
2147 1066 2252 1120 mei
2282 1064 2452 1119 David
2474 1063 2703 1133 pedibus
2727 1072 3002 1133 prostrata
3040 1079 3298 1122 camenas

263 1177 637 1233 Fundamenta
666 1190 831 1247 super
866 1182 1078 1243 petram
1107 1181 1322 1239 quoque
1346 1164 1502 1236 ponit
1548 1162 1604 1217 in
1651 1159 1845 1225 altum,
1945 1157 2066 1215 Mox
2086 1158 2327 1229 expande
2350 1166 2505 1222 tuas,
2533 1156 2714 1211 decies
2748 1156 2838 1211 dic
2865 1156 3011 1247 mille
3048 1157 3277 1225 salutes,

267 1266 340 1324 Ut
364 1267 557 1322 domus
594 1246 737 1321 alma
755 1265 867 1319 Deo
886 1268 1102 1317 maneat
1127 1256 1438 1313 ﬁrmissima
1466 1251 1703 1309 Christo.
1944 1251 2121 1321 Atque
2146 1251 2345 1320 pedum
2365 1247 2549 1320 digitis
2580 1248 2649 1302 da
2675 1247 2832 1302 basia
2860 1246 3038 1302 dulcia
3068 1249 3262 1305 sacris.

261 1355 416 1413 Felix
446 1357 525 1411 sic
549 1353 754 1425 lapides
781 1351 980 1423 posuit.
1003 1388 1019 1405 .
1042 1389 1056 1403 .
1092 1348 1314 1403 dextera
1344 1344 1580 1415 primum
1948 1339 2040 1396 Sic
2069 1348 2121 1394 te
2139 1347 2291 1395 verte
2315 1339 2452 1395 meis
2480 1336 2706 1411 [charis]
2732 1336 2983 1409 proferre
3018 1338 3270 1405 salutem,

260 1445 469 1517 Inclyta
499 1443 830 1500 celsithrono
856 1440 1050 1494 ﬁerent
1067 1445 1128 1492 ut
1152 1433 1349 1505 templa
1379 1429 1630 1487 Tonanti.
1944 1431 2123 1501 Atque
2145 1429 2446 1500 puellarum
2472 1443 2722 1484 cameras
2757 1442 3016 1499 percurre
3041 1428 3311 1517 canendo.

260 1516 571 1591 Auxilietur
591 1533 736 1605 opus‘
753 1531 954 1587 Christi
986 1527 1273 1584 clementia
1303 1524 1584 1580 sanctum!
1946 1520 2016 1575 Et
2046 1528 2170 1591 pete
2197 1527 2400 1575 castra.
2420 1557 2435 1572 .
2454 1558 2468 1571 .
2508 1518 2685 1589 primo
2710 1517 3017 1573 clarissima
3044 1516 3152 1573 Juli
3177 1528 3225 1584 ο,

258 1628 609 1683 Auxilientur
634 1641 769 1696 opus
799 1624 1069 1689 cmlestes,
1099 1633 1303 1691 quaeso,
1334 1615 1592 1680 ministri,
1947 1611 2016 1665 Et
2040 1610 2129 1666 die
2158 1609 2501 1665 multimodas
2523 1606 2709 1677 juveni
2739 1624 2837 1679 per
2870 1608 3111 1663 carmina
3152 1608 3341 1665 laudes
3371 1625 3390 1664 :

262 1719 704 1788 Sanctorumque
730 1714 891 1771 simul
916 1727 1195 1776 numerus,
1212 1724 1431 1781 prwor,
1449 1708 1667 1778 adjuvet
1695 1702 1846 1759 illud.
1948 1702 2017 1757 Et
2036 1702 2115 1757 sic
2140 1701 2207 1756 ad
2236 1716 2448 1757 sacram
2478 1701 2640 1756 citius
2664 1708 2796 1754 tunc
2821 1714 2984 1755 curre
3012 1700 3300 1771 capellam,

258 1808 437 1863 David
476 1814 625 1862 amat
647 1805 954 1868 Christum,
991 1801 1241 1857 Christus
1265 1807 1351 1854 est
1374 1798 1545 1870 gloria
1587 1794 1777 1869 David.
1948 1792 2239 1849 Paciﬁcam
2273 1800 2439 1863 utque
2476 1793 2623 1847 feras
2657 1794 2870 1849 cunctis
2912 1794 2969 1848 in
3013 1807 3108 1848 ore
3137 1793 3391 1848 salutem.

257 1897 464 1969 Surge,
490 1898 627 1952 meis
651 1896 833 1951 charis
868 1894 1052 1948 dulces
1080 1890 1188 1957 fac,
1221 1889 1423 1954 fistula,
1462 1902 1671 1943 versus.
1874 1886 1927 1949 Β
1951 1884 2021 1940 Et
2049 1885 2353 1954 quicunque
2382 1883 2482 1939 tibi
2506 1892 2885 1953 occurrat,per
2921 1892 3092 1939 strata
3121 1882 3321 1949 ﬁdelis,

253 1988 472 2059 lnclyte
502 2004 599 2044 cur
635 1994 846 2041 taceam
882 1982 1096 2054 juvenis
1143 1989 1216 2047 te,
1246 1978 1428 2044 Carle,
1452 1990 1479 2018 ι
1502 1975 1779 2034 camenis?
1951 1977 2067 2042 Vir,
2096 1984 2253 2047 pater
2301 1984 2396 2030 aut
2440 1974 2607 2030 frater
2654 1975 2859 2043 forsan,
2885 1976 3221 2047 juvenesque
3248 1989 3539 2048 senesque,

254 2078 348 2135 Tu
374 2092 591 2147 quoque
620 2089 941 2146 magnorum
975 2072 1177 2128 sobolis
1224 2070 1489 2139 condigna
1530 2075 1849 2139 parentum;
1952 2067 2179 2139 Semper
2212 2068 2267 2122 in
2307 2083 2402 2123 ore
2428 2066 2571 2123 feras
2597 2076 2867 2123 sacratam
2890 2068 3042 2137 pacis
3066 2067 3285 2122 olivam.

256 2167 351 2224 Tu
372 2168 537 2223 decus
560 2182 620 2222 es
644 2166 795 2230 aulae,
830 2165 983 2236 regni
1012 2179 1156 2234 spes,
1184 2161 1381 2217 indolis
1424 2160 1599 2215 almae.
1950 2158 2050 2214 Dic
2077 2177 2091 2213 :
2116 2158 2385 2213 Homerus
2411 2167 2559 2213 amat
2588 2168 2829 2213 vestram
2853 2174 2955 2229 per
2991 2158 3151 2214 saecla
3190 2157 3464 2214 salutem:

258 2259 609 2329 Quapropter
629 2256 818 2311 laudat
838 2255 1017 2311 omnis
1054 2262 1109 2310 te
1142 2252 1325 2308 ﬁstula
1352 2261 1557 2306 vatum.
1950 2252 2061 2307 Vos
2089 2251 2235 2307 Deus
2260 2251 2601 2321 omnipotens
2634 2265 2851 2321 semper
2877 2257 3167 2307 conservet
3205 2250 3435 2321 ubique,

261 2350 466 2421 Surge,
499 2349 635 2404 meis
672 2346 879 2413 charis,
908 2354 1038 2410 etc.,
1065 2355 1123 2399 ut
1150 2361 1334 2415 supra.
1952 2342 2031 2399 Te
2051 2359 2266 2413 quoque
2292 2342 2562 2409 Christus,
2593 2342 2784 2409 David,
2825 2352 3113 2399 conservet
3153 2344 3208 2398 in
3235 2357 3433 2400 savum.

262 2441 354 2499 Tu
382 2456 596 2513 quoque
623 2454 780 2496 sacra
807 2440 920 2495 Deo
946 2439 1121 2510 virgo,
1154 2453 1311 2493 soror
1338 2436 1539 2509 inclyta
1562 2436 1754 2504 David,
1951 2433 2144 2501 David,
2163 2450 2319 2490 amor
2346 2443 2553 2501 noster,
2580 2435 2752 2490 David
2771 2451 2938 2508 super
2965 2438 3147 2494 omnia
3176 2436 3402 2506 cltarus,

261 2535 525 2594 Carmine
556 2540 816 2605 perpetuo
853 2544 1042 2589 nostro
1057 2532 1194 2603 jam,
1219 2530 1389 2596 Gisia,
1419 2529 1616 2585 valeto.
1952 2524 2123 2581 David
2142 2535 2287 2582 amat
2312 2535 2499 2593 vates,
2527 2535 2776 2582 vatorum
2801 2536 2885 2582 est
2923 2527 3095 2599 gloria
3126 2527 3319 2584 David.

262 2629 373 2690 Te.
397 2628 530 2692 scio,
560 2641 788 2697 sponsus
826 2634 975 2680 amat
1005 2624 1266 2681 caelorum
1296 2622 1470 2693 gloria
1508 2619 1779 2689 Christus,
1953 2616 2124 2673 David
2162 2627 2307 2673 amat
2336 2617 2634 2685 Christum,
2665 2618 2918 2675 Christus
2957 2628 3040 2676 est
3066 2620 3241 2691 gloria
3280 2618 3474 2677 David.

264 2719 410 2776 Nam
440 2717 528 2773 cui
558 2725 614 2773 tu
645 2716 746 2773 soli
772 2730 987 2787 semper
1014 2725 1108 2771 tua
1138 2715 1381 2770 membra
1412 2711 1624 2769 dicasti.
2024 2710 2159 2767 Post
2179 2712 2297 2767 haec
2323 2711 2513 2767 charta
2544 2712 2653 2767 cito
2681 2712 2873 2768 hortos
2899 2714 3177 2784 percurris
3211 2728 3481 2782 ammnos,

267 2810 472 2882 Surge,
500 2809 637 2865 meis
664 2808 872 2873 charis,
904 2814 1039 2873 etc.,
1062 2815 1119 2861 ut
1144 2820 1329 2877 supra.
1954 2801 2090 2860 Cum
2114 2805 2300 2875 pueris
2328 2819 2492 2874 quam
2515 2805 2631 2875 jam
2661 2805 2911 2859 habitare
2941 2803 3152 2859 solebat
3182 2804 3476 2860 Homerus.

267 2899 548 2957 Rotthrud
574 2915 796 2957 carmen
822 2906 988 2964 amat,
1016 2898 1215 2953 mentis
1243 2896 1547 2953 clarissima
1581 2895 1756 2968 virgo.
1956 2894 2131 2952 Cerne
2160 2896 2470 2951 salutiferas
2498 2895 2727 2967 pulchro
2754 2896 2819 2950 de
2845 2897 3093 2966 gramine
3121 2894 3309 2963 ﬁores,

268 2994 441 3065 Virgo
470 2992 669 3048 decora
696 2992 848 3055 satis,
872 2999 928 3046 et
963 2991 1207 3045 moribus
1232 2989 1433 3060 inclyta
1461 2989 1645 3059 virgo.
1958 2988 2021 3047 Si
2049 2990 2189 3047 bene
2217 3006 2276 3047 se
2305 3000 2452 3057 eant,
2487 2999 2739 3046 crescant
2773 2991 2818 3045 si
2846 2994 3087 3063 germine
3113 2991 3259 3048 laeto.

266 3083 447 3140 Curre
480 3097 581 3154 per
608 3083 852 3139 albentes
884 3097 1128 3152 campos,
1157 3090 1213 3137 et
1248 3081 1442 3152 collige
1480 3078 1641 3136 flores
1960 3081 2016 3139 Si
2049 3098 2157 3138 non
2183 3082 2357 3138 hostis
2385 3082 2524 3138 edax
2556 3082 2777 3137 inimico
2806 3082 3001 3154 pollice
3027 3091 3267 3153 rumpat.

268 3174 352 3230 Ex
378 3183 625 3230 veterum
653 3173 825 3244 pratis
846 3172 1129 3242 pulchram
1156 3171 1255 3226 tibi
1294 3170 1472 3242 pande
1499 3184 1781 3227 coronam.
1891 3234 1931 3245 Α
1964 3172 2217 3244 Undique
2251 3175 2542 3245 cingantur
2571 3173 2885 3229 ﬁrmissime
2914 3174 3135 3245 sepibus
3164 3172 3267 3229 illi.

271 3263 471 3335 Surge,
511 3234 874 3328 meis-charis,
898 3270 1025 3328 etc.,
1057 3275 1115 3317 ut
1150 3234 1337 3334 supra.
1884 3234 1932 3298 C
1966 3266 2026 3323 Si
2057 3234 2268 3333 domus,
2299 3234 2374 3323 etv
2383 3267 2538 3337 pueri
2562 3267 2796 3339 vigeant,
2821 3268 2867 3323 si
2894 3234 3038 3324 tecta
3080 3267 3389 3337 domorum,

267 3355 516 3427 Virginis
547 3356 777 3428 egregiae
805 3356 979 3411 Berta:
1009 3371 1155 3411 nunc
1184 3356 1350 3412 dicite
1372 3356 1580 3422 laudes,
1964 3356 2113 3413 Laeta
2138 3357 2250 3413 Deo
2288 3357 2477 3414 laudes
2508 3356 2704 3423 facies,
2734 3358 2780 3414 si
2816 3373 3078 3429 prospera
3110 3366 3307 3415 cuncta

270 3446 538 3514 Pierides,
570 3463 805 3513 mecum,
830 3446 1078 3518 placeant
1100 3447 1186 3502 cui
1221 3449 1463 3503 carmina
1500 3455 1687 3503 nostra
1964 3449 2234 3513 invenies,
2258 3457 2315 3503 et
2340 3449 2426 3505 dic
2453 3450 2640 3520 pueris
2664 3468 2677 3504 :
2705 3457 2920 3504 servate
2941 3448 3131 3506 ﬁdeles

271 3537 623 3595 Carminibus
652 3538 945 3595 Musarum.
967 3578 981 3593 .
1004 3577 1019 3594 .
1061 3540 1223 3611 digna
1248 3539 1426 3610 puella
1453 3547 1558 3596 est.
1963 3540 2178 3606 Castra,
2206 3555 2424 3611 precor,
2448 3541 2629 3595 veniat
2662 3540 2729 3594 ad
2757 3555 2854 3596 vos
2895 3542 3022 3595 dum
3051 3541 3195 3597 vatis
3238 3539 3548 3612 Homerus;

274 3632 453 3703 Surge
472 3633 609 3688 meis
631 3632 838 3699 charis,
866 3641 996 3699 etc.,
1024 3641 1081 3686 ut
1108 3649 1290 3703 supra.
1965 3633 2045 3689 Ne
2073 3633 2158 3689 vel
2186 3632 2404 3687 flamma
2430 3636 2619 3699 vorax,
2651 3633 2737 3688 vel
2778 3632 2867 3688 fur
2893 3636 3139 3690 devastet
3168 3635 3222 3690 in
3264 3634 3385 3690 istis

273 3723 436 3779 Tibia
465 3738 562 3780 vos
586 3723 768 3780 laudet
794 3725 1002 3795 pariter
1032 3739 1176 3781 nunc
1197 3732 1404 3789 nostra,
1433 3722 1647 3795 puellae,
1965 3722 2087 3781 1am
2112 3726 2281 3796 septis
2310 3728 2603 3799 quidquam
2625 3767 2639 3791 ,
2692 3740 2903 3781 summo
2949 3727 3245 3783 miserante
3282 3724 3555 3793 Tonante.

272 3812 621 3885 Prmfragiles
646 3815 821 3881 annis,
846 3823 1072 3871 maturae
1097 3817 1152 3871 in
1189 3815 1432 3871 moribus
1470 3814 1648 3881 almis,
1967 3815 2184 3888 Vosque
2203 3818 2402 3885 valete,
2434 3820 2540 3873 mei
2564 3819 2736 3888 pueri,
2768 3820 2857 3888 pia
2881 3819 3048 3873 chara
3074 3825 3269 3889 poetas,

272 3903 683 3976 Praapulchram
702 3907 937 3977 speciem
959 3908 1084 3963 vitae
1106 3907 1221 3979 jam
1251 3906 1383 3963 vicit
1408 3906 1685 3963 honestas.
1967 3907 2038 3964 Et
2070 3919 2285 3980 portate
2314 3925 2436 3966 meo
2460 3910 2601 3965 dulci
2626 3926 2746 3965 mea
2782 3911 3024 3966 carmina
3055 3908 3243 3964 David.

276 3994 480 4067 Surge,
510 3997 647 4054 meis
672 3999 873 4066 charis,
902 4006 1033 4067 etc.,
1058 4011 1113 4053 ut
1137 4016 1320 4071 supra.
1967 3999 2138 4056 David
2159 4009 2307 4056 amat
2330 4008 2503 4062 vates.
2532 4010 2580 4055 et
2602 4000 2804 4072 reliqua
2834 4011 2891 4055 ut
2917 4018 3095 4076 supra.

275 4085 393 4144 Cur
424 4097 478 4145 te
518 4105 625 4145 non
658 4107 977 4157 memorem,
1008 4108 1217 4163 magnze
1246 4092 1601 4149 Primicerius
1626 4094 1659 4135 δ
1707 4091 1865 4161 aulae,
1969 4094 2139 4150 David
2161 4103 2309 4150 amat
2335 4093 2633 4162 Christum,
2668 4104 2724 4148 ut
2748 4112 2929 4167 supra.

276 4183 467 4239 Aaron
493 4186 693 4257 quippe
718 4187 869 4258 prius
898 4203 1124 4258 magnus
1153 4189 1253 4243 sub
1283 4187 1430 4243 Mose
1469 4190 1726 4245 sacerdos

275 4275 344 4333 In
365 4285 421 4335 te
454 4253 605 4335 nunc
618 4253 863 4335 nostrum
894 4290 917 4320 ο
951 4253 1131 4336 subito
1150 4280 1429 4335 reviviscit
1454 4281 1511 4335 in
1550 4281 1693 4336 aula.
2594 4253 2915 4311 CCXXXI“-

275 4367 368 4426 Tu
399 4380 587 4440 portas
620 4370 818 4437 Eﬂoth,
857 4387 1077 4429 sacrum
1118 4372 1380 4428 altaribus
1412 4372 1616 4445 ignem,

275 4459 394 4518 Ore
411 4461 521 4533 poli
548 4460 755 4519 clavem
780 4472 967 4535 portas
992 4465 1349 4536 manibusque
1376 4466 1614 4537 capellze.

278 4549 371 4667 Eu
394 4551 649 4657 populum
694 4554 946 4667 precibus
972 4554 1214 4612 defendis
1238 4572 1453 4629 semper
1488 4556 1555 4612 ab
1582 4558 1757 4615 hoste.
1891 4602 1946 4667 Β
1969 4563 2073 4620 Nix
2101 4566 2211 4622 ruit
2230 4582 2261 4623 e
2284 4568 2443 4638 ccelo,
2467 4571 2676 4643 gelidus
2706 4575 2868 4631 simul
2893 4578 3054 4634 irruit
3091 4579 3267 4638 imber
3289 4623 3309 4651 ,

2103 4405 2341 4473 Querela:
2372 4412 2434 4464 ob
2472 4418 2717 4482 negatum
2741 4414 3024 4488 hospitium
3067 4419 3139 4475 ad
3167 4420 3429 4481 eumdem.

280 4641 486 4744 Surge,
516 4646 653 4701 meis
677 4646 874 4712 charis,
906 4655 1036 4744 etc.,
1071 4658 1128 4702 ut
1162 4666 1344 4721 supra.
1894 4641 1945 4667 ν
1978 4657 2097 4714 Non
2134 4659 2235 4715 fuit
2259 4641 2686 4738 Albium—specta
2715 4668 2736 4707 ¹’
2768 4671 3043 4744 paulisper
3064 4675 3119 4730 in
3143 4676 3282 4734 urbe

279 4735 501 4836 Titii-sis
522 4748 668 4794 amat
688 4756 896 4808 versus,
934 4741 1177 4799 dicamus
1203 4744 1445 4800 carmina
1485 4745 1725 4812 Thirsin,
1980 4747 2083 4817 Qui
2114 4765 2239 4804 cum
2265 4752 2513 4821 dixisset,
2530 4735 2714 4813 donec
2740 4735 3084 4829 pertranseat
3103 4766 3279 4823 imber
3302 4809 3322 4836 ,

276 4826 473 4919 Ardua
508 4831 703 4901 quippe
736 4831 869 4887 ﬁdes
896 4841 1093 4888 canuto
1130 4834 1548 4906 vertice-fulget.
1978 4841 2047 4897 Et
2076 4843 2252 4901 calido
2279 4855 2468 4916 pectus
2490 4851 2678 4919 paradi
2713 4826 2889 4907 fronte
2921 4857 2947 4897 ε
2980 4857 3220 4916 reﬁrma.

278 4917 911 5020 Fulget-amorThirsin
931 4934 1260 5020 quapropter
1284 4936 1504 5020 pectore
1531 4936 1739 4984 nostro.
1979 4934 2176 4993 Tristis
2195 4939 2308 4995 abit
2330 4917 2514 4996 senior
2529 4941 2715 5012 jejuno
2740 4956 2929 5002 ventre
2949 4959 3108 5019 poeta
3135 4970 3151 5020 ;

274 5009 447 5103 Alma
470 5011 602 5069 ﬁdes
636 5013 857 5071 Thirsin
886 5016 1048 5072 faciet
1075 5033 1289 5088 quoque
1318 5019 1520 5077 Davide
1547 5021 1795 5077 charum.
1978 5025 2046 5081 Et
2071 5028 2224 5099 pueri
2249 5031 2434 5086 tristes
2453 5009 2778 5101 plauserunt
2798 5009 3038 5096 ραι-ηιξκιε
3060 5009 3333 5103 mecum.

279 5100 490 5204 Ξξιξεθν
521 5104 898 5204 {neisfllarig
918 5118 1130 5204 etc.,‘ut
1150 5126 1334 5204 supra.
1454 5203 1461 5204 ί
1768 5202 1815 5204 __
1977 5117 2198 5192 Frigida
2232 5100 2560 5192 quapropter
2596 5134 2772 5180 taceat
2801 5129 2902 5183 sibi
2932 5131 3107 5189 ﬁstula
3134 5100 3391 5204 camuris;

278 5194 467 5251 Vidua
520 5195 836 5273 [madidus]
886 5199 1165 5256 imbrifero
1211 5201 1391 5258 veniet
1432 5203 1500 5259 de
1541 5211 1723 5259 monte
1766 5202 1876 5261 Me-
1979 5210 2089 5265 Has
2124 5219 2333 5265 tantum
2364 5228 2565 5284 paucas
2588 5214 2851 5275 balbutiat
2884 5237 2977 5279 ore
3019 5239 3319 5284 camenas:

1615 5293 1807 5368 [nalce
1980 5299 2239 5356 Carmina
2269 5318 2378 5357 non
2402 5313 2558 5360 curat
2578 5307 2762 5375 David,
2792 5326 2891 5367 nec
2914 5313 3063 5369 Delia
3085 5317 3113 5356 ιι
3146 5328 3325 5373 curat.

358 5502 421 5581 τη
424 5489 623 5581 ςτενιῇ,
632 5494 788 5581 illius
798 5496 982 5581 Caroli
1005 5497 1180 5570 Magni
1208 5496 1600 5570 primogenitus
1624 5512 1639 5553 :
1666 5496 1879 5557 Rotrud
1981 5496 2183 5581 Juliunm
2217 5508 2271 5557 et
2295 5498 2513 5559 Luciam
2536 5505 2800 5581 directum
2828 5518 2911 5565 est
2937 5525 3105 5567 carm.
3131 5513 3258 5581 256,
3285 5518 3387 5573 col.
3430 5519 3558 5579 796.
3596 5494 3601 5503 ⁸

268 5570 338 5620 et
357 5561 917 5675 ,ᾔτεειᾼίξὶιξιίιιςίξεξῇν
1093 5561 1120 5570 ⁷
1208 5561 1229 5570 ·
1389 5561 1417 5570 '
1982 5569 2078 5675 mf
2111 5569 2319 5675 ngsus
2369 5583 2457 5630 est
2506 5594 2519 5630 ε
2565 5561 2676 5649 qm“
2700 5561 3566 5662 dum}:'E"Ex},§££:£'}}a£.is2

428 5636 509 5714 An
536 5637 917 5708 Angilbertus?
1982 5657 2072 5714 per
2096 5684 2111 5706 ,
2144 5653 2246 5699 etc.

364 5716 394 5787 ξ
430 5704 842 5787 [οι-ιεξηοεῑνη.
1360 5782 1391 5787 _
1982 5704 1991 5714 ’
2052 5704 2277 5787 βιοριιε
2307 5725 2614 5787 corruptus.

353 5774 411 5842 τι
431 5775 615 5861 Forte,
640 5790 895 5847 ratorum,
919 5790 979 5835 ut
1005 5796 1169 5852 supra
1191 5797 1334 5837 vers.
1360 5782 1414 5838 3.
2051 5784 2079 5824 ιι
2110 5785 2279 5841 Delia.
2314 5786 2426 5842 lloc
2450 5774 2668 5844 nomine
2692 5789 2974 5862 compellat
3006 5789 3204 5871 ﬁliam,
3227 5808 3287 5859 ut
3306 5802 3527 5862 videtur

364 5852 399 5887 6
431 5846 546 5887 1.,1.
597 5849 674 5887 Im
702 5854 799 5887 ρηιι
841 5869 854 5881 ι
901 5852 1142 5887 magna.
1184 5851 1360 5887 nam]:
1404 5851 1482 5887 ι-ηι
1536 5849 1742 5887 βεηης..;
1802 5851 1876 5887 ΔΛ
1980 5851 2157 5887 rami:
2184 5858 2235 5887 ς..
2268 5861 2512 5887 .............:
2556 5860 2794 5887 -........:....
3314 5880 3319 5883 .
3537 5842 3561 5874 ι

426 5846 568 5904 λυίί·
597 5849 676 5906 Ila
702 5854 856 5925 0011-;
900 5846 1146 5909 fortassis
1184 5851 1362 5911 Caroli
1404 5851 1486 5910 vcl
1536 5849 1765 5925 Pippini.
1794 5851 1881 5911 Ad
1980 5851 2158 5911 Caroli
2184 5858 2238 5913 in
2268 5861 2515 5931 sequenti
2554 5846 2831 5919 carmine:
3008 5846 3204 5871 """‘*'
3231 5846 3319 5883 "z
