4062 6346
542 317 641 375 791

1185 424 1449 483 CCXLllI.

1011 518 1089 573 Ad
1128 516 1570 589 Theophylactum
1591 529 1639 571 ι.

539 611 941 683 Theophylacte
965 609 1145 674 Pater,
1178 609 1381 677 sophia:
1411 616 1468 662 tu
1496 610 1684 663 doctor
1707 608 1990 671 honestus,

609 704 882 760 Laudibus
910 701 1141 772 egregiis
1170 701 1350 755 clarus
1379 699 1432 754 in
1458 700 1589 754 orbe
1613 698 1821 768 procul.

536 798 598 855 In
628 813 793 870 regno
822 810 1067 865 magnus,
1098 792 1272 847 clarus
1302 794 1355 847 in
1387 792 1506 847 orbe
1534 793 1722 847 videris
1747 792 1774 832 ι)
1800 810 1813 846 :

608 892 759 947 Dona
789 890 866 945 tui
896 888 1073 944 cordis
1106 895 1231 943 sunt
1258 902 1413 949 nova,
1444 885 1529 939 vel
1552 893 1756 939 vetera.

540 983 701 1050 Urbs,
716 993 875 1054 caput
892 981 1059 1043 orbis,
1075 980 1241 1035 habet
1260 987 1312 1032 te
1333 978 1565 1032 maxima
1584 977 1755 1032 Roma
1772 976 2112 1049 magistrum,

606 1081 784 1136 Verba
814 1078 1002 1135 salutis
1031 1076 1198 1131 habes
1231 1090 1444 1143 semper
1468 1072 1522 1126 in
1550 1087 1644 1127 ore
1670 1081 1784 1127 tuo.

536 1173 799 1231 Omnibus
825 1188 884 1226 es
911 1171 1059 1225 mitis
1088 1175 1275 1224 sancta
1303 1166 1506 1235 pietate
1535 1165 1816 1234 magistra,

609 1265 739 1332 Qua:
767 1262 905 1319 solet
932 1260 1205 1333 egregium
1239 1273 1332 1312 cor
1360 1256 1605 1310 habitare
1633 1264 1805 1311 tuum.

538 1355 780 1428 2321:.
807 1369 915 1425 qua
940 1366 1154 1421 meque,
1184 1362 1396 1419 precor,
1437 1347 1643 1418 gremio
1669 1346 1952 1401 charitatis
1982 1345 2119 1401 ami—

1889 1437 2045 1510 [cum
2066 1447 2113 1506 ο,

607 1540 723 1596 Sim
750 1540 877 1596 licet
906 1539 1140 1609 ignotus,
1172 1535 1403 1606 suscipe,
1443 1541 1648 1597 sancte,
1677 1531 1797 1586 tibi.

536 1633 673 1689 Nam
700 1634 979 1702 Scriptura
1006 1630 1151 1686 canit
1177 1644 1306 1683 vero
1332 1627 1701 1696 paradigmata
1720 1625 1747 1664 ἀ
1771 1630 1957 1679 sancta

605 1725 879 1789 Carmine,
910 1739 1029 1794 quae
1054 1721 1242 1776 laudes
1272 1720 1613 1775 concelebrat
1639 1718 1859 1787 sophiae.

536 1817 628 1873 Sic
654 1816 849 1889 [novus
875 1813 922 1887 ο]
950 1822 1010 1869 ut
1036 1820 1271 1868 mustum
1304 1820 1480 1865 tecum
1509 1817 1813 1864 veterascet
1837 1807 2065 1872 amicus,

605 1910 696 1965 Sic
724 1909 884 1964 hodie
913 1906 1066 1962 dulce
1093 1905 1254 1969 bibis,
1288 1903 1461 1957 dulcis
1489 1902 1696 1955 amicus
1724 1901 1848 1956 erit.

533 2002 753 2057 Dixerat
782 2008 835 2054 et
861 1999 1080 2064 Paulus,
1111 1999 1301 2052 doctor
1326 1995 1662 2050 clarissimus
1693 1994 1865 2058 orbis,

601 2092 805 2149 Cuncta
836 2091 1061 2162 probate
1088 2089 1263 2158 prius,
1298 2102 1524 2156 quteque
1553 2093 1733 2140 tenete
1759 2086 1919 2139 bona.

530 2187 769 2244 Obsecro
797 2194 849 2240 te
876 2184 1099 2254 supplex
1130 2183 1331 2245 animo,
1359 2196 1447 2234 me
1473 2194 1728 2250 spernere
1757 2178 1885 2242 noli,

603 2279 711 2335 Sed
746 2280 904 2334 solita
944 2276 1166 2331 fratrem
1201 2289 1287 2329 me
1321 2274 1524 2342 pietate
1557 2274 1748 2342 proba.

530 2369 704 2440 Larga
728 2370 947 2440 quidem
974 2367 1214 2422 charitas
1239 2364 1439 2419 Christi
1470 2363 1607 2417 solet
1635 2377 1756 2417 esse
1780 2377 1879 2431 per
1901 2360 2113 2426 orbem,

604 2459 659 2513 ln
695 2459 959 2529 gremium
989 2456 1187 2511 multos
1214 2461 1509 2525 congregat
1536 2454 1625 2507 illa
1654 2468 1830 2507 suum.

532 2550 633 2618 Qui
665 2553 718 2606 in
744 2551 1011 2607 charitate
1035 2557 1248 2613 manet,
1277 2555 1459 2618 portat
1486 2546 1538 2600 in
1570 2554 1788 2615 pectore
1814 2543 2111 2607 Christum,

607 2646 745 2701 Vera
773 2644 989 2714 quidem
1015 2643 1257 2699 charitas
1283 2648 1368 2696 est
1394 2640 1538 2695 Deus
1567 2639 1932 2707 omnipotens.

532 2736 632 2804 Qui
666 2736 922 2807 prodesse
948 2741 1145 2806 potest,
1172 2749 1278 2788 non
1307 2740 1391 2788 est
1416 2731 1750 2802 spernendus
1779 2728 2023 2790 amicus;

604 2827 702 2882 Vel
731 2826 988 2897 prodesse
1012 2825 1174 2889 valet,
1207 2824 1346 2878 alter
1371 2822 1579 2877 amicus
1604 2822 1673 2876 ei.

538 2898 741 2974 Qrofuit
764 2924 824 2970 ut
847 2915 1094 2972 Christus
1115 2912 1228 2983 jam
1253 2914 1477 2968 vulnera
1509 2912 1627 2967 dira
1658 2911 1920 2983 gementi,

602 3010 662 3067 In
688 3026 874 3065 curam
905 3024 1157 3064 nummos
1184 3007 1408 3077 protulit
1438 3015 1602 3076 atque
1631 3008 1787 3063 duos.

534 3100 648 3158 dae
672 3103 895 3172 pietate,
924 3117 1135 3171 precor,
1168 3118 1256 3156 me
1286 3108 1342 3154 tu
1374 3100 1470 3153 tibi
1501 3086 1713 3168 suscipe
1743 3099 1986 3163 fratrem,

603 3191 663 3247 In
689 3191 905 3247 Christo
933 3190 1132 3247 fratres
1157 3192 1330 3262 gratia
1359 3205 1460 3245 nos
1490 3190 1693 3259 genuit.

603 3283 831 3357 [Inclyta
858 3298 958 3339 nos
985 3283 1182 3339 fratres
1206 3299 1316 3337 una
1344 3282 1477 3337 ﬁdes
1505 3281 1734 3354 genuit].

536 3374 750 3432 Suadeo
779 3375 975 3446 quippe
1002 3375 1123 3440 tibi,
1152 3376 1339 3430 doctor
1364 3373 1667 3429 clarissime
1695 3374 1903 3438 mundi,

608 3466 681 3524 Ut
706 3467 949 3523 doctrina
981 3482 1136 3521 sacro
1164 3472 1351 3521 currat
1378 3466 1447 3521 ab
1476 3481 1572 3522 ore
1597 3473 1710 3521 tuo.

533 3557 791 3615 Chartula
821 3558 1091 3614 scribatur
1116 3559 1261 3622 vitae,
1292 3557 1542 3613 mittatur
1568 3558 1587 3597 τ
1614 3558 1838 3627 ubique,

604 3648 940 3705 Praetitulata
968 3650 1060 3719 pio
1086 3650 1303 3705 nomine
1332 3650 1648 3719 apostolico.

535 3739 628 3796 Sic
657 3748 747 3796 tua
778 3740 896 3795 laus
926 3740 1152 3806 crescit;
1190 3755 1402 3795 merces
1430 3741 1508 3796 sic
1534 3756 1728 3811 magna
1756 3739 2000 3797 manebit

520 3854 543 3869 ι
606 3833 817 3887 Pastori
850 3847 1063 3887 summo
1093 3832 1236 3888 sedis
1266 3833 1594 3902 apostolicae.

535 3924 702 3995 Cujus
728 3939 912 3979 amore
937 3924 1028 3993 pio
1053 3924 1359 3979 commenda
1388 3941 1487 3989 me,
1521 3942 1666 3995 rogo,
1696 3926 1863 3995 frater
1883 3928 1909 3967 8

603 4017 957 4073 Commendet
981 4015 1197 4072 Christo
1224 4024 1284 4072 ut
1310 4031 1395 4071 me
1422 4025 1577 4085 pater
1604 4032 1700 4072 ore
1727 4034 1844 4074 suo.

536 4107 642 4163 Vos
670 4108 875 4177 pariter
897 4114 1084 4177 patres
1113 4122 1326 4177 semper
1351 4107 1467 4162 sine
1496 4107 1604 4162 ﬁne
1630 4107 1827 4173 valete,

608 4198 840 4254 Dextera
866 4213 963 4253 vos
987 4198 1190 4254 Christi
1220 4206 1467 4269 protegat
1497 4206 1660 4267 atque
1689 4206 1863 4268 regat.

536 4380 561 4418 ἰ
586 4380 667 4432 Ad
705 4379 948 4450 Aquilam
974 4298 1604 4450 (Arnonfngfelplifcbpum
1644 4377 2110 4457 Salisburgeusem.

1384 311 1445 366 Β.
1482 309 1543 365 F.
1587 304 1813 365 ALBINI
1852 305 1984 364 SEU
2022 304 2297 363 ALCUINI
2336 302 2622 363 OPERUM
2659 304 2839 361 PARS
2876 303 2964 360 Vl.

2132 422 2186 481 Δ
2210 419 2491 476 Inventum
2521 430 2581 476 ut
2604 421 2801 485 valeat,
2830 420 3048 475 milleno
3077 420 3321 476 carmine
3349 430 3530 489 canta,

3677 310 3809 425 792‘

2282 512 2463 568 Albini
2493 512 2673 568 officio
2701 515 2717 553 ί
2748 514 2836 568 dic
2860 513 2979 568 vale
3007 522 3347 583 perpetuum.
3802 492 3810 561 l

2213 606 2348 661 Dic:
2390 604 2594 660 Memor
2618 614 2735 661 esto
2765 606 2840 660 tui
2870 621 3100 675 semper,
3134 605 3297 662 Pater
3324 608 3485 673 alme,
3514 610 3778 683 magistri,

2282 697 2340 752 lu
2368 697 2620 767 precibus
2649 698 2839 763 sacris,
2869 712 2965 767 per
2995 698 3114 753 loca
3144 709 3329 755 sancta
3357 702 3600 758 Patrum.

2214 789 2311 845 Dic
2325 805 2555 860 quoque,
2581 790 2665 844 dic
2680 790 2924 859 supplex,
2941 790 3046 854 die,
3071 806 3253 860 quaeso
3273 791 3285 841 ἱ
3302 832 3315 855 ,
3335 782 3783 855 εθηριεέεοετᾱω

2284 880 2558 938 Justitiam
2583 897 2808 953 sequere
2834 898 3049 954 semper
3076 884 3127 937 in
3155 900 3250 941 ore
3275 894 3390 942 tuo.

2213 976 2330 1034 Non
2362 977 2459 1031 tibi
2487 976 2761 1032 blanditia:
2789 976 2931 1032 saecli
2960 994 3064 1032 non
3094 994 3235 1033 vana
3261 980 3510 1052 voluptas
3534 983 3585 1050 ι,

2284 1066 2402 1122 Non
2429 1068 2591 1121 timor
2615 1076 2709 1122 aut
2737 1075 2913 1123 terror
2940 1070 3119 1125 cordis
3147 1071 3203 1126 in
3230 1081 3385 1128 antra
3412 1076 3614 1132 cadat:

2213 1161 2377 1218 Plena
2404 1162 2665 1217 salutiferi
2698 1164 2791 1217 sed
2816 1163 2929 1232 jam
2958 1165 3153 1219 fiducia
3183 1165 3336 1221 verbi

2284 1254 2565 1311 Possideat
2590 1256 2802 1325 plenum
2834 1266 3022 1327 pectus
3048 1274 3234 1315 amore
3257 1260 3379 1317 Dei.

2214 1343 2486 1401 Iudicium
2511 1357 2723 1417 promat
2746 1348 2951 1417 justum
2982 1357 3073 1404 tua
3098 1350 3302 1421 lingua,
3331 1354 3608 1422 sacerdos,

2292 1437 2359 1493 Ut
2384 1436 2604 1493 Christo
2628 1438 2861 1507 placeat,
2889 1441 3149 1511 quidquid
3175 1443 3232 1496 in
3255 1458 3349 1499 ore
3378 1460 3562 1501 sonas.

2218 1529 2455 1602 Spiritus
2482 1546 2512 1585 e
2540 1532 2679 1586 coelo
2706 1533 2928 1588 veniens
2956 1541 3047 1588 tua
3076 1543 3322 1603 pectora,
3348 1538 3567 1607 prtesul,

2285 1623 2570 1687 Laetificet,
2602 1624 2827 1688 habitet,
2858 1624 3182 1692 sanctificet,
3211 1627 3437 1697 repleat.

2215 1714 2346 1772 Plus
2373 1725 2573 1771 :eterna
2604 1717 2699 1770 Dei
2727 1716 2926 1772 Christi
2958 1726 3040 1772 est
3069 1719 3356 1774 metuenda
3388 1728 3653 1791 potestas,

2142 1778 2191 1841 Β
2291 1806 2462 1874 Quam
2490 1814 2705 1861 terrena
2733 1806 2972 1876 quidem,
3004 1824 3124 1878 qum
3154 1808 3298 1864 velut
3324 1778 3513 1865 umbra
3538 1778 3711 1869 volat.

2214 1899 2566 1971 Omnipotens
2589 1899 2777 1969 judex,
2805 1900 2967 1970 justis
2997 1901 3089 1971 qui
3114 1901 3337 1971 praemia
3363 1910 3608 1973 praestat,

2281 1994 2383 2049 Det
2413 1994 2510 2048 tibi
2538 1993 2701 2048 verba
2727 1993 2829 2063 pia:
2853 1995 3004 2063 pacis
3032 1995 3086 2048 in
3116 2011 3212 2050 ore
3242 2003 3354 2051 tuo.

2214 2084 2483 2154 Tempora
2512 2092 2637 2138 sunt
2666 2085 2890 2139 nimium
2916 2085 3084 2140 variis
3116 2102 3259 2140 nunc
3288 2086 3445 2156 plena
3473 2086 3719 2159 periclis,

2284 2177 2415 2244 Quae
2442 2177 2715 2247 quondam
2746 2179 2919 2233 sancti
2950 2178 3310 2249 prtececinere
3333 2178 3543 2237 Patres.

2214 2268 2429 2325 {Etates
2458 2271 2757 2335 hominum,
2790 2286 2972 2325 mores
3001 2279 3281 2326 mutantur
3309 2280 3365 2327 et
3391 2281 3569 2339 actus,

2286 2360 2465 2429 thue
2492 2368 2767 2416 momenta
2794 2361 3030 2429 quidem,
3059 2362 3170 2416 vita
3196 2363 3304 2417 cito
3332 2362 3521 2435 fugiet.

2215 2450 2325 2505 Vec
2356 2451 2494 2506 redit
2529 2451 2644 2521 ipsa
2673 2451 2806 2515 dies,
2845 2452 3067 2516 mensis,
3100 2468 3228 2518 nox,
3261 2447 3396 2508 hora
3422 2453 3508 2508 vel
3537 2469 3733 2521 annus,

2287 2541 2393 2596 Sed
2421 2541 2632 2613 fugiens
2664 2542 2850 2613 fugiet,
2876 2543 3042 2599 fontis
3066 2553 3127 2599 ut
3154 2546 3299 2601 unda
3327 2545 3519 2602 fluens.

2216 2633 2415 2689 Tristia
2445 2650 2501 2690 se
2529 2635 2666 2691 betis
2696 2637 3001 2693 immiscent
3028 2644 3268 2709 tempora
3300 2641 3537 2707 nostris;

2287 2725 2465 2797 thue
2492 2729 2639 2784 vices
2671 2728 2877 2784 faciunt
2906 2745 3120 2801 noxque
3146 2730 3373 2802 diesque
3401 2750 3550 2800 suas,

2216 2817 2425 2874 Gaudia
2451 2819 2566 2890 jam
2594 2820 2837 2885 veniunt,
2868 2822 3094 2877 veniunt
3126 2830 3181 2878 et
3216 2824 3392 2879 tristia
3422 2825 3646 2879 statim:

2288 2912 2405 2966 Non
2431 2920 2515 2967 est
2540 2913 2631 2982 qui
2658 2912 2856 2981 fuerat,
2886 2915 3118 2971 transiet
3146 2917 3323 2971 omnis
3354 2918 3538 2973 homo.

2217 3002 2264 3060 Ο
2297 3003 2476 3070 Pater,
2516 3005 2722 3061 idcirco
2750 3006 2938 3075 facies,
2970 3009 3099 3063 dum
3130 3017 3340 3078 tempus
3369 3009 3620 3077 habebis,

2288 3096 2486 3164 Mente,
2516 3114 2701 3164 manu,
2734 3100 2935 3172 lingua,
2966 3118 3191 3173 quaeque
3220 3105 3329 3160 Deo
3354 3106 3629 3175 placeant.

2141 3149 2190 3213 ο
2218 3188 2324 3245 Ore
2351 3197 2508 3244 sonet
2533 3190 2737 3247 Christi
2767 3149 2953 3248 laudes
2969 3149 3039 3248 lat
3064 3149 3192 3250 vera
3218 3149 3493 3266 loquatur,

2288 3281 2356 3335 Et
2385 3288 2557 3337 totum
2588 3284 2793 3339 redolet
2818 3295 3009 3355 pectus
3038 3302 3224 3343 amore
3254 3287 3370 3345 Dei.

2216 3373 2406 3430 Totius
2435 3384 2596 3445 atque
2622 3374 2781 3432 bonis
2811 3378 3015 3436 instent
3035 3379 3150 3449 jam
3181 3384 3428 3452 corporis
3459 3393 3635 3451 actus,

2284 3468 2527 3524 Membra
2554 3470 2713 3524 simul
2740 3470 2955 3539 placitis
2979 3482 3136 3530 nocte
3164 3475 3357 3546 dieque
3382 3477 3513 3533 Deo.

2215 3559 2287 3616 Ut
2314 3568 2460 3616 totus
2484 3561 2701 3632 placeas
2727 3578 2923 3633 magno
2951 3572 3008 3619 tu
3030 3563 3213 3634 judice
3237 3567 3476 3634 Christo,

2289 3652 2360 3707 Ut
2394 3661 2447 3706 te
2477 3662 2761 3709 conservet
2793 3670 3006 3725 semper
3031 3657 3230 3727 ubique
3260 3659 3422 3714 Deus.

2213 3741 2407 3809 Posce,
2439 3754 2711 3801 memento
2741 3748 2839 3813 tui,
2866 3748 3063 3816 prtesul
3087 3750 3366 3819 praclare,
3399 3751 3652 3823 magistri
3681 3752 3725 3817 ι.

2282 3834 2339 3889 In
2370 3838 2639 3906 precibus,
2673 3838 2928 3910 lacrymis
2956 3854 3054 3909 per
3077 3841 3197 3896 loca
3228 3854 3413 3899 sancta
3444 3847 3617 3899 sacris
3642 3857 3683 3884 ιιι

2215 3929 2286 3985 Ut
2317 3932 2530 3986 veniam
2561 3934 2707 3988 mitis
2734 3940 2956 4004 przestet
2984 3936 3069 3989 cui
3096 3933 3346 3991 Christus
3376 3937 3445 3992 ab
3472 3953 3622 4003 arce,

2285 4023 2416 4091 Qum
2442 4026 2608 4095 gessit
2636 4026 2902 4082 scelerum
2928 4027 3037 4081 vita
3069 4025 3319 4093 nefanda,
3348 4043 3564 4099 precor.

2214 4112 2294 4167 Tu
2329 4114 2444 4168 sine
2473 4113 2579 4168 line
2607 4115 2746 4180 vale,
2778 4125 2984 4186 pastor,
3012 4116 3342 4185 patriarcha,
3372 4116 3655 4184 sacerdos,

2284 4201 2370 4258 Sit
2398 4203 2491 4258 tibi
2517 4203 2767 4261 Christus
2795 4221 2967 4272 amor,
2998 4206 3115 4271 lux,
3143 4206 3254 4273 via,
3284 4207 3416 4274 vita,
3446 4206 3595 4263 salus
3618 4207 3633 4261 l

2778 4294 3081 4353 CCXLIV
3122 4297 3221 4352 bis.

2813 4384 2895 4439 Ad
2924 4386 3188 4457 Aquilam.

536 4478 639 4532 Per
667 4487 898 4544 montes,
915 4494 1135 4547 campos
1157 4479 1430 4547 Aquilam,
1460 4494 1579 4533 mea
1607 4479 1876 4547 chartula,
1906 4494 2107 4549 qumre,
2136 4503 2189 4565 ι)
2215 4477 2419 4547 Tingue
2453 4478 2619 4532 semel
2652 4478 2917 4533 calamum
2950 4480 3187 4535 cliaritas
3224 4480 3279 4534 in
3308 4480 3521 4551 gurgite
3547 4478 3757 4538 Christi

606 4567 923 4623 Pontificem
952 4568 1134 4637 magni
1163 4568 1397 4623 nominis
1420 4576 1477 4624 et
1503 4569 1718 4634 meriti;

608 4703 851 4776 alExstat
878 4705 983 4776 hoc
1016 4717 1234 4758 carmen
1262 4705 1315 4758 in
1345 4707 1465 4776 cod.
1496 4704 1925 4776 Salisburgensi,
1958 4704 2115 4775 cujus

538 4775 796 4847 lectiones
811 4775 1094 4847 variantes
1121 4775 1515 4847 annotavimus.
1557 4776 1718 4841 Duos,
1752 4775 1841 4846 qui
1874 4785 2115 4847 tempore

537 4845 748 4900 Alcuini
774 4844 1021 4918 vixerunt
1038 4886 1051 4909 ,
1080 4847 1290 4918 reperio
1318 4844 1783 4918 Theophylactos,
1800 4864 1966 4902 unum
1984 4844 2114 4918 epi-

536 4914 1037 4988 scopumTuderti,
1087 4914 1321 4988 legatum
1351 4914 1573 4988 Adriani
1604 4916 1625 4971 Ι
1652 4933 1825 4988 papm,
1859 4920 1948 4987 qui
1983 4914 2113 4972 con-

538 4986 660 5040 cilio
687 4985 1027 5057 Calchutensi
1052 5002 1193 5041 anno
1220 4987 1321 5042 788
1350 4986 1565 5057 praefuit
1585 5028 1597 5052 ,
1636 4985 1690 5042 et
1724 4985 1790 5043 ad
1819 4985 2107 5043 concilium

536 5072 751 5127 quoque
776 5056 1256 5113 Francol‘ordiense
1282 5056 1424 5112 anno
1448 5058 1550 5113 794
1579 5059 1776 5114 missus
1802 5057 1922 5112 fuit.
1962 5060 2111 5114 Alte-

536 5143 657 5198 rum
677 5127 1162 5198 _sedis_apostolic:e
1193 5129 1490 5193 notarium,
1531 5128 1622 5198 qui
1653 5129 1870 5198 scripsit
1899 5129 2109 5185 litteras

534 5194 809 5253 Paschalis
847 5194 1059 5267 1—papze
1084 5197 1301 5268 pallium
1335 5194 1613 5254 Barnardo
1642 5194 1933 5255 Viennensi
1975 5199 2111 5254 anti-

536 5269 648 5324 stiti
668 5268 1011 5339 concedentis
1032 5284 1172 5323 anno
1191 5268 1313 5332 817;
1344 5270 1409 5323 de
1430 5286 1536 5339 quo
1556 5270 1893 5324 Mabillonius
1912 5269 2103 5325 Annal.

537 5346 668 5395 tom.
686 5335 749 5409 ll,
774 5353 901 5409 pag:
919 5338 1043 5403 Ml,
1068 5355 1216 5392 num.
1236 5338 1321 5401 7i;
1353 5348 1406 5393 et
1426 5335 1667 5409 Append.
1685 5356 1807 5395 smc.
1834 5356 1886 5395 IV
1906 5342 2103 5396 Bened.

537 5353 668 5395 tom.
686 5353 904 5463 ιιάἐηῗὶ
919 5353 1043 5403 ut,
1068 5355 1216 5392 num.
1237 5353 1321 5401 'It;
1353 5353 1406 5393 et
1426 5353 1667 5409 Appeud.
1685 5356 1807 5395 smc.
1834 5356 1886 5395 IV
1908 5353 2103 5396 Bened.

532 5424 658 5483 pag.
687 5408 721 5463 5
754 5479 764 5483 Α
796 5450 808 5462 .
909 5409 993 5483 uic
1016 5410 1349 5483 posteriori,
1396 5427 1554 5483 quem
1589 5412 1772 5483 scriba!
1798 5412 1968 5472 docto,
2016 5427 2107 5481 per

715 5479 954 5534 chartula
980 5479 1097 5552 vita;
1114 5480 1381 5552 scribatur
1404 5479 1725 5550 pra’titulata
1750 5482 1956 5535 nomine
1980 5479 2108 5552 apo-

534 5549 740 5615 stolico,
763 5558 1040 5617 comparat
1065 5549 1343 5615 Aleuinus,
1366 5549 1604 5619 praesens
1626 5565 1845 5605 carmen
1870 5549 2107 5608 maxime

536 5620 824 5675 convenire
849 5620 1080 5675 videtur.
1572 5629 1585 5635 ’

606 5690 633 5728 δ
662 5690 759 5744 Ms.
786 5688 922 5754 Sal.,
953 5690 1198 5744 calorum
1226 5691 1395 5745 scriba
1422 5691 1628 5747 videris.

608 5770 627 5798 ο
658 5757 754 5814 Ms.
783 5758 920 5827 Sal.,
947 5761 1213 5815 amictum.

2289 4567 2397 4622 Fac
2427 4583 2629 4637 paucos
2654 4567 2860 4639 Aquilae
2883 4570 3289 4641 versiculosque
3316 4584 3439 4627 meo
3463 4586 3477 4624 :

2285 4705 2311 4745 ἀ
2336 4704 2437 4778 Ms.
2463 4705 2601 4772 Sal.,
2627 4707 3003 4778 paradigmate.

2288 4784 2312 4814 ⁸
2336 4774 2497 4837 Edit.,
2533 4774 2680 4831 nobis
2708 4774 3147 4834 .....'veterascat.

2292 4844 2311 4884 ί
2340 4846 2435 4901 Ms.
2463 4847 2597 4910 Sal.,
2626 4849 2872 4902 mittetur.

2288 4918 2313 4956 ε
2338 4917 2433 4971 Ms.
2465 4918 2603 4981 Sal.,
2634 4934 2713 4971 me
2741 4928 2806 4971 tu
2824 4919 3124 4974 commende
3152 4933 3414 5043 rogamus.

2288 4989 2306 5026 ιι
2334 4988 2562 5043 Carmen
2594 4989 2779 5043 .isthoc
2817 4990 2879 5042 ad
2909 4989 3179 5043 Arnonem
3250 4989 3414 5043 alisbu

2282 4989 2306 5026 ιι
2334 4988 2562 5043 Carmen
2594 4989 2779 5043 .isthoc
2817 4990 2879 5042 ad
2909 4989 3179 5045 Arnonem
3208 4988 3679 5055 Salisburgensem
3712 5004 3800 5043 ar-

2209 5058 2630 5131 chiepiseOpum,
2659 5074 2819 5131 quem
2846 5059 3103 5131 Alcuinus
3129 5060 3378 5131 Aquilam
3406 5060 3802 5131 cognominare

2208 5129 2366 5191 solet,
2401 5137 2559 5197 prout
2588 5130 2639 5181 in
2672 5129 2910 5197 epistolis
2934 5129 3540 5194 viﬁmus,exhibemds
3566 5145 3635 5184 ex
3669 5130 3797 5184 eod.

2210 5215 2313 5254 ms.
2346 5197 2683 5253 bibliotheca:
2730 5208 2924 5254 nostrae
2969 5200 3028 5255 S.
3057 5200 3419 5264 Emmerami;
3470 5200 3613 5253 unde
3663 5197 3801 5253 illud

2209 5271 2373 5343 etiam
2413 5269 2492 5323 Cl.
2529 5269 2869 5343 Mabillonius
2888 5270 3219 5343 descripsit,
3263 5279 3317 5343 et
3356 5272 3499 5343 inter
3528 5269 3805 5326 Analecta

2211 5340 2405 5395 Vetera
2433 5340 2636 5404 retulit,
2660 5356 2784 5409 pag.
2810 5339 2911 5394 548
2937 5339 3429 5399 editfreeentioris.

2290 5413 2305 5451 ί
2338 5411 2464 5476 Ms.,
2493 5410 2679 5464 Albino
2705 5410 2838 5478 ﬁlio.

2284 5481 2298 5531 Ξ
2336 5482 2457 5545 Ms.,
2487 5480 2732 5549 lacrymis
2756 5481 2862 5537 dic.

2285 5552 2311 5591 ιι
2338 5553 2456 5611 Ms.,
2490 5549 2747 5605 voluntas.

2290 5621 2306 5659 1
2340 5622 2435 5696 Τῃξ
2458 5659 2523 5696 _...
2552 5620 2815 5696 Magistri.
2856 5622 2994 5696 inde
3023 5627 3297 5695 suspicare
3322 5626 3483 5696 licet,
3514 5626 3811 5689 Annona

2216 5691 2420 5748 Aleuini
2450 5690 2615 5746 fuisse
2643 5692 2981 5761 discipulum.

2287 5775 2323 5802 ιιι
2351 5761 2471 5829 Ms.,
2501 5770 2684 5825 sancta
2713 5761 2960 5822 Patrum.
