4062 6346
331 395 497 466 Cujus
525 406 710 450 amore
736 391 914 448 calent
942 389 1123 447 Patris
1154 390 1455 464 praecordia
1484 399 1621 457 tota,

401 487 665 545 Omnibus
694 496 856 558 atque
884 487 1032 542 horis
1059 501 1258 542 nomen
1288 487 1343 541 in
1372 501 1466 541 ore
1494 494 1671 541 sonat.

327 582 426 640 Cui
460 580 604 636 Deus
633 588 895 635 aeternum
926 580 1130 635 tribuat
1159 593 1256 650 per
1282 578 1479 634 saecula
1508 579 1677 645 salve,

396 672 677 743 Protegat,
704 672 924 735 exaltet,
951 670 1261 735 fructiﬁcet,
1290 677 1523 741 vegetet.

328 765 498 833 Quem
533 780 652 819 mea
683 780 836 820 mens
865 765 1019 819 ardet
1054 764 1224 820 sacris
1253 763 1479 834 religata
1507 763 1734 830 catenis,

395 857 581 912 Ambit
605 866 660 911 et
685 859 942 926 exquirit,
974 856 1147 926 diligit
1176 864 1231 911 et
1258 863 1545 911 memorat.

327 950 542 1006 Tertius
568 950 795 1006 Albinus
819 950 972 1005 vobis
994 948 1253 1021 jungatur
1282 951 1512 1017 amicus,

394 1042 461 1098 Et
482 1040 749 1114 lacrymas
775 1052 988 1098 resonet
1020 1045 1161 1097 inter
1186 1044 1241 1097 in
1270 1059 1365 1098 ore
1395 1058 1600 1099 sacras.

323 1134 530 1205 Quippe
557 1135 755 1204 triplex
783 1134 925 1190 funis
956 1135 1111 1190 facile
1140 1152 1247 1191 non
1276 1137 1549 1206 rumpitur
1575 1151 1838 1207 unquam,

392 1229 482 1285 Sic
510 1246 724 1300 quoque
754 1238 865 1285 tres
894 1230 1037 1285 inter
1065 1230 1218 1285 firma
1249 1232 1394 1299 viget
1424 1231 1680 1285 Charitas.

318 1320 455 1375 Tres
488 1321 577 1375 ubi
614 1328 737 1375 sunt
770 1321 976 1392 pariter
1004 1320 1217 1375 collecti
1252 1321 1305 1375 in
1338 1321 1554 1376 nomine
1584 1321 1807 1389 Christi,

386 1413 480 1468 llis
512 1421 654 1468 astat
680 1414 890 1469 medius
919 1413 1167 1468 Christus
1195 1423 1249 1468 et
1279 1414 1392 1482 ipse
1420 1415 1559 1484 pius.
1720 1486 1721 1489 η

310 1504 429 1560 Hoc
458 1512 775 1570 memorate,
804 1505 925 1569 viri,
952 1512 1237 1575 totumque
1267 1506 1437 1560 valete
1467 1522 1563 1574 per
1588 1522 1783 1572 aevum,

386 1594 491 1651 Vos
514 1597 727 1652 videam
759 1597 910 1652 laetos
939 1612 1085 1661 mox,
1116 1598 1410 1653 miserante
1441 1598 1570 1652 Deo.

302 1684 564 1755 Corporis
594 1695 650 1742 et
680 1687 875 1757 capitis
907 1700 1097 1741 omnes
1132 1695 1261 1743 tunc
1295 1697 1439 1743 certe
1476 1688 1654 1758 capilli

377 1774 559 1831 Pierio
587 1777 797 1847 plectro
826 1778 1067 1831 carmina
1096 1777 1219 1831 laeta
1250 1787 1466 1831 canant.

204 1920 215 1928 ,
295 1865 554 1935 Orpheus
587 1876 684 1939 aut
709 1868 895 1933 Linus,
924 1884 1027 1923 nec
1055 1883 1141 1923 me
1172 1868 1320 1922 Maro
1346 1869 1514 1923 vincit
1544 1869 1597 1923 in
1624 1870 1744 1926 odis

371 1958 514 2014 Dum
544 1954 795 2016 manibus
822 1961 1033 2032 cingant
1060 1970 1283 2030 pectora
1308 1970 1488 2017 vestra
1516 1963 1671 2018 meis.

967 2071 1214 2127 CCXLV.

724 2156 806 2212 Ad
833 2161 1110 2230 quemdam
1140 2162 1455 2233 episcopum.

288 2270 629 2326 Incolumem
655 2270 925 2338 Christus,
956 2276 1295 2339 eharissime,
1321 2285 1372 2331 te
1402 2276 1554 2339 mihi,
1586 2275 1806 2347 praesul,

365 2363 662 2420 Conservet
685 2367 834 2421 mitis
861 2382 1076 2436 semper
1099 2368 1316 2438 ubique,
1345 2384 1540 2438 precor

289 2454 381 2510 Tu
408 2456 543 2511 mihi
572 2456 745 2512 dulcis
774 2473 951 2524 amor,
979 2459 1160 2513 cordis
1195 2468 1247 2514 tu
1277 2475 1498 2515 carmen
1528 2461 1583 2515 in
1610 2474 1729 2527 ore,

366 2547 447 2601 Tu
471 2563 680 2604 memor
701 2558 819 2605 esto
846 2550 970 2615 mei,
1003 2558 1060 2604 tu
1087 2550 1205 2606 sine
1230 2550 1336 2605 ﬁne
1362 2550 1481 2605 vale
1505 2553 1516 2605 !

948 2667 1217 2724 CCXLVI.

715 2759 797 2813 Ad
827 2760 1107 2831 quemdam
1139 2761 1457 2831 episcopum.

282 2848 448 2908 Nulla
477 2866 669 2908 manus
696 2852 1081 2922 discingui.....
1109 2864 1134 2892 ιι
1160 2852 1216 2905 ni
1246 2861 1337 2906 tua
1365 2851 1565 2921 praesul

282 2941 451 2999 Salve
474 2943 502 2983 δ
523 2952 679 3014 pater
705 2953 914 3009 sancte,
945 2952 1002 2998 et
1028 2944 1149 3014 lege
1176 2950 1231 2997 tu
1260 2941 1490 2998 feliciter
1517 2943 1664 2999 illam

281 3031 635 3090 Succinctum
663 3046 685 3075 ο
713 3035 905 3101 solvat,
936 3035 1117 3103 cupiat
1145 3035 1238 3105 qui
1269 3034 1585 3089 abscondita
1614 3036 1775 3103 scire,

353 3124 516 3183 Nulla
540 3136 724 3184 tamen
749 3128 941 3183 dextra
970 3127 1025 3181 ni
1051 3135 1165 3188 tua.
1193 3134 1381 3182 sancte
1405 3125 1587 3181 Pater.

924 3239 1217 3295 CCXLV".

671 3332 752 3385 Ad
784 3330 1080 3386 Macarium
1108 3330 1405 3399 episcopum
1423 3327 1474 3381 ἀ.

278 3422 411 3482 Haec
440 3425 558 3490 tibi,
590 3424 817 3490 Macari,
850 3424 1039 3480 devovi
1070 3438 1294 3477 munera
1322 3428 1529 3491 pastor,

350 3515 490 3573 Cum
515 3514 734 3572 Christo
762 3523 816 3571 et
841 3514 1046 3570 sanctis
1074 3523 1130 3567 tu
1159 3514 1276 3568 sine
1304 3511 1410 3566 ﬁne
1436 3511 1588 3566 vale!

276 3606 371 3664 Sis
402 3622 612 3663 memor
637 3607 839 3670 Albini,
868 3611 1135 3660 memoret
1163 3612 1216 3659 te
1244 3604 1416 3674 gratia
1442 3602 1665 3669 Christi,

348 3697 421 3752 Et
448 3707 506 3753 tu
534 3699 681 3768 nigra
708 3713 854 3751 meus
880 3708 923 3760 θ,
957 3694 1219 3750 candidus
1247 3701 1365 3749 esto
1389 3692 1505 3749 Dei.

272 3788 410 3853 Cur,
441 3787 516 3842 mi
543 3787 717 3858 nigre,
746 3794 914 3851 taces,
948 3786 1014 3840 de
1042 3793 1094 3839 te
1123 3800 1268 3839 nunc
1294 3784 1479 3839 nescio
1504 3784 1705 3853 quid...
1730 3784 1754 3823 ί

345 3882 458 3936 Aut
486 3889 667 3935 tamen
696 3896 823 3937 ecce
854 3880 952 3935 tibi
984 3881 1053 3935 sit
1082 3879 1224 3935 Deus
1253 3879 1431 3934 omnis
1459 3895 1612 3934 amor
1640 3882 1665 3921 ε

273 3975 359 4031 Sit
393 3975 490 4030 tibi
520 3984 575 4031 et
601 3983 759 4045 potus
787 3976 1010 4046 dippeus
1036 3989 1129 4029 rex
1154 3976 1202 4039 ιι,
1231 3975 1343 4029 vita
1368 3974 1640 4046 salusque,

343 4068 491 4122 Laus
517 4067 669 4136 cujus
695 4076 910 4123 resonet
939 4083 1153 4136 semper
1177 4067 1231 4121 in
1260 4082 1356 4135 ore
1387 4076 1499 4122 tuo.

271 4158 347 4215 Ut
383 4158 479 4213 tibi
513 4159 783 4223 mandavi,
816 4158 1115 4229 Bergenses
1144 4160 1159 4197 ί
1189 4157 1399 4213 instrue
1429 4165 1665 4223 nostros,

342 4250 416 4307 Et
440 4260 618 4307 tecum
643 4250 839 4315 discat,
868 4249 958 4320 qui
989 4250 1083 4303 tibi
1109 4250 1436 4319 perplaceat.

266 4334 437 4414 233
466 4341 593 4397 Haec
637 4349 906 4412 praecepta
951 4342 1159 4407 decem,
1192 4341 1348 4397 vobis
1391 4357 1511 4412 qua:
1552 4341 1844 4398 chartula:

1552 4434 1779 4508 [cantat.

342 4529 517 4586 Nocte
541 4529 737 4599 dieque
757 4528 849 4598 pio
872 4527 1035 4582 corde
1067 4534 1265 4591 tenete,
1294 4542 1508 4596 precor.

268 4623 485 4695 Saepius
519 4631 575 4678 et
596 4629 807 4677 nosmet
826 4627 1186 4675 memorantes
1204 4619 1385 4684 dicite,
1423 4636 1634 4689 quaeso-

336 4716 603 4786 Pauperis
616 4715 817 4778 Albini,
836 4712 1070 4777 Christe,
1103 4721 1373 4768 memento
1398 4712 1494 4768 tui.

338 4861 369 4889 ι
399 4847 579 4912 Forte,
609 4846 870 4916 discingat
898 4846 1155 4899 chartam.

334 4920 367 4959 δ
394 4920 579 4984 Forte,
605 4918 777 4973 Solve.

337 5002 361 5031 ο
396 4989 753 5067 Succinptgm,
775 4986 837 5067 id
863 4994 966 5067 est,
998 4984 1298 5067 epistolam.
1322 4984 1485 5067 ligo,
1506 4995 1657 5067 puto,
1685 4988 1852 5058 perti-

256 5069 359 5143 pet
388 5103 403 5126 ,
454 5057 987 5143 quodDz‘Alcuinus
1027 5056 1083 5111 in
1123 5057 1279 5126 epist.
1315 5056 1415 5111 187
1454 5060 1519 5113 de
1560 5056 1741 5114 Cincio
1782 5074 1849 5114 ex

254 5130 516 5205 Epicteto
548 5130 746 5186 attulit.

332 5206 362 5243 ἀ
396 5205 495 5260 Hic
522 5202 791 5265 Macarius
818 5208 901 5255 est
922 5175 1235 5255 Richhodus
1258 5198 1543 5269 episcopus
1564 5200 1852 5257 Treviren-

251 5279 363 5341 sis,
396 5278 596 5353 dequo
620 5276 741 5328 vide
768 5287 949 5353 supra.
1398 5340 1413 5353 ‘
1447 5314 1479 5353 ιτ

336 5340 362 5386 ά
398 5348 449 5401 Ν
456 5340 563 5417 ig're
592 5362 756 5400 meus.
794 5340 1018 5417 Nigrum
1046 5354 1281 5417 quoque,
1322 5340 1429 5417 sed
1446 5340 1658 5413 Magum
1689 5342 1847 5397 simul

244 5410 526 5474 Alcuinus
553 5416 784 5488 appellat
808 5410 1158 5467 Adalbertum
1184 5411 1341 5480 epist.
1370 5410 1459 5465 91.

332 5490 355 5529 ί
391 5490 573 5555 Forte,
602 5488 905 5560 quidquam.

329 5564 358 5601 ε
391 5560 559 5624 Edit.,
590 5569 814 5613 amator.

325 5634 355 5672 ιι
391 5632 600 5686 Sensus
628 5634 956 5698 corruptusa
1197 5692 1245 5698 __
1469 5694 1481 5698 _
1520 5694 1552 5698 _
1760 5694 1780 5698 ,
1894 5682 1904 5691 .

329 5707 347 5745 ί
388 5702 694 5772 Bergenses.
727 5692 916 5772 Eistat
945 5696 999 5749 in
1020 5709 1167 5772 pago
1196 5692 1378 5772 Mosao
1416 5694 1482 5748 ad
1520 5694 1717 5772 lteram
1750 5694 1847 5752 ﬂu-

244 5782 417 5837 vium
436 5818 450 5843 ,
482 5765 550 5832 ad
574 5768 993 5829 Roraemundam
1019 5765 1181 5823 Mosa:
1208 5766 1365 5837 aquis
1392 5780 1513 5821 sese
1540 5766 1847 5826 immiscen.

1475 291 1806 351 CARMINA.
1843 321 1913 334 —
1946 289 2039 349 AD
2078 292 2350 355 VARIOS.

1939 391 1993 449 Α

1915 1749 1966 1811 Β

1896 3104 1945 3172 C

1880 4472 1936 4535 D

2637 397 2953 455 CCXLVIII.
3513 385 3533 423 κ

2446 488 2525 541 Ad
2551 492 2826 561 quemdam
2853 493 3172 564 episcopum.

2010 574 2209 632 Przesul
2234 587 2433 643 amate,
2462 596 2673 651 precor,
2712 585 2815 639 hac
2838 593 2892 638 tu
2923 585 3151 653 diverte,
3176 586 3377 653 viator,

2079 668 2166 725 Sis
2191 687 2397 727 memor
2416 675 2595 730 Albini
2630 686 2684 731 ul
2716 678 2935 745 praesul,
2970 692 3163 746 amate,
3196 694 3412 749 precor.

2005 759 2051 816 O
2076 776 2196 816 mea
2232 763 2398 818 chara
2426 765 2634 829 domus,
2663 768 2924 823 habitatio
2950 769 3141 833 dulcis,
3171 778 3373 837 amata,

2076 849 2163 905 Sis
2187 850 2313 907 felix
2346 869 2579 923 semper,
2615 872 2648 911 o
2676 873 2795 913 mea
2824 857 2991 917 chara
3019 859 3232 915 domus.

2003 940 2203 1013 Sophia
2231 955 2418 1002 sancta
2446 950 2667 1005 Patrum
2690 955 2846 1009 tectis
2873 962 3126 1010 servatur
3149 955 3205 1010 in
3229 955 3369 1021 istis,

2069 1035 2128 1090 In
2156 1045 2208 1093 te
2230 1038 2472 1094 discatur
2502 1043 2689 1111 sophia
2724 1054 2915 1100 sancta
2940 1046 3186 1102 Patrum.

2000 1126 2079 1183 Tu
2104 1129 2304 1196 valeas,
2333 1131 2515 1202 vigeas
2539 1133 2695 1190 donis
2719 1135 2849 1207 [his]
2884 1138 3089 1210 inclyta
3118 1154 3351 1209 semper,

2068 1220 2125 1275 In
2153 1224 2354 1293 sophia:
2379 1224 2527 1279 cultu
2559 1234 2615 1280 tu
2649 1228 2851 1293 valeas,
2876 1231 3078 1300 vigeas.

1996 1311 2219 1369 Rustica
2249 1315 2407 1370 turba
2443 1325 2535 1372 tuo
2565 1318 2771 1374 habitet
2797 1321 2896 1375 sub
2926 1322 3164 1392 tegmine
3190 1337 3506 1395 nunquam;

2066 1405 2149 1461 Sit
2174 1408 2360 1477 procul
2391 1425 2421 1464 e
2446 1418 2588 1465 tecto
2618 1413 2819 1468 rustica
2851 1416 3011 1469 turba
3040 1423 3152 1471 tuo.

1991 1494 2247 1569 Protegat
2283 1507 2444 1570 atque
2476 1510 2627 1573 regat
2652 1502 2849 1559 Christi
2882 1513 2935 1560 te
2961 1508 3133 1577 gratia
3160 1522 3393 1578 semper,

2062 1585 2197 1643 Cum
2226 1589 2388 1646 sociis
2416 1592 2642 1661 pariter,
2674 1605 2921 1664 protegat
2947 1607 3109 1668 atque
3143 1607 3313 1669 regat.

2652 1685 2926 1742 CCXLIX.

2442 1776 2524 1829 Ad
2554 1778 2791 1832 eumdem
2823 1780 3085 1849 fortassis.

1988 1858 2191 1915 Praesul
2220 1872 2419 1929 amate,
2448 1881 2660 1935 precor,
2698 1876 2888 1938 pergat
2914 1870 3029 1924 lucc
3049 1871 3294 1926 chartula
3318 1880 3515 1939 tecm,

2059 1952 2146 2010 Sis
2179 1971 2386 2012 memor
2412 1967 2472 2013 ut
2494 1959 2693 2025 Patris,
2725 1962 2919 2030 praesul
2942 1973 3137 2027 amate,
3170 1980 3381 2034 precor.

1985 2046 2064 2102 Tu
2103 2050 2234 2104 mihi
2271 2051 2443 2107 dulcis
2472 2068 2643 2118 amor,
2676 2054 2749 2109 fili
2772 2070 2868 2125 per
2895 2058 3091 2112 saecula
3128 2059 3298 2125 salve,

2055 2140 2303 2199 Christus
2327 2145 2382 2199 in
2411 2154 2674 2201 aeternum
2700 2149 2769 2203 sit
2792 2149 2887 2204 tibi
2911 2150 3083 2206 dulcis
3112 2168 3282 2208 amor.

1985 2229 2213 2303 Semper
2237 2236 2292 2290 in
2319 2252 2413 2294 ore
2447 2248 2537 2294 tuo
2567 2250 2827 2295 resonent
2851 2242 2939 2311 pia
2966 2244 3131 2299 verba
3163 2246 3373 2314 salutis,

2052 2326 2195 2383 Laus
2219 2329 2437 2386 Christo
2472 2342 2693 2388 resonet
2728 2350 2943 2404 semper
2968 2337 3021 2390 in
3052 2353 3147 2392 ore
3169 2347 3282 2393 tuo.

1981 2416 2228 2487 Pectore,
2267 2433 2462 2489 mente,
2486 2440 2651 2479 manu
2676 2427 2889 2482 miseris
2910 2428 3100 2482 solatia
3131 2438 3351 2498 prtesta,

2052 2508 2278 2582 Semper
2305 2530 2426 2569 ama
2456 2515 2750 2582 Christum,
2789 2527 3029 2588 pectore,
3060 2528 3259 2583 mente,
3292 2536 3476 2576 manu.

1979 2598 2240 2658 Omnibus
2262 2613 2382 2659 esto
2400 2615 2572 2675 pater,
2603 2616 2810 2676 pastor,
2833 2610 3162 2677 patriarcha,
3193 2614 3466 2677 sacerdos,

2048 2691 2401 2763 Pauperibus,
2427 2698 2664 2763 miseris,
2692 2699 2942 2753 omnibus
2962 2712 3080 2755 esto
3105 2711 3280 2771 pater.

1978 2781 2066 2839 Sis
2096 2783 2262 2840 decus
2288 2784 2563 2853 Ecclesize,
2589 2789 2799 2843 cunctis
2835 2796 2891 2843 et
2924 2789 3097 2844 forma
3125 2792 3317 2847 salutis

2045 2876 2114 2931 Et
2135 2887 2298 2947 caput
2317 2886 2371 2933 et
2393 2888 2596 2945 custos,
2624 2880 2698 2934 sis
2736 2880 2899 2935 decus
2931 2881 3203 2938 Ecclesiae.

1973 2967 2161 3024 Gratia
2184 2986 2393 3025 summa
2420 2972 2514 3027 Dei
2547 2978 2726 3026 tecum
2756 2972 3046 3027 comitetur
3071 2974 3291 3044 ubique,

2056 3061 2269 3133 Augeat
2295 3071 2349 3117 et
2377 3048 2586 3117 meritis
2610 3063 2783 3134 gratia
2812 3079 3021 3119 summa
3054 3064 3167 3119 Dei.

1972 3152 2068 3208 Dic
2094 3169 2224 3225 rogo
2256 3164 2571 3224 perpetuum
2604 3155 2806 3225 pueris,
2833 3170 2968 3224 puer
2995 3156 3210 3227 inclyte,
3242 3157 3388 3213 salve

2040 3246 2231 3301 Albine
2253 3262 2468 3315 quoque
2491 3247 2517 3285 κ
2541 3246 2660 3301 vale
2682 3246 2791 3311 dic,
2819 3262 2971 3317 rogo,
3001 3256 3342 3317 perpetuum.

1968 3336 2114 3393 Laeta
2144 3337 2259 3392 dies
2294 3338 2475 3391 veniat
2500 3336 2675 3402 nobis,
2701 3340 2803 3393 sub
2827 3338 3044 3393 nomine
3070 3346 3281 3406 nostro,

2039 3428 2265 3485 Eterna
2293 3438 2349 3485 et
2376 3429 2528 3485 vobis
2557 3430 2679 3484 laeta
2711 3430 2825 3485 dies
2847 3431 3050 3485 veniat.

1968 3519 2050 3577 Sit
2085 3520 2180 3576 tibi
2208 3536 2338 3577 cura
2364 3522 2491 3586 mei,
2522 3528 2675 3576 curet
2698 3529 2749 3575 te
2775 3520 3026 3576 Christus
3047 3523 3269 3593 ubique,

2037 3612 2136 3668 Est
2164 3612 2296 3667 mibi
2334 3628 2467 3669 cura
2494 3612 2594 3677 tui,
2628 3612 2699 3667 sit
2720 3612 2817 3668 tibi
2849 3627 2979 3667 cura
3000 3615 3128 3668 mei.

2670 3726 2818 3782 CCL.

2572 3797 2654 3851 Ad
2689 3796 2957 3852 Maurum.

1961 3887 2071 3944 Has
2093 3888 2214 3955 tibi,
2253 3893 2441 3943 sancte
2465 3901 2603 3957 puer
2628 3887 2906 3943 Benedicti
2935 3886 2953 3926 ι
2984 3889 3169 3943 Maure
3188 3902 3444 3947 camenas

2028 3980 2257 4036 Albinus
2288 3989 2441 4035 vates
2471 3980 2755 4035 versiculis
2772 3980 2969 4036 cecinit
2996 3999 3008 4033 :

1958 4072 2127 4129 Valde
2148 4081 2342 4144 optans
2380 4074 2563 4127 animo
2595 4073 2691 4128 tibi
2718 4089 2976 4144 prospera
3013 4082 3211 4130 cuncta
3248 4074 3415 4142 fideli,

2031 4166 2102 4222 Ut
2122 4166 2247 4221 felix
2274 4167 2428 4221 vivas
2452 4182 2670 4236 semper
2694 4167 2894 4237 ubique
2921 4169 3051 4223 Deo.

1954 4255 2063 4311 Pro
2084 4272 2191 4326 quo
2222 4257 2385 4311 funde
2421 4271 2608 4327 preces
2633 4258 2789 4312 solita
2814 4259 3018 4327 pietate
3045 4259 3280 4315 Tonanti

2025 4347 2322 4403 Conservet
2355 4347 2615 4403 famulum
2646 4357 2705 4403 ut
2728 4347 2979 4405 Christus
3001 4350 3069 4405 ab
3090 4351 3247 4405 hoste
3268 4364 3445 4404 suum.

2679 4462 2850 4519 CCLl.

2414 4532 2499 4588 Ad
2518 4534 2797 4606 quemdam
2819 4536 3068 4589 amicum.

1955 4623 2037 4679 Tu
2062 4639 2277 4696 quoque
2300 4640 2408 4682 non
2442 4628 2674 4691 meritis,
2698 4628 2893 4697 crispis
2925 4628 3018 4683 sed
3040 4628 3192 4683 calve
3225 4630 3453 4700 capillis.

2026 4717 2097 4773 Ut
2122 4717 2325 4785 valeas,
2358 4719 2541 4790 vigeas
2565 4727 2776 4787 tempus
2802 4719 2857 4772 in
2886 4734 3067 4785 omne,
3092 4735 3306 4789 precor.

1954 4859 2060 4905 tem
2084 4851 2410 4915 caanobium,
2426 4851 2567 4920 quod
2590 4850 2728 4921 Berg
2748 4850 3050 4920 appellatur
3068 4853 3209 4921 apud
3226 4853 3539 4908 Browerum

1952 4921 2010 4975 in
2059 4921 2194 4975 libro
2234 4920 2445 4976 Trevir.
2476 4921 2659 4990 Antiq.
2698 4920 2918 4987 octavo;
2970 4923 3062 4976 ubi
3103 4920 3396 4980 Lotharius
3442 4940 3536 4978 rex

1952 4992 2097 5046 hunc
2124 4992 2298 5047 locum
2328 4992 2581 5061 Hungero
2609 4992 2860 5061 episcopo
2889 4991 3120 5061 Trajecti
3151 4995 3422 5050 inferioris
3447 4996 3537 5048 do-

1953 5077 2111 5116 nasse
2139 5064 2458 5144 perhibetur
2483 5078 2625 5144 anno
2653 5063 2803 5132 regni
2835 5064 2916 5118 sui
2949 5065 3127 5144 ter-tio.
3181 5065 3257 5144 De
3278 5066 3387 5144 hoc
3418 5081 3532 5144 mo-

1952 5132 2199 5205 nasterio
2233 5132 2518 5205 Alcuinum
2550 5133 2669 5205 _hicv
2708 5149 2869 5204 agere
2920 5134 3139 5205 conjieit
3190 5135 3531 5205 Mabillonius

1949 5202 2367 5277 An_nal._Bene_d.
2394 5212 2524 5277 tom.
2549 5202 2614 5277 ll,
2642 5202 2939 5277 libriixxw,
2964 5202 3086 5277 pag.
3111 5205 3238 5277 523,
3265 5222 3412 5277 pum.
3440 5204 3532 5258 52.

2026 5273 2040 5323 t'
2091 5272 2368 5327 Chartula.
2408 5273 2534 5328 Hazc
2555 5275 2863 5330 intercidit:
2893 5272 2995 5331 nisi
3024 5272 3093 5331 sit
3128 5275 3218 5330 illa
3252 5275 3331 5330 De
3356 5276 3533 5330 decem

1951 5344 2116 5399 verbis
2147 5344 2294 5414 Legis
2325 5360 2485 5413 supra
2511 5352 2641 5400 tom.
2672 5345 2735 5411 C,
2763 5347 2865 5401 col.
2898 5348 3021 5401 567.

2024 5416 2052 5486 1}
2090 5414 2601 5486 orteLAlbinoque.

2029 5484 2047 5524 1
2091 5483 2557 5557 PuerBenedicti.
2594 5486 2685 5543 Sic
2724 5487 2884 5543 etiam
2914 5488 3169 5557 inscripta
3209 5496 3293 5543 est
3320 5487 3530 5543 Aleuini

1951 5556 2343 5629 epistola_150
2398 5577 2409 5611 :
2476 5556 2759 5613 Benedicto
2810 5556 3307 5629 sanctiiBenedicli
3365 5573 3528 5629 puero

1952 5628 2162 5682 Mauro.
2190 5626 2267 5681 Ita
2299 5629 2647 5697 semetipsum
2676 5630 2931 5684 Rabanus
2968 5628 3183 5684 Maurus
3210 5626 3451 5683 nominat
3472 5628 3530 5684 in

1950 5713 2048 5772 suo
2078 5699 2415 5772 ad_sanctum
2440 5698 3174 5772 Martinum__carmine,quod
3195 5708 3275 5755 est
3307 5699 3527 5772 tertium

1950 5769 2091 5825 inter
2116 5768 2234 5840 ejus
2261 5777 2505 5840 poemata
2534 5778 2664 5827 tom.
2699 5769 2787 5837 VI,
2810 5768 3084 5842 pagf202.
