4062 6346
315 369 442 436 “7-07
1519 367 1852 426 CARMINA.
1893 373 1964 411 ι.-
1997 366 2092 424 an
2138 369 2409 427 vannos.
2838 345 2843 350 ’
3499 362 3604 419 res

1009 484 1234 542 CCLIX.

649 614 675 642 ει
703 601 783 656 Ad
811 601 1039 654 amicum
1067 600 1329 654 absentem
1356 597 1604 668 suspiria.

339 717 520 773 Dulcis
551 713 975 786 amorlacrymis
1004 707 1283 767 absentem
1315 711 1518 782 plangit
1544 710 1796 775 amicum,

409 811 580 877 Quem
606 807 896 877 longinqua
929 813 1089 878 negat
1112 814 1255 859 terra
1279 804 1463 858 videre
1487 801 1676 858 oculis.

338 901 480 958 Rara
515 901 647 954 ﬁdes
674 898 952 953 hominum
980 897 1172 951 charos
1193 894 1372 949 effecit
1397 894 1621 959 amicos,

410 993 573 1048 Millia
600 993 768 1048 umlta'
793 992 938 1047 cient
961 1000 1205 1062 pectore,
1239 991 1386 1045 solus
1411 990 1536 1045 erit.

337 1085 579 1158 Argento
591 1087 804 1150 mlier,
833 1085 982 1140 fulvo
999 1084 1289 1155 pretiosior
1319 1097 1473 1148 auro,

411 1179 673 1235 Omnibus
690 1187 750 1234 et
776 1179 925 1250 gazis
943 1178 1142 1232 clarior
1163 1178 1266 1232 iste
1287 1177 1444 1230 nitet.

341 1270 512 1340 Quem
536 1273 685 1342 cupit
708 1281 762 1326 et
791 1271 985 1340 quaerit
1003 1269 1208 1324 mentis
1235 1269 1343 1323 sibi
1361 1275 1482 1321 tata
1503 1264 1772 1333 voluntas,

414 1364 484 1421 Ut
509 1366 724 1428 habent,
753 1371 959 1427 teneat,
981 1362 1168 1432 diligat
1189 1369 1351 1430 atque
1381 1357 1541 1414 colat.

337 1465 443 1512 iste
467 1457 575 1511 eris
593 1471 722 1511 ecce
747 1455 875 1509 mihi
909 1470 1103 1525 magno
1124 1453 1445 1523 coniunctus
1468 1457 1671 1513 amore,

354 1552 359 1556 ’
410 1549 491 1604 Tu
519 1549 736 1618 requies
749 1549 976 1610 mentis,
995 1553 1058 1602 tu
1079 1545 1215 1600 mihi
1242 1544 1416 1599 dulcis
1441 1557 1613 1597 amor.

334 1640 416 1698 Te
436 1641 579 1698 Deus
605 1649 808 1696 aeterne
829 1646 1120 1694 conservet
1148 1645 1387 1706 tempore
1403 1648 1642 1704 semper,

395 1733 488 1792 ‘Tu
515 1749 723 1791 memor
746 1733 926 1788 Albini
956 1746 1170 1802 semper
1196 1730 1395 1798 ubique
1417 1727 1555 1782 vale.

1028 1867 1230 1923 CCLX.

717 1985 758 2024 ἰ’
799 1984 880 2037 Ad
913 1983 1266 2037 Eboraemes
1293 1979 1538 2035 Fratres.

329 2097 492 2155 Nunc
515 2097 736 2152 cuculus
763 2096 933 2150 ramis
961 2097 1124 2150 etiam
1151 2094 1428 2149 resonavit
1455 2093 1509 2146 in
1541 2091 1695 2157 altis;

330 2193 530 2249 Florca
557 2191 851 2247 versicolor
873 2191 1050 2261 pariet
1077 2207 1220 2244 nunc
1241 2189 1481 2260 germina
1503 2188 1686 2241 tellus.

332 2286 507 2342 Vinea
533 2283 879 2338 Bacchiferas
911 2282 1076 2336 tradit
1103 2282 1123 2319 δ
1147 2280 1215 2335 de
1235 2280 1457 2350 palmite
1479 2293 1740 2350 gemmas,

334 2376 577 2432 Suscitat
600 2383 654 2430 et
671 2373 825 2428 vario
853 2381 1070 2427 nostras
1095 2371 1458 2426 modulamine
1485 2368 1707 2424 mentes

329 2468 610 2524 Indefessa
639 2467 774 2522 satis
791 2466 972 2520 rutilis
993 2464 1219 2519 luscinia
1246 2463 1439 2518 ruscis.

332 2563 405 2617 Et
435 2562 513 2616 sol
543 2561 786 2630 signiferi
815 2559 1053 2615 medium
1081 2557 1420 2613 transcendit
1441 2557 1502 2610 in
1527 2557 1736 2620 orbem,

329 2655 403 2710 Et
421 2653 656 2708 Phcnbus
675 2653 809 2706 vicit
829 2651 1182 2706 tenebrarum
1215 2661 1380 2720 regna
1413 2646 1716 2716 refulgens;

329 2747 512 2816 Atque
538 2753 727 2800 natans
755 2745 821 2798 ad
849 2759 948 2798 vos
969 2742 1142 2812 pelagi
1171 2749 1322 2794 trans
1345 2753 1567 2808 mquora
1589 2737 1792 2809 magni,

329 2837 518 2892 Albini
539 2836 717 2890 Patris
739 2825 993 2904 deportat
1014 2834 1211 2887 charta
1229 2831 1459 2886 salutem
1483 2846 1500 2894 ;

333 2928 604 2984 Mrenibus
631 2927 910 2981 Euboricse
941 2920 1193 2980 habitans
1219 2931 1276 2977 tu
1301 2935 1460 2977 sacra
1479 2921 1752 2991 juventus.

330 3019 443 3076 Fas
459 3013 687 3083 idcirco,
712 3031 854 3083 reor,
883 3015 1274 3084 comprendere
1296 3013 1500 3082 plectra
1523 3009 1779 3075 Maronis,

333 3111 684 3183 Somnigeras
722 3110 899 3164 subito
929 3117 982 3162 te
1017 3123 1164 3162 nunc
1200 3120 1269 3161 ex
1289 3120 1385 3159 ore
1405 3103 1434 3143 ἀ
1453 3113 1731 3167 camenas,

331 3202 786 3270 Carminibusque
806 3199 976 3254 sacris
1006 3211 1173 3253 naves
1207 3195 1431 3265 implere
1451 3192 1726 3248 frenosum
1763 3202 1809 3244 ο.

331 3295 486 3350 Talia
513 3307 744 3362 namque
765 3291 977 3360 placent
994 3296 1179 3343 vestro
1207 3287 1332 3356 quia
1354 3299 1581 3339 munera
1601 3282 1771 3347 Patri,

332 3388 439 3456 Qui
468 3403 612 3444 nunc
634 3387 880 3458 egregias
902 3384 1172 3455 regalibus
1199 3383 1418 3436 insonat
1445 3389 1594 3434 artes

331 3479 590 3545 Auribus,
619 3490 677 3532 et
699 3478 924 3532 Patrum
955 3477 1100 3532 ducit
1125 3490 1224 3544 per
1247 3481 1404 3545 prata
1437 3480 1777 3542 sequentem,

332 3569 686 3639 Pnepulchro
707 3568 908 3637 scphiae
936 3574 1253 3637 regnantem
1290 3572 1572 3618 stemmate
1596 3562 1773 3618 celsae.

333 3664 418 3720 Tn
445 3673 676 3734 quoque,
702 3667 759 3716 tu
775 3661 927 3716 Patri
957 3661 1186 3714 nimium
1209 3659 1406 3714 dilecta
1426 3656 1708 3725 juventus,

335 3757 416 3812 Tu
443 3755 653 3812 soboles
678 3755 820 3818 vitm,
849 3754 1043 3824 patriae
1067 3753 1183 3806 laus
1201 3759 1263 3807 et
1293 3752 1456 3806 decus
1481 3765 1662 3817 omne,

335 3847 602 3904 Etheriis
637 3847 838 3916 sophus
861 3846 1093 3901 feliciter
1122 3854 1278 3898 utere
1309 3843 1496 3908 donis;
1713 3829 1718 3834 ’

335 3941 412 3996 Ut
433 3940 534 3994 tibi
561 3947 877 4008 permaneat
905 3952 1114 3992 merces
1135 3945 1191 3990 et
1217 3935 1387 4005 gloria
1415 3947 1646 4004 semper.

335 4033 535 4088 Ebrius
562 4031 768 4100 injiciat
781 4031 937 4086 vobis
961 4046 1066 4085 neu
1085 4029 1303 4084 vincula
1325 4028 1599 4092 Bacchus,

339 4121 609 4178 Mentibus
633 4124 920 4192 inscriptas
947 4123 1119 4176 deleat
1156 4137 1258 4176 neu
1285 4121 1480 4175 noxius
1507 4126 1688 4173 artes:

339 4213 452 4270 Nec
485 4229 582 4269 vos
603 4214 874 4268 Cretensis
901 4212 1137 4282 depellat
1165 4212 1234 4265 ab
1265 4225 1392 4265 arce
1413 4208 1606 4263 salutis

336 4309 620 4380 Improbus
647 4311 736 4364 ille
771 4325 924 4381 puer,
951 4307 1186 4363 stimulis
1211 4316 1452 4362 armatus
1479 4288 1690 4360 acutis.~

339 4401 451 4457 Nec
481 4417 576 4456 vos
605 4401 886 4472 luxivagus
908 4408 1085 4472 raptet
1111 4415 1208 4470 per
1235 4400 1417 4453 inania
1445 4397 1698 4462 mundus,

341 4493 560 4548 Vortice
583 4495 934 4565 submergens
953 4493 1137 4548 vitalia
1161 4501 1380 4564 pectora
1405 4492 1564 4562 nigro
1587 4509 1600 4543 :

342 4583 452 4638 Sed
479 4593 745 4654 prmcepta
775 4600 946 4640 sacrae
979 4597 1246 4639 memores
1267 4585 1500 4639 retinete
1535 4582 1745 4646 salutis,

335 4675 635 4732 Dulcisono
663 4676 939 4731 Christum
963 4684 1288 4731 resonantes
1310 4691 1522 4744 semper
1543 4675 1597 4728 in
1623 4688 1734 4729 ore.

339 4767 436 4822 Ille
459 4766 631 4833 cibus,
664 4774 838 4836 potus,
869 4779 1108 4834 carmen,
1150 4767 1288 4831 laus,
1325 4766 1491 4836 gloria
1511 4765 1667 4820 vobis

318 4861 450 4927 _Sit,
483 4877 632 4935 rogo,
667 4862 759 4932 qui
785 4861 934 4918 vobis
954 4862 1155 4916 tribuat
1179 4860 1352 4916 felicia
1378 4875 1567 4931 regna,

341 4949 524 5025 Atque
545 4954 657 5010 suis
684 4945 1096 5024 sanctisjungat
1117 4969 1217 5024 per
1245 4949 1448 5008 aethera
1475 4957 1707 5022 semper.

415 5163 441 5224 9
481 5153 560 5224 Ex
591 5169 711 5208 eoo.
735 5164 866 5208 mss.
903 5151 1317 5224 Salisburgcnsi.

418 5223 449 5266 1³
486 5219 690 5279 Versus
721 5225 823 5279 hoc
848 5239 1063 5280 carmen
1090 5219 1406 5277 i'n'editidne
1431 5219 1752 5287 Quercetani
1786 5233 1926 5288 prm-

343 5293 618 5368 cedentes,
655 5297 943 5364 separatim
967 5294 1209 5368 dedimus
1232 5305 1561 5368 supra_nmn.
1593 5291 1695 5345 9.08
1723 5299 1776 5344 et
1797 5289 1922 5368 223,

341 5361 442 5419 'ubi
472 5366 656 5421 videas
686 5361 924 5420 uestram
948 5361 1367 5418 adnotationem.
1397 5361 1674 5415 Pertinere
1701 5375 1827 5413 vero
1847 5361 1926 5414 vi-

345 5435 510 5490 detur
537 5439 605 5492 ad
645 5453 846 5491 annum
869 5436 965 5490 78-1
997 5450 1104 5503 quo
1133 5433 1330 5490 scholae
1359 5431 1618 5488 Palatinae
1640 5432 1926 5504 pnnfectus

343 5506 487 5562 fuit?
519 5506 637 5563 Vid.
663 5517 817 5562 notas
839 5507 998 5577 epist.
1025 5504 1144 5560 162.

424 5591 457 5619 ο·
491 5579 614 5647 Mm,
651 5579 836 5633 trudit.

421 5649 449 5690 ἀ
491 5650 615 5717 Ms.,
650 5651 840 5706 excire.

427 5734 451 5761 ο
491 5721 614 5786 Μ8.,
655 5719 970 5775 Fresonum.

425 5791 450 5831 τ
488 5781 806 5847 Diderentes
836 5792 1092 5847 lectiones
1117 5788 1419 5845 addidimus
1454 5799 1522 5843 ex
1565 5787 1684 5845 cod.
1727 5781 1924 5844 Salisb.

347 5863 434 5925 De
465 5862 791 5936 Saxonibus,
833 5862 1077 5926 absoluto
1112 5869 1237 5936 post
1281 5860 1350 5921 55
1394 5875 1658 5921 annorum
1696 5861 1925 5932 spatium

1942 483 1999 544 Δ
2147 489 2149 492 ’
2701 483 2878 540 CCLX
2887 483 2928 540 I~.

2464 579 2484 619 ί
2521 580 2602 634 Ad
2631 589 2834 651 gentem
2857 577 3168 633 Gothorum.

2019 673 2164 730 Gens
2187 687 2342 728 sacra
2367 671 2690 738 Gothorum,
2716 679 2937 727 sanctus
2969 674 3015 736 ε,
3046 670 3163 726 sine
3194 667 3300 724 fine
3333 667 3533 734 valeto,

1979 807 1982 810 -
2019 769 2235 824 Electus
2265 768 2492 822 Domino
2513 769 2758 838 populus,
2787 767 2941 822 nlehs
2961 766 3162 836 inclyta
3185 763 3355 819 salve.

1919 860 1921 862 ’
2019 859 2348 914 Victrici—bns
2374 861 2401 899 ιι
2427 847 2617 930 gentes
2641 859 2817 913 vicisti
2847 859 3083 914 maxime
3103 856 3257 912 bellis

2021 951 2193 1019 Quam
2217 951 2414 1005 multas
2438 952 2727 1019 quondam,
2752 952 2935 1005 hostes
2961 949 3122 1004 modo
3142 949 3344 1004 vincite
3365 945 3569 1004 Christi

2018 1043 2124 1098 Per
2149 1044 2392 1114 clypeum
2421 1044 2563 1108 fidei,
2593 1059 2692 1112 per
2713 1043 2876 1098 fortia
2899 1043 3005 1098 tela
3030 1042 3237 1098 salutis.

2018 1133 2320 1190 Auxiliator
2343 1136 2450 1190 erit
2467 1135 2620 1190 vobis
2647 1136 2789 1189 Deus
2809 1135 2984 1189 almus
3011 1135 3234 1202 ubique,

2022 1227 2080 1284 Si
2097 1229 2209 1298 jam
2236 1227 2387 1281 ﬁrma
2415 1227 2547 1281 fides
2577 1226 2788 1281 habitat
2806 1228 2906 1281 sub
2933 1234 3152 1296 pectore
3179 1233 3391 1290 vestrm,

2019 1319 2198 1388 Atque
2225 1320 2361 1388 opus
2380 1321 2654 1390 egregium
2683 1319 2929 1387 sequitur
2949 1318 3090 1372 bona
3113 1318 3252 1372 dona
3265 1315 3421 1372 ﬁdei.

2022 1407 2153 1474 Has,
2179 1419 2332 1480 rogo,
2367 1409 2630 1464 litterulas
2655 1409 2864 1478 placido
2889 1409 3190 1479 percurrite
3211 1423 3394 1464 sensu.

2023 1499 2168 1566 Quas
2197 1501 2357 1556 modo
2388 1501 2588 1557 direxit
2619 1503 2772 1556 vobis
2793 1501 3012 1557 dilectio
3031 1507 3239 1556 sancta.

2023 1591 2289 1661 Prospera
2315 1601 2508 1648 cuncta
2529 1594 2672 1648 Deus
2701 1593 2892 1649 Gothis
2912 1594 3177 1648 concedat
3189 1592 3430 1664 01W,

2025 1683 2289 1739 Omnibus
2311 1686 2500 1742 aeterni
2529 1685 2775 1742 tribuens
2795 1686 2936 1740 bona
2959 1686 3154 1756 gaudia
3187 1685 3338 1754 regni
3365 1703 3386 1740 =:

2025 1775 2192 1844 Inque
2222 1777 2325 1845 piis
2360 1777 2611 1844 precibus
2634 1793 2903 1833 memores
2929 1787 3122 1843 estote,
3155 1793 3412 1850 rogamus

1939 1841 1999 1903 Β
2024 1841 2204 1921 Albini
2224 1841 2463 1938 semper,
2491 1869 2706 1938 scripsit
2730 1870 2824 1939 qui
2849 1871 2982 1924 talia
3007 1841 3176 1925 vobis.

2024 1958 2184 2029 235
2205 1960 2312 2014 Vos
2333 1959 2475 2014 Deus
2488 1960 2830 2030 omnipotens
2855 1970 3025 2016 totum
3045 1970 3329 2016 conservet
3347 1961 3400 2016 in
3415 1976 3616 2030 terum,

2024 2049 2312 2106 Eternum
2337 2050 2585 2107 tribuens
2617 2054 2634 2092 ί
2669 2053 2824 2108 vobis
2853 2069 2952 2124 per
2979 2053 3176 2108 saecula
3205 2069 3436 2125 regnum

2692 2163 2940 2218 CCLXII.

2477 2248 2491 2285 ι
2541 2235 2624 2289 Ad
2654 2235 2826 2304 ﬁlium
2858 2235 3163 2306 profugum.

2022 2327 2152 2395 Cur,
2187 2346 2340 2401 rogo,
2369 2339 2517 2395 nate,
2548 2339 2642 2386 tuo
2663 2331 2807 2400 patri
2839 2331 3098 2385 irasceris
3121 2337 3337 2396 amate;

2093 2421 2332 2493 Longius
2359 2424 2602 2492 cpt'atum
2630 2439 2758 2478 mox
2786 2422 2947 2476 modo
2968 2421 3156 2491 carpis
3186 2412 3331 2474 iter?

2022 2513 2090 2569 Et
2121 2523 2175 2570 tu
2214 2513 2388 2570 tristis
2420 2516 2559 2581 abis,
2588 2523 2802 2584 patrem
2832 2513 3156 2581 tristemque
3185 2510 3450 2583 relinquis

2095 2605 2166 2662 Ut
2197 2607 2494 2661 sceleratus
2521 2625 2536 2660 :
2566 2621 2668 2676 ego
2691 2605 2906 2675 judicor
2933 2618 3061 2658 ecce
3099 2618 3248 2658 reus.

2021 2697 2195 2752 Iratus
2225 2697 2400 2751 calido
2426 2697 2721 2767 quidquam
2748 2711 2849 2749 nec
2877 2703 3098 2764 pectore
3129 2692 3275 2757 dixi;

1989 2799 1992 2803 ’
2096 2790 2348 2844 Mandavi
2378 2789 2587 2859 pl‘acida
2616 2789 2800 2843 dicere
2821 2788 2988 2842 verba
3022 2786 3138 2841 tibi.

2025 2887 2190 2943 Utere
2217 2897 2317 2938 ceu
2343 2882 2579 2952 propriis
2607 2882 2772 2936 rebus
2801 2880 3030 2934 feliciter
3061 2878 3186 2943 illis,

2097 2979 2234 3034 Sunt
2270 2990 2390 3031 mea
2423 2976 2621 3046 quippe
2645 2983 2760 3039 tua,
2788 2974 2895 3028 sint
2925 2981 3015 3027 tua
3045 2984 3230 3043 quaeso
3257 2985 3400 3027 mea.

2685 3084 2955 3141 CCLXIII.

1935 3194 1994 3260 Ω
2592 3157 2676 3211 Ad
2717 3156 3053 3228 discipulum.

2021 3251 2104 3306 En
2135 3259 2259 3305 tuus
2284 3248 2532 3310 Albinus,
2559 3247 2722 3302 saevis
2756 3254 2974 3317 ereptus
3005 3247 3072 3301 ab
3102 3245 3263 3300 undis
3285 3283 3300 3310 ,

2092 3321 2348 3406 Venerat,
2379 3340 2674 3394 altithrono
2697 3354 2845 3393 nunc
2871 3337 3170 3393 miserante
3201 3337 3332 3400 Deo,

2021 3434 2099 3490 Te
2127 3434 2350 3503 cupiens
2381 3430 3004 3504 apel-peregrinus-lare
3025 3429 3272 3485 camenis

2092 3523 2136 3580 Ο
2161 3524 2382 3589 Corion,
2407 3523 2640 3578 Corion!
2677 3522 2850 3577 dulcis
2879 3523 3049 3577 amice
3075 3521 3230 3576 satis.

2021 3616 2292 3686 Quidquid
2320 3623 2375 3670 tu
2400 3615 2591 3669 volitas
2613 3629 2712 3685 per
2738 3629 2930 3685 magna
2953 3614 3156 3684 palatia
3173 3617 3397 3683 regum,

2095 3706 2167 3762 Ut
2190 3707 2380 3761 ludens
2407 3707 2595 3776 pelago
2627 3705 2797 3776 aliger
2819 3703 3088 3760 undisono
3115 3723 3140 3762 J

2023 3796 2124 3864 Qui
2157 3797 2360 3867 sophiae
2387 3797 2557 3852 libros
2587 3797 2782 3867 primis
2810 3796 2893 3850 lac
2919 3811 3015 3850 ore
3044 3782 3146 3852 sub
3174 3795 3332 3852 annis

2099 3887 2324 3954 Suxisti,
2354 3895 2409 3942 et
2435 3887 2606 3942 labris
2629 3883 2801 3942 ubera
2833 3902 2990 3942 sacra
3015 3887 3146 3941 tuis.

2025 3981 2161 4036 Dum
2189 3980 2287 4036 tibi
2312 3979 2439 4035 dum
2473 3979 2645 4050 major
2670 3995 2770 4049 per
2807 3987 3049 4049 tempora
3074 3969 3328 4033 ‘dreverat
3355 3970 3514 4045 atas.

2101 4059 2252 4127 Tunc
2286 4072 2490 4127 solidos
2516 4086 2772 4126 sueveras
2796 4085 3009 4126 sumere
3036 4059 3201 4125 corde
3229 4051 3399 4124 cibds.

2021 4165 2209 4220 Fortia
2237 4165 2304 4220 de
2328 4165 2478 4236 gazis
2502 4172 2750 4219 veterum
2783 4170 2839 4217 et
2865 4171 3059 4232 potare
3087 4160 3345 4226 Falerna;

2098 4257 2360 4313 Sensibus
2385 4264 2442 4312 et
2469 4255 2688 4310 fuerant
2709 4254 2901 4324 pervia
2939 4261 3135 4308 cuncta
3163 4252 3292 4306 tuis.

2026 4349 2396 4419 Quidquid-ab
2428 4348 2652 4416 antiquo
2678 4345 3010 4400 invenerunt
3035 4351 3279 4412 tempore
3309 4338 3522 4406 Patres,

2095 4441 2287 4497 Nobile
2315 4448 2512 4497 cuncta
2550 4439 2646 4494 tibi
2672 4439 2861 4509 pandit
2891 4446 2944 4493 et
2979 4437 3294 4508 ingenium:

1937 4557 2003 4620 α)
2024 4533 2103 4590 Ac
2128 4534 2306 4588 divina
2336 4533 2443 4588 tuis
2478 4532 2651 4602 patuit
2679 4529 2965 4600 Scriptura
2992 4526 3240 4598 loquelis.

2096 4624 2328 4681 Edihus
2358 4626 2412 4679 in
2441 4625 2614 4679 sacris
2649 4623 2775 4678 dum
2805 4629 2897 4676 tua
2938 4637 3040 4676 vox
3074 4625 3309 4674 resonat.

2025 4717 2166 4786 Quid
2203 4727 2294 4772 tua
2325 4732 2468 4773 nunc
2497 4730 2790 4772 memorem
2821 4711 3145 4768 scholastica
3176 4703 3418 4766 carniina
3445 4707 3613 4778 vatis,

2027 4877 2032 4882 _
2093 4809 2200 4876 Qui
2223 4820 2457 4864 cunctos
2483 4817 2711 4878 .poteras
2741 4813 2800 4860 tu
2832 4820 3094 4874 superare
3123 4818 3300 4859 senes.

2024 4900 2252 4958 Viscera
2279 4909 2396 4956 tota
2423 4899 2522 4955 tibi
2551 4899 2889 4962 cecinerunt,
2915 4905 3080 4965 atque
3111 4895 3325 4964 capi-lli;

2095 4989 2252 5050 Nunc
2277 5000 2372 5048 tua
2395 4987 2582 5062 lingua
2609 4996 2786 5057 tacet;
2815 5001 2912 5043 cur
2941 4995 3036 5042 tua
3072 4986 3254 5058 lingua
3291 4986 3470 5041 tacet?

2021 5145 2203 5212 bello,
2237 5145 2304 5201 ad
2337 5144 2496 5200 ﬁdem
2533 5142 2806 5199 conversis
2852 5142 2953 5196 ista
2994 5139 3218 5212 intelligi
3255 5138 3414 5212 Avult,
3463 5133 3610 5212 nulla

2027 5205 2242 5287 quidem
2278 5217 2520 5287 adducta»
2554 5215 2764 5269 ratione
2787 5255 2802 5278 ,
2839 5213 2918 5287 Cl.
2953 5205 3222 5287 Catelinot
3253 5210 3303 5262 in
3337 5223 3434 5287 ms.
3480 5205 3610 5262 Mihi

2025 5279 2157 5344 vero
2182 5299 2343 5357 quam
2368 5285 2696 5342 simillimum
2723 5292 2822 5357 est,
2848 5284 3132 5357 Alcninum
3158 5281 3225 5334 ad
3248 5279 3472 5357 populos
3492 5292 3613 5357 prp-

1997 5347 2221 5413 'vinciaé
2259 5357 2492 5424 Gothiae,
2529 5347 2818 5412 Saracenis
2858 5347 3381 5424 conterminzefet'a
3417 5347 3610 5424 Carolo

2026 5429 2219 5500 Magno
2254 5420 2488 5484 devictze
2502 5429 2800 5500 scripsisse,
2823 5435 2995 5496 atque
3017 5439 3111 5479 eos
3136 5421 3395 5476 adversus
3427 5420 3608 5476 hostes

2027 5499 2128 5556 sibi
2162 5500 2369 5554 vicinos
2401 5499 2689 5556 animasSe.

2101 5574 2127 5611 ε
2165 5571 2263 5627 Ms.
2295 5569 2430 5636 Sal.,
2461 5569 2596 5626 Gens
2622 5571 2756 5625 bona
2791 5567 3081 5625 Gothorum
3117 5577 3340 5634 semper.

2095 5641 2123 5682 ιι
2166 5643 2263 5696 Ms.
2297 5641 2431 5704 Sal.,
2456 5641 2758 5712 prmclaras.

2103 5715 2117 5754 ί
2153 5714 2320 5778 Edit.,
2344 5714 2554 5766 tribuet.

2099 5783 2112 5832 i
2158 5774 2318 5838 Forte
2340 5785 2407 5837 ad
2435 5782 2701 5848 Osulfum,
2729 5781 2882 5853 cujus
2906 5779 3180 5839 infelicem
3213 5776 3422 5852 lapsum
3449 5774 3606 5852 ιιεθι

2024 5856 2083 5914 in
2105 5855 2347 5929 epistolis
2365 5855 2489 5924 206,
2517 5854 2639 5923 207,
2663 5853 2787 5912 208.
