4062 6346
480 322 623 386 ’799

514 445 627 504 Nec
654 456 744 502 tua
766 443 948 515 lingua
968 440 1113 496 valet
1140 437 1323 494 forsan
1352 446 1573 492 cantare
1601 434 1889 489 camenas?

585 542 778 612 Atque,
811 554 955 604 reor,
981 534 1180 591 dormit
1209 533 1391 603 lingua
1416 531 1514 584 tibi
1542 528 1765 583 Corion.

517 636 731 693 Domit
748 643 802 689 et
825 634 938 701 ipse
966 644 1137 689 meus,
1164 625 1436 695 Corydon,
1461 622 1814 678 scholasticus
1842 619 1995 684 olim,

590 724 809 794 Sopitus
845 721 1074 776 Baccho.
1098 718 1190 772 Vae
1214 715 1332 779 tibi,
1362 712 1574 767 Bacche
1600 711 1789 765 Pater!

521 816 602 871 'I‘u
632 815 756 885 quia
785 822 842 867 tu
875 810 1073 882 quaeris
1099 822 1291 863 sensus
1315 805 1631 861 subvertere
1658 816 1861 866 sacros,

590 908 763 976 Atque
794 919 975 959 meum
1004 901 1256 971 Corydon
1284 914 1378 953 ore
1412 906 1593 952 tacere
1620 895 1778 950 facis.

520 1000 715 1062 Ebrius
743 1000 796 1060 in
826 998 985 1053 tectis
1015 994 1265 1066 Corydon
1288 991 1601 1046 aulensibus
1627 996 1794 1052 errat,

591 1090 701 1146 Nec
728 1106 937 1145 memor
958 1086 1161 1151 Albini,
1195 1100 1293 1139 nec
1317 1098 1525 1138 memor
1550 1082 1663 1149 ipse
1694 1078 1814 1150 sui!

520 1182 687 1240 Obvia
719 1197 825 1236 non
858 1180 1004 1234 misit
1028 1175 1265 1231 venienti
1296 1174 1538 1228 carmina
1570 1171 1737 1237 Patri,

594 1271 665 1327 Ut
687 1275 943 1326 canerent
974 1265 1119 1320 salve
1143 1283 1155 1317 :
1184 1272 1239 1317 tu
1267 1270 1470 1325 tamen,
1495 1276 1639 1325 ecce,
1662 1260 1811 1316 vale!

521 1363 779 1419 Rusticus
814 1369 895 1415 est
925 1355 1195 1427 Corydon,
1230 1353 1365 1408 dixit
1390 1354 1493 1407 hoc
1519 1351 1656 1406 forte
1685 1353 1946 1422 propheta

592 1452 849 1525 Virgilius
873 1448 1163 1519 quondam,
1192 1444 1430 1499 rusticus
1457 1452 1541 1497 est
1562 1442 1830 1513 Corydon.

522 1547 743 1604 Dixerat
767 1552 848 1599 ast
882 1541 1017 1597 alter
1044 1538 1237 1593 melius
1271 1536 1364 1591 sed
1395 1534 1537 1590 Naso
1562 1547 1587 1575 ι
1616 1543 1800 1604 poeta,

592 1640 882 1710 Presbyter
904 1643 988 1691 est
1014 1630 1285 1703 Corydon,
1311 1628 1381 1683 sit
1406 1628 1493 1683 cui
1514 1643 1726 1697 semper
1753 1627 1882 1683 ave!

1170 1741 1441 1799 CCLXIV.

956 1841 985 1882 ι’
1014 1838 1094 1894 Ad
1130 1835 1293 1891 aliam
1322 1831 1657 1901 discipulum.

1346 1922 1522 1978 Charc
1545 1922 1734 1987 ﬁdelis,

1346 1994 1581 2049 Credule
1606 2004 1751 2059 nate,

1348 2064 1562 2118 Primus
1588 2080 1792 2130 amore,

1349 2135 1527 2203 Atque
1547 2142 1771 2203 paterno

1350 2204 1713 2273 Discipulatus

1351 2275 1533 2328 Dulcis
1559 2291 1764 2330 amore.

1352 2344 1538 2413 Tuque
1566 2346 1766 2413 sophia:

1355 2414 1579 2469 Scrinea
1604 2431 1784 2481 sacra,

1350 2488 1489 2539 Area
1521 2484 1666 2549 ﬁdei,

1349 2556 1416 2611 Et
1446 2556 1573 2609 tuba
1595 2556 1737 2620 vitae,

1350 2626 1533 2680 Przeco
1558 2626 1769 2692 salutis,

1351 2697 1562 2751 Primus
1589 2697 1641 2751 in
1670 2697 1813 2751 aula.

1350 2766 1463 2838 Vox
1498 2775 1587 2820 tua
1610 2768 1752 2838 plebi

1352 2837 1554 2909 Pandat
1581 2837 1793 2909 Olympi

1351 2907 1502 2963 Ostia
1528 2907 1761 2973 summa,

1351 2978 1617 3050 Lucisque
1644 2977 1920 3050 templum,

1344 3049 1487 3103 Laus
1516 3051 1606 3104 ubi
1630 3049 1849 3105 Christo

1352 3119 1609 3174 Pcrsonct
1640 3121 1800 3174 alma.

1351 3188 1483 3259 l_loc,
1516 3206 1666 3259 rogo,
1697 3204 1915 3245 carmen

1350 3257 1457 3315 Ore
1482 3257 1692 3321 caueto,

1353 3330 1531 3384 Mente
1561 3337 1762 3393 teneto,

1353 3401 1419 3455 Et
1445 3415 1652 3455 memor
1674 3410 1791 3454 esto

1352 3469 1591 3527 Obsecro
1616 3469 1820 3534 Patris;

1355 3543 1547 3610 Sisque
1573 3543 1762 3596 beatus

1355 3612 1582 3683 Semper
1608 3612 1661 3664 in
1686 3625 1881 3665 mvum.

1353 3684 1429 3739 Te
1456 3683 1745 3739 comitetur

1352 3755 1536 3811 Gratia
1564 3752 1787 3817 Christi,

1353 3827 1535 3883 Gloria
1561 3823 1709 3885 cceli,

1353 3899 1580 3967 Perpete
1608 3895 1737 3957 vita,

1352 3970 1462 4024 Pax
1495 3967 1589 4021 tibi
1621 3976 1853 4033 semper.

522 1933 677 1992 Nunc
701 1930 934 2004 bipedali

522 2003 776 2063 Carmine
798 2003 983 2057 laudes

524 2076 755 2133 Credule
780 2074 967 2129 dulces

527 2146 598 2202 Mi
626 2147 724 2202 tibi
752 2152 878 2199 nate

526 2216 701 2272 Chare
729 2227 1002 2270 canemus.

525 2286 686 2342 Certo
716 2284 922 2339 valeto!

528 2354 977 2437 ἒςιηρεξτηιξδίμξιθ

528 2425 612 2480 Sit
633 2421 725 2479 tibi
751 2421 998 2478 Christus

528 2495 639 2549 Pax
668 2496 752 2548 via
784 2493 955 2546 virtus
979 2506 994 2544 :

525 2565 724 2620 Plenus
746 2577 929 2618 amore

528 2635 677 2690 Illius
698 2643 832 2697 esto,

527 2706 668 2762 Ecce
696 2720 1000 2776 precamur.

528 2776 605 2846 Te
627 2791 841 2846 quoque
862 2788 1076 2845 semper

527 2845 779 2919 Protegat
808 2847 895 2901 illc

528 2916 789 2974 Omnibus
816 2919 983 2980 horis,

527 2987 702 3057 Atque
731 2989 1047 3054 momentis;

531 3056 602 3111 Ut
618 3056 727 3111 tibi
758 3058 936 3112 nullus

532 3125 750 3195 Lzedere
783 3128 973 3195 possit.

531 3194 707 3249 Curva
728 3194 978 3252 senectus

531 3263 691 3335 Certe
713 3266 1058 3335 propinquat,

534 3332 1023 3405 Signaque—vertex

530 3403 772 3459 Candida
809 3413 1093 3473 monstrat,

535 3473 734 3529 Ultima
766 3475 877 3530 fata

531 3543 739 3599 Forsan
765 3546 993 3603 adesse:

535 3613 665 3685 Esto
686 3626 930 3685 paratus,

531 3683 673 3755 Ecce
688 3683 1000 3755 precamur,

531 3753 734 3809 Obvius
759 3757 839 3811 ire

531 3821 924 3895 Omnipotenti,

531 3894 756 3969 Pectore
780 3894 1038 3969 gaudens.

532 3962 644 4022 Pax
669 3968 768 4024 tibi
782 3962 1029 4040 semper,

1011 4095 1597 4177 EPITAPHIA.

1184 4231 1436 4289 CCLXV.

810 4330 833 4361 α
870 4321 1209 4395 Epitaphium
1250 4323 1524 4382 Gisleberti
1557 4324 1803 4396 episcopi.

530 4408 629 4465 Hic
652 4407 995 4467 Gislebertus
1022 4416 1220 4482 praesul
1252 4416 1542 4485 requiescit
1567 4416 1839 4470 humatus.

599 4500 807 4570 Corpus
830 4511 975 4558 terra
999 4505 1150 4574 tegit,
1184 4507 1409 4575 spiritus
1437 4514 1582 4561 astra
1610 4506 1765 4577 petit.

602 4649 628 4677 ι
658 4635 832 4702 Edit.,
868 4635 1066 4693 Nassa.

602 4706 629 4747 δ
658 4706 733 4779 Ex
752 4708 879 4779 cod.
906 4725 1007 4763 ms.
1036 4709 1452 4779 Salisburgensi.

601 4789 622 4816 ο
650 4777 986 4833 Gislehcrtus
1023 4782 1189 4835 abbas
1238 4776 1557 4834 Elnonensis
1602 4793 1696 4834 seu
1742 4776 1801 4833 S.
1843 4777 2105 4845 Amandi,

527 4848 703 4904 factus
732 4847 1015 4918 cpiscopus
1055 4850 1412 4905 Tornacensis
1442 4859 1497 4905 et
1532 4848 1936 4914 Noviomensis,
1970 4849 2109 4919 regi-

527 4935 649 4973 men
673 4935 886 4991 quoque
909 4920 1114 4988 praefati
1139 4921 1453 4977 monasterii
1475 4921 1640 4991 (quod
1666 4930 1779 4976 tum
1792 4934 1919 4973 vere
1941 4919 2107 4991 abba-

529 4990 669 5044 tibus
715 4990 783 5062 ail
826 4992 1192 5062 episcopatum
1235 4990 1527 5060 assumptis
1569 4993 1622 5062 in
1668 5007 1817 5062 more
1861 4990 2101 5062 positum

523 5062 663 5131 erat)
688 5060 974 5116 retinuisse
994 5060 1223 5125 videtur,
1262 5070 1317 5116 ut
1342 5070 1497 5115 notat
1537 5061 1872 5116 Mabillonius
1906 5068 2035 5114 tom.
2060 5060 2102 5116 ll

525 5130 720 5186 Annal.
756 5132 954 5186 Bened.
993 5134 1116 5187 libr.
1164 5148 1287 5195 xxv,
1328 5149 1476 5186 num.
1518 5133 1605 5186 51.
1632 5131 1775 5187 Obiit
1808 5148 1949 5186 anno
1975 5130 2101 5195 782,

526 5217 558 5255 x
582 5201 697 5255 lial.
722 5200 865 5272 Junii
895 5204 1135 5272 sepultus
1164 5204 1217 5257 in
1244 5203 1470 5257 ecclesia
1490 5202 1545 5255 S.
1568 5203 1709 5257 Petri
1741 5202 1804 5256 ad
1826 5202 2103 5272 dexteram

523 5271 843 5396 presbyterii
892 5271 1118 5340 partem.
1165 5274 1434 5335 Bocousr.
1484 5272 1682 5342 Script.
1735 5273 1861 5328 Rer.
1902 5271 2099 5327 Franc.

527 5350 660 5395 tom.
743 5382 756 5396 .
788 5356 909 5396 nag.
936 5341 1061 5396 410.

527 5350 660 5395 tom.
696 5350 756 5405 V,
788 5356 909 5411 pag.
936 5350 1061 5397 410.

593 5410 620 5450 ἀ
653 5410 919 5482 Ργιιιιξειιιίιε
954 5414 1121 5468 abbas
1158 5413 1215 5467 S.
1256 5413 1495 5482 Dionysii
1523 5428 1687 5482 prope
1708 5413 1947 5469 Parisios
1968 5414 2102 5469 obiit

523 5497 667 5536 anno
690 5480 812 5537 784.
844 5482 971 5553 Ejus
1006 5499 1201 5553 corpus
1234 5480 1498 5552 sepultum
1524 5480 1694 5537 est—in
1723 5486 1948 5540 ecclesia
1976 5485 2094 5540 Dio-

523 5551 1022 5623 nysianaadeinde
1074 5551 1395 5608 translatum
1446 5554 1498 5606 in
1548 5553 1741 5608 cellam
1791 5554 2100 5611 Lebraben~

525 5622 660 5685 sem,
682 5622 977 5746 ffoLiévre.
1007 5625 1277 5688 Bouousr.
1316 5623 1513 5695 Script.
1545 5623 1671 5678 Rer.
1703 5624 1840 5679 Gall.
1873 5634 2005 5681 tom.
2030 5627 2099 5692 V,

525 5709 647 5746 nan.
792 5733 805 5745 .

524 5709 647 5765 pag.
669 5709 805 5765 μυ.

598 5761 623 5805 δ
659 5761 969 5834 Pastorque.
996 5765 1339 5824 Mabillonlus
1360 5771 1493 5819 tom.
1516 5764 1560 5820 ll
1584 5764 1804 5838 Annal.,
1828 5768 1948 5825 libr.
1968 5783 2098 5840 xxv,
2128 5820 2129 5823 η

1341 319 1401 374 Β.
1442 318 1504 373 F.
1547 315 1772 373 ALBINI
1810 313 1939 370 SEU
1981 309 2257 369 ALCUINI
2293 307 2578 367 OPERUM
2616 304 2797 363 PARS
2836 303 2924 361 VI.

2114 436 2171 495 Α
2196 427 2291 484 Vir
2312 428 2511 497 pietate
2531 434 2724 495 potens
2744 464 2759 491 ,
2784 420 3143 493 humilisque,
3168 418 3467 492 modestus,
3489 422 3775 493 honestus,

3665 304 3785 363 800

2263 520 2499 574 Devotus
2528 518 2756 572 nimium
2787 524 2989 586 pastor,
3017 515 3224 571 honore
3245 514 3362 572 Dei.

2193 608 2292 665 Hic
2319 608 2440 678 pius
2468 607 2751 662 ecclesiam
2780 607 2951 663 sancti
2980 606 3286 662 construxit
3302 606 3559 676 Amandi,

2262 696 2573 768 Cunctaque
2595 696 2707 767 jam
2738 713 3005 753 renovans
3029 698 3269 755 claustra
3292 699 3633 757 monasterii.

2851 811 3121 868 CCLXVI.

2515 928 2542 968 τι
2574 928 2916 1000 Epitaphium
2944 926 3211 984 Fuldradi
3239 930 3465 987 abbatis.

2195 1019 2486 1093 Presbyter
2508 1022 2755 1093 egregius
2775 1020 2949 1087 valde,
2980 1030 3037 1076 et
3057 1022 3384 1079 venerabilis
3408 1024 3570 1093 abba,

2269 1112 2534 1170 Strenuus
2555 1122 2702 1179 actu,
2724 1129 2906 1183 opere,
2938 1121 3185 1183 pectore,
3215 1122 3396 1171 mente
3423 1117 3567 1185 pius.

2198 1208 2437 1280 Corpore
2465 1210 2729 1265 Fulradus
2754 1209 2962 1265 tumulo
2990 1209 3283 1279 requiescit
3308 1210 3363 1264 in
3393 1210 3522 1276 isto,

2270 1301 2441 1358 Notus
2471 1304 2524 1358 in
2552 1303 2683 1358 orbe
2710 1302 2921 1372 procul,
2949 1310 3136 1357 noster
3156 1302 3211 1356 in
3241 1304 3375 1358 orbe
3394 1301 3578 1358 Pater.

2198 1395 2436 1466 lnclytus
2460 1396 2561 1449 iste
2585 1410 2754 1450 sacra:
2783 1393 2960 1449 fuerat
2981 1402 3277 1464 pastorquc
3299 1405 3324 1433 θ
3349 1393 3588 1463 capellae,

2272 1489 2371 1545 Hic
2393 1490 2556 1544 decus
2578 1488 2853 1553 Ecclesiae,
2880 1495 3161 1558 promptus
3188 1488 3245 1542 in
3271 1502 3432 1542 omne
3458 1488 3684 1542 bonum.

2201 1581 2365 1653 236
2397 1581 2521 1636 Haec
2545 1581 2736 1635 domus
2763 1580 2906 1634 alma
2937 1579 3032 1634 Dei
3060 1590 3257 1651 magno
3283 1587 3370 1635 est
3399 1587 3658 1705 renovata
3686 1576 3782 1634 de-

3633 1663 3780 1705 core.

3608 1664 3698 1705 Ico

2286 1741 2349 1799 Jt
2374 1741 2577 1807 cernis,
2594 1740 2784 1804 lector,
2815 1747 3058 1810 tempore
3082 1739 3280 1809 quippe
3306 1754 3425 1796 suo.
3616 1712 3632 1721 γ’
3700 1664 3780 1717 κ’

2127 1818 2179 1883 Β
2202 1835 2306 1893 Iste
2334 1837 2451 1905 pios
2480 1836 2670 1901 Patres
2697 1851 2891 1907 magno
2920 1836 3107 1890 dilexit
3131 1850 3339 1903 amore,

2274 1928 2549 1998 Reliquias
2571 1942 2801 1998 quorum
2833 1928 2949 1982 haec
2976 1927 3165 1982 domus
3191 1927 3332 1982 alma
3359 1934 3533 1985 tenet.

2203 2018 2483 2075 Credimus
2513 2017 2717 2072 idcirco
2743 2016 2881 2071 caelo
2909 2017 3147 2072 societur
3168 2025 3229 2071 ut
3254 2018 3384 2082 illis,

2271 2109 2327 2164 In
2354 2109 2515 2165 terris
2538 2109 2794 2179 quoniam
2818 2124 3030 2178 semper
3052 2110 3255 2167 amavit
3279 2125 3392 2169 eos.

2837 2219 3128 2276 CCLXVII.

2529 2308 2869 2381 Epitaphium
2903 2311 3192 2381 Maginarii
3219 2312 3444 2368 abbatis.

2200 2402 2297 2460 llic
2323 2404 2395 2460 sit
2420 2404 2519 2459 sub
2548 2405 2770 2474 pedibus
2798 2404 2917 2470 tibi,
2944 2403 3235 2476 Maginare,
3264 2406 3511 2477 magistri
3538 2406 3560 2447 ί

2270 2496 2388 2553 Jam
2416 2514 2570 2554 sacra
2593 2500 2883 2555 mundanis
2910 2501 3249 2570 temporibus
3274 2502 3513 2573 requies.

2199 2588 2276 2663 Te
2299 2590 2421 2659 pius
2442 2590 2530 2644 ille
2554 2589 2717 2644 Pater
2742 2590 2945 2646 teneris
2973 2590 3204 2646 nutrivit
3233 2592 3302 2647 ab
3326 2593 3508 2660 annis,

2270 2682 2351 2736 Tu
2376 2697 2591 2752 quoque
2617 2697 2900 2737 successor
2926 2682 3044 2752 ejus
3070 2683 3295 2737 honoris
3320 2697 3469 2739 eras.

2200 2769 2335 2838 Hoc,
2361 2773 2494 2827 heu!
2529 2787 2627 2841 per
2658 2787 2885 2842 parvum
2917 2771 3107 2826 rexisti
3135 2779 3350 2842 tempus
3375 2772 3538 2837 ovile,

2269 2862 2518 2917 Floribus
2547 2864 2601 2916 in
2634 2863 2823 2918 mediis
2846 2878 2994 2918 mors
3023 2862 3163 2917 mala
3187 2870 3240 2918 te
3258 2863 3479 2918 tulerat.

2200 2950 2307 3007 Sed
2337 2967 2496 3022 quem
2527 2950 2779 3008 Christus
2807 2960 2971 3018 amat,
3001 2952 3076 3007 illi
3101 2968 3248 3008 mors
3273 2952 3417 3008 nulla
3446 2953 3689 3021 nocebit;

2271 3043 2403 3100 Post
2430 3053 2662 3099 mortem
2688 3044 2883 3100 melius
2906 3044 3039 3099 vivit
3068 3046 3122 3099 in
3147 3059 3273 3101 arce
3296 3045 3429 3114 poli.

2204 3134 2444 3191 Moribus
2467 3135 2520 3189 in
2551 3134 2663 3189 suis
2689 3137 2714 3176 ε
2740 3144 3067 3205 quapropter
3098 3135 3264 3191 vivite
3290 3133 3528 3202 Christo,

2276 3225 2379 3293 Qui
2415 3226 2593 3296 legere
2620 3227 2649 3267 δ
2681 3226 2845 3281 vultis
2874 3225 3115 3281 carmina
3142 3234 3350 3289 nostra,
3376 3241 3591 3297 precor.

2205 3321 2445 3379 Obsecro
2469 3335 2662 3390 meque
2683 3320 2788 3389 piis
2815 3321 3067 3391 precibus
3087 3321 3451 3377 commendite
3469 3320 3710 3389 Christo,

2277 3412 2349 3470 Ut
2372 3426 2586 3467 merear
2610 3411 2756 3468 cives
2774 3408 2937 3483 [Loco
2968 3410 3126 3483 civis]
3157 3411 3309 3467 urbis
3332 3410 3524 3467 adesse
3546 3411 3665 3468 Dei.

2822 3582 2823 3587 η
2842 3516 3157 3574 CCLXVIII.

2283 3614 2300 3654 ι
2334 3611 2674 3682 Epitaphium
2695 3608 2855 3665 Pauli
2877 3607 3121 3663 monachi
3141 3606 3203 3663 S.
3227 3607 3450 3664 Martini
3473 3607 3719 3665 Turonis.

2206 3704 2289 3759 Tu
2312 3705 2621 3774 quicunque
2643 3702 2796 3772 cupis
2820 3700 3037 3771 requies
3066 3714 3396 3771 cognoscere
3433 3699 3694 3767 fratrum,

2275 3794 2345 3849 Et
2374 3793 2515 3860 loca,
2548 3808 2654 3863 quo
2688 3792 2918 3862 quisque
2946 3799 3157 3861 spectat
3182 3792 3251 3846 ab
3277 3806 3405 3846 arce
3428 3791 3598 3845 Deum
3624 3809 3638 3845 :

2206 3883 2432 3942 Nomina
2458 3899 2619 3940 curre
2652 3883 2836 3954 legens
2862 3882 3178 3954 lacrymosis
3199 3883 3398 3952 scripta
3419 3882 3689 3947 camenis,

2276 3974 2644 4043 Perlectisque
2671 3971 2831 4028 simul
2850 3970 3013 4027 funde
3039 3986 3230 4042 preces
3255 3972 3504 4027 Domino.

2208 4065 2281 4122 Ut
2307 4066 2429 4136 pius
2458 4065 2799 4133 omnipotens
2827 4063 3038 4118 animas
3062 4062 3312 4118 defendat
3340 4064 3409 4118 ab
3436 4063 3615 4131 hoste,

2276 4156 2511 4211 Felicem
2539 4155 2785 4209 tribuens
2812 4154 2966 4225 pacis
2991 4154 3046 4208 in
3070 4168 3194 4209 arce
3215 4152 3377 4210 diem.

2207 4248 2275 4303 Et
2304 4262 2426 4303 cum
2458 4247 2743 4317 pervenies
2781 4244 2849 4299 ad
2879 4244 2996 4299 haec
3025 4259 3145 4298 mea
3174 4244 3435 4309 carmina,
3480 4260 3686 4316 quaeso,

2264 4340 2376 4407 Dic
2397 4337 2624 4409 supplex
2652 4356 2663 4391 :
2693 4335 2861 4392 Paulo
2875 4334 2990 4405 jam
3018 4335 3277 4391 miserere
3302 4334 3473 4391 Deus!

2208 4432 2277 4487 Et
2297 4430 2544 4495 Martine,
2575 4429 2739 4484 decus
2759 4427 2964 4491 mundi,
2991 4426 3154 4482 Pater
3172 4426 3375 4497 optime
3394 4436 3605 4494 noster,

2129 4531 2188 4595 υ
2278 4524 2555 4582 Auxiliare
2581 4522 2707 4593 piis,
2733 4530 2786 4577 te
2808 4535 3028 4591 precor,
3054 4527 3110 4576 et
3132 4520 3403 4592 precibus.

2127 3179 2175 3244 C

2211 4658 2361 4700 num.
2390 4640 2461 4696 45
2484 4682 2499 4705 ,
2525 4639 2656 4710 legit
2676 4646 2985 4710 fastosque,
3016 4644 3073 4710 et
3109 4634 3333 4710 melius;
3361 4649 3494 4710 nam
3517 4633 3796 4710 Fulgdus

2209 4714 2311 4771 fuit
2341 4704 2651 4782 capellanus
2675 4704 2886 4779 Pippini
2914 4708 3059 4782 regis
3092 4713 3146 4760 et
3189 4705 3421 4761 ﬁliorum
3449 4704 3591 4775 ejus.
3626 4705 3794 4761 Plura

2210 4778 2493 4864 decor-lem
2523 4782 2640 4864 lege
2646 4778 2799 4864 3pm
2825 4778 3094 4864 eumdem;

2287 4854 2308 4893 ί
2343 4846 2608 4923 Magistri.
2646 4846 2963 4923 Sensus_es_t
2994 4846 3142 4923 :_Ilic
3169 4846 3303 4913 tibi,
3328 4846 3645 4923 Maginare,
3687 4847 3796 4923 sub

2208 4917 2544 4996 pedibus'tui
2574 4920 2820 4996 magistri
2846 4917 3162 4996 Eulradisit
3188 4917 3796 4996 requies.’_hlaginarins

2207 4989 2464 5072 nimirum
2488 4989 2703 5048 Fulradi
2732 4991 2851 5072 fuit"
2861 4989 3179 5072 discipulus,
3208 4998 3393 5072 postea
3414 4989 3591 5072 eidem
3620 4990 3670 5043 in
3706 5004 3797 5072 re:

2206 5067 2407 5136 gimine
2456 5062 2771 5119 monasterii
2819 5059 3325 5129 Sanct-Dionysiani
3380 5059 3699 5136 suffectus;
3737 5067 3799 5136 et

2205 5130 2327 5208 post
2364 5138 2774 5208 brevetempus
2810 5141 2934 5208 octo
2975 5145 3240 5208 annorum
3272 5145 3413 5208 anno
3452 5131 3558 5186 793
3592 5146 3623 5185 e
3646 5130 3797 5184 vivis

2206 5200 2448 5262 sublatus
2470 5205 2569 5260 sub
2591 5200 2814 5273 pedibus
2840 5201 2923 5256 sui
2953 5200 3464 5273 magistrirequiem
3489 5217 3586 5273 seu
3610 5212 3798 5254 tumu—

2206 5278 2316 5332 lum
2346 5278 2571 5346 adeptus
2592 5270 2699 5346 est.
2735 5273 2972 5346 Manna"
3016 5270 3148 5325 tum.
3194 5270 3236 5325 ll
3282 5270 3477 5328 Annal.
3505 5271 3629 5327 libr.
3653 5285 3773 5325 xxv

2206 5364 2359 5403 num.
2389 5343 2479 5412 i5,
2506 5361 2627 5416 pag.
2652 5343 2779 5400 270.

2279 5422 2305 5461 ⁸
2335 5418 2491 5490 Leg.,
2515 5418 2571 5490 ia
2599 5416 2815 5490 sanctis.

2278 5491 2305 5530 ιι
2333 5488 2436 5544 Ms.
2464 5488 2611 5551 add.,
2637 5488 2768 5540 ha'c.

2282 5564 2296 5602 ι
2338 5560 2537 5614 Mabill.
2576 5557 2770 5611 Annal.
2803 5556 2924 5612 libr.
2956 5572 3107 5628 xxvi,
3131 5572 3256 5628 pag.
3282 5551 3800 5628 32LAEpitaphinm

2205 5634 2306 5687 hoc
2342 5631 2497 5686 valde
2525 5629 2839 5684 scabrosum
2885 5626 3149 5698 appellat.w
3164 5626 3240 5682 De
3268 5628 3369 5681 hoc
3399 5626 3565 5680 Paulo
3594 5638 3802 5698 mons-

2204 5704 2307 5760 cbo
2331 5711 2530 5773 prmter
2558 5715 2645 5770 ea,
2676 5715 2799 5771 qua:
2824 5696 3256 5766 ltic’narrantur,
3280 5698 3413 5755 nihil
3439 5696 3703 5754 innotuit.
