4062 6346
2924 260 2996 273 ν-

264 323 367 383 801
1303 320 1636 379 CARMINA.
1672 347 1745 362 --
1782 315 2290 376 EPIGRAMMATA
2317 358 2332 384 ,
2369 315 2524 374 ETC.
3430 317 3544 378 303

261 432 432 507 Cujus
452 447 605 490 eram
627 431 785 490 vivus
815 432 1033 504 semper
1056 432 1281 490 devotus
1302 448 1510 499 amore,

330 531 499 603 Inque
523 529 636 586 Deo
661 528 879 585 Christo
907 544 1032 599 spes
1068 528 1200 583 mihi
1230 544 1382 583 sacra
1410 526 1530 582 fuit.

261 625 460 684 Paulus
490 639 641 680 eram
671 623 849 679 dictus
878 622 1094 677 Martini
1122 620 1355 675 famulus
1382 633 1408 661 ι
1441 619 1591 685 almi,

334 715 658 773 Transcursi
685 714 956 769 modicum
981 722 1192 784 tempus
1222 714 1277 768 in
1303 713 1436 768 orbe
1465 726 1668 767 meum.

262 807 346 864 lle
373 807 610 877 primum
638 805 764 860 felix
788 805 1097 877 Burgundia
1119 804 1312 860 matris
1341 805 1398 859 in
1428 802 1549 859 alvo

333 899 558 955 Viderat
584 896 834 964 effusum,
866 905 920 951 et
948 896 1164 953 fletibus
1191 897 1477 969 irriguum.

260 990 383 1048 on
410 989 675 1046 Martinus
701 1004 857 1045 amor
883 989 1065 1060 rapuit
1091 1004 1180 1045 me
1206 989 1440 1060 inclytus
1468 994 1658 1043 auctor

331 1084 464 1141 Post
487 1093 706 1141 teneros
732 1099 903 1139 annos
928 1084 985 1139 in
1016 1083 1282 1139 famulum
1312 1083 1547 1139 sibimet.

258 1173 473 1246 Perque
499 1191 628 1232 suos
648 1190 834 1231 servos
857 1175 1211 1240 venerandos,
1240 1182 1402 1244 atque
1429 1172 1741 1244 magistros,

334 1266 633 1338 Scripturis
657 1274 860 1324 memet
886 1267 1082 1322 imbuit
1102 1275 1265 1337 atque
1290 1266 1480 1321 sacris.

258 1357 530 1431 Septenas
554 1359 669 1415 vixi
700 1358 935 1415 decadas
959 1374 1131 1415 novus
1154 1359 1352 1428 hospes
1382 1359 1436 1414 in
1460 1358 1614 1421 orbe,

334 1448 600 1504 Fraterno
619 1447 843 1517 junctus
870 1464 1085 1519 semper
1114 1464 1299 1504 amore
1324 1448 1423 1503 fui.

253 1536 598 1610 Languidus,
625 1546 863 1609 aegrotus
889 1538 1164 1594 solvebam
1192 1538 1373 1594 debita
1399 1538 1588 1601 donec,

337 1627 519 1699 Atque
547 1637 696 1684 artus
721 1629 903 1684 anima
926 1629 1159 1699 liquerat
1184 1628 1300 1699 ipsa
1325 1644 1472 1684 suos.

250 1716 542 1774 Fraternis
572 1718 779 1774 fueram
807 1720 1058 1775 manibus
1080 1735 1207 1774 mox
1231 1720 1489 1775 conditus
1513 1719 1637 1786 ista,

336 1808 439 1865 llic
464 1809 600 1865 mihi
625 1818 886 1879 perpetua
907 1818 993 1864 est
1016 1810 1209 1866 domus
1231 1818 1288 1866 et
1312 1810 1559 1880 requies;

250 1902 622 1975 Omnipotens
648 1905 859 1959 animas
879 1902 1071 1973 iubeat
1097 1919 1344 1960 remeare
1364 1918 1645 1975 quousque

326 1996 417 2051 Ad
440 1996 655 2051 cineres
680 1996 897 2062 iterum,
928 2005 1059 2051 tunc
1083 2011 1177 2051 ero
1203 1996 1402 2051 Paulus
1429 2011 1551 2067 ego.

1874 436 1927 496 Α
1957 432 2172 490 Solator
2196 435 2431 499 miseris,
2463 443 2520 491 et
2545 433 2700 506 inops
2725 433 2848 500 sibi,
2871 432 3024 492 dives
3050 434 3276 508 egenis:

1952 526 2055 594 Qui
2083 535 2372 599 postquam
2396 530 2538 593 vitae,
2566 529 2777 584 meritis
2801 527 3096 598 perfectus,
3123 530 3179 584 in
3210 529 3371 589 annis

1951 619 2044 676 Bis
2080 628 2275 676 octena
2312 620 2459 676 scius
2488 621 2778 691 complevit
2806 619 2980 677 lustra
3009 623 3286 689 sacerdos,

1952 711 2061 767 Ter
2084 719 2280 783 quater
2300 719 2356 768 et
2378 727 2616 780 menses,
2641 714 2845 768 mensis
2868 711 3200 784 iamiamque
3222 714 3543 775 Novembris

1950 801 2133 858 Idibus
2153 803 2366 859 octonis
2391 803 2515 859 coeli
2547 804 2803 875 migravit
2824 805 2892 859 ad
2922 805 3120 872 aulam,

1953 894 2195 953 Canibus
2217 897 2475 969 angelicis
2492 896 2734 966 iunctus,
2759 897 3072 954 cmlestibus
3098 900 3315 971 hymnis

1952 985 2277 1043 Collaudans
2306 987 2609 1054 Christum,
2640 1004 2857 1058 semper
2894 990 3012 1044 sine
3040 989 3151 1045 fine
3185 992 3396 1048 beatus.

1954 1078 2056 1147 Qui
2078 1080 2288 1135 meritis
2316 1096 2545 1153 magnus
2566 1082 2851 1138 crescebat
2874 1083 3316 1156 honorificusque

1949 1168 2061 1227 Iste
2087 1180 2207 1227 erat
2232 1172 2467 1227 eximius
2488 1173 2697 1238 doctor,
2722 1173 3031 1244 praesulque
3050 1176 3330 1245 preclarus

2026 1262 2421 1335 Splendesoens
2445 1272 2635 1320 nostro
2658 1263 2848 1320 lucifer
2873 1279 2970 1320 ore
2991 1281 3185 1321 novus.

1953 1355 2024 1411 Et
2051 1370 2188 1426 quos
2222 1371 2365 1411 caeca
2395 1357 2547 1426 prius
2579 1356 2805 1427 populos
2831 1356 3005 1428 caligo
3040 1356 3280 1423 tenebat,

2024 1446 2257 1502 lrradiat
2280 1447 2479 1502 summi
2506 1447 2625 1502 luce
2652 1448 2763 1517 poli
2792 1462 3008 1519 supera.

1955 1535 2052 1590 Vir
2071 1534 2175 1589 fuit
2196 1535 2301 1591 iste
2330 1534 2427 1591 Dei
2451 1537 2684 1606 patiens,
2712 1538 3045 1604 moderatus,
3072 1538 3354 1607 honestus,

2032 1624 2270 1681 Moribus
2300 1628 2573 1697 egregius,
2594 1628 2765 1695 mitis,
2791 1635 2848 1684 et
2870 1643 2966 1685 ore
2990 1629 3133 1700 pius.
3298 1688 3301 1691 .

1953 1714 2195 1771 Plurima
2223 1718 2315 1787 qui
2342 1725 2631 1788 postquam
2663 1718 2907 1789 perfecto
2938 1722 3077 1777 dona
3111 1722 3297 1779 labore

1881 1803 1933 1865 Β
2030 1810 2383 1876 Commeruit,
2417 1810 2637 1866 Christo
2670 1811 3007 1881 perficiente,
3035 1813 3162 1879 sibi,

1958 1900 2082 1957 Mox
2103 1902 2332 1969 meritis,
2355 1903 2533 1968 annis,
2561 1909 2673 1958 tota
2694 1910 2751 1957 et
2780 1903 2983 1973 pietate
3018 1904 3275 1974 repletus,

2028 1994 2340 2066 Tranquilla
2374 1995 2601 2051 multum
2637 1997 2691 2051 in
2726 2011 2862 2066 pace
2898 1997 3105 2068 quievit
3137 2012 3327 2056 ovans.

245 2084 412 2142 Nunc
440 2083 641 2141 fratres
673 2087 911 2141 animam
937 2087 1191 2156 precibus
1223 2086 1585 2142 commendite
1612 2084 1856 2155 Christo,
1957 2086 2196 2159 Spiritus
2228 2090 2511 2145 aetheriam
2544 2090 2699 2146 luatus
2727 2090 2979 2162 migravit
3009 2090 3078 2147 ad
3102 2091 3307 2159 aulam,

326 2178 551 2249 Vosque
576 2177 753 2234 valete
778 2178 885 2234 mei
915 2194 1132 2250 semper
1159 2180 1363 2257 ubiqw
1385 2180 1517 2237 Deo.

918 2271 1192 2329 CCLXIX.

716 2363 1062 2435 Epitaphium
1092 2366 1395 2435 cujusdam.

247 2451 376 2513 Hoc
401 2468 534 2526 rogo
555 2453 854 2526 pauxillum
877 2455 1101 2510 veniens
1125 2456 1379 2522 subsiste,
1408 2455 1584 2512 viator

326 2546 400 2604 Et
428 2563 550 2603 mea
578 2555 825 2603 scrutare
860 2555 1081 2618 pectore
1102 2549 1248 2605 dicta
1274 2558 1385 2605 tuo.

250 2639 331 2699 Ut
361 2647 457 2696 tua
481 2640 656 2712 deque
686 2641 825 2696 meis
855 2655 1153 2711 cognoscas
1183 2641 1293 2697 fata
1322 2642 1541 2713 figuris;

328 2729 578 2789 Vertitur
602 2733 665 2788 o!
692 2734 905 2803 species
931 2741 994 2788 ut
1020 2748 1141 2789 mea
1168 2733 1353 2805 sicque
1382 2742 1494 2789 tua.

251 2823 418 2880 Nunc
443 2824 588 2894 quod
612 2840 692 2891 es,
720 2824 953 2891 fueram,
982 2823 1224 2879 famosus
1252 2825 1307 2878 in
1338 2826 1470 2880 orbe
1496 2825 1695 2892 viator,

330 2915 403 2989 Et
432 2916 574 2985 quod
605 2931 749 2972 nunc
775 2931 875 2988 ego
901 2932 1044 2982 sum,
1072 2924 1238 2985 tuque
1262 2915 1480 2971 futurus
1508 2917 1638 2973 eris.

254 3007 497 3064 Delicias
516 3006 702 3064 mundi
730 3023 887 3064 casso
908 3009 1180 3079 sequebar
1205 3022 1412 3073 amore,

328 3097 487 3154 Nunc
513 3099 652 3155 cinis
677 3109 732 3155 et
758 3100 957 3171 pulvis,
996 3100 1270 3156 vermibus
1297 3107 1460 3169 atque
1487 3099 1661 3157 cibus.

252 3190 601 3263 Quapropter
619 3192 803 3262 potius
830 3192 1064 3247 animam
1094 3206 1288 3247 curare
1311 3200 1583 3248 memento

324 3282 503 3351 Quam
530 3299 773 3350 carnem,
804 3283 1062 3355 quoniam
1087 3283 1205 3338 lucc
1229 3292 1432 3350 manet,
1461 3283 1553 3339 illa
1587 3284 1749 3355 perit.

249 3373 369 3431 Cur
390 3374 488 3431 tibi
507 3390 638 3429 rura
665 3389 848 3445 paras,
884 3389 1047 3445 quem
1083 3389 1255 3445 parvo
1284 3376 1464 3431 cernis
1492 3375 1550 3430 in
1586 3381 1745 3431 antro

327 3464 415 3520 Me
437 3466 696 3536 sopitum,
727 3465 947 3535 requies
974 3466 1055 3521 sic
1084 3473 1177 3521 tua
1214 3481 1382 3536 parva
1420 3465 1531 3522 fiet.

248 3558 369 3615 Cur
394 3558 559 3630 Tyrio
585 3575 784 3630 corpus
820 3558 958 3614 linas
986 3559 1016 3599 δ
1040 3559 1293 3615 vestirier
1319 3566 1488 3625 ostro,

325 3650 486 3718 Quod
518 3665 646 3706 mox
670 3651 919 3707 esuriens
942 3650 1166 3721 pulvere
1193 3650 1395 3706 vermis
1427 3650 1553 3707 alet.

246 3743 472 3813 Aspice,
498 3744 592 3815 qui
620 3744 895 3815 quondam
922 3744 1151 3815 gemmis
1189 3742 1429 3815 fulgebat
1455 3753 1513 3800 et
1550 3760 1707 3811 auro,

322 3834 430 3890 Hic
445 3833 591 3903 iacet
621 3836 676 3890 in
702 3834 909 3891 tumulo
932 3842 1176 3891 stercore
1202 3835 1496 3891 sordidior.

249 3926 330 3985 Ut
353 3926 518 3984 flores
543 3937 792 3998 pereunt,
816 3935 981 3984 vento
1011 3928 1263 3983 veniente
1288 3927 1512 3991 minaci,

324 4018 421 4075 Sic
453 4027 547 4074 tua
575 4034 811 4090 namque
833 4033 963 4075 caro
986 4018 1157 4091 gloria
1186 4025 1297 4074 tota
1328 4017 1435 4073 fuit
1462 4028 1509 4072 ο.

247 4110 336 4167 Tu
363 4112 497 4167 mihi
519 4112 683 4168 redde
706 4113 882 4167 vicem
911 4111 1100 4176 lector,
1130 4126 1284 4183 rogo,
1310 4112 1570 4167 carminis
1596 4110 1776 4193 huius,

323 4204 397 4261 Et
421 4204 510 4261 dic
536 4223 549 4259 :
581 4206 648 4261 da
674 4205 910 4272 veniam,
944 4204 1190 4260 Christe!
1226 4214 1317 4260 tuo
1346 4206 1569 4262 misero.

933 4319 1185 4376 CCLXX.

489 4408 517 4449 (ι
550 4409 625 4464 De
649 4410 828 4482 magni
855 4409 1121 4481 quondam
1151 4410 1325 4465 meriti
1352 4410 1594 4482 episcopo

244 4498 465 4556 Nobilis
494 4499 597 4556 iste
620 4498 722 4555 fuit
748 4514 945 4571 magna
970 4500 1036 4555 de
1064 4508 1222 4571 gente
1246 4501 1521 4565 sacerdos,

324 4592 440 4648 Sed
467 4592 677 4664 magnis
705 4592 876 4647 multo
904 4591 1139 4647 nobilior
1166 4592 1397 4649 meritis.

246 4685 353 4745 Vir
379 4683 484 4738 fuit
508 4684 565 4739 in
588 4684 786 4755 populo
810 4683 987 4739 dictus
1012 4684 1426 4753 cognominem.
1457 4695 1481 4723 θ

244 4777 501 4833 Moribus
529 4779 842 4848 egregius...
872 4776 892 4815 ί
919 4776 1266 4847 peramahilis
1298 4779 1465 4833 omni.

246 4871 356 4927 Vir
385 4870 489 4925 fuit
516 4872 619 4927 iste
639 4872 735 4926 Dei
758 4871 989 4942 patiens,
1021 4872 1354 4938 moderatus,
1386 4873 1669 4939 honestus,

243 4961 503 5017 Moribus
528 4963 776 5035 egregius
801 4970 857 5018 et
876 4962 931 5017 in
951 4962 1100 5016 omni
1131 4969 1386 5018 strenuus
1407 4972 1559 5031 actu;

242 5052 439 5112 Corde
466 5054 605 5124 pius,
637 5054 877 5119 humilis,
908 5055 1075 5118 mitis,
1106 5052 1419 5125 rigidusque
1442 5056 1697 5125 superbo,

323 5178 355 5238 ξ
386 5167 562 5238 Edit.,
587 5167 884 5238 frimbibus.

322 5235 359 5279 δ
395 5235 595 5305 Forte,
625 5241 792 5293 sinas.

319 5319 350 5381 εξ
383 5308 574 5381 Forte,
609 5309 763 5381 fugit.

321 5378 687 5452 {Compara
719 5381 824 5435 hoc
867 5393 1269 5452 carmenucum
1312 5394 1466 5452 capp.
1513 5380 1585 5435 24
1614 5420 1629 5446 ,
1684 5379 1756 5435 55
1806 5388 1865 5437 et

235 5450 319 5507 34
348 5449 498 5506 Vita:
534 5449 776 5507 metricae
809 5452 983 5507 sancti
1012 5449 1351 5505 Willibrordi
1378 5449 1561 5520 supra
1595 5452 1702 5507 col.
1752 5452 1858 5507 720

235 5531 301 5580 et
323 5521 467 5587 722,
490 5537 556 5577 ex
585 5524 782 5592 quibus
809 5524 977 5578 hocce
1013 5522 1447 5577 consarcinatum
1472 5531 1575 5577 est.

324 5605 355 5664 ξ
393 5592 521 5664 his,
544 5595 849 5664 cognomine
872 5592 1161 5648 Wilbrord.

319 5661 348 5707 ί
383 5663 519 5735 his,
549 5661 786 5735 egregius
812 5664 1024 5735 populo.

320 5737 359 5780 ⁸
406 5734 589 5801 Edit.,
613 5734 770 5790 ludus
802 5745 1073 5790 remetum.

315 5806 356 5851 ι
409 5803 638 5875 latum,
669 5814 975 5877 peccatum.

2021 2178 2231 2235 Gaudia
2255 2195 2380 2235 cum
2407 2182 2612 2237 sanctis
2630 2181 2743 2251 jam
2770 2183 2886 2237 sine
2909 2182 3016 2238 fine
3042 2190 3261 2238 tenens.

1954 2284 2703 2366 EPIGRAMMATA
2762 2290 2893 2366 ET
2950 2287 3539 2370 lENIGMATA.

2518 2402 2680 2473 237
2704 2400 2976 2458 CCLXXI.

2376 2491 2532 2547 Vates
2561 2495 2730 2548 vivens
2756 2503 2872 2564 post
2900 2505 3142 2549 mortem.

1955 2584 2148 2641 Vivere
2174 2591 2297 2655 post
2323 2594 2554 2639 mortem
2578 2592 2732 2639 vates
2753 2585 2836 2639 vis
2864 2600 3028 2641 nosse
3050 2585 3265 2640 viator?

2025 2673 2182 2743 Quod
2209 2675 2346 2747 legis
2371 2690 2500 2731 ecce
2526 2675 2743 2745 loquor,
2769 2692 2875 2732 vox
2905 2686 2997 2732 tua
3025 2690 3219 2748 nempe
3246 2690 3370 2734 mea
3394 2682 3498 2735 est.

2607 2765 2907 2822 CCLXXII.

2408 2835 2670 2891 Balneum
2699 2854 2851 2908 aqua:
2881 2837 3091 2893 calidw.

1955 2926 2142 2985 Nudus
2166 2935 2286 2983 erat
2312 2928 2534 2998 hOSpes,
2555 2928 2768 2997 placeat
2794 2922 3089 2984 cui‘ludere
3116 2944 3332 2986 mecum
3354 2932 3408 2999 ⁸,

2026 3022 2204 3092 Atque
2234 3021 2416 3078 fovere
2444 3037 2564 3078 meo
2599 3037 2829 3092 corpora
2861 3021 3010 3078 fonte
3035 3038 3154 3078 sua.

1957 3110 2061 3181 Qui
2092 3113 2260 3183 piscis
2285 3114 2557 3183 quondam
2587 3113 2779 3184 gelidis
2807 3114 3087 3185 generavit
3111 3114 3167 3169 in
3190 3104 3375 3182 undis,

2024 3203 2181 3261 Nunc
2208 3205 2417 3261 calidus
2440 3205 2646 3261 homini
2674 3204 2813 3261 forte
2838 3206 3088 3261 minister
3108 3206 3235 3260 erit.

1952 3300 2110 3357 Nunc
2146 3300 2296 3371 ligno
2322 3300 2560 3366 vehitur,
2592 3300 2863 3370 quondam
2891 3299 2983 3370 qui
3010 3298 3155 3371 ligna
3187 3299 3443 3367 vehebat,

2021 3391 2083 3447 In
2113 3390 2283 3461 pratis
2311 3404 2560 3455 currens,
2591 3396 2699 3444 stat
2725 3390 2879 3460 piger
2906 3390 2961 3445 in
2986 3390 3256 3446 domibus.

1951 3484 2093 3541 Dum
2119 3484 2294 3539 nudus
2322 3483 2507 3538 veniat
2533 3482 2767 3537 calidam
2790 3482 2911 3552 pius
2943 3482 3139 3552 hospes
3168 3482 3222 3536 in
3253 3481 3459 3547 aulam,

2022 3574 2291 3629 Fontibus
2318 3584 2380 3627 ut
2407 3572 2556 3627 lavet
2590 3571 2683 3625 hic
2711 3586 2807 3626 sua
2836 3571 3081 3625 membra
3108 3570 3275 3636 meis;

1952 3666 2208 3731 Obsecro,
2234 3681 2302 3720 ne
2334 3664 2538 3729 videat,
2564 3663 2816 3733 proprios
2842 3670 3053 3717 avertat
3077 3662 3300 3728 ocellos,

2022 3762 2274 3818 Contexit
2301 3759 2460 3832 primi
2490 3759 2635 3829 quod
2665 3772 2758 3814 rea
2789 3758 2980 3813 dextra
3010 3756 3184 3828 patris

1952 3857 2068 3915 Hoc
2092 3866 2285 3913 natura
2313 3855 2494 3919 docet,
2516 3853 2619 3908 hoc
2644 3860 2700 3909 et
2729 3850 2998 3922 persuasit
3024 3850 3311 3913 honestas,

2012 3948 2221 4010 .Ut.tibi
2237 3947 2317 4008 sit
2342 3945 2510 4001 facies
2531 3958 2746 4013 semper
2770 3943 3000 3997 honesta
3028 3955 3187 4010 puer.

2586 4032 2907 4091 CCLXXI“.

2578 4128 2913 4199 xEnigmata.

1950 4237 2125 4286 Causa
2153 4228 2303 4284 necis
2328 4226 2561 4293 fueram,
2588 4233 2770 4280 tamen
2794 4230 2849 4277 et
2878 4220 2952 4276 nil
2979 4234 3260 4291 nuncupor
3280 4232 3403 4275 esse
3416 4218 3474 4284 δ,

1950 4323 2154 4378 Ordine
2179 4322 2409 4391 quisque
2439 4320 2582 4390 legat
2608 4327 2756 4374 recto
2785 4332 2894 4380 me,
2927 4315 3176 4371 comedet
3199 4322 3256 4370 et
3282 4328 3370 4368 me
3397 4314 3443 4377 ί,

1953 4415 2035 4469 Me
2059 4429 2221 4484 super
2246 4412 2336 4467 ille
2360 4411 2567 4481 equitet
2589 4409 2602 4460 i
2630 4450 2647 4476 ,
2680 4418 2991 4465 transverso
3019 4406 3112 4478 qui
3138 4406 3282 4478 legat
3307 4420 3424 4461 ore.

1874 4532 1932 4593 ι)
1955 4504 2066 4561 Sex
2092 4504 2224 4559 mihi
2249 4502 2504 4558 litterulae
2530 4507 2676 4593 sunt,
2700 4506 2756 4593 et
2778 4498 3039 4593 praeclara
3066 4504 3309 4566 potestas
3330 4494 3382 4563 ι,

1958 4594 2264 4665 Disrumpis
2289 4609 2489 4649 nomen
2512 4592 2690 4648 medio
2719 4590 2786 4645 de
2820 4589 3038 4645 tramite
3070 4596 3266 4652 totum,

1956 4690 2091 4745 Pars
2113 4668 2385 4759 coletﬁna
2407 4686 2576 4743 Deum
2596 4684 2639 4750 ι,
2667 4684 2942 4740 hominem
2966 4697 3095 4753 pars
3114 4681 3288 4737 altera
3312 4680 3550 4754 signatIII

1955 4783 2163 4839 Littera
2188 4782 2409 4837 tollatur
2434 4780 2599 4835 faciet
2626 4793 2752 4832 mox
2778 4784 2973 4847 quarta
2994 4790 3265 4830 venenum
3283 4781 3336 4829 ιι.

1959 4877 2057 4932 Est
2084 4877 2169 4931 vir
2195 4876 2311 4947 iam
2337 4882 2485 4930 totus
2513 4878 2711 4927 canuto
2736 4869 2940 4925 vertice
2968 4884 3132 4923 sanus
3155 4874 3203 4935 ο,

1959 4968 2201 5023 Materna
2232 4965 2456 5022 effectus
2480 4964 2655 5033 prima
2679 4967 2943 5032 pereunte
2966 4970 2993 5010 Ρ
3019 4959 3211 5031 figura.

1956 5060 2088 5117 Post
2114 5060 2348 5131 primam
2372 5058 2514 5112 bina:
2538 5062 2790 5125 pereunt,
2812 5054 2919 5110 erit
2942 5053 3164 5110 horrida
3191 5050 3371 5110 scrofa
3390 5061 3441 5107 1.

2037 5175 2055 5215 ί
2102 5169 2333 5235 Malum,
2361 5167 2593 5223 fructus.

2035 5242 2050 5295 i
2104 5240 2326 5305 Mulam,
2355 5238 2577 5295 animal.

2036 5314 2066 5354 ι
2110 5313 2313 5366 Virtus.

2041 5382 2060 5423 ι
2105 5383 2218 5437 Tus
2243 5397 2339 5438 seu
2368 5382 2537 5438 Thus.

2037 5467 2079 5495 ω
2117 5453 2234 5509 Vir.

2038 5536 2066 5564 ιι
2106 5525 2287 5580 Virus.

2042 5605 2066 5632 ο
2109 5596 2305 5652 Sanus.

2041 5678 2071 5718 ι)
2106 5668 2278 5723 Anus.

2041 5749 2071 5791 οι
2111 5737 2235 5795 Sus.
