4062 6346
1153 383 1472 446 GCLXXW.

1084 477 1341 548 Αςηίςηισ
1368 475 1534 528 aliud.

513 574 803 647 Presbyter
833 573 1042 644 integro
1067 572 1361 628 celebravit
1391 570 1607 626 nomine
1629 582 1656 609 α
1682 568 1925 626 missam.

514 669 721 726 Littera
752 669 994 733 tollatur,
1024 673 1246 737 priestat
1271 665 1519 720 convivia
1540 663 1762 720 Pascha:
1783 663 1834 714 ι).

513 765 691 834 Atque
716 763 962 818 minister
988 763 1122 826 erit,
1153 761 1369 814 tollatur
1393 758 1575 822 tertia,
1607 771 1808 814 mensae
1832 767 1877 808 ο.

515 857 826 925 Quartaque
854 855 1093 920 tollatur,
1125 854 1316 908 miscet
1342 851 1480 908 mala
1509 852 1674 906 verba
1707 848 1936 906 venenis
1952 848 2002 904 ἀ.

514 949 628 1007 Fur
653 951 786 1014 erit,
815 950 1047 1004 addatur
1073 948 1333 1003 extremis
1361 947 1536 1017 prima
1561 945 1774 1000 duabus
1799 956 1842 998 ε.

515 1042 696 1097 Tertia
729 1056 854 1098 cum
881 1041 1058 1110 prima
1080 1040 1300 1095 tollatur
1328 1039 1528 1102 littera,
1555 1038 1783 1093 mirum!

514 1132 802 1202 Decrepita
824 1131 844 1171 ί
877 1132 1116 1188 accurrit
1145 1131 1272 1186 nixa
1302 1130 1526 1186 dolrada
1549 1131 1574 1170 ε
1597 1145 1695 1200 per
1717 1129 1880 1185 ardes.

1151 1245 1451 1301 CCLXXV.

1057 1316 1222 1371 Aliud
1247 1319 1473 1388 renigma
1493 1317 1544 1372 λ.

512 1409 615 1476 Τυ,
641 1411 731 1481 qui
761 1410 944 1481 pergis
974 1409 1076 1464 iter
1104 1425 1202 1479 per
1234 1425 1390 1483 sacra
1419 1407 1642 1478 palatia,
1669 1407 1863 1473 lector,

511 1504 631 1568 Dic,
663 1504 772 1558 duo
791 1517 912 1572 qua
937 1510 1191 1557 moveant
1219 1510 1362 1556 totas
1391 1501 1758 1572 mmosyllaba
1783 1499 1938 1554 lites?

513 1599 629 1663 Dic,
659 1599 763 1653 duo
788 1613 907 1665 quae
930 1605 1174 1652 sanctam
1203 1603 1456 1664 rumpant
1475 1593 1792 1664 pronomina
1818 1591 2046 1662 pacem?

511 1693 628 1756 Dic,
657 1692 762 1746 duo
786 1705 906 1761 quae
933 1690 1136 1744 faciant
1156 1690 1482 1758 pronomina
1505 1689 1722 1742 nomina
1747 1687 1988 1741 cunctis?

511 1783 704 1839 Omnia
727 1783 813 1838 dic
834 1799 962 1852 quin
979 1790 1104 1837 sunt
1133 1783 1306 1846 verbi,
1338 1797 1456 1850 quae
1487 1780 1692 1851 syllaba
1721 1779 1918 1849 tinget?

511 1873 755 1943 Qualiter
777 1884 832 1929 et
858 1877 877 1916 ἱ
908 1883 1085 1931 tecum
1116 1875 1375 1944 loquitur,
1404 1873 1496 1943 qui
1527 1889 1632 1926 non
1660 1870 1764 1926 fuit
1786 1872 2060 1941 nuptam?

510 1965 639 2024 Ilaec
663 1966 806 2039 lege,
823 1968 970 2023 solve
991 1969 1118 2033 cito,
1144 1975 1238 2022 aut
1264 1975 1480 2020 taurum
1503 1963 1754 2034 persolvo
1777 1972 1950 2034 poetae
1973 1961 2019 2016 i.

1141 2079 1462 2136 CCLXXVI.

1122 2171 1200 2224 De
1232 2169 1477 2223 luscinia.

509 2264 641 2336 Qu:
669 2273 726 2322 te
752 2265 1053 2322 detraxeris
1074 2265 1102 2304 ¹ι
1131 2263 1361 2320 luscinia
1391 2262 1587 2329 ruscis,

582 2355 677 2410 Illa
708 2371 842 2411 meae
868 2355 1045 2409 fuerat
1067 2353 1250 2412 invida
1273 2353 1492 2410 ketithe.

513 2446 595 2502 Tu
623 2461 742 2501 mea
758 2445 1051 2502 dulcisonis
1079 2445 1314 2514 implesti
1341 2451 1560 2513 pectora
1583 2443 1770 2506 musis,

577 2540 753 2610 Atque
781 2538 1030 2594 animum
1055 2544 1312 2594 iniustum
1331 2550 1576 2592 carmine
1601 2532 1876 2589 nellitluo.

507 2633 848 2704 Qumter
882 2631 1104 2703 seruant
1127 2629 1408 2686 volucrum
1436 2627 1600 2684 simul
1625 2627 1866 2695 undique
1896 2633 2092 2694 emtas,

577 2723 829 2779 Carmine
857 2729 908 2776 te
934 2736 1146 2778 mecum
1177 2721 1437 2790 plangere
1460 2718 1658 2774 Pierio.

507 2817 700 2889 Spreta
734 2815 933 2880 colore,
967 2823 1149 2869 tamen
1180 2813 1360 2869 fueras
1393 2827 1502 2867 non
1536 2819 1718 2881 spreta
1747 2811 2014 2878 canendo,

577 2910 709 2965 Lata
733 2909 838 2964 sub
858 2915 1089 2978 angusto
1112 2914 1330 2978 pectore
1359 2906 1376 2945 ι
1407 2921 1508 2961 vox
1537 2907 1736 2961 sonuit.

507 3001 671 3057 Dulce
700 3001 868 3056 melos
897 3000 1102 3054 iterans
1124 2999 1276 3053 vario
1299 2998 1661 3052 modulamine
1681 3011 1869 3062 musae,

579 3093 756 3162 Atque
775 3089 1086 3145 Creatorem
1114 3103 1330 3158 seraper
1347 3088 1402 3141 in
1431 3102 1526 3142 ore
1555 3103 1777 3142 canens.

509 3183 768 3240 Noctibus
795 3184 849 3238 in
879 3181 1050 3237 furvis
1071 3195 1338 3249 nusquam
1367 3181 1599 3233 cessavit
1628 3182 1696 3234 ab
1727 3179 1848 3234 odis

581 3278 694 3332 Vox
725 3277 1033 3330 veneranda
1059 3276 1250 3338 sacris,
1282 3289 1318 3328 ο
1345 3275 1508 3329 decus
1532 3283 1695 3344 atque
1723 3273 1918 3330 deem!

512 3368 653 3437 Quid
682 3367 901 3432 mirum,
931 3364 1236 3429 cherubim,
1262 3365 1540 3434 seraphim
1566 3365 1611 3419 si
1636 3379 1772 3421 voce
1792 3365 2092 3422 Tonantem

581 3461 847 3530 Perpetua
876 3457 1115 3524 laudent,
1142 3458 1266 3512 dum
1298 3465 1388 3511 tua
1423 3459 1502 3513 sic
1531 3459 1740 3528 potuit?

510 3551 661 3608 Felix
687 3567 720 3607 ο
753 3551 1001 3616 nimium,
1029 3551 1317 3606 Dominum
1344 3559 1610 3621 nocteque
1635 3553 1827 3623 dieque

581 3643 684 3710 Qui
710 3642 888 3697 studio
917 3641 1008 3696 tali
1041 3657 1254 3713 semper
1278 3642 1333 3696 in
1361 3657 1456 3697 ore
1479 3644 1656 3698 canit!

510 3736 627 3793 Non
647 3737 798 3792 cibus
822 3744 986 3806 atque
1013 3745 1172 3806 potus
1198 3737 1443 3808 (somnus
1466 3736 1532 3808 ΙΙι)
1555 3736 1732 3793 fuerat
1759 3739 1857 3794 tibi
1888 3739 2096 3796 dulcior

1949 3833 2092 3900 edis,

578 3918 816 3975 Alterius
842 3920 1124 3976 voluerim
1149 3933 1251 3974 nec
1285 3919 1485 3975 sociale
1507 3920 1718 3991 iugum.
1930 3831 1948 3905 l

511 4012 626 4070 Hoc
649 4022 840 4068 natura
867 4015 1045 4078 dedit,
1078 4023 1286 4068 naturze
1310 4021 1364 4066 et
1394 4011 1656 4069 Conditor
1685 4013 1882 4075 almus,

582 4105 752 4174 Quem
781 4116 838 4162 tu
863 4107 1092 4162 laudasti
1122 4106 1344 4160 vocibus
1372 4106 1607 4161 assiduis
1632 4125 1643 4159 :

513 4194 588 4255 Ut
610 4211 708 4251 nos
731 4198 1028 4252 instrueres
1049 4205 1080 4234 ι
1104 4195 1229 4250 vino
1256 4210 1554 4265 somnoque
1581 4195 1843 4265 sepultos,

585 4285 958 4358 SomMgeram
987 4287 1183 4342 mentis
1209 4301 1458 4356 rumpere
1486 4287 1804 4358 segnitiem;

515 4379 672 4449 Quod
693 4389 750 4435 tu
772 4380 966 4445 fecisti,
994 4380 1220 4434 rationis
1243 4390 1298 4434 et
1323 4381 1494 4434 inscia
1523 4395 1734 4445 “usus,

582 4470 761 4526 Indice
787 4477 979 4524 natura
1007 4471 1268 4524 nobiliore
1299 4470 1470 4523 satis:

515 4561 776 4620 Sensibus
796 4561 900 4616 hoc
921 4573 1128 4625 omnes,
1156 4575 1348 4628 magna
1371 4567 1422 4612 et
1446 4559 1658 4613 ratione
1688 4560 1934 4632 vigenta

547 4651 552 4656 ’
586 4651 891 4712 Gessissent
918 4652 1132 4722 aliquod
1161 4659 1376 4724 tempus
1401 4649 1460 4707 in
1480 4665 1592 4707 ore.
1608 4654 1736 4709 suo!
1785 4659 1814 4695 ο

584 4849 612 4879 ι
651 4837 898 4908 Magnus.

586 4909 615 4949 ιδ
652 4908 856 4979 Agnus.

587 4991 610 5019 ο
649 4979 861 5104 ﬁrmus.

587 5050 610 5090 δ
705 5065 856 5104 auus.

585 5050 610 5090 ἀ
649 5050 856 5120 Magus.

588 5134 611 5162 θ
653 5121 790 5176 Mus.

591 5191 610 5230 ί
656 5192 816 5250 Edit..
845 5189 1098 5258 Darepita
1127 5204 1280 5241 anus.

591 5265 616 5302 ε
653 5261 741 5326 Ε.,
771 5260 1010 5315 dolabra.

585 5333 614 5374 h
654 5323 805 5399 Quod
828 5330 1141 5385 solvendum
1173 5328 1292 5383 aliis
1327 5327 1702 5396 relinquimus.

593 5405 609 5444 ί
656 5403 823 5466 Edit.,
857 5401 1097 5464 Qualitas
1125 5409 1202 5452 ut.

590 5484 605 5524 t
654 5473 821 5536 Edit.,
857 5473 1050 5524 Portus.

588 5545 617 5614 ιι
654 5545 777 5608 Ms.,
805 5559 920 5614 qmv
950 5549 997 5594 te
1019 5541 1203 5593 dextra
1231 5541 1355 5594 mihi
1382 5544 1573 5612 rapuit.

594 5613 611 5653 ι
654 5615 777 5676 Ms.,
807 5613 1027 5682 angusto
1054 5621 1281 5682 gutture.

590 5697 629 5723 ω
667 5686 782 5739 Vox
811 5680 1020 5737 soranus
1053 5680 1334 5736 redundat.

591 5765 620 5794 ³³
657 5755 819 5817 Edit.,
848 5753 1239 5806 inlustraveras.

1347 268 1406 322 Β.
1448 265 1510 320 F.
1550 262 1778 326 ΔιΒωί
1817 260 1956 319 εευ
1987 255 2266 326 ALCUINI
2299 255 2588 318 OPERUM
2621 256 2800 314 PARS
2844 256 2917 313 VI.

2123 375 2184 442 Α
2201 370 2432 426 Maxima
2467 373 2704 428 laudanti
2735 388 2946 428 merces
2975 373 3032 428 in
3058 371 3218 429 saecla
3245 373 3488 432 manebit

2269 463 2557 520 Aiternum
2591 482 2772 538 regem
2799 480 2993 536 pcrpcs
3029 465 3084 520 in
3113 479 3240 520 arce
3266 464 3394 536 poli.

2823 581 3165 636 CCLXXII“.

2790 681 2814 707 ο
2842 673 2919 728 De
2947 672 3168 726 Cuculo.
3539 731 3542 736 I

2197 764 2523 837 Plangamus
2551 764 2825 831 cuculum,
2853 765 3104 837 Daphnin
3151 766 3484 834 dulcissime,
3510 775 3780 837 nostrum,

2269 862 2438 930 Quem
2471 865 2650 918 subito
2673 863 2852 934 rapuit
2880 879 3022 918 szeva
3047 879 3279 918 noverca
3306 863 3438 918 suis.

2198 956 2521 1029 Plangamus
2551 958 2756 1027 pariter
2776 959 3073 1027 qiterelosis
3099 958 3326 1012 vocibus
3353 957 3536 1024 illum,

2267 1052 2446 1121 Incipe
2473 1060 2529 1105 tu
2553 1053 2754 1117 senior,
2785 1067 2986 1121 (panso,
3016 1050 3253 1106 Menalca
3276 1052 3444 1122 prior.

2198 1143 2341 1199 Heu!
2375 1143 2597 1198 cuculus
2627 1144 2782 1200 nobis
2814 1143 2994 1199 fuerat
3013 1153 3236 1198 cantare
3265 1152 3476 1208 suetus,

2268 1235 2396 1303 Quae
2425 1243 2475 1289 te
2505 1251 2650 1289 nunc
2675 1236 2853 1306 rapuit
2886 1237 3020 1290 hora
3051 1235 3288 1290 nefanda
3311 1236 3452 1290 tuis?

2197 1327 2341 1385 Heu!
2369 1330 2610 1394 cuculus,
2643 1330 2886 1395 cuculus,
2919 1345 3024 1399 qua
3057 1339 3110 1384 te
3135 1331 3354 1401 regione
3386 1329 3604 1399 reliqui,

2268 1421 2459 1476 Infelix
2489 1423 2644 1477 nobis
2668 1423 2754 1476 illa
2785 1423 2900 1477 dies
2927 1421 3104 1478 fuerat
3132 1439 3144 1476 :

2197 1514 2367 1572 Omne
2392 1531 2560 1586 genus
2581 1517 2859 1571 hominum
2884 1515 3134 1570 cuculum
3165 1531 3288 1570 eum
3313 1515 3536 1586 plangat
3559 1514 3778 1588 ubique,

2267 1611 2519 1666 Perditus
2545 1621 2660 1676 est;
2686 1609 2927 1674 cuculus,
2955 1611 3090 1664 heu!
3130 1608 3272 1678 perit
3295 1623 3422 1664 ecce
3457 1611 3642 1664 meus!

2197 1703 2314 1761 Non
2343 1715 2532 1776 pereat
2557 1704 2800 1771 cuculus,
2831 1704 3015 1758 veniet
3043 1703 3144 1758 sub
3169 1703 3608 1772 tcmpore’veris,

2268 1799 2337 1853 Et
2363 1800 2517 1853 nobis
2545 1798 2766 1852 veniens
2789 1798 3028 1852 carmina
3057 1796 3178 1859 laeta
3210 1797 3334 1850 ciet.

2196 1891 2329 1960 Quis
2358 1892 2481 1958 scit,
2514 1892 2557 1945 si
2584 1891 2798 1945 veniat?
2825 1891 3013 1946 Timeo
3036 1899 3118 1945 est
3143 1891 3459 1945 submersus
3487 1890 3543 1945 in
3568 1889 3744 1956 undis,

2267 1987 2574 2042 Vorticibus
2599 1995 2806 2054 raptus,
2838 1994 2999 2055 atque
3030 1994 3253 2040 necatus
3277 1986 3453 2058 aquis.

2196 2077 2311 2133 Heu
2336 2078 2500 2132 mihi!
2528 2078 2577 2131 si
2601 2078 2851 2132 cuculum
2877 2078 3121 2132 Bacchus
3149 2078 3410 2132 demersit
3437 2077 3491 2132 in
3519 2077 3676 2132 undis

2267 2170 2368 2237 Qui
2399 2170 2572 2238 rapiet
2590 2167 2818 2237 juvenes
2844 2171 3050 2225 vortice
3079 2168 3354 2244 pestifero.

2197 2263 2362 2333 238
2385 2262 2442 2316 Si
2475 2263 2634 2325 vivat,
2668 2263 2888 2328 redeat,
2927 2263 3191 2332 nidosque
3219 2271 3468 2338 recurrat
3496 2262 3566 2318 ad
3591 2261 3773 2329 almos,

2265 2354 2376 2408 Nec
2405 2369 2599 2408 corvus
2622 2353 2872 2409 cuculum
2895 2353 3129 2409 dissecet
3156 2369 3340 2424 ungue
3363 2353 3496 2426 fero.

2145 2423 2159 2436 ’
2195 2445 2340 2503 Heu!
2369 2446 2491 2514 quis
2521 2453 2594 2508 te,
2623 2445 2865 2510 cuculus,
2893 2445 3021 2500 nido
3049 2445 3198 2516 rapit
3216 2423 3344 2499 ecce
3375 2423 3642 2514 paterno?

2268 2539 2414 2593 Heu!
2448 2539 2647 2608 rapuit,
2685 2539 2884 2608 rapuit,
2918 2539 3100 2593 nescio
3124 2539 3170 2593 si
3197 2537 3398 2592 veniat.

2195 2630 2452 2686 Carmina
2481 2629 2526 2684 si
2557 2645 2739 2695 curas,
2764 2629 3008 2694 cuculus,
3033 2630 3166 2684 dum
3191 2642 3414 2684 currere
3440 2628 3637 2699 possis,

2269 2727 2344 2782 Te
2369 2727 2614 2796 Daphnin
2639 2723 2858 2793 juvenis
2880 2733 3033 2794 optat
3059 2726 3261 2796 habere
3289 2733 3435 2780 tuus.

2197 2818 2432 2890 Tempus
2456 2820 2608 2874 adest
2637 2819 2808 2888 veris,
2834 2819 3075 2883 cuculus,
3107 2818 3268 2874 modo
3293 2833 3484 2890 rumpe
3509 2827 3767 2888 soporem,

2269 2910 2345 2965 Te
2370 2911 2518 2980 cupit
2545 2919 2600 2964 et
2628 2911 2809 2964 senior
2837 2918 2997 2980 atque
3028 2909 3266 2965 Menalca
3295 2919 3465 2980 pater.

2197 3001 2277 3056 En
2313 3003 2527 3057 tandem
2552 3013 2579 3052 P
2607 3002 2776 3056 nostri
2804 3002 3066 3056 librorum
3100 3010 3253 3072 prata
3277 3001 3521 3072 juvenci,

2113 3106 2174 3175 ο
2271 3093 2426 3149 Solus
2455 3094 2610 3149 abest
2633 3094 2873 3159 cuculus,
2909 3094 3049 3164 quis,
3081 3109 3232 3165 rogo,
3265 3095 3439 3164 pascit
3469 3094 3634 3149 eum?

2167 3177 2341 3240 'IIeu!
2377 3185 2524 3240 male
2543 3185 2717 3255 pascit
2743 3198 2870 3239 eum
2897 3185 3160 3251 Bacchus,
3205 3199 3346 3250 reor,
3375 3185 3576 3255 impius
3602 3183 3705 3249 ille,

2266 3275 2374 3342 Qui
2410 3275 2509 3330 sub
2535 3283 2729 3330 cuncta
2764 3277 2911 3345 cupit
2936 3284 3150 3331 vertere
3178 3276 3340 3331 corda
3369 3275 3528 3331 male.

2194 3366 2440 3438 Planglte
2493 3383 2638 3424 nunc
2694 3369 2942 3424 cuculum
2969 3410 2984 3436 ,
3041 3369 3292 3436 cuculum
3343 3385 3488 3426 mmc
3545 3370 3769 3442 plangite

3490 3463 3700 3528 cuncu,

2265 3547 2358 3603 Ille
2392 3550 2618 3605 recessit
2645 3563 2835 3616 ovans,
2869 3555 3003 3606 hens
3029 3553 3169 3606 redit
3199 3551 3289 3606 ille
3316 3461 3485 3622 puto.[

2192 3640 2334 3711 Opto
2362 3651 2539 3696 tamen
2567 3641 2781 3698 ﬂentem
2813 3642 3062 3698 cuculum
3094 3643 3388 3698 habeamus
3417 3653 3474 3699 ut
3505 3645 3672 3711 illum,

2266 3733 2333 3788 Et
2360 3748 2458 3788 nos
2486 3734 2804 3805 plangamus
2830 3751 2952 3789 cum
2980 3735 3172 3790 cuculo
3197 3736 3422 3806 pariter.

2195 3823 2397 3896 Plange
2426 3833 2548 3881 tuos
2578 3841 2736 3881 casus
2766 3826 3042 3899 lacrymis,
3072 3843 3206 3898 puer
3229 3828 3446 3900 inclyte,
3477 3830 3703 3903 plunge:

2267 3917 2334 3971 Et
2360 3933 2518 3972 casus
2548 3919 2809 3990 plangunt
2831 3920 3040 3974 viscera
3069 3927 3181 3973 tota
3210 3927 3351 3975 tuos.

2198 4009 2257 4065 Si
2284 4027 2388 4065 non
2420 4011 2555 4066 dura
2583 4011 2717 4065 silex
2753 4012 2938 4080 genuit
2971 4019 3044 4076 te,
3071 4011 3281 4081 plunge,
3313 4027 3623 4082 precamur,

2268 4103 2344 4156 Te
2373 4117 2682 4157 memorans
2715 4103 2888 4172 ipsum
2920 4102 3175 4172 plangere
3198 4101 3337 4157 forte
3365 4113 3540 4173 potes.

2197 4195 2380 4252 Dulcis
2401 4211 2556 4249 amor
2583 4196 2695 4248 nati
2719 4195 2862 4265 cogit
2891 4193 3088 4250 deflere
3111 4203 3390 4264 parentem
3407 4237 3422 4261 ,

2268 4287 2437 4342 Natus
2461 4289 2528 4343 ab
2550 4288 2800 4357 amplexu
2827 4289 2954 4342 dum
2984 4289 3194 4356 rapitur
3219 4289 3417 4342 subito.

2197 4382 2334 4437 Dum
2361 4382 2530 4436 frater
2556 4381 2780 4435 fratrem
2808 4395 3126 4451 germanum
3155 4377 3337 4450 perdit
3358 4386 3619 4444 amatum,

2115 4472 2176 4537 Β
2265 4477 2405 4544 Quid
2436 4476 2538 4529 nisi
2561 4473 2672 4543 jam
2701 4474 2863 4528 faciat
2887 4488 3102 4543 semper
3127 4480 3182 4527 et
3207 4472 3326 4541 ipse
3345 4470 3509 4526 fleat?

2194 4570 2328 4626 Tres
2355 4569 2481 4622 olim
2511 4567 2732 4631 fuimus,
2761 4567 2938 4637 iunxit
2967 4582 3104 4636 quos
3126 4565 3350 4636 spiritus
3372 4578 3536 4632 unus,

2263 4661 2366 4717 Vix
2391 4661 2495 4716 duo
2523 4676 2667 4714 nunc
2695 4659 2922 4729 pariter,
2949 4658 3143 4750 tertius
3166 4657 3257 4713 ille
3282 4657 3433 4729 fugit.

2267 4845 2294 4872 ο
2327 4836 2442 4893 llos
2464 4849 2656 4890 versus
2701 4834 3044 4891 Mabillouius
3070 4835 3212 4890 eruit
3238 4850 3304 4890 ex
3333 4833 3524 4888 codice
3551 4846 3652 4888 ms.
3683 4827 3774 4885 El-

2194 4909 2418 4964 nonensi
2447 4909 2499 4961 in
2531 4906 2732 4977 Belgio,
2757 4917 2918 4974 atque
2945 4907 3115 4961 edidit
3134 4908 3185 4960 in
3214 4906 3490 4977 Analectis
3513 4920 3634 4977 pag.
3665 4900 3774 4977 ῥρθ

2193 4994 2345 5034 nova}
2391 4971 2664 5041 editionis,
2708 4971 2794 5032 ubi
2832 4971 2952 5031 haec
2980 4977 3291 5031 adnotavit:
3331 4996 3347 5026 ε
3377 4971 3630 5038 Εητιὶίιιέ,
3661 4971 3778 5026 He-

2193 5049 2366 5114 nalca,
2397 5047 2638 5119 Daphnin
2684 5063 2774 5102 seu
2815 5047 3050 5117 Daphnis
3080 5049 3292 5102 nomina
3340 5057 3464 5102 sunt
3493 5045 3776 5116 supposita

2191 5137 2290 5192 pro
2314 5121 2477 5183 veris,
2502 5119 2681 5187 qualia
2707 5121 2771 5192 de
2793 5133 2941 5192 more.
2965 5127 3186 5192 usurpat
3208 5119 3500 5192 Alcuinus;
3525 5129 3582 5174 et
3602 5119 3777 5172 Theo-

2193 5189 2424 5260 dulphus
2442 5192 2726 5259 cpiscopus
2749 5189 3170 5253 Aurelianensis,
3188 5191 3277 5259 qui
3305 5191 3355 5246 in
3379 5191 3471 5244 lib.
3490 5207 3576 5254 In,
3599 5205 3774 5242 cam.

2192 5262 2246 5327 5,
2268 5262 2564 5316 Menalcam
2591 5273 2800 5330 poetam
2819 5261 3026 5324 laudat;
3053 5270 3106 5313 et
3131 5276 3297 5314 carni.
3332 5262 3354 5314 1
3389 5261 3551 5330 regia:
3575 5274 3779 5314 mensa

2192 5333 2472 5402 pratfuissc
2503 5333 2694 5402 innuit.
2725 5330 2958 5402 Daphnis
2995 5331 3288 5402 discipulus
3313 5332 3414 5384 fuit
3452 5331 3702 5402 Alcuinir,
3735 5331 3780 5383 Β

2191 5400 2276 5458 cui
2308 5404 2422 5473 ipse
2446 5401 2834 5469 lixpositionem
2866 5401 2918 5454 in
2945 5415 3088 5473 vers.
3112 5401 3268 5456 Cant.
3290 5402 3445 5473 Caut-
3485 5400 3780 5473 Sexaginta

2192 5471 2404 5543 regium,
2437 5482 2562 5543 etc.,
2592 5473 2878 5543 dedicavit.
2906 5493 2923 5522 ι
2961 5471 3037 5526 De
3064 5472 3266 5527 Cuculo
3304 5471 3436 5526 nihil
3476 5471 3621 5543 aliud
3653 5486 3784 5526 suc-

2192 5542 2378 5602 currit,
2411 5542 2512 5595 nisi
2543 5542 2680 5610 quod
2706 5542 2955 5595 existimo
2981 5557 3102 5598 cum
3129 5559 3248 5598 esse
3272 5544 3438 5597 filium
3461 5542 3777 5612 prodigum,

2192 5614 2345 5682 cujus
2372 5614 2837 5680 intemperati!iam
2864 5623 2914 5667 et
2946 5629 3131 5669 casum
3153 5617 3316 5671 etiam
3345 5613 3544 5684 plangit
3569 5612 3632 5668 iu
3661 5612 3779 5683 epi-

2193 5685 2346 5739 stolis
2373 5684 2458 5745 75,
2487 5686 2586 5735 2117
2614 5691 2663 5734 et
2695 5684 2816 5737 2‘38.

2267 5765 2291 5803 Ρ
2332 5752 2510 5818 Forte,
2543 5754 2770 5806 tendam.
