4062 6346
260 316 371 377 805

258 434 406 490 Heu!
436 430 624 505 fugiet,
653 429 840 501 fugiet,
869 428 1117 497 planctus
1139 436 1468 499 quapropter
1490 442 1678 480 amaru

330 524 482 580 Nunc
510 523 663 577 nobis
692 530 880 586 restat,
912 522 1109 576 charus
1137 521 1249 575 abit
1279 519 1519 575 cuculus.

260 618 509 676 Carmina
538 623 659 686 post
686 616 837 670 illum
868 615 1166 678 mittamus,
1195 613 1438 669 carmina
1468 611 1666 677 luctus,

330 710 580 766 Carmina
609 708 882 765 deducunt
912 706 1071 772 forte,
1096 723 1240 773 reor,
1270 705 1540 762 cuculum.

262 804 352 861 Sis
376 819 590 874 semper
619 803 746 857 felix
770 803 1001 869 utinam,
1024 818 1349 873 quocunque
1376 801 1620 867 recedas,

332 895 420 951 Sis
446 910 656 951 memor
683 904 737 951 et
766 898 962 960 nostri,
986 911 1197 965 semper
1225 897 1424 967 ubique
1444 894 1591 949 valel

881 988 1246 1045 CCLXXVIII.

784 1094 810 1122 α
846 1080 924 1136 De
963 1081 1101 1151 gallo
1131 1081 1336 1153 fabula.

259 1167 417 1227 Dicta
443 1181 669 1229 vocatur
692 1174 808 1228 avis
838 1176 1061 1245 proprio
1091 1175 1413 1247 cognomine
1438 1174 1635 1248 gallus,

258 1262 488 1319 Nuntiat
514 1266 628 1321 haec
660 1266 851 1329 lucem,
886 1274 1160 1323 terrarum
1189 1269 1395 1324 decutit
1423 1269 1677 1333 umbras;

259 1356 530 1427 Tempora
556 1360 835 1425 discernit,
867 1361 1061 1417 lumbis
1090 1364 1443 1431 succingitur,
1475 1363 1643 1434 huius

259 1450 523 1507 Subditus
550 1455 778 1523 imperio
806 1454 1124 1525 gallinarum
1152 1459 1354 1528 regitur
1376 1474 1538 1528 grex;

257 1542 421 1609 llunc
449 1544 672 1601 laudans
702 1548 845 1602 Deus
876 1548 1209 1604 intellectum
1242 1550 1370 1605 dicit
1394 1548 1616 1615 habere,

256 1634 471 1705 Quippe
498 1639 597 1691 sub
620 1638 853 1694 obscuro
880 1640 1098 1695 dirimat
1127 1642 1215 1710 qui
1249 1651 1489 1712 tempora
1515 1641 1692 1711 peplo.

252 1725 407 1781 Proh
438 1728 618 1783 dolor!
652 1730 794 1784 hunc
823 1730 980 1800 longe
1011 1742 1393 1800 properantem
1424 1742 1573 1802 septa
1601 1733 1813 1789 viarum

249 1816 556 1873 Arclarant
585 1821 879 1891 quondam,
910 1821 1037 1874 dum
1069 1830 1239 1877 tentat
1268 1823 1467 1892 pabula
1500 1832 1678 1878 rostro
1705 1842 1718 1877 :

250 1908 408 1979 Ergo
437 1910 589 1964 cibos
616 1910 763 1965 solus
786 1912 913 1965 dum
943 1928 1191 1980 quaerens
1220 1924 1465 1985 competa
1494 1915 1708 1980 lustrat,

251 2000 381 2057 Heu
418 2000 658 2069 jactans,
692 2003 972 2072 audaxque
1001 2005 1183 2069 nimis,
1217 2006 1551 2076 multumque
1589 2006 1851 2077 superbus

249 2094 556 2150 lnsidiante
585 2094 710 2164 lupo
739 2097 1036 2164 excipitur;
1067 2113 1173 2167 quo
1200 2097 1437 2166 pondere
1464 2114 1686 2169 pressus

248 2186 519 2244 Protinus
545 2187 686 2255 hanc
713 2191 974 2245 evadendi
1000 2191 1101 2247 sibi
1129 2193 1368 2261 repperit
1393 2201 1568 2247 artem
1595 2212 1607 2247 :

254 2279 423 2352 Saepe
448 2298 598 2338 meas
624 2292 713 2347 tua
752 2282 914 2350 fama,
954 2285 1075 2357 lupe
1105 2286 1401 2355 prmfortis,
1425 2288 1493 2342 ad
1518 2301 1678 2343 aures

252 2373 448 2438 Venit,
478 2382 532 2428 et
558 2374 741 2444 ignoto
768 2377 977 2431 monuit
1000 2393 1245 2444 rumore,
1272 2380 1415 2447 quod
1446 2380 1613 2434 altum

252 2463 386 2519 Vox
415 2463 511 2518 tibi
541 2480 732 2533 magna
760 2481 949 2520 sonum
980 2466 1141 2525 claris
1169 2469 1522 2529 concentibus
1552 2471 1709 2536 edat;

252 2555 380 2611 Nec
409 2562 616 2627 tantum
643 2557 797 2612 doleo
824 2558 998 2615 inviso
1027 2561 1170 2629 quod
1200 2562 1431 2618 dcvoror
1452 2578 1569 2629 ore,

255 2643 542 2712 Quantum
570 2645 711 2715 quod
738 2644 957 2703 fraudor
979 2649 1141 2704 liceat
1164 2666 1229 2705 ne
1255 2652 1463 2708 discere
1492 2654 1557 2709 de
1584 2660 1636 2711 te

254 2742 504 2799 Credere
529 2746 670 2816 quod
699 2745 869 2802 licuit.
893 2747 1063 2819 Cujus
1085 2748 1199 2805 fera
1226 2752 1445 2809 credula
1470 2756 1641 2821 vocis,

254 2833 583 2906 Oblatmque
610 2836 765 2908 lupus
799 2838 975 2894 laudis
1009 2842 1333 2901 tumefactus
1361 2861 1567 2912 amore,

253 2924 536 2980 lnfernale
565 2929 739 3000 aperit
765 2940 969 3002 guttur,
997 2932 1292 3007 faucesque
1328 2953 1555 2994 voraces

255 3016 483 3083 Pandit,
510 3027 563 3074 et
592 3019 867 3077 immensae
901 3038 1104 3089 reserat
1130 3028 1408 3098 penetrale
1438 3043 1685 3091 cavernas
1711 3049 1726 3087 :

257 3108 377 3163 Sed
407 3109 549 3165 celer
579 3111 806 3181 eripitur
831 3114 966 3170 lucis
994 3120 1331 3187 praenuntius
1356 3121 1488 3185 ales,

255 3202 343 3257 Ac
370 3202 513 3257 saltu
535 3204 747 3260 volat’et
777 3223 928 3263 ramo
953 3210 1092 3277 citus
1114 3212 1330 3268 arboris
1355 3214 1544 3273 haeret.
1574 3201 1579 3207 ’

258 3291 393 3346 Mox
427 3293 592 3361 igitur
619 3295 796 3351 subita
819 3296 934 3366 jam
958 3298 1210 3354 libertate
1236 3303 1466 3371 potitus,

255 3382 638 3453 Excelsusque
668 3386 858 3441 sedens
887 3388 971 3443 his
1000 3399 1191 3445 cantus
1220 3394 1443 3456 vocibus
1473 3396 1585 3453 edit
1610 3415 1624 3453 :

257 3473 550 3544 Decipitur
574 3478 787 3544 merito,
817 3477 1017 3533 frustra
1048 3482 1355 3553 quicunque
1381 3490 1647 3558 superbit,

253 3566 333 3621 Et
363 3567 580 3639 capitur
601 3568 750 3626 falsis
771 3573 1042 3629 cariturus
1071 3574 1319 3633 laudibus
1345 3581 1502 3646 escis,

253 3656 414 3712 Ante
441 3659 590 3715 cibos
614 3677 775 3717 voces
800 3664 925 3719 dum
956 3681 1210 3738 spargere
1234 3679 1406 3726 teutat
1433 3674 1640 3733 inanes.

253 3750 519 3820 Respicit
546 3754 660 3809 haec
691 3754 831 3821 illos,
862 3758 954 3827 qui
984 3774 1106 3813 cum
1132 3761 1241 3823 sint
1267 3762 1465 3830 fabula,
1494 3770 1642 3824 nacti

251 3839 402 3896 Jure
432 3842 620 3899 salutis
646 3859 800 3915 opus,
828 3849 1113 3917 privamur
1139 3850 1419 3921 fraudibus
1442 3859 1579 3914 atris

250 3934 617 3994 Attendendo
640 3943 788 3996 cavis
813 3941 979 3998 falsas
1008 3923 1317 4005 rumoribus
1346 3964 1526 4006 auras.

912 4035 1235 4103 CCLXXIX.

580 4121 1017 4182 Commenaatitia
1049 4131 1335 4201 cujusdam
1353 4134 1557 4205 fratris.

249 4210 372 4279 Qui
408 4211 574 4280 legat,
600 4215 914 4286 Alcuinum,
943 4220 1109 4287 dicat,
1142 4237 1293 4297 rogo,
1320 4224 1555 4295 Christe,
1590 4235 1766 4287 tuere.

253 4306 384 4360 Vos
416 4306 610 4362 dilecta
639 4310 833 4366 cohors
859 4313 1026 4381 patris
1052 4329 1311 4386 generosa
1342 4333 1604 4390 propago,

244 4397 520 4471 Accipite
544 4400 685 4457 hunc
715 4402 958 4470 fratrem,
989 4408 1113 4461 misi
1138 4425 1299 4479 quem
1325 4420 1506 4469 mente
1532 4414 1785 4487 benigna.

922 4496 1219 4555 CCLXXX.

243 4584 281 4628 ιδ
309 4584 410 4640 De
435 4601 610 4640 rerum
638 4588 987 4645 humanarum
1028 4594 1382 4652 vicissitudine
1409 4607 1457 4652 et
1483 4599 1632 4656 clade
1655 4600 1863 4659 Lindis-

769 4660 1027 4730 farnensis
1054 4669 1376 4722 monasterii.

238 4746 577 4820 Postquam
598 4751 805 4821 primus
837 4755 999 4809 homo
1023 4758 1259 4826 paradisi
1291 4759 1525 4831 liquerat
1548 4761 1755 4833 hortos,

328 4840 417 4897 Et
447 4842 674 4898 miseras
708 4852 865 4900 terra:
901 4845 1068 4901 miser
1100 4849 1283 4903 adibat
1309 4867 1472 4922 opes;

230 4934 591 5005 Exsilioque
618 4937 767 5006 gravi
796 4954 984 5007 poenas
1008 4955 1130 4994 cum
1158 4942 1307 5011 prole
1336 4943 1538 5011 luebat,

321 5030 597 5087 Perfidia:
626 5033 881 5101 quoniam
908 5032 1051 5087 furta
1078 5032 1195 5106 [F.,
1219 5034 1352 5109 fata]
1384 5038 1621 5111 maligna
1648 5042 1788 5113 gerit
1812 5060 1824 5096 :

316 5158 352 5186 ει
409 5142 531 5197 Hoc
565 5160 783 5203 carmen
822 5160 888 5199 ex
935 5147 1053 5201 cod.
1090 5163 1192 5203 ms.
1241 5148 1296 5203 S.
1330 5151 1659 5209 Emmerami
1698 5156 1867 5212 edidit

226 5214 621 5293 Mabifllonius
648 5217 764 5293 vet.
793 5215 1035 5293 Analect.
1064 5234 1214 5273 none
1237 5221 1364 5274 edit.
1393 5238 1514 5293 pag.
1541 5224 1664 5279 409.

316 5288 353 5328 b
408 5284 650 5361 Scripsit
679 5287 957 5361 _Alcuin_u_s
994 5290 1107 5361 hoc
1143 5284 1577 5361 carmenfprvout
1622 5312 1686 5351 cx
1734 5315 1862 5354 con-

220 5368 421 5432 textu
458 5356 737 5432 elucescit,
778 5360 846 5413 ad
885 5359 1206 5432 lligbaldum
1247 5356 1557 5432 episcopum
1585 5375 1639 5419 et
1670 5369 1867 5425 fratres

217 5427 520 5497 ecclesia:
542 5445 604 5487 ac
630 5431 938 5485 monasterii
962 5427 1415 5488 Lindisfarnensis
1431 5427 1716 5494 occasione
1737 5442 1869 5496 dine

215 5500 447 5581 cladis
477 5517 503 5552 a
538 5498 701 5581 Danis
736 5501 1282 5581 paganishannojtﬁ
1306 5520 1334 5558 e
1357 5504 1665 5581 germani-.e
1696 5511 1864 5581 Aqui-

214 5571 485 5630 lonaris
508 5571 663 5641 plaga
686 5573 738 5625 in
763 5572 1095 5626 Britanniam
1122 5572 1327 5638 effusis,
1356 5576 1546 5641 illatie;
1581 5598 1597 5627 ‹
1620 5581 1696 5634 llli
1722 5571 1864 5637 enim

211 5649 351 5703 hac
404 5641 543 5719 illac
590 5641 957 5719 discurrentes
1000 5653 1194 5719 cuncta
1229 5656 1473 5719 vastant,
1506 5651 1744 5719 rapiunt,
1774 5662 1867 5707 aut

212 5713 600 5789 incendunt2
633 5723 796 5783 atque
822 5715 939 5769 loca
963 5731 1116 5789 sacra
1148 5716 1432 5789 violantes.
1473 5713 1783 5779 sacerdotes
1812 5734 1866 5779 et

212 5788 533 5853 clericos,
556 5785 857 5858 chorosque
876 5787 1265 5845 monachorum
1289 5786 1352 5847 ac
1375 5794 1865 5853 sanctimonialium

1291 282 1733 367 canum..—
1767 303 2299 369 EPIGRAMMATA,
2340 303 2494 361 ero.

1875 426 1929 485 Δ
1955 422 2060 477 Per
2085 425 2268 479 varios
2298 439 2455 479 casus
2484 423 2729 478 mortalis
2752 424 2864 481 vita
2894 422 3165 495 cucurrit,

3427 290 3535 355 806

2016 512 2377 585 Diversosque
2404 517 2519 571 dies
2547 518 2723 571 omnis
2751 517 2984 571 habebat
3009 518 3191 579 homo.

1945 605 2119 661 Fatali
2148 622 2309 661 cursu
2342 608 2639 661 miscentur
2670 607 2845 662 tristia
2876 608 3044 675 laetis;

2019 696 2164 753 Nulli
2198 697 2355 753 ﬁrma
2388 697 2491 753 fuit
2518 700 2701 769 regula
2729 700 2948 756 l-.etitize.

1947 789 2119 846 Nemo
2150 790 2268 847 dies
2296 801 2518 846 cunctos
2548 791 2734 846 felices
2758 808 2971 862 semper
2999 792 3254 862 habebit,

2020 882 2193 938 Nemo
2216 884 2321 939 sibi
2350 900 2566 954 semper
2595 886 2789 954 gaudia
2820 896 2969 940 certa
2995 895 3159 942 tenet.

1947 976 2035 1034 Nil
2063 988 2248 1035 manet
2270 987 2535 1034 aeternum
2566 980 2710 1035 celso
2742 982 2841 1037 sub
2863 983 3083 1039 cardine
3109 983 3259 1053 coeli.

2022 1070 2215 1127 Omnia
2242 1080 2533 1127 vertuntur
2560 1074 2893 1142 temporibus
2917 1074 3104 1131 variis.

1952 1162 2071 1219 Una
2100 1164 2215 1218 dies
2242 1164 2404 1229 ridet,
2434 1179 2594 1219 casus
2620 1180 2745 1219 eras
2775 1165 2944 1220 altera
2970 1168 3222 1241 planget,

2021 1253 2107 1308 Nil
2133 1254 2299 1309 ﬁxum
2326 1254 2488 1311 faciet
2512 1264 2717 1311 tessera
2750 1256 2873 1312 laeta
2899 1258 3017 1317 tibi.

1949 1344 2217 1417 Prospera
2240 1350 2529 1404 conturbat
2552 1365 2668 1405 sors
2696 1351 2945 1407 tristibus
2970 1352 3132 1422 impia
3159 1366 3394 1425 semper,

2021 1441 2262 1498 Alternis
2288 1443 2499 1498 vicibus
2530 1451 2587 1497 ut
2617 1444 2755 1498 redit
2787 1446 2930 1500 unda
2964 1446 3151 1507 maris.

1950 1534 2106 1590 Nunc
2130 1536 2296 1591 micat
2318 1537 2459 1593 alma
2486 1538 2621 1604 dies,
2652 1540 2832 1595 veniet
2862 1556 2967 1595 nox
2991 1549 3108 1596 atra
3134 1541 3399 1609 tenebris,

2026 1630 2133 1684 Ver
2163 1629 2317 1685 floret
2345 1632 2573 1701 gemmis
2598 1632 2772 1688 hiems
2803 1632 2929 1688 ferit
2958 1634 3172 1705 hocque
3193 1635 3380 1692 decus.

1955 1718 2239 1777 Sidcrcum
2265 1724 2434 1778 stellis
2456 1724 2669 1778 culmen
2702 1725 3011 1797 depingitur
3038 1726 3218 1792 almis,

1875 1784 1933 1857 Β
2024 1812 2171 1879 Quas
2198 1814 2368 1867 nubes
2397 1815 2612 1884 rapiunt
2636 1784 2928 1871 imbriferie
2950 1816 3151 1871 subito.

1955 1903 2023 1957 Et
2051 1903 2130 1957 sol
2161 1904 2275 1975 ipse
2300 1905 2387 1960 die
2420 1906 2595 1960 media
2622 1907 2940 1962 subducitur
2967 1908 3187 1973 ardens,

2023 1992 2158 2049 Cum
2187 2004 2337 2051 tonat
2361 1997 2552 2051 undosi
2583 2006 2765 2055 auster
2790 1998 2855 2053 de
2885 1999 3092 2054 vertice
3121 1999 3253 2069 poli.

1956 2086 2165 2156 Sarpius
2196 2088 2440 2149 excelsos
2470 2087 2672 2147 feriunt
2695 2097 2755 2145 ut
2777 2090 2991 2163 fulgura
3019 2102 3255 2159 montes,

1984 2176 1987 2177 ⁷
2028 2176 2357 2249 Summaque
2382 2181 2643 2239 silvarum
2670 2181 2887 2237 ﬂamma
2910 2182 3076 2239 ferire
3098 2184 3263 2249 solet;

1957 2269 2049 2327 Sic
2084 2269 2257 2339 major
2284 2273 2492 2343 magnis
2516 2274 2696 2329 subito
2724 2276 3021 2344 saepissime
3048 2277 3215 2333 rebus

2027 2360 2253 2416 Eveniet
2282 2377 2409 2416 casu
2442 2361 2580 2418 forte
2613 2364 2771 2419 ruina
2800 2366 2964 2431 malo.

1956 2451 2084 2507 Haec
2114 2453 2362 2525 exempla
2394 2455 2541 2510 dedit
2569 2457 2845 2525 periturus
2870 2466 2924 2513 et
2954 2458 3195 2533 undique
3223 2460 3489 2530 mundus.

2028 2544 2241 2601 Divitiis
2266 2545 2481 2611 florens,
2510 2549 2601 2619 qui
2629 2551 2768 2621 perit
2796 2551 2850 2605 in
2876 2551 3089 2623 pelago.

1957 2638 2104 2695 Voce
2132 2641 2518 2709 prophetarum
2542 2644 2746 2712 pariter
2774 2659 2871 2715 per
2892 2654 3123 2715 quatuor
3147 2646 3339 2714 orbes,

2028 2731 2149 2785 Jam
2174 2732 2433 2801 praedicta
2456 2734 2608 2790 vides
2632 2737 2859 2791 subruta
2889 2751 3057 2807 regna
3083 2738 3263 2793 modo.

1958 2821 2167 2879 Nobilis
2194 2825 2325 2883 urbs
2357 2826 2509 2896 regni
2536 2835 2590 2881 et
2620 2827 2795 2897 prima
2824 2829 3069 2897 potentia
3094 2844 3284 2900 regum

2029 2914 2293 2980 Perdidit,
2321 2932 2354 2970 ο
2384 2915 2655 2988 Babylon!
2686 2917 2923 2975 Chaldea
2953 2935 3118 2990 regna
3149 2929 3364 2992 potens.

1958 3008 2249 3080 Egregium
2278 3008 2419 3065 bello
2447 3017 2502 3067 et
2531 3010 2744 3083 magnis
2767 3019 2841 3077 te,
2870 3010 3073 3079 Persa,l
3098 3013 3399 3085 triumphis

1878 3131 1928 3203 α
2029 3100 2243 3166 Obruit,
2273 3102 2408 3156 heu!
2434 3100 2634 3170 iaculis
2661 3102 2861 3158 femina
2886 3104 3000 3161 sola
3022 3106 3145 3163 suis

1963 3193 2239 3250 Victorem
2266 3194 2453 3249 mundi
2486 3194 2663 3252 medio
2693 3210 2832 3262 sors,
2860 3212 2989 3252 ecce
3016 3198 3269 3255 secundis

2034 3288 2215 3344 Rebus
2234 3289 2601 3344 Alexandrum
2628 3288 2778 3345 India
2804 3300 2824 3328 ε
2857 3288 2993 3344 flore
3018 3290 3161 3349 tulit.

1964 3382 2138 3442 Roma
2163 3390 2326 3453 caput
2350 3382 2570 3447 mundi,
2604 3383 2788 3436 mundi
2814 3383 2998 3449 decus,
3024 3399 3190 3440 aurea
3222 3384 3413 3452 Roma,

2034 3475 2190 3530 Nunc
2216 3486 2464 3537 remanet
2492 3485 2703 3537 tantum
2726 3492 2865 3533 smva
2896 3478 3055 3549 ruina
3079 3479 3198 3533 tibi.

1962 3565 2146 3621 Gloria
2173 3566 2480 3623 Castrensis
2505 3567 2700 3635 gladiis
2720 3576 2934 3638 aequata
2963 3569 3247 3634 remansit,

2034 3658 2205 3713 Lutea
2234 3675 2361 3729 pars
2389 3658 2617 3730 digitum
2648 3658 2764 3713 sola
2788 3659 3004 3714 videtur
3029 3660 3197 3715 iners.

1965 3751 2108 3818 Quid
2137 3759 2191 3805 te
2219 3759 2408 3805 sancta
2439 3765 2633 3805 canam
2667 3749 2836 3807 David
2866 3748 3041 3822 (urbs)
3074 3751 3278 3822 inclyta
3306 3748 3453 3821 regis

2034 3844 2092 3898 In
2121 3842 2321 3897 mundo
2347 3841 2509 3896 nullis
2530 3842 2916 3913 aequiparanda
2946 3843 3112 3898 locis?

1962 3937 2022 3993 In
2052 3947 2105 3993 te
2135 3937 2334 4008 templa
2362 3936 2482 4001 Dei,
2505 3936 2705 4003 cultus,
2732 3936 2868 4002 laus,
2898 3937 3089 4008 gloria,
3118 3936 3310 4003 virtus,

2034 4029 2091 4085 In
2123 4014 2175 4084 te
2201 4029 2402 4085 mansit
2424 4045 2591 4085 ovans
2618 4037 2806 4085 sancta
2834 4045 3076 4101 propago
3105 4030 3349 4089 Patrum.

1964 4122 2128 4194 239
2147 4122 2285 4178 Dum
2309 4130 2421 4189 tua,
2457 4123 2578 4193 quis
2607 4129 2786 4178 teneat
2814 4120 3083 4192 lacrymas
3106 4161 3129 4189 ,ἰ
3170 4137 3329 4179 nunc.
3362 4121 3553 4180 ultima

3239 4213 3437 4287 [cernit
3457 4232 3481 4284 ;.

2036 4308 2180 4366 Gens
2211 4308 2431 4365 inimica
2459 4307 2570 4363 Deo
2587 4306 2703 4376 iam
2726 4314 2817 4362 tua
2848 4314 2987 4363 tecta
3008 4315 3175 4365 tenet.

1966 4399 2082 4457 Heu
2108 4404 2119 4457 !
2161 4402 2344 4460 Iudaea
2374 4406 2483 4460 tuis
2510 4405 2784 4460 habitator
2816 4405 2869 4460 in
2908 4406 3135 4461 urbibus
3161 4415 3313 4460 errat

1885 4505 1943 4570 Ῑ)
2037 4492 2235 4559 Rarus,
2262 4495 2316 4548 in
2337 4496 2577 4565 antiquis
2607 4495 2725 4551 laus
2749 4504 2840 4551 tua
2880 4504 2990 4553 tota
3015 4498 3176 4567 perit.

1965 4585 2155 4641 Nobile
2175 4586 2289 4656 jam
2316 4588 2572 4658 templum
2595 4628 2610 4653 ,
2638 4598 2751 4645 toto
2782 4600 2836 4645 et
2861 4591 3169 4647 venerabile
3211 4592 3265 4646 in
3292 4592 3447 4659 orbe,

2015 4680 2192 4748 ,ρυοά
2216 4680 2471 4737 Salomon
2500 4680 2657 4748 fecit,
2678 4682 2915 4738 Chaldea
2937 4685 3151 4739 ﬂama
3177 4691 3349 4740 vorat.

1966 4772 2159 4843 Dejicit
2185 4773 2289 4831 hoc
2311 4773 2507 4829 iterum
2536 4775 2777 4830 Ronaana
2808 4776 3051 4843 potentia
3078 4776 3256 4842 bellis,

2036 4864 2093 4918 In
2121 4865 2335 4923 cineres
2356 4866 2569 4921 solvens
2598 4866 2801 4923 mantia
2822 4876 2963 4925 tecta
2997 4868 3109 4923 diu.

1968 4955 2108 5011 Ecce
2134 4956 2322 5011 relicta
2349 4957 2538 5013 domus
2570 4957 2718 5013 Siloe
2742 4972 2839 5026 per
2861 4958 3016 5014 saecla
3044 4962 3328 5030 remnsit,

2040 5046 2099 5100 In
2126 5063 2230 5116 qua
2252 5055 2439 5102 sancta
2471 5049 2565 5104 Dei
2603 5064 2729 5104 arca
2756 5053 2993 5121 potentis
3022 5061 3161 5109 erat.

1969 5159 2189 5214 immani
2228 5160 2444 5216 feritate
2478 5162 2804 5229 conﬁciunt;
2836 5172 2951 5219 tum
2982 5167 3035 5220 in
3063 5167 3558 5225 Lindisfarnensem

1969 5230 2198 5303 insulam
2252 5231 2479 5303 invecti,
2529 5234 2812 5289 ecclesiam
2860 5237 3150 5303 invadunt,
3180 5255 3336 5294 sacra
3372 5241 3556 5295 omnia

1967 5301 2185 5372 pollutis
2215 5301 2424 5379 caleant
2460 5306 2723 5379 vestigiis,
2749 5306 2938 5362 altaria
2974 5301 3289 5374 suffodiunt,
3322 5310 3560 5379 pretiosa

1969 5388 2193 5447 quicque
2238 5374 2453 5447 rapiunt
2483 5385 2535 5428 et
2567 5374 2837 5431 auferunt.
2869 5378 3008 5447 Quin
3040 5382 3201 5434 etiam
3235 5395 3264 5433 e
3296 5374 3561 5437 fratribus

1969 5444 2073 5523 alii.
2102 5444 2387 5523 interfecti,
2423 5447 2510 5523 alii
2544 5448 2793 5523 inultum
2825 5444 3077 5523 demersi,
3104 5451 3327 5523 quidam
3358 5453 3561 5523 captivi

1971 5515 2309 5588 adductiaut
2340 5519 2465 5573 nudi
2496 5519 2743 5588 projecti.
2768 5541 2787 5571 ι
2827 5520 2905 5573 lta
2937 5515 3274 5576 Mabilloniu‘s
3302 5522 3396 5578 lib.
3426 5515 3558 5580 itm

1969 5586 2170 5662 Annal._
2188 5586 2417 5662 Bencd,
2437 5586 2556 5662 pag.
2577 5592 2701 5653 .308,
2729 5608 2877 5662 num.
2902 5592 2971 5645 Q6
2992 5609 3055 5647 ex
3079 5594 3316 5662 Turgoto
3342 5596 3393 5649 in
3421 5595 3560 5650 libro

1971 5659 2209 5713 secundo
2247 5660 2311 5711 de
2360 5661 2591 5714 Historia
2633 5661 2997 5717 Dunelmcnsi.
3042 5665 3174 5720 Vide
3197 5659 3367 5722 etiam
3403 5674 3562 5727 notas

1978 5728 2127 5798 :pist.
2158 5732 2189 5783 9
2212 5730 2285 5785 ad
2310 5730 2799 5788 Lindist'arnenses.

2044 5810 2064 5839 ο
2109 5800 2137 5854 r
2154 5810 2292 5867 orte,
2324 5801 2522 5869 invida,
2548 5819 2667 5858 sors
2691 5818 2900 5873 nempe.
