4062 6346
565 337 674 398 807
1390 332 1452 388 Β.
1492 329 1556 386 F.
1599 325 1828 384 ALBINI
1865 324 1999 383 SEU
2035 322 2144 380 ALt

2223 320 2315 379 [NI
2355 317 2646 378 OPERUM
2682 313 2865 373 PARS
2901 313 2991 370 VI.
3724 306 3821 369 θοι

566 458 658 517 Sic
681 458 817 530 fugit
843 471 1004 515 omne
1027 458 1213 524 decus,
1238 451 1474 511 hominis
1504 454 1645 524 quod
1676 453 1894 507 dextera
1923 447 2071 514 fecit,

640 552 823 610 Gloria
849 553 1134 608 saaclorum
1162 549 1242 603 sic
1262 547 1406 603 velut
1426 547 1619 600 umbra
1639 543 1801 598 volat.

566 644 640 701 Ut
665 646 854 701 sitiens
882 642 1113 713 liquidas
1140 640 1343 694 frustra
1372 637 1475 693 sibi
1513 636 1748 692 somniat
1784 632 1979 695 undas,

636 736 727 792 Sic
750 751 913 807 gazas
949 732 1134 790 mundi
1158 732 1309 785 dives
1342 727 1522 801 [dites]
1545 726 1766 781 habebit
1793 724 1968 791 inops.

564 827 829 898 Tempora
850 840 947 881 cur
983 831 1193 878 tantum
1228 821 1369 875 lucta
1390 819 1680 890 longinqua
1716 822 1991 876 retexam,

633 916 702 974 Et
730 926 974 973 veterum
999 916 1229 970 miseros
1254 914 1496 968 carmine
1522 911 1716 981 plango
1744 906 1892 963 dies?

564 1010 700 1065 Dum
725 1023 967 1080 prmsens
992 1007 1108 1061 dies
1136 1005 1341 1076 patitur
1368 1004 1552 1073 pejora
1582 1017 1680 1071 per
1705 997 1917 1062 orbem,

632 1101 701 1156 Et
731 1101 927 1156 misera
963 1100 1196 1154 mundus
1220 1114 1361 1153 nunc
1380 1096 1582 1152 ditione
1604 1094 1764 1150 dolet.

560 1193 690 1250 Asia
706 1193 817 1248 lata
842 1194 1007 1265 gemit
1031 1194 1257 1263 paganis
1286 1207 1469 1263 pressa
1491 1191 1719 1253 catenis,

632 1283 807 1352 Quam
828 1286 1024 1353 premit
1055 1292 1111 1338 et
1133 1284 1331 1353 spoliat
1353 1299 1483 1353 gens
1520 1281 1736 1335 inimica
1766 1281 1895 1334 Deo.

559 1371 742 1428 Africa
762 1373 875 1443 jam
902 1373 1070 1427 servit
1090 1387 1218 1441 pars
1247 1371 1425 1442 magni
1456 1371 1613 1424 tertia
1641 1370 1826 1424 mundi

643 1464 786 1519 Proh
810 1465 990 1521 dolor!
1029 1465 1163 1518 heu!
1202 1473 1313 1519 tota
1340 1462 1612 1533 pestiferis
1634 1460 1888 1515 dominis.

560 1554 836 1626 Hesperiae
859 1556 1111 1627 populus,
1133 1556 1402 1625 quondam
1430 1570 1560 1625 gens
1582 1553 1777 1624 inclyta
1802 1550 1981 1617 bellis,

630 1645 826 1702 Invisis
858 1651 1087 1717 sceptris
1113 1646 1279 1700 servit
1314 1654 1366 1701 et
1397 1646 1507 1715 ipsa
1536 1645 1712 1698 modo.

561 1738 833 1809 Quidquid
858 1740 1059 1794 habent
1076 1739 1305 1809 pulchri,
1338 1739 1550 1793 Domini
1580 1737 1664 1792 vel
1694 1735 1892 1806 templa
1913 1734 2144 1807 decoris,

635 1832 902 1896 Vastavit,
927 1832 1104 1901 rapuit
1120 1831 1341 1886 'ethnica
1380 1831 1569 1885 dextra
1594 1829 1716 1884 sibi.

559 1925 675 1983 Hoc
696 1928 947 1998 generale
970 1928 1169 1981 malum
1199 1928 1399 1982 relevct
1422 1927 1655 1997 speciale
1681 1942 1777 1997 per
1803 1926 2015 1995 orbem,

631 2015 783 2085 Quod
806 2018 1013 2086 patitur
1033 2017 1177 2073 solus
1198 2018 1447 2087 quisque,
1473 2016 1612 2071 ferat
1635 2017 1825 2073 levius.

2170 458 2224 515 Α
2248 443 2386 512 Quid
2404 444 2516 514 jam
2546 442 2699 513 plura
2722 439 2953 495 canam?
2992 436 3279 491 Marcescit
3302 431 3415 491 tota
3435 434 3708 504 juventus,

2319 533 2436 589 Jam
2458 535 2600 604 perit
2624 541 2785 602 atque
2812 530 2956 585 cadit
2988 528 3234 597 corporis
3259 541 3419 581 omne
3444 527 3607 581 decus
3637 543 3651 580 :

2251 624 2317 681 Et
2346 624 2499 694 pellis
2526 631 2733 678 tantum
2758 637 2928 678 vacua
2957 621 3047 674 vix
3069 621 3283 674 ossibus
3308 619 3498 685 haeret,

2316 715 2428 771 Nec
2447 717 2723 787 cognoscit
2740 718 2904 771 homo
2924 712 3141 784 propria
3163 713 3405 768 membra
3435 725 3622 767 senex.

2247 808 2402 877 Quod
2429 808 2551 875 fuit,
2590 809 2729 863 alter
2755 810 2889 872 erit;
2937 822 3036 861 nec
3067 806 3171 861 erit
3202 807 3336 876 ipse,
3366 807 3510 877 quod
3539 806 3692 876 ipse:

2317 900 2430 955 Fur
2449 901 2553 956 erit
2574 902 2687 971 ipse
2709 915 2839 956 suus
2863 898 3199 968 temporibus
3222 896 3407 951 variis.

2248 994 2342 1050 Sic
2364 1002 2591 1049 ventura
2614 994 2730 1049 dies
2761 1001 2971 1047 mentes
3002 990 3234 1045 mutabit
3263 997 3318 1044 et
3342 998 3517 1055 artus,

2316 1086 2491 1156 Atque
2518 1086 2724 1140 utinam
2756 1084 2947 1139 melior
2970 1082 3223 1153 proﬁciat
3251 1082 3500 1137 meritis!

2247 1177 2589 1248 Quapropter
2616 1178 2795 1247 potius
2824 1175 3065 1231 cmlestia
3095 1190 3309 1244 semper
3336 1189 3603 1239 amemus,

2317 1270 2385 1324 Et
2412 1284 2665 1325 mansura
2695 1269 2843 1339 polo,
2871 1283 3032 1338 quam
3058 1267 3299 1338 peritura
3326 1266 3463 1323 solo.

2248 1362 2348 1421 Hic
2376 1367 2555 1420 variat
2584 1375 2817 1437 tempus,
2841 1365 2920 1419 nil
2943 1380 3052 1420 non
3081 1364 3341 1420 mutabile
3365 1365 3546 1421 cernis
3569 1381 3586 1432 ;

2318 1458 2432 1513 Illic
2459 1474 2565 1513 una
2592 1459 2708 1513 dies
2739 1473 2955 1529 semper
2981 1459 3110 1525 erit,
3140 1459 3282 1528 quod
3317 1458 3443 1514 erit.

2248 1548 2364 1617 Quo
2387 1558 2464 1615 tu,
2493 1566 2699 1621 quaeso,
2723 1566 2877 1605 meus
2902 1558 3158 1615 mentem,
3182 1566 3333 1621 rogo,
3366 1550 3540 1623 dirige
3567 1549 3761 1617 lector;

2316 1643 2430 1699 Illic
2460 1644 2703 1699 invenies
2729 1644 2872 1713 quod
2911 1644 3091 1711 cupiet
3109 1643 3205 1699 tibi
3230 1659 3342 1699 cor.

2250 1737 2365 1806 Qua
2395 1749 2485 1794 tua
2508 1749 2559 1794 te
2580 1755 2856 1809 nunquam
2890 1738 3025 1793 fallit
3053 1755 3199 1810 spes,
3226 1740 3432 1794 advena
3453 1740 3665 1806 mundi,

2176 1802 2227 1865 Β
2262 1802 2295 1806 ἡ-
2322 1830 2563 1900 Aspicies
2588 1802 2845 1901 patriam,
2867 1846 3029 1900 quam
3058 1802 3361 1903 tuus-optat
3378 1846 3552 1887 amor.

2246 1923 2492 1979 Invenies
2516 1924 2739 1977 veniens
2764 1923 2875 1978 illic
2908 1924 3047 1978 bona
3083 1924 3278 1995 gaudia
3308 1923 3431 1978 vitae

2316 2015 2615 2086 Perpetuze,
2645 2031 2767 2085 qua:
2790 2024 2846 2069 tu
2885 2030 3099 2086 semper
3124 2017 3325 2071 habere
3345 2024 3518 2086 potes.

557 2105 679 2165 Iam
710 2108 905 2164 domus
931 2109 1070 2163 alma
1114 2108 1233 2174 Dei,
1275 2109 1528 2179 princeps
1565 2124 1671 2178 qua
1702 2124 1931 2180 corpore
1953 2118 2148 2181 pausat
2246 2105 2426 2161 Laetus
2462 2106 2517 2160 in
2543 2115 2805 2161 aeternum
2840 2105 3057 2162 Christo
3082 2107 3361 2163 sociabere
3389 2107 3580 2174 civeis.

628 2199 846 2267 Petrus,
878 2202 1172 2271 apostolica
1202 2204 1412 2272 primus
1435 2202 1489 2255 in
1517 2217 1641 2257 arce
1666 2203 1863 2268 Pater;

556 2288 807 2346 Perﬁdiae
839 2293 1088 2346 manibus
1117 2291 1290 2347 fertur
1308 2300 1521 2346 vastata
1549 2293 1735 2356 fuisse,

630 2381 766 2435 Dum
788 2383 1027 2452 pretiosa
1052 2383 1244 2437 domus
1270 2384 1433 2455 impia
1457 2385 1648 2439 dextra
1683 2383 1822 2437 tulit.

556 2470 849 2529 Planxerat
873 2473 1022 2529 Italia
1054 2472 1355 2529 Gothorum
1382 2484 1625 2546 tempore
1655 2482 1773 2530 tuto
1796 2473 1915 2547 [F.,
1940 2477 2073 2551 tota]

631 2562 879 2620 Vastavit
903 2566 1100 2635 templa
1130 2566 1303 2621 hostis
1336 2567 1539 2636 ubique
1565 2568 1661 2622 Dei
1686 2587 1698 2621 :

557 2655 626 2711 Et
646 2663 797 2711 natat
816 2655 1017 2713 effusus
1036 2667 1346 2713 sanctorum
1382 2661 1603 2730 sanguis
1630 2661 1684 2715 in
1716 2663 1855 2729 aula,

627 2747 743 2815 Qua
772 2749 923 2818 prius
951 2748 1126 2805 almus
1154 2750 1328 2804 honor
1354 2752 1738 2821 omnipotentis
1759 2762 1895 2809 erat.

554 2836 835 2895 Hunorum
859 2839 1066 2911 gladios
1092 2847 1175 2895 ter
1200 2842 1371 2895 ternis
1400 2850 1651 2897 senserat
1682 2844 1840 2898 annis

635 2929 809 2985 Gallia
840 2937 977 2998 tota,
1009 2931 1127 2986 suis
1148 2932 1447 3001 exspoliata
1482 2934 1657 2989 bonis.

555 3022 855 3087 Ecclesias,
885 3026 1069 3089 urbes,
1106 3024 1275 3087 vicos,
1315 3024 1557 3089 castella,
1581 3033 1829 3081 sacratus

625 3115 759 3171 Cum
782 3116 993 3184 populis
1023 3117 1232 3185 pariter
1253 3158 1268 3182 ,
1302 3118 1441 3188 ignis
1470 3119 1605 3173 edax
1636 3121 1832 3189 rapuit.

556 3205 708 3261 Talia
731 3221 852 3269 cur,
882 3204 1060 3271 Jesus,
1084 3206 1201 3262 fieri
1229 3208 1496 3277 permittis
1525 3209 1577 3262 in
1607 3211 1757 3277 orbe,

625 3296 836 3352 Iudicio
856 3298 1087 3365 occulto,
1114 3315 1221 3354 non
1247 3316 1346 3372 ego
1368 3302 1508 3356 scire
1527 3318 1685 3371 queo.

556 3388 673 3443 Alia
702 3386 930 3460 [Altera]
968 3389 1073 3444 vita
1100 3390 1209 3445 tuis
1234 3402 1486 3447 servatur
1507 3393 1561 3448 in
1586 3409 1710 3449 arce
1736 3396 2003 3465 polorum,

628 3483 742 3551 Qua
766 3501 870 3554 pax
902 3485 1040 3540 alma
1066 3488 1235 3558 viget,
1270 3489 1452 3560 praelia
1492 3492 1636 3545 nulla
1671 3492 1805 3548 fiunt

555 3574 760 3630 Aurum
788 3575 1005 3632 ﬂamma
1031 3580 1242 3647 probat,
1260 3577 1435 3648 iustos
1465 3584 1691 3638 tentatio
1715 3586 1963 3656 mundat,

624 3664 822 3721 Purior
846 3677 1012 3738 utque
1040 3671 1219 3724 anima
1260 3672 1437 3727 sidera
1469 3674 1612 3728 celsa
1642 3684 1811 3744 petat.

558 3753 683 3811 Haec
714 3767 796 3812 est
825 3758 934 3813 vita
966 3760 1084 3816 viro
1104 3760 1271 3829 justo,
1298 3763 1525 3819 tentatio
1550 3772 1684 3831 tota,

628 3848 866 3906 Auribus
893 3853 1090 3907 cecinit
1119 3855 1315 3925 pagina
1340 3872 1495 3911 sacra
1524 3858 1648 3912 tuis.

556 3938 834 4011 Quemque
862 3942 1022 3998 Pater
1058 3954 1244 4001 natum
1271 3962 1407 4015 puro
1436 3950 1747 4020 complectit
1766 3965 1970 4020 amore,

629 4030 837 4101 Saepius
867 4034 991 4089 huic
1021 4036 1161 4090 tristi
1192 4037 1326 4091 dura
1365 4037 1571 4109 ﬂagella
1604 4042 1783 4096 dabit:

559 4120 651 4177 Sic
676 4122 818 4179 Deus
842 4124 1184 4194 omnipotens
1222 4135 1436 4183 sanctos
1456 4144 1555 4199 per
1581 4145 1721 4186 saeva
1755 4133 2005 4202 probavit

629 4215 889 4281 Verbera,
927 4226 1051 4287 post
1079 4220 1308 4275 reddens
1335 4223 1558 4292 praemia
1588 4223 1709 4278 laeta
1740 4225 1885 4294 polo.

558 4304 675 4359 Non
705 4322 799 4362 vos
822 4310 1129 4375 conturbet,
1155 4313 1352 4377 sancti,
1376 4315 1758 4381 inconstantia,
1787 4315 2008 4385 fratres,

630 4395 757 4451 Haec
781 4400 1050 4453 mundana
1074 4402 1289 4469 quidem
1322 4406 1623 4475 gurgitibus
1650 4409 1835 4464 variis.

561 4487 654 4544 Sic
681 4487 780 4543 fuit
802 4498 964 4559 atque
988 4491 1078 4545 ﬁet
1107 4494 1251 4548 saecli
1272 4497 1538 4552 versatilis
1560 4500 1714 4565 ordo,

629 4578 856 4635 Laetitiae
880 4596 1155 4651 nunquam
1188 4585 1258 4637 sit
1286 4586 1372 4639 cui
1417 4596 1563 4643 certa
1594 4589 1746 4645 fides.

564 4667 666 4735 Qui
686 4668 833 4738 jacet
861 4671 915 4724 in
947 4671 1087 4727 lecto
1111 4713 1126 4737 ,
1149 4676 1421 4743 quondam
1448 4678 1688 4733 certabat
1713 4680 1767 4734 in
1798 4683 1945 4752 agris

631 4764 763 4820 Cum
788 4766 985 4830 cervis,
1011 4768 1265 4836 quoniam
1297 4768 1438 4824 fessa
1469 4780 1720 4827 senectus
1747 4775 1921 4830 adest.

560 4857 660 4926 Qui
690 4859 819 4913 olim
846 4858 1055 4930 Syrano
1091 4861 1246 4916 laetus
1275 4864 1567 4919 recubabat
1593 4866 1646 4920 in
1678 4874 1830 4923 ostro

633 4952 734 5008 Vix
765 4968 945 5022 panno
972 4955 1143 5009 veteri
1167 4955 1360 5025 frigida
1382 4960 1622 5013 membra
1653 4961 1804 5031 tegit.

557 5042 742 5117 Longa
766 5047 881 5101 dies
917 5048 1101 5103 oculos
1130 5056 1246 5102 atra
1274 5051 1502 5121 caligine
1524 5052 1754 5120 claudit,

632 5136 915 5210 Solivagos
941 5147 1149 5194 atomos
1169 5156 1289 5209 qua:
1321 5156 1610 5199 numerare
1634 5145 1791 5200 solet.

565 5229 799 5285 Dextera
828 5246 948 5301 quae
976 5231 1201 5301 gladios,
1233 5248 1352 5301 qua:
1378 5233 1539 5288 fortia
1574 5236 1676 5289 tela
1702 5236 1968 5305 vibrabat,

632 5321 785 5377 Nunc
817 5322 1021 5387 tremit,
1056 5331 1217 5392 atque
1244 5324 1325 5377 ori
1365 5326 1595 5395 porrigit
1614 5343 1756 5397 aegre
1781 5329 1981 5384 cilium.
2010 5372 2013 5377 .

561 5412 772 5469 Clarior
790 5428 916 5469 ecce
943 5413 1069 5467 tuba
1093 5414 1268 5468 subito
1294 5430 1395 5469 vox
1423 5413 1668 5471 faucibus
1696 5419 1874 5485 haesit,

633 5506 869 5563 Auribus
893 5506 1153 5577 appositis
1178 5522 1455 5562 murmura
1484 5508 1633 5564 lausa
1663 5522 1689 5551 ι
1716 5510 1841 5567 ciet.

638 5723 665 5784 ξι
699 5710 817 5784 Vo;
856 5711 1163 5784 theodisca;
1196 5710 1362 5784 Leife,
1389 5727 1668 5771 murmura
1693 5714 1895 5771 tenuia.

640 5779 669 5820 δ
707 5780 877 5847 Edit.,
904 5782 1232 5854 lucrifacere.

2258 2230 2261 2233 ‹
2318 2196 2409 2251 llle
2439 2204 2621 2251 manet
2649 2211 2884 2267 semper,
2925 2205 2983 2251 tu
3013 2213 3227 2269 quoque
3262 2214 3477 2270 semper
3499 2200 3626 2257 eris.

2247 2288 2385 2357 Quid
2407 2298 2465 2343 tu
2489 2290 2762 2359 pertristis
2786 2307 2979 2345 aurum
3002 2300 3054 2347 te
3095 2292 3326 2362 perdere
3346 2293 3592 2365 plangis?

2317 2384 2414 2438 Est
2436 2399 2568 2437 auro
2592 2384 2785 2440 melius
2823 2384 3129 2443 lucrificare
3155 2387 3183 2427 ιι
3217 2387 3407 2442 Deum.

2249 2475 2388 2544 Quid
2414 2476 2623 2544 species
2662 2491 2829 2532 vanas
2851 2476 3191 2549 lacrymosis,
3220 2486 3370 2543 nate,
3398 2478 3632 2549 querelis

2316 2570 2700 2639 Persequeris;
2732 2571 2849 2627 haec
2887 2581 2944 2627 tu
2969 2588 3068 2627 cur
3098 2573 3335 2643 peritura
3360 2573 3555 2642 cupis?

2248 2667 2396 2723 Talia
2418 2668 2528 2738 jam
2558 2668 2762 2734 mundi,
2797 2685 2902 2723 non
2930 2668 3132 2725 Christi
3168 2669 3317 2739 luget
3346 2677 3578 2735 amator,

2318 2757 2423 2822 Sit,
2456 2773 2607 2828 rogo,
2636 2774 2743 2813 non
2779 2775 2996 2825 aurum,
3027 2760 3097 2813 sit
3121 2759 3218 2813 tibi
3244 2758 3500 2814 Christus
3524 2773 3696 2814 amor.

2244 2850 2327 2906 Ad
2362 2866 2478 2916 vos,
2510 2866 2543 2905 ο
2570 2849 2788 2915 fratres,
2812 2859 3047 2918 vertam,
3072 2867 3193 2907 mea
3214 2868 3369 2917 cura,
3395 2866 3673 2918 camenas,

2317 2946 2577 3016 Altoquar
2596 2956 2651 3003 et
2677 2948 2865 3018 paucis
2893 2962 2989 3002 vos
3012 2949 3174 3002 modo
3213 2946 3517 3001 versiculis.

2248 3040 2357 3095 Vos
2382 3041 2559 3111 regale
2582 3056 2774 3112 genus,
2804 3041 3015 3096 soboles
3042 3041 3350 3095 veneranda
3376 3046 3665 3110 parentum

2168 3166 2219 3233 ο
2321 3132 2666 3197 Sanctorum,
2696 3135 2788 3203 qni
2811 3149 2906 3187 vos
2927 3134 3041 3203 jam
3066 3148 3301 3204 genuere
3328 3133 3461 3188 Deo.

2246 3225 2465 3280 Illorum
2491 3225 2704 3280 bibulas
2730 3225 2938 3279 meritis
2977 3236 2999 3263 ε
3031 3225 3345 3280 caelestibus
3372 3238 3535 3279 aures

2319 3317 2472 3373 Nunc
2501 3319 2751 3373 adhibete
2780 3319 2868 3387 pio
2892 3325 3136 3388 pectore,
3161 3324 3364 3382 mente,
3400 3331 3585 3370 manu.

2248 3409 2321 3466 Ut
2348 3419 2597 3465 sanctum
2621 3410 2874 3479 precibus
2900 3418 3186 3464 conservet
3207 3423 3420 3478 semper
3444 3407 3587 3463 ovile
3602 3444 3621 3473 ,

2319 3502 2547 3557 Pectore
2570 3500 2828 3556 concordi
2863 3501 3006 3570 quod
3034 3509 3271 3556 statuere
3295 3501 3423 3555 Deo.

2247 3595 2475 3651 Horrida
2506 3609 2611 3649 non
2636 3592 2850 3664 frangat
2873 3601 3082 3649 vestras
3101 3593 3327 3650 tentatio
3353 3602 3588 3659 mentes,

2318 3686 2483 3756 Impia
2514 3701 2679 3754 quam
2700 3685 2854 3740 vobis
2881 3686 3050 3756 gessit
3080 3686 3263 3754 iniqua
3289 3700 3502 3740 manus.

2247 3777 2353 3835 Sed
2374 3778 2545 3850 magis
2568 3780 2633 3834 ad
2656 3780 2896 3833 studium
2920 3780 3044 3835 vitae
3070 3779 3312 3834 melioris
3341 3778 3607 3845 abundet,

2314 3870 2502 3926 lncitet
2532 3878 2586 3924 et
2617 3878 2827 3926 mentes
2853 3884 3068 3939 semper
3095 3870 3283 3925 adesse
3314 3870 3449 3936 Deo,

2244 3960 2417 4031 Erigit
2440 3961 2642 4027 allisos,
2672 3963 2765 4031 qui
2795 3961 3043 4017 vulnerat
3069 3970 3232 4033 atque
3257 3964 3507 4017 medetur
3535 3982 3550 4017 :

2315 4053 2419 4120 Qui
2450 4055 2575 4108 ferit
2601 4062 2763 4124 atque
2795 4063 2970 4120 sanat,
3007 4056 3241 4110 conterit
3264 4064 3427 4125 atque
3459 4054 3621 4109 levat.

2244 4142 2416 4198 Nocte
2437 4144 2630 4213 dieque
2649 4145 2810 4199 simul
2832 4146 3085 4214 precibus
3111 4146 3345 4200 insistite
3379 4146 3606 4211 sanctis,

2317 4233 2389 4289 Ut
2410 4250 2506 4289 vos
2528 4244 2813 4291 conservet
2833 4234 2989 4291 Jesus
3007 4237 3207 4305 ubique
3229 4237 3370 4305 pius.

2244 4324 2313 4379 Et
2340 4325 2385 4379 si
2407 4341 2526 4395 qua:
2556 4325 2802 4394 placeant
2830 4328 3087 4383 concordi
3116 4329 3377 4384 addiscite
3405 4330 3593 4395 corde,

2314 4417 2491 4488 Atque
2520 4418 2738 4487 implete
2767 4434 2953 4487 manu,
2979 4421 3125 4491 quod
3164 4422 3251 4491 pia
3277 4420 3429 4477 mens
3460 4424 3666 4493 cupiat.

2171 4534 2222 4596 ι)
2247 4506 2339 4563 Sic
2365 4509 2577 4563 tandem
2603 4510 2756 4564 vobis
2775 4510 2996 4581 clypeus
3023 4511 3305 4566 descendit
3329 4514 3397 4565 ab
3419 4513 3554 4580 alto,

2316 4602 2385 4656 Et
2404 4602 2616 4657 Domini
2647 4604 2830 4658 dextra
2854 4612 3098 4674 proteget
3117 4612 3277 4675 atque
3303 4613 3473 4676 reget.

2246 4692 2355 4750 Vos
2383 4700 2556 4748 estote
2578 4692 2801 4748 Patrum
2822 4711 3111 4761 memores,
3136 4696 3289 4766 queis
3320 4713 3534 4768 semper
3565 4699 3635 4754 ab
3658 4695 3765 4755 alto

2324 4785 2558 4841 Venerat
2580 4787 2861 4853 auxilium,
2885 4789 3046 4843 dante
3067 4788 3331 4855 Tonante,
3361 4790 3530 4861 pium.

2246 4876 2365 4933 Jam
2390 4878 2601 4950 Moyses
2628 4878 2822 4935 melius
2841 4881 3096 4950 precibus
3119 4897 3278 4951 quam
3305 4884 3583 4940 exercitus
3613 4882 3794 4947 armis.

2322 4970 2633 5025 Extendcns
2667 4968 2871 5039 palmas
2896 4971 3081 5040 praelia
3111 4989 3269 5028 sacra
3290 4974 3444 5044 regit.

2252 5062 2487 5117 Plurima
2515 5079 2614 5132 pro
2637 5063 2891 5135 lacrymis
2913 5074 3233 5121 sternuntur
3258 5066 3424 5120 millia
3449 5075 3626 5123 morte

2321 5153 2565 5208 Ezechiae
2584 5156 2727 5226 regis
2762 5158 2999 5227 pestiferi
3023 5158 3225 5227 populi,

2250 5242 2387 5299 Huic
2412 5260 2624 5314 quoque
2648 5254 2728 5301 ter
2748 5248 2939 5316 quinos
2959 5248 3198 5302 clemens
3234 5248 3375 5303 Deus
3400 5248 3607 5302 addidit
3638 5259 3826 5308 annos,

2222 5378 2225 5383 ,
2318 5333 2423 5390 Pro
2448 5351 2629 5405 prece,
2667 5352 2829 5405 quam
2850 5338 3084 5392 moriens
3115 5337 3290 5393 fundit
3314 5339 3382 5393 ab
3408 5352 3504 5393 ore
3529 5339 3672 5402 Deo;

2253 5424 2415 5495 2&0
2434 5425 2596 5479 Vobis
2625 5435 2748 5480 nota
2775 5442 2987 5491 canam,
3009 5425 3228 5494 fratres,
3260 5444 3380 5499 qua:
3408 5426 3613 5484 fecerat
3633 5426 3768 5486 olim

2326 5514 2581 5569 Ecclesia:
2611 5525 2811 5571 nostrae
2830 5516 3157 5589 pontiﬁcalis
3177 5534 3314 5589 apex
3336 5536 3351 5574 :

2327 5731 2349 5757 ο
2392 5716 2571 5783 Forte,
2600 5717 2833 5773 monitis.
