4062 6346
317 318 421 376 809

310 432 563 490 Praesulis
592 434 791 506 egregii
824 434 1072 506 precibus
1102 452 1160 492 se
1186 437 1399 492 ﬂamma
1430 436 1649 491 retorsit

306 536 318 546 '
382 524 584 579 Lcdani
610 537 636 564 ι
660 527 949 594 quondam,
972 527 1189 583 Bebban
1221 529 1290 583 ab
1318 514 1446 582 urbe
1470 512 1671 597 procul.

313 616 624 685 Composuit
653 618 905 686 precibus
940 606 1175 673 Eadbert
1197 620 1245 685 δ,
1280 619 1586 673 minitantia
1620 625 1855 673 mortem

383 705 601 771 Flabra,
628 707 750 775 pius
771 708 964 777 prmsul
987 718 1167 764 vester
1190 719 1244 765 et
1269 710 1382 780 ipse
1409 709 1589 764 Pater.
1658 764 1663 765 ,

314 796 535 867 Magnus
564 807 621 852 et
648 799 761 868 ipse
790 798 968 863 Pater,
997 800 1215 869 praesul.
1244 810 1535 870 pastorquc
1568 798 1821 854 sacerdos

380 887 705 953 Cudbertus,
728 900 921 944 vestrm
939 888 1051 958 jam
1083 891 1247 945 decus
1267 890 1524 944 Ecclesiae

310 977 519 1045 Quanta
545 977 651 1046 piis
672 980 942 1048 precibus,
977 980 1203 1036 Domino
1226 981 1478 1042 donante,
1506 979 1730 1050 peregit,

380 1068 496 1123 Non
525 1083 669 1139 opus
697 1078 780 1124 est
804 1070 1005 1125 nostris
1030 1070 1210 1125 dicere
1246 1069 1530 1125 versiculis
1555 1085 1569 1132 ;

310 1162 445 1216 Dum
473 1152 624 1233 prius
651 1161 883 1218 heroicis
910 1161 1200 1230 praeclarus
1222 1161 1364 1215 Beda
1389 1160 1647 1227 magister

380 1252 640 1309 Versibus
668 1251 922 1322 explicuit
945 1251 1141 1322 inclyta
1162 1260 1307 1321 gesta
1334 1249 1546 1303 Patris:

310 1342 581 1400 Laudibus
609 1360 672 1401 ac
699 1345 931 1399 celebrat
953 1358 1111 1413 quem
1141 1351 1251 1398 tota
1277 1342 1557 1397 Britannia
1589 1340 1817 1405 crebris,

380 1426 449 1488 Et
481 1417 734 1504 precibus
764 1434 962 1503 rogitat
994 1448 1054 1488 se
1082 1434 1342 1488 auxiliare
1364 1434 1486 1503 piis.

312 1522 377 1579 Hi
412 1525 571 1579 simul
599 1533 761 1595 atque
789 1525 901 1593 alii,
935 1525 981 1580 si
1007 1525 1052 1580 si
1077 1533 1344 1595 prmeepta
1366 1523 1585 1589 tenetis,

380 1613 596 1669 Illorum
621 1614 719 1687 [et]
745 1615 910 1668 fixum
942 1622 1027 1668 est
1054 1628 1268 1683 semper
1295 1626 1477 1666 amare
1502 1612 1670 1666 Deum
1700 1623 1747 1677 ο,

309 1706 581 1762 lustanter
609 1708 860 1777 precibus
882 1714 1123 1761 vestrum
1157 1712 1412 1759 tueantur
1439 1704 1611 1767 ovile,

381 1801 639 1855 Hostibus
665 1798 903 1869 expulsis
924 1798 1123 1851 moenia
1146 1807 1324 1852 vestra
1357 1795 1559 1851 fovent.

307 1890 618 1946 Posteriora
654 1891 805 1945 vobis
830 1889 1051 1945 meliora
1074 1888 1345 1957 prioribus
1369 1903 1490 1942 esse

380 1980 612 2050 Legistis
631 1978 828 2036 fratres
852 1996 864 2032 :
894 1978 973 2033 sic
995 1993 1208 2049 quoque
1237 1986 1413 2031 vestra
1442 1976 1586 2040 ﬁent,

308 2060 366 2147 Si
396 2085 493 2124 vos
517 2070 569 2123 in
604 2070 887 2123 Dominum
909 2068 1141 2139 speratis
1164 2077 1401 2138 pectore,
1434 2066 1523 2136 qui
1556 2075 1680 2136 post

379 2158 496 2213 Jam
527 2157 736 2228 majora
760 2159 897 2213 solet
929 2159 1154 2213 verbera
1186 2158 1325 2212 dona
1346 2157 1495 2210 dare.

306 2251 377 2304 At
404 2259 482 2313 tu,
508 2256 817 2304 sanctorum
855 2244 1057 2303 Przesul
1085 2248 1111 2287 ἀ
1150 2263 1432 2303 successor
1454 2262 1678 2301 avorum

384 2340 485 2408 Qui
512 2340 692 2410 pascis
718 2338 992 2409 populum,
1020 2338 1113 2407 qui
1135 2337 1253 2393 loca
1284 2345 1471 2391 sancta
1502 2346 1687 2390 tenes:

315 2433 389 2487 Es
415 2446 629 2502 magno,
660 2438 720 2484 ut
744 2431 923 2495 video,
954 2445 1208 2484 curarmn
1236 2429 1472 2497 pondere
1500 2442 1755 2498 pressus;

388 2518 541 2589 Quod
567 2529 674 2576 tam
700 2521 819 2577 dira
847 2520 948 2575 fuit
974 2529 1214 2592 tempore
1238 2520 1394 2590 plaga
1423 2528 1543 2585 tuo;

312 2614 513 2669 Tecum
540 2613 734 2683 plango
763 2620 881 2667 tuos
911 2627 1090 2677 casus,
1121 2611 1443 2666 charissime
1475 2612 1675 2675 frater;

383 2705 487 2761 Ora
515 2703 686 2759 ﬂuunt
714 2704 991 2775 lacrymis,
1014 2710 1233 2772 pectora
1268 2710 1461 2757 moesta
1492 2701 1691 2756 dolent.

309 2796 520 2867 Saepius
544 2796 899 2867 ingeminans,
929 2803 1082 2849 tanto
1115 2805 1137 2833 ο
1171 2795 1269 2849 sub
1323 2807 1601 2847 murmure
1625 2808 1852 2856 mecum,

382 2885 664 2950 Omnibus,
694 2885 829 2940 heu!
862 2899 1025 2954 quam
1047 2884 1117 2938 sit
1138 2883 1226 2937 illa
1249 2881 1476 2937 dolenda
1510 2882 1644 2945 dies,

309 2976 427 3044 Qua
456 2988 661 3045 pagana
689 2988 902 3039 manus,
930 2975 1156 3029 veniens
1177 2989 1208 3027 a
1230 2972 1428 3027 finibus
1454 2972 1623 3035 orbis,

383 3067 608 3138 Navigio
632 3068 810 3122 subito
838 3066 1019 3121 littora
1043 3074 1227 3120 nostra
1255 3064 1421 3135 petit;

1345 321 1670 380 CARMINA.
1712 353 1781 363 —
1820 319 2333 386 EPIGRAMMATA,
2372 317 2523 373 ETC.

1920 436 1967 493 Α
2067 430 2318 496 Munera;
2352 430 2533 492 credo,
2557 429 2704 497 pium
2742 444 2935 482 munus
2967 436 3021 481 et
3058 427 3171 498 ipsa
3200 425 3321 481 fuit.

3457 310 3558 371 8l0

1994 509 2142 573 Felix
2184 518 2296 586 ipsa
2323 518 2436 572 dies
2465 516 2589 582 illis,
2618 505 2664 571 si
2692 516 2862 572 tristia
2888 518 3042 571 nobis

2066 610 2291 664 Pectora
2317 607 2562 674 fecisset;
2596 608 2673 663 sic
2698 606 2901 678 petiere
2927 602 3141 677 polum;

1993 699 2060 753 Et
2091 699 2292 753 sanctis
2317 700 2446 777 socii
2481 698 2608 754 facti
2623 700 2703 754 sic
2727 700 2984 770 sanguine
3016 704 3195 765 sacro,

2063 790 2164 857 Qui
2202 806 2259 845 se
2285 791 2384 845 sub
2413 790 2629 847 Christo
2656 789 2949 859 subjiciunt
2975 789 3187 859 gladiis.

1994 882 2102 937 Hos
2131 892 2261 951 puto
2285 893 2613 953 quapropter
2638 883 2791 938 nobis
2812 899 2917 938 non
2941 896 3060 937 esse
3081 882 3389 953 gemendos,

2065 971 2210 1038 Quos
2231 972 2421 1025 melior
2458 972 2595 1027 coelo
2628 972 2738 1025 vita
2766 972 2866 1026 sibi
2897 972 3094 1042 rapuit.

1992 1062 2186 1117 Desine
2217 1072 2542 1133 quapropter
2569 1062 2822 1133 lacrymis
2852 1063 2951 1118 hos
2976 1063 3250 1135 plangere,
3279 1064 3499 1133 praesul,

2063 1153 2207 1219 Quos
2238 1153 2338 1208 sibi
2361 1162 2617 1223 perpetuo
2642 1153 2891 1208 Christus
2921 1156 3084 1209 habet
3122 1152 3341 1211 socios:

1992 1244 2174 1313 Teque
2202 1246 2373 1315 magis
2397 1243 2562 1300 facias
2589 1253 2700 1299 tota
2728 1246 2927 1299 virtute
2947 1253 3219 1313 paratum,

2063 1333 2135 1389 Ut
2164 1349 2274 1404 quo
2307 1334 2591 1405 pervenias
2620 1334 2793 1389 tristia
2821 1334 2964 1388 nulla
2994 1334 3144 1388 fiant.

1991 1424 2192 1495 Inclyta
2219 1433 2534 1495 perpetuam
2562 1435 2785 1495 praestat
2804 1426 3059 1495 patientia
3088 1426 3277 1489 vitam,

2063 1516 2134 1571 Ut
2161 1531 2265 1570 vox
2291 1516 2527 1571 veridiCa
2556 1518 2878 1587 promiserat
2897 1517 3011 1587 ipsa
3044 1513 3158 1572 Dei.

1991 1606 2095 1662 Fer
2119 1606 2388 1676 patienter
2415 1620 2552 1663 onus
2580 1606 2781 1663 Christi
2805 1616 2861 1663 tu
2881 1609 3037 1664 triste
3062 1603 3334 1675 sacerdos,

2059 1697 2160 1752 Job
2197 1698 2445 1767 exempla
2488 1698 2641 1754 dabit
2666 1707 2844 1755 motor
2869 1709 2925 1755 et
2949 1702 3074 1771 ipse‘
3093 1702 3215 1758 sibi.

1915 1807 1964 1865 Β
1991 1787 2143 1843 Miles
2176 1787 2231 1844 e't
2257 1788 2513 1844 Ecclesiae
2547 1789 2746 1845 Paulus
2787 1806 2885 1861 per
2905 1792 3050 1846 mille
3072 1792 3397 1863 triumphos,

2061 1880 2163 1946 Qui
2195 1895 2293 1935 sua
2320 1896 2427 1935 non
2466 1881 2635 1936 doluit
2660 1883 2903 1947 vulnera,
2937 1893 3115 1939 mente
3143 1894 3352 1954 petens.

1991 1968 2122 2036 Quis
2145 1970 2263 2025 sine
2290 1970 2374 2025 vel
2400 1971 2553 2027 miles
2580 1972 2756 2042 capiat
2777 1974 3070 2027 certamine
3099 1970 3355 2044 palmam,

2067 2060 2212 2115 Bella
2234 2060 2463 2117 nefanda
2490 2063 2692 2117 dabunt
2710 2064 2929 2133 prazmia
2960 2074 3154 2134 magna
3185 2058 3318 2120 suis.

1993 2152 2098 2208 Per
2123 2152 2352 2219 gladios,
2375 2162 2593 2217 mortes,
2621 2162 2821 2223 pestes,
2853 2169 2951 2224 per
2981 2154 3105 2221 tela,
3136 2171 3234 2225 per
3263 2148 3433 2227 ignes,

2062 2241 2319 2313 Martyrio
2346 2242 2521 2298 sancti
2562 2254 2725 2314 regna
2758 2246 2913 2299 beata
2938 2250 3146 2315 petunt.

1992 2333 2292 2389 Stemmate
2315 2336 2428 2404 jam
2454 2335 2653 2405 gaudet
2677 2333 2823 2400 belli,
2852 2337 2942 2405 qui
2976 2345 3262 2393 stemmate
3282 2334 3473 2403 vincit,

2061 2425 2250 2480 Prtelia
2277 2434 2401 2496 post
2433 2435 2612 2491 terrae,
2643 2436 2831 2499 regnat
2851 2428 2904 2482 in
2928 2443 3052 2483 arce
3080 2431 3210 2499 poli.

1993 2514 2050 2570 Si
2077 2515 2207 2585 quid
2232 2516 2506 2587 displicuit
2529 2516 2744 2572 Christo
2766 2518 2881 2587 jam
2910 2529 3103 2574 cuncta
3136 2510 3363 2585 videnti,

2065 2607 2303 2664 Moribus
2331 2609 2387 2663 in
2409 2609 2607 2664 vestris
2633 2610 2888 2681 corrigite
2911 2611 3016 2665 hoc
3040 2611 3219 2666 citius.

1994 2702 2066 2759 Ut
2100 2704 2222 2773 pius
2247 2702 2523 2773 egregium
2552 2711 2838 2758 conservet
2863 2710 3050 2774 pastor
3073 2702 3234 2767 ovile,

2063 2794 2141 2848 Ne
2166 2794 2369 2864 rapidis
2404 2794 2580 2863 capiat
2606 2795 2709 2849 hoc
2739 2794 2897 2864 lupus
2927 2791 3157 2848 insidiis.

1993 2882 2109 2937 Non
2131 2890 2215 2938 est
2234 2883 2431 2953 quippe
2453 2883 2595 2938 Deus
2617 2883 2793 2953 pcenis
2817 2883 3113 2953 culpandus
3141 2884 3197 2938 in
3222 2884 3365 2949 istis,

2066 2974 2174 3029 Sed
2204 2983 2386 3028 nostra
2423 2974 2475 3027 in
2503 2974 2695 3028 melius
2724 2969 2836 3028 vita
2876 2973 3097 3030 ferenda
3126 2975 3254 3029 cito.

1996 3066 2064 3120 Et
2086 3067 2173 3135 pia
2197 3066 2458 3121 flectenda
2481 3075 2563 3121 est
2589 3066 2837 3136 precibus
2862 3066 3145 3121 clementia
3171 3066 3389 3130 nostris,

307 3160 731 3231 Exspoliansque
751 3160 971 3214 Patrum
988 3158 1291 3213 veneranda
1322 3158 1571 3226 sepulcra
1587 3158 1815 3213 duorum
1838 3156 1890 3223 r;
1922 3154 1969 3221 α
2069 3157 2346 3224 Quatenus
2371 3172 2399 3210 a
2437 3157 2591 3211 nobis
2619 3156 2913 3211 transferat
2937 3157 3049 3226 ipse
3074 3156 3258 3229 plagas
3281 3164 3296 3209 ':

380 3252 493 3309 Nec
514 3269 619 3307 non
645 3252 864 3306 fasdavit
891 3250 1088 3321 templa
1118 3249 1293 3305 dicata
1323 3251 1439 3304 Dei.

307 3342 487 3411 Atque
515 3341 610 3395 Dei
634 3340 835 3396 Christi
866 3339 1219 3394 mundissima
1248 3339 1406 3395 vinea
1437 3339 1643 3395 Sorecb

381 3433 632 3503 Vulpinis
656 3433 835 3487 subito
861 3432 1111 3487 dentibus
1134 3446 1257 3486 esca
1282 3430 1382 3486 fuit
1412 3439 1426 3496 ';

312 3524 383 3578 Et
402 3523 608 3593 lapides
644 3523 823 3577 subito
852 3531 1080 3592 pereunt
1108 3522 1300 3577 altaria
1331 3524 1540 3577 circum

384 3614 720 3684 Quapropter
744 3614 951 3669 cithara
972 3613 1094 3683 plus
1115 3614 1279 3685 gemit
1315 3630 1443 3669 ecce
1472 3630 1611 3669 mea.

312 3704 545 3761 Victima
567 3703 708 3760 facta
740 3703 861 3769 fuit,
888 3704 1114 3760 Domino
1141 3719 1260 3774 qua:
1287 3704 1432 3761 ferre
1461 3706 1666 3761 solebat

385 3873 410 3900 ιι
453 3857 670 3913 Ledani.
706 3852 1015 3929 Legendum
1058 3852 1271 3925 Aidani,
1296 3875 1391 3915 seu
1437 3860 1613 3925 Edani
1636 3859 1764 3930 (quo
1802 3876 1897 3915 no-

314 3931 460 3986 mine
491 3937 714 4001 vocatur
736 3931 995 4001 carmine
1029 3944 1142 4000 seq.
1180 3946 1321 3985 vers.
1353 3931 1476 4001 692)
1506 3932 1740 4001 episcopi
1765 3932 1893 3985 Lina

316 3999 691 4063 disfarnensis,
716 4000 781 4053 de
806 4015 913 4067 quo
935 3999 1282 4070 idem,’cujus
1332 4002 1421 4056 hic
1457 3999 1659 4056 mentio
1683 3999 1762 4066 fit,
1796 4004 1897 4057 mi-

315 4071 557 4125 raculum
584 4070 750 4142 refert
781 4071 915 4142 V_en.
943 4070 1083 4125 Beda
1125 4070 1217 4125 lib.
1270 4088 1329 4126 ιιι
1380 4071 1628 4127 Historiae
1679 4084 1795 4142 cap.
1832 4073 1897 4127 l6

316 4143 421 4196 hoc
468 4140 689 4211 modo:
746 4158 763 4190 ι
813 4138 1077 4210 Tempore
1112 4142 1450 4211 episcopatus
1510 4142 1626 4210 ejus
1684 4138 1896 4198 hostilis

252 4256 267 4271 .
317 4210 637 4265 Merciorum
680 4211 969 4275 exercitus,
996 4210 1176 4264 Penda
1216 4212 1369 4274 duce,
1393 4211 1895 4267 Nordhnmbrorum

317 4282 564 4352 regiones
589 4280 751 4352 impia
782 4274 933 4335 clade
956 4274 1136 4351 longe
1174 4280 1386 4349 lateque
1437 4282 1739 4348 devastans,
1775 4300 1895 4352 per-

315 4349 463 4423 venit
492 4349 558 4405 ad
580 4351 775 4423 urbem
803 4366 970 4419 usque
1006 4349 1230 4420 regiam,
1261 4368 1380 4421 quae
1403 4367 1470 4406 ex
1492 4351 1687 4407 Bebbtc
1724 4349 1896 4423 quon-

315 4422 439 4502 dam
480 4422 677 4502 regina:
699 4423 957 4477 vocabulo
1011 4422 1442 4494 cognominatur,
1474 4439 1728 4502 eamque.
1746 4422 1769 4478 7.
1796 4465 1809 4478 .
1836 4465 1849 4477 .
1876 4465 1890 4479 .

1998 3250 2177 3318 Atque
2199 3249 2313 3303 suis
2342 3248 2578 3305 clemens
2602 3257 2824 3319 praestet
2845 3249 3039 3304 solatia
3068 3250 3264 3310 servis,

2069 3340 2333 3409 Tempora
2361 3341 2662 3396 concedens
2689 3356 2944 3412 prospera
2967 3350 3160 3397 cuncta
3189 3342 3404 3412 quibus.

1998 3427 2347 3499 Hymnidicas
2376 3428 2496 3483 lzeta
2522 3428 2707 3484 laudes
2727 3436 2782 3483 et
2804 3438 2984 3485 mente
3014 3442 3275 3487 canamus

2066 3518 2392 3574 Celsithroni
2422 3518 2601 3574 cuncti
2630 3535 2844 3589 semper
2873 3522 3073 3591 ubique
3100 3518 3280 3577 simul.

1997 3612 2140 3667 Laus
2168 3615 2274 3681 cui,
2310 3614 2506 3680 cultus,
2542 3615 2731 3678 honor,
2755 3616 2951 3684 virtus,
2986 3618 3312 3686 benedictio,
3338 3628 3580 3690 carmen,

2068 3704 2295 3775 Semper
2315 3706 2368 3759 in
2391 3715 2675 3773 aeternum,
2707 3706 2876 3780 gloria
2904 3725 3097 3782 magna
3127 3706 3258 3767 Deo.

1997 3862 2246 3941 Cauisius
2269 3861 2439 3941 edidit
2480 3863 2632 3919 Lect.
2671 3858 3037 3941 Antiquarum
3079 3866 3302 3941 edit._‘D.
3340 3865 3586 3941 Basnage

1997 3941 2129 3988 tom.
2157 3932 2222 3997 ll,
2246 3948 2369 4003 pag.
2399 3933 2434 3986 5
2462 3942 2516 3987 et
2537 3949 2687 4003 seqq.
2718 3935 2798 3988 Ad
2816 3932 3071 3990 sanctum
3110 3937 3437 3992 Eadbertum
3497 3932 3583 3996 er-

1998 4004 2173 4058 tinere
2199 4012 2485 4062 sequentes
2514 4005 2658 4059 illius
2678 4006 2935 4060 carminis
2957 4021 3143 4062 versus
3173 4009 3402 4062 credidit
3441 3955 3583 4062 lien-

1998 4004 2173 4058 tinere
2199 4012 2485 4072 sequentes
2514 4005 2658 4059 illius
2678 4006 2935 4060 carminis
2957 4021 3143 4062 versus
3173 4009 3402 4063 credidit
3441 4004 3584 4063 Hen-

1997 4075 2249 4128 schenius
2278 4074 2331 4126 in
2366 4074 2484 4128 Vita
2540 4076 2713 4130 sancti
2767 4075 3040 4141 Eadberti,
3082 4072 3202 4132 Act.
3229 4074 3326 4133 SS.
3357 4090 3489 4134 tom.
3541 4079 3581 4135 Il

1998 4144 2175 4199 Martii
2201 4159 2323 4214 pag.
2352 4144 2473 4211 108,
2504 4144 2645 4200 Edit.
2680 4145 2871 4201 Venet.

2057 4258 2119 4309 Ν.
2154 4258 2230 4308 ιο,
2258 4258 2534 4325 Morborum
2562 4257 2755 4325 fugiunt
2778 4256 2932 4320 labes,
2953 4256 3090 4309 furor
3115 4261 3289 4325 impius
3314 4263 3405 4311 atri

2263 4322 2512 4370 Dmmonis
2534 4322 2744 4370 absistit;

1997 4425 2154 4481 Certe
2180 4426 2295 4479 lucc
2319 4439 2439 4477 cum
2460 4426 2712 4493 praesenti
2728 4422 2936 4479 Alcnlni
2958 4425 3268 4481 testimonio
3295 4426 3430 4481 bene
3458 4442 3585 4481 con-

316 4491 880 4575 ﬂammisabsumeren
898 4491 1120 4575 conatus
1162 4500 1263 4573 est.
1294 4532 1307 4545 .
1333 4532 1347 4546 .
1376 4532 1390 4547 .
1417 4531 1431 4546 .
1461 4533 1473 4545 .
1497 4492 1574 4575 _S.
1608 4491 1848 4549 Aidanus
1873 4536 1888 4560 ,
1925 4516 1972 4575 ο
1997 4497 2237 4575 veniunt.
2262 4491 2612 4575 Desunt—vero
2629 4497 2799 4549 sancti
2818 4496 3068 4575 Eadberti
3095 4496 3280 4561 Actus,
3298 4512 3433 4575 quos
3454 4499 3584 4575 olim

317 4579 440 4617 cum
470 4563 647 4634 ventis
669 4561 968 4634 furentibus
989 4562 1172 4634 globos
1197 4563 1379 4634 igneos
1406 4579 1468 4617 ac
1494 4563 1698 4619 fumum
1731 4580 1891 4634 supra

317 4579 440 4617 cum
470 4579 647 4617 venus
669 4579 968 4617 Iurenunus
1026 4579 1172 4617 nouos
1197 4579 1379 4631 tgneos
1406 4579 1468 4617 ac
1494 4579 1698 4619 turnum
1731 4580 1890 4634 supra

316 4648 503 4704 muros
531 4633 682 4704 urbis
707 4633 961 4704 exhalare
989 4579 1076 4703 ῗρχ
1113 4632 1282 4687 insula
1310 4634 1506 4704 Farne)
1533 4636 1890 4704 conspiceret,

300 4703 489 4758 «fertur
512 4694 933 4775 elevatisoculis
976 4694 1342 4775 manibusque
1371 4694 1499 4775 cuni
1536 4694 1791 4775 lacrimis
1815 4694 1898 4759 di;

318 4776 462 4829 xisse
489 4792 500 4825 :
542 4768 693 4838 Vide,
724 4773 965 4835 Domine,
992 4784 1189 4843 quanta
1237 4768 1377 4826 {itala
1407 4774 1526 4841 fecit
1551 4768 1752 4830 Penda.
1778 4776 1896 4842 Quo

317 4846 463 4899 dicto
503 4843 684 4914 statim
716 4844 905 4898 mutati
930 4844 997 4897 ab
1026 4845 1155 4914 urbe
1176 4844 1321 4898 vcnti
1353 4846 1405 4898 in
1455 4859 1570 4908 eos,
1593 4846 1683 4914 qui
1705 4861 1894 4901 accen-

317 4914 532 4977 derant,
554 4912 891 4968 [lammarum
922 4913 1166 4968 incendia
1214 4923 1568 4979 retorserunt,
1602 4912 1678 4969 ita
1704 4924 1761 4970 ut
1800 4916 1897 4970 alia

317 4984 412 5052 qui
436 4981 574 5045 laesi,
604 5000 791 5039 omnes
822 4986 993 5039 territi
1042 4985 1355 5054 impugnare
1403 4986 1541 5039 ultra
1566 4987 1752 5041 urbem
1779 5002 1897 5041 ces‘

317 5066 525 5125 sarem,
558 5070 717 5123 quam
745 5056 999 5125 divinitus
1038 5054 1215 5122 juvari
1256 5065 1634 5125 cognoverant.
1681 5077 1698 5109 ι
1728 5056 1898 5111 Porro

317 5123 547 5179 Bebbam
573 5126 734 5180 hodie
761 5134 845 5179 est
864 5123 1198 5189 Bamborrow
1224 5163 1239 5189 ,
1280 5123 1470 5179 Latine
1504 5125 1789 5181 Camborra
1843 5128 1896 5182 in

318 5196 727 5261 Nortlnnnhria,
759 5196 860 5249 sita
887 5210 917 5247 e
958 5195 1175 5264 regione
1208 5196 1392 5250 insula:
1418 5195 1895 5261 Limlisfarnensis,

318 5282 440 5335 quae
467 5267 624 5320 hodie
650 5282 845 5320 nomen
884 5266 1093 5335 obtinet
1132 5264 1398 5335 llolyland
1441 5281 1533 5322 seu
1565 5265 1750 5320 Insula
1775 5285 1898 5320 san-

320 5333 426 5390 cta.
464 5336 537 5389 La
571 5336 900 5400 Martinierc,
924 5333 1104 5389 Gram!
1133 5333 1509 5401 Dict'ionnairc,
1543 5338 1691 5391 verb.
1742 5337 1899 5391 Bam-

320 5407 523 5460 borrow
549 5417 604 5460 et
626 5406 981 5475 Lindisfarne.

392 5478 420 5516 b
462 5475 715 5542 Eadbert,
745 5473 834 5547 qui
860 5492 999 5531 anno
1027 5475 1127 5530 688
1158 5473 1332 5530 factus
1378 5476 1665 5547 episcopus
1691 5474 1903 5531 Lindis-

319 5547 615 5611 farnensis,
645 5558 888 5601 mortuus
930 5557 1012 5600 est
1049 5562 1189 5599 anno
1219 5546 1320 5599 6538
1347 5555 1500 5601 sexto
1537 5546 1680 5600 Maii.
1722 5547 1795 5600 [λι
1838 5563 1902 5600 eo

320 5617 616 5672 Ven.Beda
643 5620 753 5688 agit
777 5618 1110 5681 variislocis,
1133 5631 1323 5685 nempe
1344 5617 1435 5669 lib.
1469 5633 1520 5688 tv
1550 5617 1687 5672 Uist.
1718 5618 1904 5688 Gentis

320 5687 619 5758 Anglorum
672 5687 791 5758 eap.
826 5689 916 5751 ‘29,
943 5689 1077 5742 etin
1108 5688 1251 5743 Vita,
1280 5688 1451 5740 sancti
1474 5687 1750 5741 Cuthberti
1783 5703 1902 5755 cap.

325 5760 386 5813 Η
419 5757 475 5813 ct
509 5760 589 5813 li.
634 5757 761 5812 lit‘ttl
789 5759 840 5811 in
866 5760 1033 5811 altera
1063 5759 1179 5810 Vita
1210 5758 1450 5812 carmine
1497 5757 1715 5825 scripta,
1743 5773 1905 5826 quam

689 5854 961 5909 Parnm.
1008 5848 1106 5909 Cl.

1999 4568 2056 4621 ὃ.
2085 4566 2226 4690 Bega
2257 4566 2320 4618 de
2344 4566 2533 4689 clpdem
2560 4580 2718 4620 versu
2744 4566 3030 4636 scripsisse
3052 4580 3342 4633 memorat,
3373 4567 3491 4623 loco
3512 4570 3585 4623 ci-

2001 4646 2135 4690 tato.
2202 4653 2246 4690 IS
2273 4651 2365 4688 ver
2405 4651 2449 4688 IS
2480 4656 2493 4688 :

2001 4646 2135 4702 tato,
2163 4646 2246 4691 hlS
2273 4646 2449 4689 verbis
2480 4656 2493 4688 :

2248 4785 2258 4793 .
2290 4778 2303 4795 .
2333 4781 2343 4793 .
2373 4782 2387 4796 .
2417 4781 2430 4796 .
2453 4785 2464 4796 .
2489 4783 2500 4794 .
2526 4747 2683 4795 Versu
2710 4756 3015 4796 niemoranar
3036 4757 3087 4798 nt
3110 4749 3224 4799 olim

2252 4807 2385 4857 Illius
2408 4811 2614 4872 egegios
2641 4809 2863 4857 refert-ns
2886 4812 3120 4860 antistitis
3144 4822 3295 4862 actus.

2073 4927 2094 4954 ε
2137 4914 2214 4968 lta
2244 4914 2385 4967 hunc
2448 4928 2663 4985 versum
2698 4913 2970 4985 emendari
3012 4930 3168 4983 posse
3213 4913 3582 4985 credidimus,

2002 5002 2124 5041 cum
2149 4987 2200 5039 in
2225 4985 2460 5038 editione
2490 4982 2811 5049 Quercetaui
2850 4982 3104 5040 mendbse
3132 4984 3400 5055 legeretur
3423 5007 3436 5041 :

2248 5096 2443 5146 illorum
2467 5094 2589 5145 ﬁxos
2612 5101 2689 5145 est
2712 5108 2909 5155 semper
2933 5109 3096 5145 amore
3120 5098 3232 5147 Dei.

2073 5203 2098 5242 ἀ
2140 5202 2203 5255 At
2249 5210 2300 5253 tu
2327 5210 2625 5253 sanctorum
2659 5197 2853 5268 prwsul
2882 5239 2896 5261 ,
2941 5200 3045 5269 etc.
3082 5198 3439 5269 Hugibaldum
3488 5202 3587 5255 abs

2004 5273 2166 5329 dubio
2191 5269 2500 5340 compellat,
2524 5270 2613 5339 qui
2641 5261 2880 5337 tempore
2917 5261 3060 5323 illius
3106 5261 3282 5340 cladis,
3316 5270 3453 5340 regit
3486 5270 3586 5325 Ec-

2003 5344 2222 5398 clesiam
2237 5334 2846 5403 Lindisfarnensemmti
2870 5347 3083 5393 constat
3110 5354 3173 5393 ex
3204 5334 3427 5408 cpistola
3459 5340 3492 5394 9
3518 5340 3584 5396 ad

2003 5412 2250 5469 eumdem
2278 5418 2332 5465 ct
2375 5424 2589 5463 omnem
2633 5410 3102 5480 congregationem
3132 5408 3586 5480 Lindisfarnensis

2004 5481 2261 5538 Ecclesia:
2297 5480 2517 5549 scripta.
2561 5481 2689 5536 Vide
2713 5478 2875 5535 etiam
2908 5479 3189 5550 epistolam
3220 5480 3279 5534 11
3311 5478 3377 5533 ad
3403 5479 3582 5537 Aﬂdil:

2009 5556 2195 5608 relum
2220 5566 2419 5622 regem,
2455 5560 2558 5605 etc.
3375 5576 3378 5580 ι

2084 5638 2105 5661 ο
2149 5623 2299 5694 l.t~g.,
2326 5624 2505 5674 tacito.

2087 5695 2099 5732 ί
2148 5694 2330 5757 Forte,
2356 5701 2584 5744 tuorum.

3036 5852 3115 5909 26
