  <div class='ocr_page' id='page_1' title='image "/cluster/home/n/w/nwhite01/storage/ocr_20150623/101/hvd.32044004824769/411.png"; bbox 0 0 4062 6346; ppageno 0'>
   <div class='ocr_carea' id='block_1_1' title="bbox 534 331 3787 398">
    <p class='ocr_par' dir='ltr' id='par_1_1' title="bbox 534 331 3787 398">
     <span class='ocr_line' id='line_1_1' title="bbox 534 331 3787 398; baseline 0.002 -13"><span class='ocrx_word' id='word_1_1' title='bbox 534 331 632 385; x_wconf 68' lang='lat' dir='ltr'><strong>III</strong></span> <span class='ocrx_word' id='word_1_2' title='bbox 1354 333 1413 386; x_wconf 80' lang='grc' dir='ltr'><strong>Β.</strong></span> <span class='ocrx_word' id='word_1_3' title='bbox 1457 333 1516 387; x_wconf 65' lang='lat'><strong>1&quot;.</strong></span> <span class='ocrx_word' id='word_1_4' title='bbox 1557 334 1780 387; x_wconf 73' lang='lat' dir='ltr'><strong>ALBINI</strong></span> <span class='ocrx_word' id='word_1_5' title='bbox 1823 332 1953 389; x_wconf 82' lang='lat' dir='ltr'><strong>SEU</strong></span> <span class='ocrx_word' id='word_1_6' title='bbox 1994 334 2267 390; x_wconf 76' lang='lat' dir='ltr'><strong>ALCUINI</strong></span> <span class='ocrx_word' id='word_1_7' title='bbox 2311 337 2593 393; x_wconf 74' lang='lat' dir='ltr'><strong>OPERUM</strong></span> <span class='ocrx_word' id='word_1_8' title='bbox 2634 338 2808 393; x_wconf 73' lang='lat' dir='ltr'><strong>PARS</strong></span> <span class='ocrx_word' id='word_1_9' title='bbox 2852 338 2934 392; x_wconf 80' lang='lat' dir='ltr'><strong>Vl.</strong></span> <span class='ocrx_word' id='word_1_10' title='bbox 3679 342 3787 398; x_wconf 69' lang='grc'>819.</span> 
     </span>
    </p>
   </div>
   <div class='ocr_carea' id='block_1_2' title="bbox 1118 443 1531 498">
    <p class='ocr_par' dir='ltr' id='par_1_2' title="bbox 1118 443 1531 498">
     <span class='ocr_line' id='line_1_2' title="bbox 1118 443 1531 498; baseline -0.002 0"><span class='ocrx_word' id='word_1_11' title='bbox 1118 443 1393 498; x_wconf 70' lang='lat' dir='ltr'><strong>CCL&#39;XXX</strong></span> <span class='ocrx_word' id='word_1_12' title='bbox 1433 445 1531 497; x_wconf 76' lang='lat' dir='ltr'><strong>bis.</strong></span> 
     </span>
    </p>
   </div>
   <div class='ocr_carea' id='block_1_3' title="bbox 902 554 1750 610">
    <p class='ocr_par' dir='ltr' id='par_1_3' title="bbox 902 554 1750 610">
     <span class='ocr_line' id='line_1_3' title="bbox 902 554 1750 610; baseline -0.001 -1"><span class='ocrx_word' id='word_1_13' title='bbox 902 570 926 597; x_wconf 79' lang='grc' dir='ltr'>ι</span> <span class='ocrx_word' id='word_1_14' title='bbox 970 556 1043 610; x_wconf 86' lang='lat' dir='ltr'><strong>De</strong></span> <span class='ocrx_word' id='word_1_15' title='bbox 1079 554 1421 610; x_wconf 68' lang='lat' dir='ltr'><strong>Conuersione</strong></span> <span class='ocrx_word' id='word_1_16' title='bbox 1461 554 1750 610; x_wconf 77' lang='lat' dir='ltr'><strong>Saxonum.</strong></span> 
     </span>
    </p>
   </div>
   <div class='ocr_carea' id='block_1_4' title="bbox 530 666 1897 737">
    <p class='ocr_par' dir='ltr' id='par_1_4' title="bbox 530 666 1897 737">
     <span class='ocr_line' id='line_1_4' title="bbox 530 666 1897 737; baseline -0.001 -14"><span class='ocrx_word' id='word_1_17' title='bbox 530 667 761 735; x_wconf 79' lang='lat' dir='ltr'><strong>Quintus</strong></span> <span class='ocrx_word' id='word_1_18' title='bbox 789 675 905 725; x_wconf 85' lang='lat' dir='ltr'><strong>erat</strong></span> <span class='ocrx_word' id='word_1_19' title='bbox 934 666 1120 721; x_wconf 87' lang='lat' dir='ltr'><strong>mundi</strong></span> <span class='ocrx_word' id='word_1_20' title='bbox 1151 666 1323 721; x_wconf 90' lang='lat' dir='ltr'><strong>tristis</strong></span> <span class='ocrx_word' id='word_1_21' title='bbox 1350 667 1418 720; x_wconf 90' lang='lat' dir='ltr'><strong>ab</strong></span> <span class='ocrx_word' id='word_1_22' title='bbox 1444 666 1655 737; x_wconf 81' lang='lat' dir='ltr'><strong>origine</strong></span> <span class='ocrx_word' id='word_1_23' title='bbox 1685 666 1841 721; x_wconf 89' lang='lat' dir='ltr'><strong>limes</strong></span> <span class='ocrx_word' id='word_1_24' title='bbox 1869 667 1897 706; x_wconf 73' lang='grc' dir='ltr'>δ</span> 
     </span>
    </p>
   </div>
   <div class='ocr_carea' id='block_1_5' title="bbox 533 755 1886 829">
    <p class='ocr_par' dir='ltr' id='par_1_5' title="bbox 533 755 1886 829">
     <span class='ocr_line' id='line_1_5' title="bbox 533 755 1886 829; baseline -0.002 -15"><span class='ocrx_word' id='word_1_25' title='bbox 533 759 787 829; x_wconf 85' lang='lat' dir='ltr'><strong>Expletus</strong></span> <span class='ocrx_word' id='word_1_26' title='bbox 804 796 817 821; x_wconf 91' lang='lat'><strong>,</strong></span> <span class='ocrx_word' id='word_1_27' title='bbox 847 757 1037 811; x_wconf 89' lang='lat' dir='ltr'><strong>morbo</strong></span> <span class='ocrx_word' id='word_1_28' title='bbox 1064 757 1290 811; x_wconf 92' lang='lat' dir='ltr'><strong>nimium</strong></span> <span class='ocrx_word' id='word_1_29' title='bbox 1317 755 1617 812; x_wconf 85' lang='lat' dir='ltr'><strong>tabefactus</strong></span> <span class='ocrx_word' id='word_1_30' title='bbox 1645 772 1838 813; x_wconf 82' lang='lat' dir='ltr'><strong>acervo</strong></span> <span class='ocrx_word' id='word_1_31' title='bbox 1864 768 1886 798; x_wconf 72' lang='grc' dir='ltr'><strong>ο</strong></span> 
     </span>
    </p>
   </div>
   <div class='ocr_carea' id='block_1_6' title="bbox 529 848 1947 919">
    <p class='ocr_par' dir='ltr' id='par_1_6' title="bbox 529 848 1947 919">
     <span class='ocr_line' id='line_1_6' title="bbox 529 848 1947 919; baseline -0.001 -14"><span class='ocrx_word' id='word_1_32' title='bbox 529 851 798 919; x_wconf 81' lang='lat' dir='ltr'><strong>Quattuor</strong></span> <span class='ocrx_word' id='word_1_33' title='bbox 824 848 1100 904; x_wconf 85' lang='lat' dir='ltr'><strong>horribilis</strong></span> <span class='ocrx_word' id='word_1_34' title='bbox 1124 856 1296 903; x_wconf 83' lang='lat' dir='ltr'><strong>metas</strong></span> <span class='ocrx_word' id='word_1_35' title='bbox 1319 850 1447 903; x_wconf 91' lang='lat' dir='ltr'><strong>dum</strong></span> <span class='ocrx_word' id='word_1_36' title='bbox 1480 849 1744 918; x_wconf 89' lang='lat' dir='ltr'><strong>torquerit</strong></span> <span class='ocrx_word' id='word_1_37' title='bbox 1764 849 1947 905; x_wconf 86' lang='lat' dir='ltr'><strong>orbis:</strong></span> 
     </span>
    </p>
   </div>
   <div class='ocr_carea' id='block_1_7' title="bbox 527 938 1990 1009">
    <p class='ocr_par' dir='ltr' id='par_1_7' title="bbox 527 938 1990 1009">
     <span class='ocr_line' id='line_1_7' title="bbox 527 938 1990 1009; baseline -0.001 -15"><span class='ocrx_word' id='word_1_38' title='bbox 527 941 773 1009; x_wconf 85' lang='lat' dir='ltr'><strong>Dumque</strong></span> <span class='ocrx_word' id='word_1_39' title='bbox 801 938 994 993; x_wconf 90' lang='lat' dir='ltr'><strong>diurna</strong></span> <span class='ocrx_word' id='word_1_40' title='bbox 1026 948 1210 993; x_wconf 83' lang='lat' dir='ltr'><strong>rotans</strong></span> <span class='ocrx_word' id='word_1_41' title='bbox 1234 940 1511 994; x_wconf 89' lang='lat' dir='ltr'><strong>redeuntia</strong></span> <span class='ocrx_word' id='word_1_42' title='bbox 1538 940 1696 996; x_wconf 63' lang='lat' dir='ltr'><strong>saacla</strong></span> <span class='ocrx_word' id='word_1_43' title='bbox 1722 941 1990 1003; x_wconf 87' lang='lat' dir='ltr'><strong>redirent,</strong></span> 
     </span>
    </p>
   </div>
   <div class='ocr_carea' id='block_1_8' title="bbox 526 1028 1927 1100">
    <p class='ocr_par' dir='ltr' id='par_1_8' title="bbox 526 1028 1927 1100">
     <span class='ocr_line' id='line_1_8' title="bbox 526 1028 1927 1100; baseline 0 -17"><span class='ocrx_word' id='word_1_44' title='bbox 526 1028 657 1096; x_wconf 69' lang='lat' dir='ltr'><strong>Quae</strong></span> <span class='ocrx_word' id='word_1_45' title='bbox 683 1029 923 1100; x_wconf 86' lang='lat' dir='ltr'><strong>patribus</strong></span> <span class='ocrx_word' id='word_1_46' title='bbox 946 1030 1211 1098; x_wconf 89' lang='lat' dir='ltr'><strong>promissa</strong></span> <span class='ocrx_word' id='word_1_47' title='bbox 1239 1029 1431 1083; x_wconf 85' lang='lat' dir='ltr'><strong>darent</strong></span> <span class='ocrx_word' id='word_1_48' title='bbox 1453 1028 1710 1099; x_wconf 81' lang='lat' dir='ltr'><strong>fulgentia</strong></span> <span class='ocrx_word' id='word_1_49' title='bbox 1742 1044 1927 1100; x_wconf 88' lang='lat' dir='ltr'><strong>regna.</strong></span> 
     </span>
    </p>
   </div>
   <div class='ocr_carea' id='block_1_9' title="bbox 524 1116 1965 1189">
    <p class='ocr_par' dir='ltr' id='par_1_9' title="bbox 524 1116 1965 1189">
     <span class='ocr_line' id='line_1_9' title="bbox 524 1116 1965 1189; baseline 0.001 -17"><span class='ocrx_word' id='word_1_50' title='bbox 524 1118 654 1173; x_wconf 84' lang='lat' dir='ltr'><strong>Post</strong></span> <span class='ocrx_word' id='word_1_51' title='bbox 679 1117 826 1188; x_wconf 90' lang='lat' dir='ltr'><strong>capit</strong></span> <span class='ocrx_word' id='word_1_52' title='bbox 852 1116 1059 1189; x_wconf 72' lang='lat' dir='ltr'><strong>[cmpit]</strong></span> <span class='ocrx_word' id='word_1_53' title='bbox 1088 1127 1276 1173; x_wconf 89' lang='lat' dir='ltr'><strong>sextus</strong></span> <span class='ocrx_word' id='word_1_54' title='bbox 1302 1118 1429 1172; x_wconf 80' lang='lat' dir='ltr'><strong>felix</strong></span> <span class='ocrx_word' id='word_1_55' title='bbox 1457 1134 1515 1173; x_wconf 93' lang='lat' dir='ltr'><strong>se</strong></span> <span class='ocrx_word' id='word_1_56' title='bbox 1537 1118 1752 1174; x_wconf 75' lang='lat' dir='ltr'><strong>volvere</strong></span> <span class='ocrx_word' id='word_1_57' title='bbox 1778 1121 1965 1185; x_wconf 73' lang='lat' dir='ltr'><strong>cardo,</strong></span> 
     </span>
    </p>
   </div>
   <div class='ocr_carea' id='block_1_10' title="bbox 529 1208 1853 1278">
    <p class='ocr_par' dir='ltr' id='par_1_10' title="bbox 529 1208 1853 1278">
     <span class='ocr_line' id='line_1_10' title="bbox 529 1208 1853 1278; baseline 0.002 -16"><span class='ocrx_word' id='word_1_58' title='bbox 529 1208 635 1275; x_wconf 85' lang='lat' dir='ltr'><strong>Qui</strong></span> <span class='ocrx_word' id='word_1_59' title='bbox 661 1208 859 1263; x_wconf 90' lang='lat' dir='ltr'><strong>meruit</strong></span> <span class='ocrx_word' id='word_1_60' title='bbox 888 1209 1101 1263; x_wconf 84' lang='lat' dir='ltr'><strong>tandem</strong></span> <span class='ocrx_word' id='word_1_61' title='bbox 1125 1208 1444 1278; x_wconf 64' lang='lat' dir='ltr'><strong>praedictum</strong></span> <span class='ocrx_word' id='word_1_62' title='bbox 1469 1209 1730 1276; x_wconf 78' lang='lat' dir='ltr'><strong>germinis</strong></span> <span class='ocrx_word' id='word_1_63' title='bbox 1756 1210 1853 1265; x_wconf 85' lang='lat' dir='ltr'><strong>alti</strong></span> 
     </span>
    </p>
   </div>
   <div class='ocr_carea' id='block_1_11' title="bbox 525 1298 1961 1370">
    <p class='ocr_par' dir='ltr' id='par_1_11' title="bbox 525 1298 1961 1370">
     <span class='ocr_line' id='line_1_11' title="bbox 525 1298 1961 1370; baseline 0.001 -17"><span class='ocrx_word' id='word_1_64' title='bbox 525 1299 856 1361; x_wconf 75' lang='lat' dir='ltr'><strong>Adventum,</strong></span> <span class='ocrx_word' id='word_1_65' title='bbox 886 1298 1123 1368; x_wconf 84' lang='lat' dir='ltr'><strong>antiquis</strong></span> <span class='ocrx_word' id='word_1_66' title='bbox 1146 1298 1435 1368; x_wconf 87' lang='lat' dir='ltr'><strong>multisque</strong></span> <span class='ocrx_word' id='word_1_67' title='bbox 1458 1306 1742 1370; x_wconf 82' lang='lat' dir='ltr'><strong>capessere</strong></span> <span class='ocrx_word' id='word_1_68' title='bbox 1769 1300 1961 1357; x_wconf 62' lang='lat' dir='ltr'><strong>sm’clis.</strong></span> 
     </span>
    </p>
   </div>
   <div class='ocr_carea' id='block_1_12' title="bbox 524 1387 1822 1466">
    <p class='ocr_par' dir='ltr' id='par_1_12' title="bbox 524 1387 1822 1466">
     <span class='ocr_line' id='line_1_12' title="bbox 524 1387 1822 1466; baseline 0.002 -24"><span class='ocrx_word' id='word_1_69' title='bbox 524 1387 627 1455; x_wconf 89' lang='lat' dir='ltr'><strong>Qui</strong></span> <span class='ocrx_word' id='word_1_70' title='bbox 654 1388 880 1459; x_wconf 85' lang='lat' dir='ltr'><strong>Genitor</strong></span> <span class='ocrx_word' id='word_1_71' title='bbox 906 1389 1040 1445; x_wconf 90' lang='lat' dir='ltr'><strong>solio</strong></span> <span class='ocrx_word' id='word_1_72' title='bbox 1062 1387 1300 1444; x_wconf 91' lang='lat' dir='ltr'><strong>clemens</strong></span> <span class='ocrx_word' id='word_1_73' title='bbox 1324 1392 1602 1466; x_wconf 82' lang='lat' dir='ltr'><strong>prospexit</strong></span> <span class='ocrx_word' id='word_1_74' title='bbox 1623 1392 1689 1444; x_wconf 85' lang='lat' dir='ltr'><strong>ab</strong></span> <span class='ocrx_word' id='word_1_75' title='bbox 1711 1390 1822 1444; x_wconf 93' lang='lat' dir='ltr'><strong>alto</strong></span> 
     </span>
    </p>
   </div>
   <div class='ocr_carea' id='block_1_13' title="bbox 528 1476 2012 1549">
    <p class='ocr_par' dir='ltr' id='par_1_13' title="bbox 528 1476 2012 1549">
     <span class='ocr_line' id='line_1_13' title="bbox 528 1476 2012 1549; baseline 0 -16"><span class='ocrx_word' id='word_1_76' title='bbox 528 1478 899 1549; x_wconf 83' lang='lat' dir='ltr'><strong>Pompiferum</strong></span> <span class='ocrx_word' id='word_1_77' title='bbox 924 1476 1183 1533; x_wconf 92' lang='lat' dir='ltr'><strong>mundum</strong></span> <span class='ocrx_word' id='word_1_78' title='bbox 1198 1518 1212 1539; x_wconf 84' lang='lat'><strong>,</strong></span> <span class='ocrx_word' id='word_1_79' title='bbox 1240 1478 1373 1532; x_wconf 89' lang='lat' dir='ltr'><strong>dura</strong></span> <span class='ocrx_word' id='word_1_80' title='bbox 1395 1478 1494 1532; x_wconf 86' lang='lat' dir='ltr'><strong>sub</strong></span> <span class='ocrx_word' id='word_1_81' title='bbox 1516 1487 1689 1533; x_wconf 90' lang='lat' dir='ltr'><strong>morte</strong></span> <span class='ocrx_word' id='word_1_82' title='bbox 1708 1479 1979 1549; x_wconf 88' lang='lat' dir='ltr'><strong>jacentem</strong></span> <span class='ocrx_word' id='word_1_83' title='bbox 1996 1521 2012 1544; x_wconf 81' lang='lat'><strong>,</strong></span> 
     </span>
    </p>
   </div>
   <div class='ocr_carea' id='block_1_14' title="bbox 524 1569 1962 1640">
    <p class='ocr_par' dir='ltr' id='par_1_14' title="bbox 524 1569 1962 1640">
     <span class='ocr_line' id='line_1_14' title="bbox 524 1569 1962 1640; baseline 0 -15"><span class='ocrx_word' id='word_1_84' title='bbox 524 1571 595 1625; x_wconf 85' lang='lat' dir='ltr'><strong>Et</strong></span> <span class='ocrx_word' id='word_1_85' title='bbox 621 1585 790 1640; x_wconf 85' lang='lat' dir='ltr'><strong>genus</strong></span> <span class='ocrx_word' id='word_1_86' title='bbox 813 1570 1137 1635; x_wconf 88' lang='lat' dir='ltr'><strong>humanum,</strong></span> <span class='ocrx_word' id='word_1_87' title='bbox 1164 1585 1230 1624; x_wconf 86' lang='lat' dir='ltr'><strong>ex</strong></span> <span class='ocrx_word' id='word_1_88' title='bbox 1254 1569 1384 1625; x_wconf 92' lang='lat' dir='ltr'><strong>limo</strong></span> <span class='ocrx_word' id='word_1_89' title='bbox 1405 1570 1545 1640; x_wconf 88' lang='lat' dir='ltr'><strong>quod</strong></span> <span class='ocrx_word' id='word_1_90' title='bbox 1571 1569 1775 1626; x_wconf 79' lang='lat' dir='ltr'><strong>fecerat</strong></span> <span class='ocrx_word' id='word_1_91' title='bbox 1801 1570 1929 1625; x_wconf 89' lang='lat' dir='ltr'><strong>olim</strong></span> <span class='ocrx_word' id='word_1_92' title='bbox 1945 1611 1962 1636; x_wconf 87' lang='lat'><strong>,</strong></span> 
     </span>
    </p>
   </div>
   <div class='ocr_carea' id='block_1_15' title="bbox 526 1658 2023 1731">
    <p class='ocr_par' dir='ltr' id='par_1_15' title="bbox 526 1658 2023 1731">
     <span class='ocr_line' id='line_1_15' title="bbox 526 1658 2023 1731; baseline -0.001 -18"><span class='ocrx_word' id='word_1_93' title='bbox 526 1662 584 1714; x_wconf 90' lang='lat' dir='ltr'><strong>ln</strong></span> <span class='ocrx_word' id='word_1_94' title='bbox 610 1660 853 1715; x_wconf 86' lang='lat' dir='ltr'><strong>barathri</strong></span> <span class='ocrx_word' id='word_1_95' title='bbox 880 1673 1110 1715; x_wconf 87' lang='lat' dir='ltr'><strong>cernens</strong></span> <span class='ocrx_word' id='word_1_96' title='bbox 1139 1658 1347 1714; x_wconf 89' lang='lat' dir='ltr'><strong>foveam</strong></span> <span class='ocrx_word' id='word_1_97' title='bbox 1378 1661 1631 1715; x_wconf 89' lang='lat' dir='ltr'><strong>mersisse</strong></span> <span class='ocrx_word' id='word_1_98' title='bbox 1653 1660 2023 1731; x_wconf 67' lang='lat' dir='ltr'><strong>profundam.</strong></span> 
     </span>
    </p>
   </div>
   <div class='ocr_carea' id='block_1_16' title="bbox 521 1750 2048 1824">
    <p class='ocr_par' dir='ltr' id='par_1_16' title="bbox 521 1750 2048 1824">
     <span class='ocr_line' id='line_1_16' title="bbox 521 1750 2048 1824; baseline 0 -19"><span class='ocrx_word' id='word_1_99' title='bbox 521 1752 852 1824; x_wconf 78' lang='lat' dir='ltr'><strong>Tuncpater</strong></span> <span class='ocrx_word' id='word_1_100' title='bbox 877 1750 1240 1820; x_wconf 87' lang='lat' dir='ltr'><strong>omnipotens,</strong></span> <span class='ocrx_word' id='word_1_101' title='bbox 1273 1764 1453 1805; x_wconf 89' lang='lat' dir='ltr'><strong>rerum</strong></span> <span class='ocrx_word' id='word_1_102' title='bbox 1480 1751 1816 1822; x_wconf 87' lang='lat' dir='ltr'><strong>gratissimus</strong></span> <span class='ocrx_word' id='word_1_103' title='bbox 1839 1759 2048 1814; x_wconf 89' lang='lat' dir='ltr'><strong>auctor,</strong></span> 
     </span>
    </p>
   </div>
   <div class='ocr_carea' id='block_1_17' title="bbox 519 1840 1850 1910">
    <p class='ocr_par' dir='ltr' id='par_1_17' title="bbox 519 1840 1850 1910">
     <span class='ocr_line' id='line_1_17' title="bbox 519 1840 1850 1910; baseline 0.001 -15"><span class='ocrx_word' id='word_1_104' title='bbox 519 1840 613 1895; x_wconf 92' lang='lat' dir='ltr'><strong>Ille</strong></span> <span class='ocrx_word' id='word_1_105' title='bbox 637 1841 758 1910; x_wconf 92' lang='lat' dir='ltr'><strong>pius</strong></span> <span class='ocrx_word' id='word_1_106' title='bbox 787 1849 953 1905; x_wconf 86' lang='lat' dir='ltr'><strong>sator,</strong></span> <span class='ocrx_word' id='word_1_107' title='bbox 982 1853 1232 1909; x_wconf 87' lang='lat' dir='ltr'><strong>superam</strong></span> <span class='ocrx_word' id='word_1_108' title='bbox 1256 1840 1347 1909; x_wconf 91' lang='lat' dir='ltr'><strong>qui</strong></span> <span class='ocrx_word' id='word_1_109' title='bbox 1375 1849 1637 1910; x_wconf 86' lang='lat' dir='ltr'><strong>temperat</strong></span> <span class='ocrx_word' id='word_1_110' title='bbox 1662 1857 1850 1908; x_wconf 82' lang='lat' dir='ltr'><strong>axem,</strong></span> 
     </span>
    </p>
   </div>
   <div class='ocr_carea' id='block_1_18' title="bbox 520 1928 1817 1999">
    <p class='ocr_par' dir='ltr' id='par_1_18' title="bbox 520 1928 1817 1999">
     <span class='ocr_line' id='line_1_18' title="bbox 520 1928 1817 1999; baseline 0.002 -15"><span class='ocrx_word' id='word_1_111' title='bbox 520 1928 846 1999; x_wconf 78' lang='lat' dir='ltr'><strong>Progeniem</strong></span> <span class='ocrx_word' id='word_1_112' title='bbox 872 1936 1115 1982; x_wconf 89' lang='lat' dir='ltr'><strong>sanctam</strong></span> <span class='ocrx_word' id='word_1_113' title='bbox 1143 1928 1397 1997; x_wconf 64' lang='lat' dir='ltr'><strong>praecelsa</strong></span> <span class='ocrx_word' id='word_1_114' title='bbox 1424 1930 1573 1984; x_wconf 86' lang='lat' dir='ltr'><strong>mitis</strong></span> <span class='ocrx_word' id='word_1_115' title='bbox 1599 1931 1667 1985; x_wconf 84' lang='lat' dir='ltr'><strong>ab</strong></span> <span class='ocrx_word' id='word_1_116' title='bbox 1691 1940 1817 1986; x_wconf 86' lang='lat' dir='ltr'><strong>arce</strong></span> 
     </span>
    </p>
   </div>
   <div class='ocr_carea' id='block_1_19' title="bbox 526 2018 1854 2089">
    <p class='ocr_par' dir='ltr' id='par_1_19' title="bbox 526 2018 1854 2089">
     <span class='ocr_line' id='line_1_19' title="bbox 526 2018 1854 2089; baseline 0.001 -14"><span class='ocrx_word' id='word_1_117' title='bbox 526 2020 703 2084; x_wconf 81' lang='lat' dir='ltr'><strong>Misit,</strong></span> <span class='ocrx_word' id='word_1_118' title='bbox 728 2027 782 2074; x_wconf 90' lang='lat' dir='ltr'><strong>et</strong></span> <span class='ocrx_word' id='word_1_119' title='bbox 803 2018 1073 2089; x_wconf 78' lang='lat' dir='ltr'><strong>extemplo</strong></span> <span class='ocrx_word' id='word_1_120' title='bbox 1096 2018 1266 2074; x_wconf 89' lang='lat' dir='ltr'><strong>cinxit</strong></span> <span class='ocrx_word' id='word_1_121' title='bbox 1290 2018 1381 2074; x_wconf 86' lang='lat' dir='ltr'><strong>lux</strong></span> <span class='ocrx_word' id='word_1_122' title='bbox 1407 2035 1568 2076; x_wconf 91' lang='lat' dir='ltr'><strong>aurea</strong></span> <span class='ocrx_word' id='word_1_123' title='bbox 1596 2021 1854 2076; x_wconf 89' lang='lat' dir='ltr'><strong>mundum</strong></span> 
     </span>
    </p>
   </div>
   <div class='ocr_carea' id='block_1_20' title="bbox 522 2109 1937 2181">
    <p class='ocr_par' dir='ltr' id='par_1_20' title="bbox 522 2109 1937 2181">
     <span class='ocr_line' id='line_1_20' title="bbox 522 2109 1937 2181; baseline 0.003 -16"><span class='ocrx_word' id='word_1_124' title='bbox 522 2110 758 2166; x_wconf 83' lang='lat' dir='ltr'><strong>Horrida</strong></span> <span class='ocrx_word' id='word_1_125' title='bbox 783 2110 1060 2181; x_wconf 71' lang='lat' dir='ltr'><strong>probrosa:</strong></span> <span class='ocrx_word' id='word_1_126' title='bbox 1088 2109 1320 2180; x_wconf 88' lang='lat' dir='ltr'><strong>dempsit</strong></span> <span class='ocrx_word' id='word_1_127' title='bbox 1343 2110 1434 2180; x_wconf 89' lang='lat' dir='ltr'><strong>qui</strong></span> <span class='ocrx_word' id='word_1_128' title='bbox 1459 2112 1686 2167; x_wconf 90' lang='lat' dir='ltr'><strong>crimina</strong></span> <span class='ocrx_word' id='word_1_129' title='bbox 1712 2113 1903 2169; x_wconf 86' lang='lat' dir='ltr'><strong>mortis</strong></span> <span class='ocrx_word' id='word_1_130' title='bbox 1920 2144 1937 2179; x_wconf 76' lang='lat'><strong>,</strong></span> 
     </span>
    </p>
   </div>
   <div class='ocr_carea' id='block_1_21' title="bbox 516 2194 1777 2266">
    <p class='ocr_par' dir='ltr' id='par_1_21' title="bbox 516 2194 1777 2266">
     <span class='ocr_line' id='line_1_21' title="bbox 516 2194 1777 2266; baseline 0 -11"><span class='ocrx_word' id='word_1_131' title='bbox 516 2201 587 2255; x_wconf 83' lang='lat' dir='ltr'><strong>Et</strong></span> <span class='ocrx_word' id='word_1_132' title='bbox 613 2199 827 2256; x_wconf 84' lang='lat' dir='ltr'><strong>facinus</strong></span> <span class='ocrx_word' id='word_1_133' title='bbox 855 2199 1037 2254; x_wconf 87' lang='lat' dir='ltr'><strong>mundi</strong></span> <span class='ocrx_word' id='word_1_134' title='bbox 1064 2194 1319 2255; x_wconf 72' lang='lat' dir='ltr'><strong>Iordanis</strong></span> <span class='ocrx_word' id='word_1_135' title='bbox 1345 2200 1475 2254; x_wconf 84' lang='lat' dir='ltr'><strong>lavit</strong></span> <span class='ocrx_word' id='word_1_136' title='bbox 1500 2201 1555 2255; x_wconf 87' lang='lat' dir='ltr'><strong>in</strong></span> <span class='ocrx_word' id='word_1_137' title='bbox 1580 2200 1742 2256; x_wconf 87' lang='lat' dir='ltr'><strong>undis</strong></span> <span class='ocrx_word' id='word_1_138' title='bbox 1761 2234 1777 2266; x_wconf 81' lang='lat'><strong>,</strong></span> 
     </span>
    </p>
   </div>
   <div class='ocr_carea' id='block_1_22' title="bbox 522 2290 1762 2363">
    <p class='ocr_par' dir='ltr' id='par_1_22' title="bbox 522 2290 1762 2363">
     <span class='ocr_line' id='line_1_22' title="bbox 522 2290 1762 2363; baseline -0.001 -17"><span class='ocrx_word' id='word_1_139' title='bbox 522 2292 872 2361; x_wconf 84' lang='lat' dir='ltr'><strong>Signavitque</strong></span> <span class='ocrx_word' id='word_1_140' title='bbox 896 2290 1017 2359; x_wconf 88' lang='lat' dir='ltr'><strong>pios</strong></span> <span class='ocrx_word' id='word_1_141' title='bbox 1040 2290 1265 2359; x_wconf 90' lang='lat' dir='ltr'><strong>pretiosi</strong></span> <span class='ocrx_word' id='word_1_142' title='bbox 1293 2290 1569 2363; x_wconf 83' lang='lat' dir='ltr'><strong>sanguinis</strong></span> <span class='ocrx_word' id='word_1_143' title='bbox 1590 2300 1762 2348; x_wconf 66' lang='lat' dir='ltr'><strong>ostro.</strong></span> 
     </span>
    </p>
   </div>
   <div class='ocr_carea' id='block_1_23' title="bbox 523 2378 1931 2454">
    <p class='ocr_par' dir='ltr' id='par_1_23' title="bbox 523 2378 1931 2454">
     <span class='ocr_line' id='line_1_23' title="bbox 523 2378 1931 2454; baseline 0.002 -19"><span class='ocrx_word' id='word_1_144' title='bbox 523 2380 615 2435; x_wconf 85' lang='lat' dir='ltr'><strong>Sic</strong></span> <span class='ocrx_word' id='word_1_145' title='bbox 641 2394 854 2450; x_wconf 87' lang='lat' dir='ltr'><strong>quoque</strong></span> <span class='ocrx_word' id='word_1_146' title='bbox 879 2378 1132 2434; x_wconf 88' lang='lat' dir='ltr'><strong>fellivomi</strong></span> <span class='ocrx_word' id='word_1_147' title='bbox 1157 2381 1393 2450; x_wconf 65' lang='lat' dir='ltr'><strong>praedam</strong></span> <span class='ocrx_word' id='word_1_148' title='bbox 1420 2381 1487 2436; x_wconf 91' lang='lat' dir='ltr'><strong>de</strong></span> <span class='ocrx_word' id='word_1_149' title='bbox 1513 2380 1667 2436; x_wconf 89' lang='lat' dir='ltr'><strong>fauce</strong></span> <span class='ocrx_word' id='word_1_150' title='bbox 1692 2382 1931 2454; x_wconf 85' lang='lat' dir='ltr'><strong>chelydri</strong></span> 
     </span>
    </p>
   </div>
   <div class='ocr_carea' id='block_1_24' title="bbox 519 2470 2050 2543">
    <p class='ocr_par' dir='ltr' id='par_1_24' title="bbox 519 2470 2050 2543">
     <span class='ocr_line' id='line_1_24' title="bbox 519 2470 2050 2543; baseline 0.003 -18"><span class='ocrx_word' id='word_1_151' title='bbox 519 2470 792 2535; x_wconf 77' lang='lat' dir='ltr'><strong>Abstulit,</strong></span> <span class='ocrx_word' id='word_1_152' title='bbox 822 2478 877 2525; x_wconf 91' lang='lat' dir='ltr'><strong>et</strong></span> <span class='ocrx_word' id='word_1_153' title='bbox 905 2470 1161 2540; x_wconf 88' lang='lat' dir='ltr'><strong>quoquidi</strong></span> <span class='ocrx_word' id='word_1_154' title='bbox 1192 2471 1308 2541; x_wconf 79' lang='lat' dir='ltr'><strong>(sic)</strong></span> <span class='ocrx_word' id='word_1_155' title='bbox 1339 2470 1545 2525; x_wconf 89' lang='lat' dir='ltr'><strong>calidas</strong></span> <span class='ocrx_word' id='word_1_156' title='bbox 1570 2472 1819 2543; x_wconf 81' lang='lat' dir='ltr'><strong>spoliavit</strong></span> <span class='ocrx_word' id='word_1_157' title='bbox 1840 2488 2050 2541; x_wconf 81' lang='lat' dir='ltr'><strong>arenas,</strong></span> 
     </span>
    </p>
   </div>
   <div class='ocr_carea' id='block_1_25' title="bbox 522 2560 1987 2630">
    <p class='ocr_par' dir='ltr' id='par_1_25' title="bbox 522 2560 1987 2630">
     <span class='ocr_line' id='line_1_25' title="bbox 522 2560 1987 2630; baseline 0.003 -15"><span class='ocrx_word' id='word_1_158' title='bbox 522 2561 710 2617; x_wconf 78' lang='lat' dir='ltr'><strong>Victor</strong></span> <span class='ocrx_word' id='word_1_159' title='bbox 732 2576 902 2615; x_wconf 88' lang='lat' dir='ltr'><strong>ovans</strong></span> <span class='ocrx_word' id='word_1_160' title='bbox 924 2560 1114 2625; x_wconf 89' lang='lat' dir='ltr'><strong>rediit,</strong></span> <span class='ocrx_word' id='word_1_161' title='bbox 1140 2560 1376 2630; x_wconf 88' lang='lat' dir='ltr'><strong>patriam</strong></span> <span class='ocrx_word' id='word_1_162' title='bbox 1405 2562 1665 2617; x_wconf 82' lang='lat' dir='ltr'><strong>remeavit</strong></span> <span class='ocrx_word' id='word_1_163' title='bbox 1689 2564 1757 2618; x_wconf 90' lang='lat' dir='ltr'><strong>ad</strong></span> <span class='ocrx_word' id='word_1_164' title='bbox 1785 2580 1987 2620; x_wconf 86' lang='lat' dir='ltr'><strong>arcem.</strong></span> 
     </span>
    </p>
   </div>
   <div class='ocr_carea' id='block_1_26' title="bbox 517 2651 1675 2723">
    <p class='ocr_par' dir='ltr' id='par_1_26' title="bbox 517 2651 1675 2723">
     <span class='ocr_line' id='line_1_26' title="bbox 517 2651 1675 2723; baseline 0.004 -17"><span class='ocrx_word' id='word_1_165' title='bbox 517 2652 638 2707; x_wconf 83' lang='lat' dir='ltr'><strong>Jam</strong></span> <span class='ocrx_word' id='word_1_166' title='bbox 664 2653 1029 2723; x_wconf 86' lang='lat' dir='ltr'><strong>septingentos</strong></span> <span class='ocrx_word' id='word_1_167' title='bbox 1053 2651 1235 2708; x_wconf 80' lang='lat' dir='ltr'><strong>finitos</strong></span> <span class='ocrx_word' id='word_1_168' title='bbox 1261 2653 1479 2708; x_wconf 88' lang='lat' dir='ltr'><strong>circiter</strong></span> <span class='ocrx_word' id='word_1_169' title='bbox 1501 2670 1675 2711; x_wconf 89' lang='lat' dir='ltr'><strong>annos</strong></span> 
     </span>
    </p>
   </div>
   <div class='ocr_carea' id='block_1_27' title="bbox 520 2741 1771 2816">
    <p class='ocr_par' dir='ltr' id='par_1_27' title="bbox 520 2741 1771 2816">
     <span class='ocr_line' id='line_1_27' title="bbox 520 2741 1771 2816; baseline 0.002 -19"><span class='ocrx_word' id='word_1_170' title='bbox 520 2744 588 2797; x_wconf 82' lang='lat' dir='ltr'><strong>Et</strong></span> <span class='ocrx_word' id='word_1_171' title='bbox 616 2751 821 2814; x_wconf 89' lang='lat' dir='ltr'><strong>septem</strong></span> <span class='ocrx_word' id='word_1_172' title='bbox 850 2742 1061 2809; x_wconf 88' lang='lat' dir='ltr'><strong>decies,</strong></span> <span class='ocrx_word' id='word_1_173' title='bbox 1094 2742 1146 2796; x_wconf 91' lang='lat' dir='ltr'><strong>ni</strong></span> <span class='ocrx_word' id='word_1_174' title='bbox 1175 2741 1352 2809; x_wconf 90' lang='lat' dir='ltr'><strong>fallor,</strong></span> <span class='ocrx_word' id='word_1_175' title='bbox 1378 2760 1539 2816; x_wconf 90' lang='lat' dir='ltr'><strong>supra</strong></span> <span class='ocrx_word' id='word_1_176' title='bbox 1563 2743 1771 2814; x_wconf 83' lang='lat' dir='ltr'><strong>relicti,</strong></span> 
     </span>
    </p>
   </div>
   <div class='ocr_carea' id='block_1_28' title="bbox 520 2833 1832 2903">
    <p class='ocr_par' dir='ltr' id='par_1_28' title="bbox 520 2833 1832 2903">
     <span class='ocr_line' id='line_1_28' title="bbox 520 2833 1832 2903; baseline 0.004 -15"><span class='ocrx_word' id='word_1_177' title='bbox 520 2833 593 2889; x_wconf 79' lang='lat' dir='ltr'><strong>Ut</strong></span> <span class='ocrx_word' id='word_1_178' title='bbox 620 2834 785 2888; x_wconf 87' lang='lat' dir='ltr'><strong>tradit</strong></span> <span class='ocrx_word' id='word_1_179' title='bbox 812 2844 1016 2903; x_wconf 86' lang='lat' dir='ltr'><strong>septem</strong></span> <span class='ocrx_word' id='word_1_180' title='bbox 1044 2834 1348 2903; x_wconf 81' lang='lat' dir='ltr'><strong>priscorum</strong></span> <span class='ocrx_word' id='word_1_181' title='bbox 1372 2836 1612 2892; x_wconf 87' lang='lat' dir='ltr'><strong>calculus</strong></span> <span class='ocrx_word' id='word_1_182' title='bbox 1637 2837 1797 2893; x_wconf 82' lang='lat' dir='ltr'><strong>index</strong></span> <span class='ocrx_word' id='word_1_183' title='bbox 1815 2878 1832 2902; x_wconf 87' lang='lat'><strong>,</strong></span> 
     </span>
    </p>
   </div>
   <div class='ocr_carea' id='block_1_29' title="bbox 519 2923 1736 2998">
    <p class='ocr_par' dir='ltr' id='par_1_29' title="bbox 519 2923 1736 2998">
     <span class='ocr_line' id='line_1_29' title="bbox 519 2923 1736 2998; baseline 0.005 -21"><span class='ocrx_word' id='word_1_184' title='bbox 519 2924 732 2979; x_wconf 78' lang='lat' dir='ltr'><strong>Adsunt</strong></span> <span class='ocrx_word' id='word_1_185' title='bbox 757 2925 1038 2993; x_wconf 82' lang='lat' dir='ltr'><strong>praesentis</strong></span> <span class='ocrx_word' id='word_1_186' title='bbox 1067 2923 1278 2980; x_wconf 83' lang='lat' dir='ltr'><strong>deﬂuxu</strong></span> <span class='ocrx_word' id='word_1_187' title='bbox 1305 2928 1564 2998; x_wconf 88' lang='lat' dir='ltr'><strong>temporis</strong></span> <span class='ocrx_word' id='word_1_188' title='bbox 1590 2930 1736 2983; x_wconf 90' lang='lat' dir='ltr'><strong>anni.</strong></span> 
     </span>
    </p>
   </div>
   <div class='ocr_carea' id='block_1_30' title="bbox 518 3012 1788 3086">
    <p class='ocr_par' dir='ltr' id='par_1_30' title="bbox 518 3012 1788 3086">
     <span class='ocr_line' id='line_1_30' title="bbox 518 3012 1788 3086; baseline 0.006 -20"><span class='ocrx_word' id='word_1_189' title='bbox 518 3015 636 3079; x_wconf 84' lang='lat' dir='ltr'><strong>Quo</strong></span> <span class='ocrx_word' id='word_1_190' title='bbox 660 3012 883 3068; x_wconf 88' lang='lat' dir='ltr'><strong>Carolus</strong></span> <span class='ocrx_word' id='word_1_191' title='bbox 910 3029 1052 3068; x_wconf 89' lang='lat' dir='ltr'><strong>nono</strong></span> <span class='ocrx_word' id='word_1_192' title='bbox 1083 3024 1268 3083; x_wconf 80' lang='lat' dir='ltr'><strong>regnat</strong></span> <span class='ocrx_word' id='word_1_193' title='bbox 1296 3013 1525 3070; x_wconf 86' lang='lat' dir='ltr'><strong>feliciter</strong></span> <span class='ocrx_word' id='word_1_194' title='bbox 1550 3033 1692 3073; x_wconf 88' lang='lat' dir='ltr'><strong>anno</strong></span> <span class='ocrx_word' id='word_1_195' title='bbox 1718 3019 1743 3057; x_wconf 77' lang='grc' dir='ltr'>ἀ</span> <span class='ocrx_word' id='word_1_196' title='bbox 1772 3037 1788 3086; x_wconf 88' lang='grc'><strong>;</strong></span> 
     </span>
    </p>
   </div>
   <div class='ocr_carea' id='block_1_31' title="bbox 518 3194 1915 3267">
    <p class='ocr_par' dir='ltr' id='par_1_31' title="bbox 518 3194 1915 3267">
     <span class='ocr_line' id='line_1_31' title="bbox 518 3194 1915 3267; baseline 0.005 -18"><span class='ocrx_word' id='word_1_197' title='bbox 518 3194 665 3249; x_wconf 83' lang='lat' dir='ltr'><strong>Gens</strong></span> <span class='ocrx_word' id='word_1_198' title='bbox 691 3194 887 3247; x_wconf 89' lang='lat' dir='ltr'><strong>meruit</strong></span> <span class='ocrx_word' id='word_1_199' title='bbox 911 3209 1088 3264; x_wconf 84' lang='lat' dir='ltr'><strong>regem</strong></span> <span class='ocrx_word' id='word_1_200' title='bbox 1117 3210 1386 3250; x_wconf 92' lang='lat' dir='ltr'><strong>summum</strong></span> <span class='ocrx_word' id='word_1_201' title='bbox 1410 3212 1735 3267; x_wconf 81' lang='lat' dir='ltr'><strong>cognoscere</strong></span> <span class='ocrx_word' id='word_1_202' title='bbox 1758 3200 1879 3257; x_wconf 65' lang='lat' dir='ltr'><strong>caeli</strong></span> <span class='ocrx_word' id='word_1_203' title='bbox 1900 3240 1915 3266; x_wconf 88' lang='lat'><strong>,</strong></span> 
     </span>
    </p>
   </div>
   <div class='ocr_carea' id='block_1_32' title="bbox 522 3284 1807 3355">
    <p class='ocr_par' dir='ltr' id='par_1_32' title="bbox 522 3284 1807 3355">
     <span class='ocr_line' id='line_1_32' title="bbox 522 3284 1807 3355; baseline 0.004 -15"><span class='ocrx_word' id='word_1_204' title='bbox 522 3284 752 3340; x_wconf 80' lang='lat' dir='ltr'><strong>Sordida</strong></span> <span class='ocrx_word' id='word_1_205' title='bbox 779 3284 997 3352; x_wconf 87' lang='lat' dir='ltr'><strong>pollutis</strong></span> <span class='ocrx_word' id='word_1_206' title='bbox 1021 3300 1139 3353; x_wconf 70' lang='lat' dir='ltr'><strong>qum</strong></span> <span class='ocrx_word' id='word_1_207' title='bbox 1169 3286 1373 3355; x_wconf 89' lang='lat' dir='ltr'><strong>pridem</strong></span> <span class='ocrx_word' id='word_1_208' title='bbox 1403 3288 1535 3341; x_wconf 88' lang='lat' dir='ltr'><strong>dura</strong></span> <span class='ocrx_word' id='word_1_209' title='bbox 1564 3290 1807 3355; x_wconf 83' lang='lat' dir='ltr'><strong>sacellis,</strong></span> 
     </span>
    </p>
   </div>
   <div class='ocr_carea' id='block_1_33' title="bbox 517 3373 1799 3447">
    <p class='ocr_par' dir='ltr' id='par_1_33' title="bbox 517 3373 1799 3447">
     <span class='ocr_line' id='line_1_33' title="bbox 517 3373 1799 3447; baseline 0.005 -17"><span class='ocrx_word' id='word_1_210' title='bbox 517 3376 759 3430; x_wconf 88' lang='lat' dir='ltr'><strong>Ponebat</strong></span> <span class='ocrx_word' id='word_1_211' title='bbox 778 3414 793 3440; x_wconf 96' lang='lat'><strong>,</strong></span> <span class='ocrx_word' id='word_1_212' title='bbox 821 3374 1021 3445; x_wconf 90' lang='lat' dir='ltr'><strong>rapidis</strong></span> <span class='ocrx_word' id='word_1_213' title='bbox 1044 3373 1240 3429; x_wconf 87' lang='lat' dir='ltr'><strong>bustim</strong></span> <span class='ocrx_word' id='word_1_214' title='bbox 1271 3388 1292 3414; x_wconf 77' lang='grc' dir='ltr'>ο</span> <span class='ocrx_word' id='word_1_215' title='bbox 1321 3377 1543 3447; x_wconf 88' lang='lat' dir='ltr'><strong>depasta</strong></span> <span class='ocrx_word' id='word_1_216' title='bbox 1566 3380 1799 3436; x_wconf 87' lang='lat' dir='ltr'><strong>caminis</strong></span> 
     </span>
    </p>
   </div>
   <div class='ocr_carea' id='block_1_34' title="bbox 520 3468 1735 3537">
    <p class='ocr_par' dir='ltr' id='par_1_34' title="bbox 520 3468 1735 3537">
     <span class='ocr_line' id='line_1_34' title="bbox 520 3468 1735 3537; baseline 0.002 -15"><span class='ocrx_word' id='word_1_217' title='bbox 520 3468 643 3523; x_wconf 82' lang='lat' dir='ltr'><strong>Rite</strong></span> <span class='ocrx_word' id='word_1_218' title='bbox 668 3476 979 3537; x_wconf 83' lang='lat' dir='ltr'><strong>cruentatas</strong></span> <span class='ocrx_word' id='word_1_219' title='bbox 1006 3477 1187 3522; x_wconf 86' lang='lat' dir='ltr'><strong>tauros</strong></span> <span class='ocrx_word' id='word_1_220' title='bbox 1213 3470 1482 3524; x_wconf 88' lang='lat' dir='ltr'><strong>mactabat</strong></span> <span class='ocrx_word' id='word_1_221' title='bbox 1502 3471 1569 3526; x_wconf 88' lang='lat' dir='ltr'><strong>ad</strong></span> <span class='ocrx_word' id='word_1_222' title='bbox 1594 3486 1735 3527; x_wconf 88' lang='lat' dir='ltr'><strong>aras.</strong></span> 
     </span>
    </p>
   </div>
   <div class='ocr_carea' id='block_1_35' title="bbox 520 3559 1925 3629">
    <p class='ocr_par' dir='ltr' id='par_1_35' title="bbox 520 3559 1925 3629">
     <span class='ocr_line' id='line_1_35' title="bbox 520 3559 1925 3629; baseline 0.003 -14"><span class='ocrx_word' id='word_1_223' title='bbox 520 3561 589 3616; x_wconf 84' lang='lat' dir='ltr'><strong>Et</strong></span> <span class='ocrx_word' id='word_1_224' title='bbox 612 3560 900 3615; x_wconf 89' lang='lat' dir='ltr'><strong>demonum</strong></span> <span class='ocrx_word' id='word_1_225' title='bbox 925 3559 1103 3614; x_wconf 88' lang='lat' dir='ltr'><strong>cultus</strong></span> <span class='ocrx_word' id='word_1_226' title='bbox 1125 3560 1262 3615; x_wconf 90' lang='lat' dir='ltr'><strong>colla</strong></span> <span class='ocrx_word' id='word_1_227' title='bbox 1291 3560 1609 3617; x_wconf 84' lang='lat' dir='ltr'><strong>inﬂectendo</strong></span> <span class='ocrx_word' id='word_1_228' title='bbox 1634 3561 1893 3619; x_wconf 86' lang='lat' dir='ltr'><strong>nefandos</strong></span> <span class='ocrx_word' id='word_1_229' title='bbox 1910 3606 1925 3629; x_wconf 89' lang='lat'><strong>,</strong></span> 
     </span>
    </p>
   </div>
   <div class='ocr_carea' id='block_1_36' title="bbox 520 3652 2091 3724">
    <p class='ocr_par' dir='ltr' id='par_1_36' title="bbox 520 3652 2091 3724">
     <span class='ocr_line' id='line_1_36' title="bbox 520 3652 2091 3724; baseline 0.003 -16"><span class='ocrx_word' id='word_1_230' title='bbox 520 3652 846 3723; x_wconf 84' lang='lat' dir='ltr'><strong>Suppliciter</strong></span> <span class='ocrx_word' id='word_1_231' title='bbox 871 3666 1135 3706; x_wconf 88' lang='lat' dir='ltr'><strong>venerans</strong></span> <span class='ocrx_word' id='word_1_232' title='bbox 1156 3666 1514 3723; x_wconf 88' lang='lat' dir='ltr'><strong>proceresque</strong></span> <span class='ocrx_word' id='word_1_233' title='bbox 1548 3654 1792 3724; x_wconf 88' lang='lat' dir='ltr'><strong>Deosque</strong></span> <span class='ocrx_word' id='word_1_234' title='bbox 1830 3655 2091 3723; x_wconf 84' lang='lat' dir='ltr'><strong>Penates,</strong></span> 
     </span>
    </p>
   </div>
   <div class='ocr_carea' id='block_1_37' title="bbox 518 3741 1809 3815">
    <p class='ocr_par' dir='ltr' id='par_1_37' title="bbox 518 3741 1809 3815">
     <span class='ocr_line' id='line_1_37' title="bbox 518 3741 1809 3815; baseline 0.002 -16"><span class='ocrx_word' id='word_1_235' title='bbox 518 3744 809 3799; x_wconf 87' lang='lat' dir='ltr'><strong>Barbarica</strong></span> <span class='ocrx_word' id='word_1_236' title='bbox 836 3744 981 3798; x_wconf 88' lang='lat' dir='ltr'><strong>rabie</strong></span> <span class='ocrx_word' id='word_1_237' title='bbox 1010 3741 1183 3799; x_wconf 83' lang='lat' dir='ltr'><strong>ﬂuxas</strong></span> <span class='ocrx_word' id='word_1_238' title='bbox 1207 3754 1487 3815; x_wconf 85' lang='lat' dir='ltr'><strong>grassante</strong></span> <span class='ocrx_word' id='word_1_239' title='bbox 1516 3747 1775 3802; x_wconf 88' lang='lat' dir='ltr'><strong>medullas</strong></span> <span class='ocrx_word' id='word_1_240' title='bbox 1792 3788 1809 3814; x_wconf 88' lang='lat'><strong>,</strong></span> 
     </span>
    </p>
   </div>
   <div class='ocr_carea' id='block_1_38' title="bbox 517 3833 1848 3909">
    <p class='ocr_par' dir='ltr' id='par_1_38' title="bbox 517 3833 1848 3909">
     <span class='ocr_line' id='line_1_38' title="bbox 517 3833 1848 3909; baseline 0.002 -18"><span class='ocrx_word' id='word_1_241' title='bbox 517 3834 624 3891; x_wconf 88' lang='lat' dir='ltr'><strong>Pro</strong></span> <span class='ocrx_word' id='word_1_242' title='bbox 650 3850 829 3889; x_wconf 89' lang='lat' dir='ltr'><strong>rerum</strong></span> <span class='ocrx_word' id='word_1_243' title='bbox 854 3833 1070 3888; x_wconf 85' lang='lat' dir='ltr'><strong>fortuna</strong></span> <span class='ocrx_word' id='word_1_244' title='bbox 1096 3834 1248 3903; x_wconf 88' lang='lat' dir='ltr'><strong>plebs</strong></span> <span class='ocrx_word' id='word_1_245' title='bbox 1269 3836 1575 3891; x_wconf 79' lang='lat' dir='ltr'><strong>miseranda</strong></span> <span class='ocrx_word' id='word_1_246' title='bbox 1602 3838 1848 3909; x_wconf 86' lang='lat' dir='ltr'><strong>rogabat.</strong></span> 
     </span>
    </p>
   </div>
   <div class='ocr_carea' id='block_1_39' title="bbox 519 3924 1825 3996">
    <p class='ocr_par' dir='ltr' id='par_1_39' title="bbox 519 3924 1825 3996">
     <span class='ocr_line' id='line_1_39' title="bbox 519 3924 1825 3996; baseline 0.001 -15"><span class='ocrx_word' id='word_1_247' title='bbox 519 3925 635 3981; x_wconf 85' lang='lat' dir='ltr'><strong>IIoc</strong></span> <span class='ocrx_word' id='word_1_248' title='bbox 659 3941 827 3996; x_wconf 89' lang='lat' dir='ltr'><strong>genus</strong></span> <span class='ocrx_word' id='word_1_249' title='bbox 850 3926 1079 3980; x_wconf 90' lang='lat' dir='ltr'><strong>indocile</strong></span> <span class='ocrx_word' id='word_1_250' title='bbox 1101 3924 1320 3981; x_wconf 85' lang='lat' dir='ltr'><strong>Christo</strong></span> <span class='ocrx_word' id='word_1_251' title='bbox 1345 3926 1657 3983; x_wconf 88' lang='lat' dir='ltr'><strong>famularier</strong></span> <span class='ocrx_word' id='word_1_252' title='bbox 1679 3929 1788 3982; x_wconf 85' lang='lat' dir='ltr'><strong>alto</strong></span> <span class='ocrx_word' id='word_1_253' title='bbox 1822 3950 1825 3953; x_wconf 49' lang='grc' dir='ltr'><strong>η</strong></span> 
     </span>
    </p>
   </div>
   <div class='ocr_carea' id='block_1_40' title="bbox 516 4016 1950 4087">
    <p class='ocr_par' dir='ltr' id='par_1_40' title="bbox 516 4016 1950 4087">
     <span class='ocr_line' id='line_1_40' title="bbox 516 4016 1950 4087; baseline 0.003 -16"><span class='ocrx_word' id='word_1_254' title='bbox 516 4016 774 4087; x_wconf 84' lang='lat' dir='ltr'><strong>Ignorans</strong></span> <span class='ocrx_word' id='word_1_255' title='bbox 791 4056 805 4080; x_wconf 96' lang='lat'><strong>,</strong></span> <span class='ocrx_word' id='word_1_256' title='bbox 832 4016 1119 4071; x_wconf 88' lang='lat' dir='ltr'><strong>Dominum</strong></span> <span class='ocrx_word' id='word_1_257' title='bbox 1145 4032 1269 4070; x_wconf 88' lang='lat' dir='ltr'><strong>nam</strong></span> <span class='ocrx_word' id='word_1_258' title='bbox 1293 4017 1455 4072; x_wconf 90' lang='lat' dir='ltr'><strong>corde</strong></span> <span class='ocrx_word' id='word_1_259' title='bbox 1480 4019 1703 4075; x_wconf 89' lang='lat' dir='ltr'><strong>credere</strong></span> <span class='ocrx_word' id='word_1_260' title='bbox 1728 4020 1917 4076; x_wconf 85' lang='lat' dir='ltr'><strong>nolens</strong></span> <span class='ocrx_word' id='word_1_261' title='bbox 1934 4060 1950 4085; x_wconf 87' lang='lat'><strong>,</strong></span> 
     </span>
    </p>
   </div>
   <div class='ocr_carea' id='block_1_41' title="bbox 518 4107 1899 4169">
    <p class='ocr_par' dir='ltr' id='par_1_41' title="bbox 518 4107 1899 4169">
     <span class='ocr_line' id='line_1_41' title="bbox 518 4107 1899 4169; baseline 0.004 -8"><span class='ocrx_word' id='word_1_262' title='bbox 518 4107 599 4161; x_wconf 91' lang='lat' dir='ltr'><strong>Ob</strong></span> <span class='ocrx_word' id='word_1_263' title='bbox 625 4122 845 4161; x_wconf 87' lang='lat' dir='ltr'><strong>causam</strong></span> <span class='ocrx_word' id='word_1_264' title='bbox 872 4115 1068 4161; x_wconf 69' lang='lat' dir='ltr'><strong>nostra:</strong></span> <span class='ocrx_word' id='word_1_265' title='bbox 1091 4107 1145 4162; x_wconf 90' lang='lat' dir='ltr'><strong>in</strong></span> <span class='ocrx_word' id='word_1_266' title='bbox 1171 4108 1428 4164; x_wconf 88' lang='lat' dir='ltr'><strong>mundum</strong></span> <span class='ocrx_word' id='word_1_267' title='bbox 1455 4110 1668 4166; x_wconf 86' lang='lat' dir='ltr'><strong>venisse</strong></span> <span class='ocrx_word' id='word_1_268' title='bbox 1690 4112 1899 4169; x_wconf 87' lang='lat' dir='ltr'><strong>salutis.</strong></span> 
     </span>
    </p>
   </div>
   <div class='ocr_carea' id='block_1_42' title="bbox 521 4196 2023 4273">
    <p class='ocr_par' dir='ltr' id='par_1_42' title="bbox 521 4196 2023 4273">
     <span class='ocr_line' id='line_1_42' title="bbox 521 4196 2023 4273; baseline 0.006 -22"><span class='ocrx_word' id='word_1_269' title='bbox 521 4196 674 4253; x_wconf 86' lang='lat' dir='ltr'><strong>Ilanc</strong></span> <span class='ocrx_word' id='word_1_270' title='bbox 700 4197 926 4253; x_wconf 89' lang='lat' dir='ltr'><strong>Carolus</strong></span> <span class='ocrx_word' id='word_1_271' title='bbox 950 4198 1201 4269; x_wconf 83' lang='lat' dir='ltr'><strong>princeps</strong></span> <span class='ocrx_word' id='word_1_272' title='bbox 1224 4209 1441 4270; x_wconf 88' lang='lat' dir='ltr'><strong>gentem</strong></span> <span class='ocrx_word' id='word_1_273' title='bbox 1462 4242 1477 4267; x_wconf 90' lang='lat'><strong>,</strong></span> <span class='ocrx_word' id='word_1_274' title='bbox 1502 4199 1830 4273; x_wconf 89' lang='lat' dir='ltr'><strong>fulgentibus</strong></span> <span class='ocrx_word' id='word_1_275' title='bbox 1854 4207 2023 4261; x_wconf 75' lang='lat' dir='ltr'><strong>armis</strong></span> 
     </span>
    </p>
   </div>
   <div class='ocr_carea' id='block_1_43' title="bbox 520 4288 1825 4362">
    <p class='ocr_par' dir='ltr' id='par_1_43' title="bbox 520 4288 1825 4362">
     <span class='ocr_line' id='line_1_43' title="bbox 520 4288 1825 4362; baseline 0.007 -19"><span class='ocrx_word' id='word_1_276' title='bbox 520 4288 759 4343; x_wconf 86' lang='lat' dir='ltr'><strong>Fortiter</strong></span> <span class='ocrx_word' id='word_1_277' title='bbox 787 4290 1062 4345; x_wconf 90' lang='lat' dir='ltr'><strong>adcinctos</strong></span> <span class='ocrx_word' id='word_1_278' title='bbox 1092 4289 1109 4328; x_wconf 75' lang='grc' dir='ltr'><strong>ί</strong></span> <span class='ocrx_word' id='word_1_279' title='bbox 1140 4290 1306 4361; x_wconf 87' lang='lat' dir='ltr'><strong>galeis</strong></span> <span class='ocrx_word' id='word_1_280' title='bbox 1338 4294 1596 4349; x_wconf 88' lang='lat' dir='ltr'><strong>cristatus</strong></span> <span class='ocrx_word' id='word_1_281' title='bbox 1619 4296 1825 4362; x_wconf 89' lang='lat' dir='ltr'><strong>acutis,</strong></span> 
     </span>
    </p>
   </div>
   <div class='ocr_carea' id='block_1_44' title="bbox 516 4378 1735 4453">
    <p class='ocr_par' dir='ltr' id='par_1_44' title="bbox 516 4378 1735 4453">
     <span class='ocr_line' id='line_1_44' title="bbox 516 4378 1735 4453; baseline 0.008 -21"><span class='ocrx_word' id='word_1_282' title='bbox 516 4378 753 4435; x_wconf 78' lang='lat' dir='ltr'><strong>Arbitris</strong></span> <span class='ocrx_word' id='word_1_283' title='bbox 779 4382 803 4420; x_wconf 74' lang='grc'><strong><em>⁸</em></strong></span> <span class='ocrx_word' id='word_1_284' title='bbox 830 4381 1017 4435; x_wconf 82' lang='lat' dir='ltr'><strong>:eterni</strong></span> <span class='ocrx_word' id='word_1_285' title='bbox 1046 4381 1183 4435; x_wconf 89' lang='lat' dir='ltr'><strong>mira</strong></span> <span class='ocrx_word' id='word_1_286' title='bbox 1210 4384 1411 4440; x_wconf 87' lang='lat' dir='ltr'><strong>virtute</strong></span> <span class='ocrx_word' id='word_1_287' title='bbox 1432 4385 1655 4453; x_wconf 87' lang='lat' dir='ltr'><strong>jubatus</strong></span> <span class='ocrx_word' id='word_1_288' title='bbox 1679 4384 1703 4424; x_wconf 70' lang='grc' dir='ltr'>δ</span> <span class='ocrx_word' id='word_1_289' title='bbox 1721 4429 1735 4452; x_wconf 90' lang='grc'>,</span> 
     </span>
    </p>
   </div>
   <div class='ocr_carea' id='block_1_45' title="bbox 516 4468 1883 4547">
    <p class='ocr_par' dir='ltr' id='par_1_45' title="bbox 516 4468 1883 4547">
     <span class='ocr_line' id='line_1_45' title="bbox 516 4468 1883 4547; baseline 0.007 -23"><span class='ocrx_word' id='word_1_290' title='bbox 516 4468 623 4524; x_wconf 87' lang='lat' dir='ltr'><strong>Per</strong></span> <span class='ocrx_word' id='word_1_291' title='bbox 646 4471 826 4532; x_wconf 85' lang='lat' dir='ltr'><strong>varios</strong></span> <span class='ocrx_word' id='word_1_292' title='bbox 847 4472 1254 4543; x_wconf 88' lang='lat' dir='ltr'><strong>casusdomuit,</strong></span> <span class='ocrx_word' id='word_1_293' title='bbox 1272 4487 1368 4542; x_wconf 90' lang='lat' dir='ltr'><strong>per</strong></span> <span class='ocrx_word' id='word_1_294' title='bbox 1392 4474 1535 4528; x_wconf 90' lang='lat' dir='ltr'><strong>mille</strong></span> <span class='ocrx_word' id='word_1_295' title='bbox 1562 4477 1883 4547; x_wconf 86' lang='lat' dir='ltr'><strong>triumphos,</strong></span> 
     </span>
    </p>
   </div>
   <div class='ocr_carea' id='block_1_46' title="bbox 519 4558 1797 4630">
    <p class='ocr_par' dir='ltr' id='par_1_46' title="bbox 519 4558 1797 4630">
     <span class='ocr_line' id='line_1_46' title="bbox 519 4558 1797 4630; baseline 0.006 -19"><span class='ocrx_word' id='word_1_296' title='bbox 519 4558 730 4627; x_wconf 84' lang='lat' dir='ltr'><strong>Perque</strong></span> <span class='ocrx_word' id='word_1_297' title='bbox 751 4558 1081 4613; x_wconf 80' lang='lat' dir='ltr'><strong>cruoriferos</strong></span> <span class='ocrx_word' id='word_1_298' title='bbox 1106 4560 1325 4623; x_wconf 81' lang='lat' dir='ltr'><strong>ambos,</strong></span> <span class='ocrx_word' id='word_1_299' title='bbox 1352 4576 1450 4630; x_wconf 88' lang='lat' dir='ltr'><strong>per</strong></span> <span class='ocrx_word' id='word_1_300' title='bbox 1474 4563 1578 4617; x_wconf 87' lang='lat' dir='ltr'><strong>tela</strong></span> <span class='ocrx_word' id='word_1_301' title='bbox 1603 4565 1761 4620; x_wconf 89' lang='lat' dir='ltr'><strong>duelli</strong></span> <span class='ocrx_word' id='word_1_302' title='bbox 1782 4608 1797 4630; x_wconf 85' lang='lat'><strong>,</strong></span> 
     </span>
    </p>
   </div>
   <div class='ocr_carea' id='block_1_47' title="bbox 511 4648 1745 4718">
    <p class='ocr_par' dir='ltr' id='par_1_47' title="bbox 511 4648 1745 4718">
     <span class='ocr_line' id='line_1_47' title="bbox 511 4648 1745 4718; baseline 0.006 -17"><span class='ocrx_word' id='word_1_303' title='bbox 511 4648 624 4703; x_wconf 66' lang='lat' dir='ltr'><strong>&#39;«Per</strong></span> <span class='ocrx_word' id='word_1_304' title='bbox 648 4649 754 4701; x_wconf 87' lang='lat' dir='ltr'><strong>vim</strong></span> <span class='ocrx_word' id='word_1_305' title='bbox 779 4650 1035 4702; x_wconf 87' lang='lat' dir='ltr'><strong>virtutum</strong></span> <span class='ocrx_word' id='word_1_306' title='bbox 1052 4689 1067 4713; x_wconf 95' lang='lat'><strong>,</strong></span> <span class='ocrx_word' id='word_1_307' title='bbox 1095 4664 1193 4717; x_wconf 90' lang='lat' dir='ltr'><strong>per</strong></span> <span class='ocrx_word' id='word_1_308' title='bbox 1213 4650 1414 4718; x_wconf 88' lang='lat' dir='ltr'><strong>spicula</strong></span> <span class='ocrx_word' id='word_1_309' title='bbox 1440 4651 1530 4706; x_wconf 91' lang='lat' dir='ltr'><strong>lita</strong></span> <span class='ocrx_word' id='word_1_310' title='bbox 1554 4668 1745 4708; x_wconf 89' lang='lat' dir='ltr'><strong>cruore</strong></span> 
     </span>
    </p>
   </div>
   <div class='ocr_carea' id='block_1_48' title="bbox 512 4737 1812 4815">
    <p class='ocr_par' dir='ltr' id='par_1_48' title="bbox 512 4737 1812 4815">
     <span class='ocr_line' id='line_1_48' title="bbox 512 4737 1812 4815; baseline 0.006 -24"><span class='ocrx_word' id='word_1_311' title='bbox 512 4737 820 4800; x_wconf 80' lang='lat' dir='ltr'><strong>Contrivit,</strong></span> <span class='ocrx_word' id='word_1_312' title='bbox 852 4738 1068 4791; x_wconf 87' lang='lat' dir='ltr'><strong>sibimet</strong></span> <span class='ocrx_word' id='word_1_313' title='bbox 1092 4738 1270 4809; x_wconf 87' lang='lat' dir='ltr'><strong>gladio</strong></span> <span class='ocrx_word' id='word_1_314' title='bbox 1295 4740 1539 4796; x_wconf 87' lang='lat' dir='ltr'><strong>vibrante</strong></span> <span class='ocrx_word' id='word_1_315' title='bbox 1564 4745 1773 4815; x_wconf 78' lang='lat' dir='ltr'><strong>subegit</strong></span> <span class='ocrx_word' id='word_1_316' title='bbox 1799 4763 1812 4810; x_wconf 87' lang='lat'><strong>;</strong></span> 
     </span>
    </p>
   </div>
   <div class='ocr_carea' id='block_1_49' title="bbox 521 4825 1777 4903">
    <p class='ocr_par' dir='ltr' id='par_1_49' title="bbox 521 4825 1777 4903">
     <span class='ocr_line' id='line_1_49' title="bbox 521 4825 1777 4903; baseline 0.007 -24"><span class='ocrx_word' id='word_1_317' title='bbox 521 4825 712 4879; x_wconf 84' lang='lat' dir='ltr'><strong>Traxit</strong></span> <span class='ocrx_word' id='word_1_318' title='bbox 736 4826 1007 4881; x_wconf 73' lang='lat' dir='ltr'><strong>silviculas</strong></span> <span class='ocrx_word' id='word_1_319' title='bbox 1034 4829 1100 4882; x_wconf 91' lang='lat' dir='ltr'><strong>ad</strong></span> <span class='ocrx_word' id='word_1_320' title='bbox 1124 4828 1243 4882; x_wconf 63' lang='lat' dir='ltr'><strong>caeli</strong></span> <span class='ocrx_word' id='word_1_321' title='bbox 1272 4845 1433 4899; x_wconf 88' lang='lat' dir='ltr'><strong>regna</strong></span> <span class='ocrx_word' id='word_1_322' title='bbox 1459 4831 1777 4903; x_wconf 86' lang='lat' dir='ltr'><strong>phalanges,</strong></span> 
     </span>
    </p>
   </div>
   <div class='ocr_carea' id='block_1_50' title="bbox 521 4913 1913 4994">
    <p class='ocr_par' dir='ltr' id='par_1_50' title="bbox 521 4913 1913 4994">
     <span class='ocr_line' id='line_1_50' title="bbox 521 4913 1913 4994; baseline 0.009 -28"><span class='ocrx_word' id='word_1_323' title='bbox 521 4913 751 4983; x_wconf 73' lang='lat' dir='ltr'><strong>Moxque</strong></span> <span class='ocrx_word' id='word_1_324' title='bbox 770 4914 926 4984; x_wconf 85' lang='lat' dir='ltr'><strong>lupos</strong></span> <span class='ocrx_word' id='word_1_325' title='bbox 951 4929 1119 4970; x_wconf 62' lang='lat' dir='ltr'><strong>saevos</strong></span> <span class='ocrx_word' id='word_1_326' title='bbox 1146 4924 1360 4972; x_wconf 88' lang='lat' dir='ltr'><strong>teneros</strong></span> <span class='ocrx_word' id='word_1_327' title='bbox 1382 4920 1609 4975; x_wconf 85' lang='lat' dir='ltr'><strong>mutavit</strong></span> <span class='ocrx_word' id='word_1_328' title='bbox 1634 4921 1687 4976; x_wconf 91' lang='lat' dir='ltr'><strong>in</strong></span> <span class='ocrx_word' id='word_1_329' title='bbox 1714 4938 1877 4994; x_wconf 85' lang='lat' dir='ltr'><strong>agnos</strong></span> <span class='ocrx_word' id='word_1_330' title='bbox 1901 4943 1913 4978; x_wconf 90' lang='lat'><strong>:</strong></span> 
     </span>
    </p>
   </div>
   <div class='ocr_carea' id='block_1_51' title="bbox 519 4998 1777 5082">
    <p class='ocr_par' dir='ltr' id='par_1_51' title="bbox 519 4998 1777 5082">
     <span class='ocr_line' id='line_1_51' title="bbox 519 4998 1777 5082; baseline 0.008 -22"><span class='ocrx_word' id='word_1_331' title='bbox 519 5006 857 5063; x_wconf 83' lang='lat' dir='ltr'><strong>Raucisonos</strong></span> <span class='ocrx_word' id='word_1_332' title='bbox 882 4998 1257 5065; x_wconf 45' lang='lat' dir='ltr'><strong>tiizctos&#39;furva</strong></span> <span class='ocrx_word' id='word_1_333' title='bbox 1282 5012 1560 5082; x_wconf 90' lang='lat' dir='ltr'><strong>nigredine</strong></span> <span class='ocrx_word' id='word_1_334' title='bbox 1582 5029 1777 5070; x_wconf 83' lang='lat' dir='ltr'><strong>corvos</strong></span> 
     </span>
    </p>
   </div>
   <div class='ocr_carea' id='block_1_52' title="bbox 518 5096 1931 5172">
    <p class='ocr_par' dir='ltr' id='par_1_52' title="bbox 518 5096 1931 5172">
     <span class='ocr_line' id='line_1_52' title="bbox 518 5096 1931 5172; baseline 0.006 -20"><span class='ocrx_word' id='word_1_335' title='bbox 518 5097 695 5153; x_wconf 82' lang='lat' dir='ltr'><strong>Vertit</strong></span> <span class='ocrx_word' id='word_1_336' title='bbox 722 5098 776 5153; x_wconf 89' lang='lat' dir='ltr'><strong>in</strong></span> <span class='ocrx_word' id='word_1_337' title='bbox 802 5096 1046 5153; x_wconf 83' lang='lat' dir='ltr'><strong>albitluas</strong></span> <span class='ocrx_word' id='word_1_338' title='bbox 1072 5099 1252 5155; x_wconf 90' lang='lat' dir='ltr'><strong>subito</strong></span> <span class='ocrx_word' id='word_1_339' title='bbox 1270 5098 1602 5172; x_wconf 84' lang='lat' dir='ltr'><strong>jamjamque</strong></span> <span class='ocrx_word' id='word_1_340' title='bbox 1626 5104 1899 5161; x_wconf 91' lang='lat' dir='ltr'><strong>columbas</strong></span> <span class='ocrx_word' id='word_1_341' title='bbox 1917 5148 1931 5172; x_wconf 95' lang='lat'><strong>,</strong></span> 
     </span>
    </p>
   </div>
   <div class='ocr_carea' id='block_1_53' title="bbox 518 3103 2168 3202">
    <p class='ocr_par' dir='ltr' id='par_1_53' title="bbox 518 3103 2168 3202">
     <span class='ocr_line' id='line_1_53' title="bbox 518 3103 2168 3202; baseline 0.005 -44"><span class='ocrx_word' id='word_1_342' title='bbox 518 3105 577 3159; x_wconf 90' lang='lat' dir='ltr'><strong>In</strong></span> <span class='ocrx_word' id='word_1_343' title='bbox 606 3119 712 3174; x_wconf 89' lang='lat' dir='ltr'><strong>quo</strong></span> <span class='ocrx_word' id='word_1_344' title='bbox 738 3103 1012 3159; x_wconf 84' lang='lat' dir='ltr'><strong>Saxonum</strong></span> <span class='ocrx_word' id='word_1_345' title='bbox 1037 3119 1206 3172; x_wconf 87' lang='lat' dir='ltr'><strong>pravo</strong></span> <span class='ocrx_word' id='word_1_346' title='bbox 1229 3106 1293 3158; x_wconf 92' lang='lat' dir='ltr'><strong>de</strong></span> <span class='ocrx_word' id='word_1_347' title='bbox 1318 3105 1577 3175; x_wconf 78' lang='lat' dir='ltr'><strong>sanguine</strong></span> <span class='ocrx_word' id='word_1_348' title='bbox 1602 3117 1748 3163; x_wconf 88' lang='lat' dir='ltr'><strong>creta</strong></span> <span class='ocrx_word' id='word_1_349' title='bbox 2117 3135 2168 3202; x_wconf 67' lang='grc' dir='ltr'>ο</span> 
     </span>
    </p>
   </div>
   <div class='ocr_carea' id='block_1_54' title="bbox 590 5228 2097 5308">
    <p class='ocr_par' dir='ltr' id='par_1_54' title="bbox 590 5228 2097 5308">
     <span class='ocr_line' id='line_1_54' title="bbox 590 5228 2097 5308; baseline 0.009 -27"><span class='ocrx_word' id='word_1_350' title='bbox 590 5241 617 5308; x_wconf 54' lang='grc' dir='ltr'><strong>ς</strong></span> <span class='ocrx_word' id='word_1_351' title='bbox 654 5228 976 5308; x_wconf 69' lang='lat' dir='ltr'><strong>carmenex</strong></span> <span class='ocrx_word' id='word_1_352' title='bbox 998 5229 1184 5308; x_wconf 68' lang='lat' dir='ltr'><strong>codice</strong></span> <span class='ocrx_word' id='word_1_353' title='bbox 1207 5231 1415 5302; x_wconf 87' lang='lat' dir='ltr'><strong>collegii</strong></span> <span class='ocrx_word' id='word_1_354' title='bbox 1438 5232 1495 5289; x_wconf 91' lang='lat' dir='ltr'><strong>S.</strong></span> <span class='ocrx_word' id='word_1_355' title='bbox 1520 5232 1672 5308; x_wconf 83' lang='lat' dir='ltr'><strong>Pauli</strong></span> <span class='ocrx_word' id='word_1_356' title='bbox 1692 5237 2097 5308; x_wconf 72' lang='lat' dir='ltr'><strong>depromptum;</strong></span> 
     </span>
    </p>
   </div>
   <div class='ocr_carea' id='block_1_55' title="bbox 517 5297 2099 5367">
    <p class='ocr_par' dir='ltr' id='par_1_55' title="bbox 517 5297 2099 5367">
     <span class='ocr_line' id='line_1_55' title="bbox 517 5297 2099 5367; baseline 0.009 -14"><span class='ocrx_word' id='word_1_357' title='bbox 517 5297 659 5353; x_wconf 80' lang='lat' dir='ltr'><strong>forte</strong></span> <span class='ocrx_word' id='word_1_358' title='bbox 686 5298 899 5354; x_wconf 75' lang='lat' dir='ltr'><strong>Alcuini</strong></span> <span class='ocrx_word' id='word_1_359' title='bbox 922 5341 935 5363; x_wconf 93' lang='lat'><strong>,</strong></span> <span class='ocrx_word' id='word_1_360' title='bbox 970 5300 1153 5353; x_wconf 85' lang='lat' dir='ltr'><strong>multis</strong></span> <span class='ocrx_word' id='word_1_361' title='bbox 1180 5297 1368 5355; x_wconf 67' lang='lat' dir='ltr'><strong>tamen</strong></span> <span class='ocrx_word' id='word_1_362' title='bbox 1390 5305 1596 5359; x_wconf 85' lang='lat' dir='ltr'><strong>mendis</strong></span> <span class='ocrx_word' id='word_1_363' title='bbox 1625 5297 1882 5363; x_wconf 50' lang='lat' dir='ltr'><strong>obsit-um.</strong></span> <span class='ocrx_word' id='word_1_364' title='bbox 1918 5297 1985 5349; x_wconf 54' lang='grc' dir='ltr'><strong>λ-</strong></span> <span class='ocrx_word' id='word_1_365' title='bbox 2024 5297 2099 5367; x_wconf 70' lang='lat' dir='ltr'><strong>Ex</strong></span> 
     </span>
    </p>
   </div>
   <div class='ocr_carea' id='block_1_56' title="bbox 518 5369 2187 5447">
    <p class='ocr_par' dir='ltr' id='par_1_56' title="bbox 518 5369 2187 5447">
     <span class='ocr_line' id='line_1_56' title="bbox 518 5369 2187 5447; baseline 0.009 -25"><span class='ocrx_word' id='word_1_366' title='bbox 518 5369 791 5447; x_wconf 35' lang='lat' dir='ltr'><strong>densat-ns</strong></span> <span class='ocrx_word' id='word_1_367' title='bbox 814 5370 1304 5447; x_wconf 54' lang='lat' dir='ltr'><strong>aputlFrobenium</strong></span> <span class='ocrx_word' id='word_1_368' title='bbox 1323 5412 1338 5437; x_wconf 90' lang='lat'><strong>,</strong></span> <span class='ocrx_word' id='word_1_369' title='bbox 1363 5374 1429 5428; x_wconf 87' lang='lat' dir='ltr'><strong>ad</strong></span> <span class='ocrx_word' id='word_1_370' title='bbox 1457 5375 1659 5429; x_wconf 58' lang='lat' dir='ltr'><strong>cal.em</strong></span> <span class='ocrx_word' id='word_1_371' title='bbox 1690 5379 1818 5432; x_wconf 88' lang='lat' dir='ltr'><strong>tomi</strong></span> <span class='ocrx_word' id='word_1_372' title='bbox 1847 5382 2098 5447; x_wconf 85' lang='lat' dir='ltr'><strong>secundi,</strong></span> <span class='ocrx_word' id='word_1_373' title='bbox 2182 5406 2187 5409; x_wconf 95' lang='grc'>·</span> 
     </span>
    </p>
   </div>
   <div class='ocr_carea' id='block_1_57' title="bbox 520 5438 1273 5519">
    <p class='ocr_par' dir='ltr' id='par_1_57' title="bbox 520 5438 1273 5519">
     <span class='ocr_line' id='line_1_57' title="bbox 520 5438 1273 5519; baseline 0.003 -26"><span class='ocrx_word' id='word_1_374' title='bbox 520 5438 627 5493; x_wconf 83' lang='lat' dir='ltr'><strong>huc</strong></span> <span class='ocrx_word' id='word_1_375' title='bbox 656 5438 902 5493; x_wconf 79' lang='lat' dir='ltr'><strong>relatum.</strong></span> <span class='ocrx_word' id='word_1_376' title='bbox 933 5440 1089 5494; x_wconf 79' lang='lat' dir='ltr'><strong>Eon.</strong></span> <span class='ocrx_word' id='word_1_377' title='bbox 1272 5516 1273 5519; x_wconf 13' lang='grc' dir='ltr'><strong>η</strong></span> 
     </span>
    </p>
   </div>
   <div class='ocr_carea' id='block_1_58' title="bbox 594 5529 1234 5601">
    <p class='ocr_par' dir='ltr' id='par_1_58' title="bbox 594 5529 1234 5601">
     <span class='ocr_line' id='line_1_58' title="bbox 594 5529 1234 5601; baseline 0.009 -19"><span class='ocrx_word' id='word_1_378' title='bbox 594 5530 620 5569; x_wconf 70' lang='grc'>1⁵</span> <span class='ocrx_word' id='word_1_379' title='bbox 656 5529 849 5595; x_wconf 81' lang='lat' dir='ltr'><strong>Forte,</strong></span> <span class='ocrx_word' id='word_1_380' title='bbox 876 5532 1059 5601; x_wconf 81' lang='lat' dir='ltr'><strong>quinta</strong></span> <span class='ocrx_word' id='word_1_381' title='bbox 1087 5543 1234 5588; x_wconf 74' lang='lat' dir='ltr'><strong>a&#39;tos.</strong></span> 
     </span>
    </p>
   </div>
   <div class='ocr_carea' id='block_1_59' title="bbox 596 5625 1359 5695">
    <p class='ocr_par' dir='ltr' id='par_1_59' title="bbox 596 5625 1359 5695">
     <span class='ocr_line' id='line_1_59' title="bbox 596 5625 1359 5695; baseline 0.004 -15"><span class='ocrx_word' id='word_1_382' title='bbox 596 5637 616 5664; x_wconf 70' lang='grc' dir='ltr'><strong>ε</strong></span> <span class='ocrx_word' id='word_1_383' title='bbox 657 5625 809 5695; x_wconf 83' lang='lat' dir='ltr'><strong>ch.,</strong></span> <span class='ocrx_word' id='word_1_384' title='bbox 838 5627 1128 5695; x_wconf 74' lang='lat' dir='ltr'><strong>labefactus</strong></span> <span class='ocrx_word' id='word_1_385' title='bbox 1156 5631 1359 5683; x_wconf 66' lang='lat' dir='ltr'><strong>aret‘bo.</strong></span> 
     </span>
    </p>
   </div>
   <div class='ocr_carea' id='block_1_60' title="bbox 595 5715 2102 5797">
    <p class='ocr_par' dir='ltr' id='par_1_60' title="bbox 595 5715 2102 5797">
     <span class='ocr_line' id='line_1_60' title="bbox 595 5715 2102 5797; baseline 0.012 -30"><span class='ocrx_word' id='word_1_386' title='bbox 595 5715 618 5751; x_wconf 71' lang='grc' dir='ltr'><strong>ι¹</strong></span> <span class='ocrx_word' id='word_1_387' title='bbox 658 5716 809 5783; x_wconf 79' lang='lat' dir='ltr'><strong>Anno</strong></span> <span class='ocrx_word' id='word_1_388' title='bbox 836 5717 957 5781; x_wconf 81' lang='lat' dir='ltr'><strong>77f,</strong></span> <span class='ocrx_word' id='word_1_389' title='bbox 984 5718 1207 5773; x_wconf 84' lang='lat' dir='ltr'><strong>Carolus</strong></span> <span class='ocrx_word' id='word_1_390' title='bbox 1233 5721 1377 5775; x_wconf 79' lang='lat' dir='ltr'><strong>solus</strong></span> <span class='ocrx_word' id='word_1_391' title='bbox 1407 5738 1625 5795; x_wconf 76' lang='lat' dir='ltr'><strong>regnum</strong></span> <span class='ocrx_word' id='word_1_392' title='bbox 1655 5728 1888 5797; x_wconf 80' lang='lat' dir='ltr'><strong>suscepit</strong></span> <span class='ocrx_word' id='word_1_393' title='bbox 1915 5745 1928 5793; x_wconf 84' lang='lat'><strong>;</strong></span> <span class='ocrx_word' id='word_1_394' title='bbox 1962 5745 2102 5785; x_wconf 88' lang='lat' dir='ltr'><strong>anno</strong></span> 
     </span>
    </p>
   </div>
   <div class='ocr_carea' id='block_1_61' title="bbox 2140 446 3618 520">
    <p class='ocr_par' dir='ltr' id='par_1_61' title="bbox 2140 446 3618 520">
     <span class='ocr_line' id='line_1_61' title="bbox 2140 446 3618 520; baseline 0.005 -20"><span class='ocrx_word' id='word_1_395' title='bbox 2140 450 2192 507; x_wconf 73' lang='grc' dir='ltr'><strong>Δ</strong></span> <span class='ocrx_word' id='word_1_396' title='bbox 2217 446 2464 516; x_wconf 83' lang='lat' dir='ltr'><strong>Alipedes</strong></span> <span class='ocrx_word' id='word_1_397' title='bbox 2490 448 2720 517; x_wconf 86' lang='lat' dir='ltr'><strong>Griphes</strong></span> <span class='ocrx_word' id='word_1_398' title='bbox 2746 449 2925 503; x_wconf 91' lang='lat' dir='ltr'><strong>subito</strong></span> <span class='ocrx_word' id='word_1_399' title='bbox 2941 491 2954 512; x_wconf 92' lang='lat'><strong>,</strong></span> <span class='ocrx_word' id='word_1_400' title='bbox 2984 449 3351 520; x_wconf 80' lang='lat' dir='ltr'><strong>Harpyiasque</strong></span> <span class='ocrx_word' id='word_1_401' title='bbox 3374 451 3618 508; x_wconf 81' lang='lat' dir='ltr'><strong>volucres</strong></span> 
     </span>
    </p>
   </div>
   <div class='ocr_carea' id='block_1_62' title="bbox 2209 536 3573 613">
    <p class='ocr_par' dir='ltr' id='par_1_62' title="bbox 2209 536 3573 613">
     <span class='ocr_line' id='line_1_62' title="bbox 2209 536 3573 613; baseline 0.008 -21"><span class='ocrx_word' id='word_1_402' title='bbox 2209 536 2266 592; x_wconf 86' lang='lat' dir='ltr'><strong>In</strong></span> <span class='ocrx_word' id='word_1_403' title='bbox 2295 540 2536 609; x_wconf 89' lang='lat' dir='ltr'><strong>placidas</strong></span> <span class='ocrx_word' id='word_1_404' title='bbox 2560 543 2826 597; x_wconf 82' lang='lat' dir='ltr'><strong>convertit</strong></span> <span class='ocrx_word' id='word_1_405' title='bbox 2851 557 3006 608; x_wconf 86' lang='lat' dir='ltr'><strong>aves,</strong></span> <span class='ocrx_word' id='word_1_406' title='bbox 3033 545 3284 613; x_wconf 85' lang='lat' dir='ltr'><strong>dirosque</strong></span> <span class='ocrx_word' id='word_1_407' title='bbox 3310 545 3573 603; x_wconf 87' lang='lat' dir='ltr'><strong>molossos</strong></span> 
     </span>
    </p>
   </div>
   <div class='ocr_carea' id='block_1_63' title="bbox 2212 628 3486 706">
    <p class='ocr_par' dir='ltr' id='par_1_63' title="bbox 2212 628 3486 706">
     <span class='ocr_line' id='line_1_63' title="bbox 2212 628 3486 706; baseline 0.006 -22"><span class='ocrx_word' id='word_1_408' title='bbox 2212 628 2511 686; x_wconf 86' lang='lat' dir='ltr'><strong>Transtulit</strong></span> <span class='ocrx_word' id='word_1_409' title='bbox 2535 634 2589 687; x_wconf 90' lang='lat' dir='ltr'><strong>in</strong></span> <span class='ocrx_word' id='word_1_410' title='bbox 2616 633 2761 688; x_wconf 86' lang='lat' dir='ltr'><strong>molli</strong></span> <span class='ocrx_word' id='word_1_411' title='bbox 2786 640 2960 689; x_wconf 87' lang='lat' dir='ltr'><strong>tectas</strong></span> <span class='ocrx_word' id='word_1_412' title='bbox 2983 634 3234 706; x_wconf 86' lang='lat' dir='ltr'><strong>lanugine</strong></span> <span class='ocrx_word' id='word_1_413' title='bbox 3260 637 3447 693; x_wconf 89' lang='lat' dir='ltr'><strong>damas</strong></span> <span class='ocrx_word' id='word_1_414' title='bbox 3470 654 3486 692; x_wconf 88' lang='lat'><strong>:</strong></span> 
     </span>
    </p>
   </div>
   <div class='ocr_carea' id='block_1_64' title="bbox 2212 719 3472 793">
    <p class='ocr_par' dir='ltr' id='par_1_64' title="bbox 2212 719 3472 793">
     <span class='ocr_line' id='line_1_64' title="bbox 2212 719 3472 793; baseline 0.009 -21"><span class='ocrx_word' id='word_1_415' title='bbox 2212 719 2611 791; x_wconf 84' lang='lat' dir='ltr'><strong>Saltigerosque</strong></span> <span class='ocrx_word' id='word_1_416' title='bbox 2637 724 2801 793; x_wconf 86' lang='lat' dir='ltr'><strong>tigres</strong></span> <span class='ocrx_word' id='word_1_417' title='bbox 2816 763 2829 786; x_wconf 90' lang='lat'><strong>,</strong></span> <span class='ocrx_word' id='word_1_418' title='bbox 2859 723 3000 778; x_wconf 87' lang='lat' dir='ltr'><strong>fulva</strong></span> <span class='ocrx_word' id='word_1_419' title='bbox 3027 726 3236 781; x_wconf 87' lang='lat' dir='ltr'><strong>cervice</strong></span> <span class='ocrx_word' id='word_1_420' title='bbox 3259 727 3441 783; x_wconf 90' lang='lat' dir='ltr'><strong>leones</strong></span> <span class='ocrx_word' id='word_1_421' title='bbox 3457 769 3472 792; x_wconf 90' lang='lat'><strong>,</strong></span> 
     </span>
    </p>
   </div>
   <div class='ocr_carea' id='block_1_65' title="bbox 2210 809 3525 884">
    <p class='ocr_par' dir='ltr' id='par_1_65' title="bbox 2210 809 3525 884">
     <span class='ocr_line' id='line_1_65' title="bbox 2210 809 3525 884; baseline 0.006 -20"><span class='ocrx_word' id='word_1_422' title='bbox 2210 809 2364 864; x_wconf 80' lang='lat' dir='ltr'><strong>Haud</strong></span> <span class='ocrx_word' id='word_1_423' title='bbox 2389 824 2544 867; x_wconf 89' lang='lat' dir='ltr'><strong>secus</strong></span> <span class='ocrx_word' id='word_1_424' title='bbox 2568 823 2627 866; x_wconf 91' lang='lat' dir='ltr'><strong>ut</strong></span> <span class='ocrx_word' id='word_1_425' title='bbox 2650 813 2836 881; x_wconf 90' lang='lat' dir='ltr'><strong>pecual</strong></span> <span class='ocrx_word' id='word_1_426' title='bbox 2862 816 3141 884; x_wconf 75' lang='lat' dir='ltr'><strong>prOpriOre</strong></span> <span class='ocrx_word' id='word_1_427' title='bbox 3163 816 3355 871; x_wconf 90' lang='lat' dir='ltr'><strong>clausit</strong></span> <span class='ocrx_word' id='word_1_428' title='bbox 3376 818 3525 874; x_wconf 88' lang='lat' dir='ltr'><strong>ovili.</strong></span> 
     </span>
    </p>
   </div>
   <div class='ocr_carea' id='block_1_66' title="bbox 2208 898 3395 972">
    <p class='ocr_par' dir='ltr' id='par_1_66' title="bbox 2208 898 3395 972">
     <span class='ocr_line' id='line_1_66' title="bbox 2208 898 3395 972; baseline 0.007 -19"><span class='ocrx_word' id='word_1_429' title='bbox 2208 898 2442 968; x_wconf 82' lang='lat' dir='ltr'><strong>Postque</strong></span> <span class='ocrx_word' id='word_1_430' title='bbox 2465 898 2725 956; x_wconf 83' lang='lat' dir='ltr'><strong>salutiferi</strong></span> <span class='ocrx_word' id='word_1_431' title='bbox 2751 901 2996 972; x_wconf 88' lang='lat' dir='ltr'><strong>perfusos</strong></span> <span class='ocrx_word' id='word_1_432' title='bbox 3021 920 3141 959; x_wconf 89' lang='lat' dir='ltr'><strong>rore</strong></span> <span class='ocrx_word' id='word_1_433' title='bbox 3165 906 3361 963; x_wconf 79' lang='lat' dir='ltr'><strong>lavacri</strong></span> <span class='ocrx_word' id='word_1_434' title='bbox 3380 949 3395 972; x_wconf 90' lang='lat'><strong>,</strong></span> 
     </span>
    </p>
   </div>
   <div class='ocr_carea' id='block_1_67' title="bbox 2210 986 3613 1056">
    <p class='ocr_par' dir='ltr' id='par_1_67' title="bbox 2210 986 3613 1056">
     <span class='ocr_line' id='line_1_67' title="bbox 2210 986 3613 1056; baseline 0.011 -15"><span class='ocrx_word' id='word_1_435' title='bbox 2210 986 2321 1042; x_wconf 90' lang='lat' dir='ltr'><strong>Sub</strong></span> <span class='ocrx_word' id='word_1_436' title='bbox 2351 988 2531 1044; x_wconf 83' lang='lat' dir='ltr'><strong>Patris</strong></span> <span class='ocrx_word' id='word_1_437' title='bbox 2554 998 2609 1045; x_wconf 90' lang='lat' dir='ltr'><strong>et</strong></span> <span class='ocrx_word' id='word_1_438' title='bbox 2634 989 2813 1045; x_wconf 86' lang='lat' dir='ltr'><strong>Ceniti</strong></span> <span class='ocrx_word' id='word_1_439' title='bbox 2831 1033 2845 1056; x_wconf 90' lang='lat'><strong>,</strong></span> <span class='ocrx_word' id='word_1_440' title='bbox 2872 994 3043 1047; x_wconf 90' lang='lat' dir='ltr'><strong>sancti</strong></span> <span class='ocrx_word' id='word_1_441' title='bbox 3071 995 3172 1049; x_wconf 88' lang='lat' dir='ltr'><strong>sub</strong></span> <span class='ocrx_word' id='word_1_442' title='bbox 3199 994 3456 1053; x_wconf 84' lang='lat' dir='ltr'><strong>Flaminis</strong></span> <span class='ocrx_word' id='word_1_443' title='bbox 3487 1000 3613 1056; x_wconf 84' lang='lat' dir='ltr'><strong>almi</strong></span> 
     </span>
    </p>
   </div>
   <div class='ocr_carea' id='block_1_68' title="bbox 2208 1076 3565 1154">
    <p class='ocr_par' dir='ltr' id='par_1_68' title="bbox 2208 1076 3565 1154">
     <span class='ocr_line' id='line_1_68' title="bbox 2208 1076 3565 1154; baseline 0.01 -23"><span class='ocrx_word' id='word_1_444' title='bbox 2208 1076 2434 1133; x_wconf 80' lang='lat' dir='ltr'><strong>Nomine</strong></span> <span class='ocrx_word' id='word_1_445' title='bbox 2450 1119 2464 1142; x_wconf 88' lang='lat'><strong>,</strong></span> <span class='ocrx_word' id='word_1_446' title='bbox 2490 1095 2598 1148; x_wconf 90' lang='lat' dir='ltr'><strong>quo</strong></span> <span class='ocrx_word' id='word_1_447' title='bbox 2624 1089 2821 1135; x_wconf 81' lang='lat' dir='ltr'><strong>nostrae</strong></span> <span class='ocrx_word' id='word_1_448' title='bbox 2845 1090 3056 1137; x_wconf 89' lang='lat' dir='ltr'><strong>constat</strong></span> <span class='ocrx_word' id='word_1_449' title='bbox 3080 1098 3203 1152; x_wconf 90' lang='lat' dir='ltr'><strong>spes</strong></span> <span class='ocrx_word' id='word_1_450' title='bbox 3225 1087 3385 1141; x_wconf 90' lang='lat' dir='ltr'><strong>unica</strong></span> <span class='ocrx_word' id='word_1_451' title='bbox 3409 1089 3565 1154; x_wconf 65' lang='lat' dir='ltr'><strong>vitaz,</strong></span> 
     </span>
    </p>
   </div>
   <div class='ocr_carea' id='block_1_69' title="bbox 2207 1165 3498 1237">
    <p class='ocr_par' dir='ltr' id='par_1_69' title="bbox 2207 1165 3498 1237">
     <span class='ocr_line' id='line_1_69' title="bbox 2207 1165 3498 1237; baseline 0.01 -18"><span class='ocrx_word' id='word_1_452' title='bbox 2207 1165 2660 1237; x_wconf 86' lang='lat' dir='ltr'><strong>Christicolasque</strong></span> <span class='ocrx_word' id='word_1_453' title='bbox 2683 1169 2845 1224; x_wconf 89' lang='lat' dir='ltr'><strong>rudes</strong></span> <span class='ocrx_word' id='word_1_454' title='bbox 2866 1172 2933 1225; x_wconf 91' lang='lat' dir='ltr'><strong>ad</strong></span> <span class='ocrx_word' id='word_1_455' title='bbox 2959 1171 3081 1226; x_wconf 64' lang='lat' dir='ltr'><strong>caeli</strong></span> <span class='ocrx_word' id='word_1_456' title='bbox 3107 1173 3282 1228; x_wconf 84' lang='lat' dir='ltr'><strong>sidera</strong></span> <span class='ocrx_word' id='word_1_457' title='bbox 3309 1177 3457 1231; x_wconf 92' lang='lat' dir='ltr'><strong>misit</strong></span> <span class='ocrx_word' id='word_1_458' title='bbox 3483 1193 3498 1232; x_wconf 92' lang='lat'>:</span> 
     </span>
    </p>
   </div>
   <div class='ocr_carea' id='block_1_70' title="bbox 2205 1252 3541 1334">
    <p class='ocr_par' dir='ltr' id='par_1_70' title="bbox 2205 1252 3541 1334">
     <span class='ocr_line' id='line_1_70' title="bbox 2205 1252 3541 1334; baseline 0.01 -25"><span class='ocrx_word' id='word_1_459' title='bbox 2205 1252 2600 1311; x_wconf 89' lang='lat' dir='ltr'><strong>Chrismatibus</strong></span> <span class='ocrx_word' id='word_1_460' title='bbox 2622 1266 2777 1313; x_wconf 80' lang='lat' dir='ltr'><strong>sa‘Cro</strong></span> <span class='ocrx_word' id='word_1_461' title='bbox 2801 1258 3013 1315; x_wconf 86' lang='lat' dir='ltr'><strong>inunxit</strong></span> <span class='ocrx_word' id='word_1_462' title='bbox 3035 1263 3357 1333; x_wconf 85' lang='lat' dir='ltr'><strong>baptismate</strong></span> <span class='ocrx_word' id='word_1_463' title='bbox 3381 1264 3541 1334; x_wconf 82' lang='lat' dir='ltr'><strong>lotos,</strong></span> 
     </span>
    </p>
   </div>
   <div class='ocr_carea' id='block_1_71' title="bbox 2208 1343 3704 1426">
    <p class='ocr_par' dir='ltr' id='par_1_71' title="bbox 2208 1343 3704 1426">
     <span class='ocr_line' id='line_1_71' title="bbox 2208 1343 3704 1426; baseline 0.013 -29"><span class='ocrx_word' id='word_1_464' title='bbox 2208 1343 2325 1411; x_wconf 89' lang='lat' dir='ltr'><strong>Quo</strong></span> <span class='ocrx_word' id='word_1_465' title='bbox 2343 1345 2455 1415; x_wconf 89' lang='lat' dir='ltr'><strong>jam</strong></span> <span class='ocrx_word' id='word_1_466' title='bbox 2484 1346 2763 1403; x_wconf 86' lang='lat' dir='ltr'><strong>fumiferas</strong></span> <span class='ocrx_word' id='word_1_467' title='bbox 2786 1350 2998 1407; x_wconf 87' lang='lat' dir='ltr'><strong>valeant</strong></span> <span class='ocrx_word' id='word_1_468' title='bbox 3021 1356 3403 1412; x_wconf 89' lang='lat' dir='ltr'><strong>transcendere</strong></span> <span class='ocrx_word' id='word_1_469' title='bbox 3427 1356 3704 1426; x_wconf 66' lang='lat' dir='ltr'><strong>flammas,</strong></span> 
     </span>
    </p>
   </div>
   <div class='ocr_carea' id='block_1_72' title="bbox 2195 1434 3640 1513">
    <p class='ocr_par' dir='ltr' id='par_1_72' title="bbox 2195 1434 3640 1513">
     <span class='ocr_line' id='line_1_72' title="bbox 2195 1434 3640 1513; baseline 0.01 -24"><span class='ocrx_word' id='word_1_470' title='bbox 2195 1434 2632 1511; x_wconf 24' lang='lat' dir='ltr'><strong>‘Progeniernque</strong></span> <span class='ocrx_word' id='word_1_471' title='bbox 2655 1453 2846 1493; x_wconf 87' lang='lat' dir='ltr'><strong>novam</strong></span> <span class='ocrx_word' id='word_1_472' title='bbox 2871 1440 3068 1498; x_wconf 90' lang='lat' dir='ltr'><strong>Christi</strong></span> <span class='ocrx_word' id='word_1_473' title='bbox 3089 1445 3339 1513; x_wconf 87' lang='lat' dir='ltr'><strong>perduxit</strong></span> <span class='ocrx_word' id='word_1_474' title='bbox 3361 1447 3414 1500; x_wconf 92' lang='lat' dir='ltr'><strong>in</strong></span> <span class='ocrx_word' id='word_1_475' title='bbox 3440 1447 3640 1504; x_wconf 86' lang='lat' dir='ltr'><strong>aulam.</strong></span> 
     </span>
    </p>
   </div>
   <div class='ocr_carea' id='block_1_73' title="bbox 2204 1525 3524 1606">
    <p class='ocr_par' dir='ltr' id='par_1_73' title="bbox 2204 1525 3524 1606">
     <span class='ocr_line' id='line_1_73' title="bbox 2204 1525 3524 1606; baseline 0.008 -27"><span class='ocrx_word' id='word_1_476' title='bbox 2204 1525 2374 1580; x_wconf 85' lang='lat' dir='ltr'><strong>Porro</strong></span> <span class='ocrx_word' id='word_1_477' title='bbox 2399 1527 2758 1583; x_wconf 89' lang='lat' dir='ltr'><strong>celsithronus</strong></span> <span class='ocrx_word' id='word_1_478' title='bbox 2777 1529 2941 1600; x_wconf 87' lang='lat' dir='ltr'><strong>judex</strong></span> <span class='ocrx_word' id='word_1_479' title='bbox 2968 1547 3089 1586; x_wconf 91' lang='lat' dir='ltr'><strong>cum</strong></span> <span class='ocrx_word' id='word_1_480' title='bbox 3115 1532 3291 1588; x_wconf 86' lang='lat' dir='ltr'><strong>factor</strong></span> <span class='ocrx_word' id='word_1_481' title='bbox 3312 1533 3524 1606; x_wconf 86' lang='lat' dir='ltr'><strong>Olympi</strong></span> 
     </span>
    </p>
   </div>
   <div class='ocr_carea' id='block_1_74' title="bbox 2216 1608 3569 1691">
    <p class='ocr_par' dir='ltr' id='par_1_74' title="bbox 2216 1608 3569 1691">
     <span class='ocr_line' id='line_1_74' title="bbox 2216 1608 3569 1691; baseline 0.011 -25"><span class='ocrx_word' id='word_1_482' title='bbox 2216 1608 2457 1680; x_wconf 74' lang='lat' dir='ltr'><strong>Venerit,</strong></span> <span class='ocrx_word' id='word_1_483' title='bbox 2480 1615 2762 1673; x_wconf 91' lang='lat' dir='ltr'><strong>ultricibus</strong></span> <span class='ocrx_word' id='word_1_484' title='bbox 2785 1620 3043 1674; x_wconf 87' lang='lat' dir='ltr'><strong>mundum</strong></span> <span class='ocrx_word' id='word_1_485' title='bbox 3070 1622 3327 1678; x_wconf 90' lang='lat' dir='ltr'><strong>damnare</strong></span> <span class='ocrx_word' id='word_1_486' title='bbox 3352 1623 3569 1691; x_wconf 82' lang='lat' dir='ltr'><strong>favillis,</strong></span> 
     </span>
    </p>
   </div>
   <div class='ocr_carea' id='block_1_75' title="bbox 2205 1702 3469 1773">
    <p class='ocr_par' dir='ltr' id='par_1_75' title="bbox 2205 1702 3469 1773">
     <span class='ocr_line' id='line_1_75' title="bbox 2205 1702 3469 1773; baseline 0.013 -17"><span class='ocrx_word' id='word_1_487' title='bbox 2205 1702 2271 1756; x_wconf 87' lang='lat' dir='ltr'><strong>Et</strong></span> <span class='ocrx_word' id='word_1_488' title='bbox 2296 1719 2390 1757; x_wconf 89' lang='lat' dir='ltr'><strong>vas</strong></span> <span class='ocrx_word' id='word_1_489' title='bbox 2411 1704 2726 1773; x_wconf 86' lang='lat' dir='ltr'><strong>pestiferum</strong></span> <span class='ocrx_word' id='word_1_490' title='bbox 2752 1709 2959 1763; x_wconf 76' lang='lat' dir='ltr'><strong>ctelesti</strong></span> <span class='ocrx_word' id='word_1_491' title='bbox 2986 1710 3209 1767; x_wconf 90' lang='lat' dir='ltr'><strong>fulmine</strong></span> <span class='ocrx_word' id='word_1_492' title='bbox 3231 1713 3421 1771; x_wconf 86' lang='lat' dir='ltr'><strong>fractis</strong></span> <span class='ocrx_word' id='word_1_493' title='bbox 3454 1720 3469 1756; x_wconf 70' lang='grc' dir='ltr'>ί</span> 
     </span>
    </p>
   </div>
   <div class='ocr_carea' id='block_1_76' title="bbox 2133 1786 3569 1871">
    <p class='ocr_par' dir='ltr' id='par_1_76' title="bbox 2133 1786 3569 1871">
     <span class='ocr_line' id='line_1_76' title="bbox 2133 1786 3569 1871; baseline 0.011 -24"><span class='ocrx_word' id='word_1_494' title='bbox 2133 1786 2182 1847; x_wconf 84' lang='grc' dir='ltr'><strong>Β</strong></span> <span class='ocrx_word' id='word_1_495' title='bbox 2206 1791 2286 1847; x_wconf 85' lang='lat' dir='ltr'><strong>Ad</strong></span> <span class='ocrx_word' id='word_1_496' title='bbox 2312 1792 2526 1864; x_wconf 86' lang='lat' dir='ltr'><strong>Stygias</strong></span> <span class='ocrx_word' id='word_1_497' title='bbox 2551 1798 2747 1866; x_wconf 85' lang='lat' dir='ltr'><strong>raptim</strong></span> <span class='ocrx_word' id='word_1_498' title='bbox 2772 1798 2987 1855; x_wconf 85' lang='lat' dir='ltr'><strong>vincam</strong></span> <span class='ocrx_word' id='word_1_499' title='bbox 3016 1805 3299 1859; x_wconf 88' lang='lat' dir='ltr'><strong>retruserit</strong></span> <span class='ocrx_word' id='word_1_500' title='bbox 3320 1807 3569 1871; x_wconf 83' lang='lat' dir='ltr'><strong>umbras,</strong></span> 
     </span>
    </p>
   </div>
   <div class='ocr_carea' id='block_1_77' title="bbox 2203 1881 3568 1967">
    <p class='ocr_par' dir='ltr' id='par_1_77' title="bbox 2203 1881 3568 1967">
     <span class='ocr_line' id='line_1_77' title="bbox 2203 1881 3568 1967; baseline 0.011 -31"><span class='ocrx_word' id='word_1_501' title='bbox 2203 1881 2571 1955; x_wconf 85' lang='lat' dir='ltr'><strong>Fulvereoque</strong></span> <span class='ocrx_word' id='word_1_502' title='bbox 2595 1887 2751 1957; x_wconf 86' lang='lat' dir='ltr'><strong>globo</strong></span> <span class='ocrx_word' id='word_1_503' title='bbox 2776 1899 3049 1945; x_wconf 88' lang='lat' dir='ltr'><strong>versutum</strong></span> <span class='ocrx_word' id='word_1_504' title='bbox 3077 1896 3284 1949; x_wconf 87' lang='lat' dir='ltr'><strong>coxerit</strong></span> <span class='ocrx_word' id='word_1_505' title='bbox 3308 1882 3534 1967; x_wconf 66' lang='lat' dir='ltr'><strong>a&#39;nguem</strong></span> <span class='ocrx_word' id='word_1_506' title='bbox 3551 1938 3568 1964; x_wconf 89' lang='lat'><strong>,</strong></span> 
     </span>
    </p>
   </div>
   <div class='ocr_carea' id='block_1_78' title="bbox 2202 1973 3579 2051">
    <p class='ocr_par' dir='ltr' id='par_1_78' title="bbox 2202 1973 3579 2051">
     <span class='ocr_line' id='line_1_78' title="bbox 2202 1973 3579 2051; baseline 0.012 -23"><span class='ocrx_word' id='word_1_507' title='bbox 2202 1973 2318 2041; x_wconf 89' lang='lat' dir='ltr'><strong>Quo</strong></span> <span class='ocrx_word' id='word_1_508' title='bbox 2344 1976 2459 2031; x_wconf 90' lang='lat' dir='ltr'><strong>sine</strong></span> <span class='ocrx_word' id='word_1_509' title='bbox 2486 1978 2592 2031; x_wconf 87' lang='lat' dir='ltr'><strong>line</strong></span> <span class='ocrx_word' id='word_1_510' title='bbox 2616 1978 2800 2034; x_wconf 87' lang='lat' dir='ltr'><strong>dolens</strong></span> <span class='ocrx_word' id='word_1_511' title='bbox 2824 1982 2973 2050; x_wconf 90' lang='lat' dir='ltr'><strong>picea</strong></span> <span class='ocrx_word' id='word_1_512' title='bbox 3000 1985 3287 2040; x_wconf 90' lang='lat' dir='ltr'><strong>marciscat</strong></span> <span class='ocrx_word' id='word_1_513' title='bbox 3318 1984 3332 2035; x_wconf 84' lang='lat' dir='ltr'><strong>i</strong></span> <span class='ocrx_word' id='word_1_514' title='bbox 3371 1988 3422 2041; x_wconf 90' lang='lat' dir='ltr'><strong>in</strong></span> <span class='ocrx_word' id='word_1_515' title='bbox 3446 1988 3579 2051; x_wconf 87' lang='lat' dir='ltr'><strong>olla,</strong></span> 
     </span>
    </p>
   </div>
   <div class='ocr_carea' id='block_1_79' title="bbox 2202 2060 3655 2142">
    <p class='ocr_par' dir='ltr' id='par_1_79' title="bbox 2202 2060 3655 2142">
     <span class='ocr_line' id='line_1_79' title="bbox 2202 2060 3655 2142; baseline 0.01 -23"><span class='ocrx_word' id='word_1_516' title='bbox 2202 2060 2532 2119; x_wconf 86' lang='lat' dir='ltr'><strong>Cunctorum</strong></span> <span class='ocrx_word' id='word_1_517' title='bbox 2560 2068 2811 2122; x_wconf 89' lang='lat' dir='ltr'><strong>meritum</strong></span> <span class='ocrx_word' id='word_1_518' title='bbox 2837 2071 3035 2126; x_wconf 89' lang='lat' dir='ltr'><strong>trilibri</strong></span> <span class='ocrx_word' id='word_1_519' title='bbox 3063 2081 3190 2129; x_wconf 91' lang='lat' dir='ltr'><strong>tunc</strong></span> <span class='ocrx_word' id='word_1_520' title='bbox 3211 2075 3365 2131; x_wconf 79' lang='lat' dir='ltr'><strong>lance</strong></span> <span class='ocrx_word' id='word_1_521' title='bbox 3385 2075 3655 2142; x_wconf 85' lang='lat' dir='ltr'><strong>librando.</strong></span> 
     </span>
    </p>
   </div>
   <div class='ocr_carea' id='block_1_80' title="bbox 2201 2153 3553 2236">
    <p class='ocr_par' dir='ltr' id='par_1_80' title="bbox 2201 2153 3553 2236">
     <span class='ocr_line' id='line_1_80' title="bbox 2201 2153 3553 2236; baseline 0.009 -27"><span class='ocrx_word' id='word_1_522' title='bbox 2201 2153 2399 2209; x_wconf 89' lang='lat' dir='ltr'><strong>Lactea</strong></span> <span class='ocrx_word' id='word_1_523' title='bbox 2426 2155 2564 2210; x_wconf 86' lang='lat' dir='ltr'><strong>dona</strong></span> <span class='ocrx_word' id='word_1_524' title='bbox 2591 2155 2745 2211; x_wconf 89' lang='lat' dir='ltr'><strong>bonis</strong></span> <span class='ocrx_word' id='word_1_525' title='bbox 2764 2199 2777 2221; x_wconf 97' lang='lat'><strong>,</strong></span> <span class='ocrx_word' id='word_1_526' title='bbox 2802 2174 2900 2213; x_wconf 86' lang='lat' dir='ltr'><strong>seu</strong></span> <span class='ocrx_word' id='word_1_527' title='bbox 2926 2161 3104 2215; x_wconf 83' lang='lat' dir='ltr'><strong>tristia</strong></span> <span class='ocrx_word' id='word_1_528' title='bbox 3123 2162 3299 2236; x_wconf 87' lang='lat' dir='ltr'><strong>jungit</strong></span> <span class='ocrx_word' id='word_1_529' title='bbox 3323 2168 3553 2231; x_wconf 87' lang='lat' dir='ltr'><strong>amaris,</strong></span> 
     </span>
    </p>
   </div>
   <div class='ocr_carea' id='block_1_81' title="bbox 2199 2241 3498 2319">
    <p class='ocr_par' dir='ltr' id='par_1_81' title="bbox 2199 2241 3498 2319">
     <span class='ocr_line' id='line_1_81' title="bbox 2199 2241 3498 2319; baseline 0.009 -21"><span class='ocrx_word' id='word_1_530' title='bbox 2199 2241 2469 2313; x_wconf 86' lang='lat' dir='ltr'><strong>Principis</strong></span> <span class='ocrx_word' id='word_1_531' title='bbox 2492 2248 2698 2299; x_wconf 87' lang='lat' dir='ltr'><strong>interea</strong></span> <span class='ocrx_word' id='word_1_532' title='bbox 2723 2246 2961 2304; x_wconf 88' lang='lat' dir='ltr'><strong>clemens</strong></span> <span class='ocrx_word' id='word_1_533' title='bbox 2982 2266 3079 2319; x_wconf 89' lang='lat' dir='ltr'><strong>pro</strong></span> <span class='ocrx_word' id='word_1_534' title='bbox 3103 2268 3326 2309; x_wconf 83' lang='lat' dir='ltr'><strong>munere</strong></span> <span class='ocrx_word' id='word_1_535' title='bbox 3349 2264 3498 2311; x_wconf 86' lang='lat' dir='ltr'><strong>tanto</strong></span> 
     </span>
    </p>
   </div>
   <div class='ocr_carea' id='block_1_82' title="bbox 2202 2329 3542 2413">
    <p class='ocr_par' dir='ltr' id='par_1_82' title="bbox 2202 2329 3542 2413">
     <span class='ocr_line' id='line_1_82' title="bbox 2202 2329 3542 2413; baseline 0.01 -28"><span class='ocrx_word' id='word_1_536' title='bbox 2202 2329 2428 2387; x_wconf 66' lang='lat' dir='ltr'><strong>Prtestet</strong></span> <span class='ocrx_word' id='word_1_537' title='bbox 2446 2373 2459 2397; x_wconf 95' lang='lat'><strong>,</strong></span> <span class='ocrx_word' id='word_1_538' title='bbox 2487 2340 2546 2386; x_wconf 91' lang='lat' dir='ltr'><strong>ut</strong></span> <span class='ocrx_word' id='word_1_539' title='bbox 2572 2335 2822 2405; x_wconf 86' lang='lat' dir='ltr'><strong>astrigeri</strong></span> <span class='ocrx_word' id='word_1_540' title='bbox 2845 2339 3082 2406; x_wconf 86' lang='lat' dir='ltr'><strong>potiatur</strong></span> <span class='ocrx_word' id='word_1_541' title='bbox 3101 2343 3321 2410; x_wconf 84' lang='lat' dir='ltr'><strong>praemia</strong></span> <span class='ocrx_word' id='word_1_542' title='bbox 3350 2343 3542 2413; x_wconf 84' lang='lat' dir='ltr'><strong>regni;</strong></span> 
     </span>
    </p>
   </div>
   <div class='ocr_carea' id='block_1_83' title="bbox 2199 2421 3363 2499">
    <p class='ocr_par' dir='ltr' id='par_1_83' title="bbox 2199 2421 3363 2499">
     <span class='ocr_line' id='line_1_83' title="bbox 2199 2421 3363 2499; baseline 0.008 -24"><span class='ocrx_word' id='word_1_543' title='bbox 2199 2421 2385 2477; x_wconf 88' lang='lat' dir='ltr'><strong>Dulcia</strong></span> <span class='ocrx_word' id='word_1_544' title='bbox 2410 2422 2681 2479; x_wconf 68' lang='lat' dir='ltr'><strong>mellifluaz</strong></span> <span class='ocrx_word' id='word_1_545' title='bbox 2701 2427 2953 2497; x_wconf 81' lang='lat' dir='ltr'><strong>degustet</strong></span> <span class='ocrx_word' id='word_1_546' title='bbox 2973 2445 3172 2499; x_wconf 85' lang='lat' dir='ltr'><strong>pascua</strong></span> <span class='ocrx_word' id='word_1_547' title='bbox 3199 2432 3322 2486; x_wconf 73' lang='lat' dir='ltr'><strong>vita:</strong></span> <span class='ocrx_word' id='word_1_548' title='bbox 3348 2450 3363 2484; x_wconf 89' lang='lat'><strong>:</strong></span> 
     </span>
    </p>
   </div>
   <div class='ocr_carea' id='block_1_84' title="bbox 2199 2504 3651 2595">
    <p class='ocr_par' dir='ltr' id='par_1_84' title="bbox 2199 2504 3651 2595">
     <span class='ocr_line' id='line_1_84' title="bbox 2199 2504 3651 2595; baseline 0.008 -30"><span class='ocrx_word' id='word_1_549' title='bbox 2199 2504 2403 2566; x_wconf 81' lang='lat' dir='ltr'><strong>Pascua</strong></span> <span class='ocrx_word' id='word_1_550' title='bbox 2420 2552 2434 2577; x_wconf 86' lang='lat'><strong>,</strong></span> <span class='ocrx_word' id='word_1_551' title='bbox 2460 2528 2584 2583; x_wconf 73' lang='lat' dir='ltr'><strong>qute</strong></span> <span class='ocrx_word' id='word_1_552' title='bbox 2611 2521 2792 2570; x_wconf 86' lang='lat' dir='ltr'><strong>noster</strong></span> <span class='ocrx_word' id='word_1_553' title='bbox 2808 2515 2922 2585; x_wconf 87' lang='lat' dir='ltr'><strong>jam</strong></span> <span class='ocrx_word' id='word_1_554' title='bbox 2948 2518 3146 2574; x_wconf 90' lang='lat' dir='ltr'><strong>dudum</strong></span> <span class='ocrx_word' id='word_1_555' title='bbox 3167 2517 3293 2587; x_wconf 86' lang='lat' dir='ltr'><strong>jure</strong></span> <span class='ocrx_word' id='word_1_556' title='bbox 3318 2519 3651 2595; x_wconf 75' lang='lat' dir='ltr'><strong>Redemptor</strong></span> 
     </span>
    </p>
   </div>
   <div class='ocr_carea' id='block_1_85' title="bbox 2198 2599 3482 2677">
    <p class='ocr_par' dir='ltr' id='par_1_85' title="bbox 2198 2599 3482 2677">
     <span class='ocr_line' id='line_1_85' title="bbox 2198 2599 3482 2677; baseline 0.005 -20"><span class='ocrx_word' id='word_1_557' title='bbox 2198 2599 2575 2675; x_wconf 79' lang='lat' dir='ltr'><strong>C(elicolisque</strong></span> <span class='ocrx_word' id='word_1_558' title='bbox 2600 2604 2730 2658; x_wconf 86' lang='lat' dir='ltr'><strong>dare</strong></span> <span class='ocrx_word' id='word_1_559' title='bbox 2755 2606 2975 2676; x_wconf 89' lang='lat' dir='ltr'><strong>proprio</strong></span> <span class='ocrx_word' id='word_1_560' title='bbox 2999 2609 3246 2677; x_wconf 86' lang='lat' dir='ltr'><strong>promisit</strong></span> <span class='ocrx_word' id='word_1_561' title='bbox 3272 2607 3341 2662; x_wconf 87' lang='lat' dir='ltr'><strong>ab</strong></span> <span class='ocrx_word' id='word_1_562' title='bbox 3364 2623 3482 2663; x_wconf 89' lang='lat' dir='ltr'><strong>ore.</strong></span> 
     </span>
    </p>
   </div>
   <div class='ocr_carea' id='block_1_86' title="bbox 2827 2737 3150 2795">
    <p class='ocr_par' dir='ltr' id='par_1_86' title="bbox 2827 2737 3150 2795">
     <span class='ocr_line' id='line_1_86' title="bbox 2827 2737 3150 2795; baseline 0.006 -2"><span class='ocrx_word' id='word_1_563' title='bbox 2827 2737 3150 2795; x_wconf 79' lang='lat' dir='ltr'><strong>CCLXXXI.</strong></span> 
     </span>
    </p>
   </div>
   <div class='ocr_carea' id='block_1_87' title="bbox 2484 2877 3245 3005">
    <p class='ocr_par' dir='ltr' id='par_1_87' title="bbox 2484 2877 3245 3005">
     <span class='ocr_line' id='line_1_87' title="bbox 2484 2877 3245 3005; baseline 0.008 -24"><span class='ocrx_word' id='word_1_564' title='bbox 2484 3002 2487 3005; x_wconf 96' lang='lat'><em>_</em></span> <span class='ocrx_word' id='word_1_565' title='bbox 2718 2877 3245 2987; x_wconf 83' lang='grc' dir='ltr'><strong>ΡΟΕΜΑ</strong></span> 
     </span>
    </p>
   </div>
   <div class='ocr_carea' id='block_1_88' title="bbox 2276 3074 3695 3325">
    <p class='ocr_par' dir='ltr' id='par_1_88' title="bbox 2276 3074 3695 3325">
     <span class='ocr_line' id='line_1_88' title="bbox 2276 3074 3695 3325; baseline 0.006 -12"><span class='ocrx_word' id='word_1_566' title='bbox 2276 3074 3028 3316; x_wconf 54' lang='lat' dir='ltr'><strong>P0NTIFICIBU§E</strong></span> <span class='ocrx_word' id='word_1_567' title='bbox 3068 3196 3199 3320; x_wconf 84' lang='grc' dir='ltr'><strong>ΕΤ</strong></span> <span class='ocrx_word' id='word_1_568' title='bbox 3282 3192 3695 3325; x_wconf 76' lang='lat' dir='ltr'><strong>SANCTIS</strong></span> 
     </span>
    </p>
   </div>
   <div class='ocr_carea' id='block_1_89' title="bbox 2474 3369 3481 3440">
    <p class='ocr_par' dir='ltr' id='par_1_89' title="bbox 2474 3369 3481 3440">
     <span class='ocr_line' id='line_1_89' title="bbox 2474 3369 3481 3440; baseline 0.009 -11"><span class='ocrx_word' id='word_1_569' title='bbox 2474 3369 2877 3434; x_wconf 70' lang='lat' dir='ltr'><strong>ECCLESI/E</strong></span> <span class='ocrx_word' id='word_1_570' title='bbox 2919 3375 3481 3440; x_wconf 82' lang='lat' dir='ltr'><strong>EBORACENSIS.</strong></span> 
     </span>
    </p>
   </div>
   <div class='ocr_carea' id='block_1_90' title="bbox 2196 3487 3770 3632">
    <p class='ocr_par' dir='ltr' id='par_1_90' title="bbox 2196 3487 3770 3632">
     <span class='ocr_line' id='line_1_90' title="bbox 2196 3487 3770 3632; baseline 0.006 -84"><span class='ocrx_word' id='word_1_571' title='bbox 2196 3487 2302 3549; x_wconf 72' lang='lat' dir='ltr'><strong>Ex</strong></span> <span class='ocrx_word' id='word_1_572' title='bbox 2340 3487 2481 3550; x_wconf 84' lang='lat' dir='ltr'><strong>cod.</strong></span> <span class='ocrx_word' id='word_1_573' title='bbox 2513 3508 2626 3551; x_wconf 84' lang='lat' dir='ltr'><strong>ms.</strong></span> <span class='ocrx_word' id='word_1_574' title='bbox 2657 3495 3021 3632; x_wconf 49' lang='lat' dir='ltr'><strong>monaslézrii</strong></span> <span class='ocrx_word' id='word_1_575' title='bbox 3056 3495 3120 3555; x_wconf 87' lang='lat' dir='ltr'><strong>S.</strong></span> <span class='ocrx_word' id='word_1_576' title='bbox 3158 3496 3530 3559; x_wconf 78' lang='lat' dir='ltr'><strong>Theodorict&#39;</strong></span> <span class='ocrx_word' id='word_1_577' title='bbox 3569 3514 3770 3577; x_wconf 73' lang='lat' dir='ltr'><strong>prope</strong></span> 
     </span>
     <span class='ocr_line' id='line_1_91' title="bbox 2949 3593 3129 3632; baseline 0 0"><span class='ocrx_word' id='word_1_578' title='bbox 2949 3593 3129 3632; x_wconf 80' lang='lat' dir='ltr'><strong>emas.</strong></span> 
     </span>
    </p>
   </div>
   <div class='ocr_carea' id='block_1_91' title="bbox 2949 3593 3129 3636">
    <p class='ocr_par' dir='ltr' id='par_1_91' title="bbox 2949 3593 3129 3636">
     <span class='ocr_line' id='line_1_92' title="bbox 2949 3593 3129 3636; baseline 0.022 -4"><span class='ocrx_word' id='word_1_579' title='bbox 2949 3593 3129 3636; x_wconf 79' lang='lat' dir='ltr'><strong>emas.</strong></span> 
     </span>
    </p>
   </div>
   <div class='ocr_carea' id='block_1_92' title="bbox 2475 3690 3496 3763">
    <p class='ocr_par' dir='ltr' id='par_1_92' title="bbox 2475 3690 3496 3763">
     <span class='ocr_line' id='line_1_93' title="bbox 2475 3690 3496 3763; baseline 0.003 -12"><span class='ocrx_word' id='word_1_580' title='bbox 2475 3690 2630 3763; x_wconf 66' lang='grc'><strong>241</strong></span> <span class='ocrx_word' id='word_1_581' title='bbox 2672 3691 3047 3756; x_wconf 82' lang='lat' dir='ltr'><strong>MONITUM</strong></span> <span class='ocrx_word' id='word_1_582' title='bbox 3091 3696 3496 3757; x_wconf 75' lang='lat' dir='ltr'><strong>PIUEVIUM.</strong></span> 
     </span>
    </p>
   </div>
   <div class='ocr_carea' id='block_1_93' title="bbox 2266 3790 3772 3867">
    <p class='ocr_par' dir='ltr' id='par_1_93' title="bbox 2266 3790 3772 3867">
     <span class='ocr_line' id='line_1_94' title="bbox 2266 3790 3772 3867; baseline 0.007 -24"><span class='ocrx_word' id='word_1_583' title='bbox 2266 3790 2553 3867; x_wconf 71' lang='lat' dir='ltr'><strong>Auctorem</strong></span> <span class='ocrx_word' id='word_1_584' title='bbox 2575 3790 2757 3867; x_wconf 67' lang='lat' dir='ltr'><strong>huius</strong></span> <span class='ocrx_word' id='word_1_585' title='bbox 2799 3796 3062 3867; x_wconf 82' lang='lat' dir='ltr'><strong>poematis</strong></span> <span class='ocrx_word' id='word_1_586' title='bbox 3086 3811 3411 3867; x_wconf 76' lang='lat' dir='ltr'><strong>anonymum</strong></span> <span class='ocrx_word' id='word_1_587' title='bbox 3442 3806 3606 3851; x_wconf 85' lang='lat' dir='ltr'><strong>vocat</strong></span> <span class='ocrx_word' id='word_1_588' title='bbox 3635 3798 3772 3853; x_wconf 62' lang='lat' dir='ltr'><strong>celev</strong></span> 
     </span>
    </p>
   </div>
   <div class='ocr_carea' id='block_1_94' title="bbox 2195 3859 3771 3933">
    <p class='ocr_par' dir='ltr' id='par_1_94' title="bbox 2195 3859 3771 3933">
     <span class='ocr_line' id='line_1_95' title="bbox 2195 3859 3771 3933; baseline 0.006 -20"><span class='ocrx_word' id='word_1_589' title='bbox 2195 3860 2467 3933; x_wconf 60' lang='lat' dir='ltr'><strong>berrimus</strong></span> <span class='ocrx_word' id='word_1_590' title='bbox 2490 3859 2849 3933; x_wconf 76' lang='lat' dir='ltr'><strong>Mabillonius,</strong></span> <span class='ocrx_word' id='word_1_591' title='bbox 2872 3865 2959 3933; x_wconf 89' lang='lat' dir='ltr'><strong>qui</strong></span> <span class='ocrx_word' id='word_1_592' title='bbox 2987 3866 3113 3919; x_wconf 91' lang='lat' dir='ltr'><strong>illud</strong></span> <span class='ocrx_word' id='word_1_593' title='bbox 3135 3881 3164 3919; x_wconf 91' lang='lat' dir='ltr'><strong>e</strong></span> <span class='ocrx_word' id='word_1_594' title='bbox 3190 3859 3309 3920; x_wconf 80' lang='lat' dir='ltr'><strong>cod.</strong></span> <span class='ocrx_word' id='word_1_595' title='bbox 3335 3883 3436 3920; x_wconf 92' lang='lat' dir='ltr'><strong>ms.</strong></span> <span class='ocrx_word' id='word_1_596' title='bbox 3457 3868 3771 3923; x_wconf 83' lang='lat' dir='ltr'><strong>monasterii</strong></span> 
     </span>
    </p>
   </div>
   <div class='ocr_carea' id='block_1_95' title="bbox 2198 3929 3773 4006">
    <p class='ocr_par' dir='ltr' id='par_1_95' title="bbox 2198 3929 3773 4006">
     <span class='ocr_line' id='line_1_96' title="bbox 2198 3929 3773 4006; baseline 0.004 -21"><span class='ocrx_word' id='word_1_597' title='bbox 2198 3929 2255 3985; x_wconf 90' lang='lat' dir='ltr'><strong>S.</strong></span> <span class='ocrx_word' id='word_1_598' title='bbox 2285 3930 2816 4006; x_wconf 17' lang='lat' dir='ltr'><strong>&#39;I‘lieodoriciopi-AD.</strong></span> <span class='ocrx_word' id='word_1_599' title='bbox 2843 3929 3211 4006; x_wconf 82' lang='lat' dir='ltr'><strong>Christophori</strong></span> <span class='ocrx_word' id='word_1_600' title='bbox 3239 3935 3445 3990; x_wconf 89' lang='lat' dir='ltr'><strong>Dauhin</strong></span> <span class='ocrx_word' id='word_1_601' title='bbox 3474 3938 3677 3991; x_wconf 84' lang='lat' dir='ltr'><strong>sodalis</strong></span> <span class='ocrx_word' id='word_1_602' title='bbox 3695 3938 3773 3991; x_wconf 90' lang='lat' dir='ltr'><strong>sui</strong></span> 
     </span>
    </p>
   </div>
   <div class='ocr_carea' id='block_1_96' title="bbox 2196 4000 3769 4076">
    <p class='ocr_par' dir='ltr' id='par_1_96' title="bbox 2196 4000 3769 4076">
     <span class='ocr_line' id='line_1_97' title="bbox 2196 4000 3769 4076; baseline 0.003 -22"><span class='ocrx_word' id='word_1_603' title='bbox 2196 4000 2355 4076; x_wconf 64' lang='lat' dir='ltr'><strong>eruit.</strong></span> <span class='ocrx_word' id='word_1_604' title='bbox 2384 4009 2543 4069; x_wconf 88' lang='lat' dir='ltr'><strong>atque</strong></span> <span class='ocrx_word' id='word_1_605' title='bbox 2566 4000 2707 4055; x_wconf 88' lang='lat' dir='ltr'><strong>illius</strong></span> <span class='ocrx_word' id='word_1_606' title='bbox 2730 4000 3109 4076; x_wconf 83' lang='lat' dir='ltr'><strong>fragmentum,</strong></span> <span class='ocrx_word' id='word_1_607' title='bbox 3132 4006 3346 4076; x_wconf 80' lang='lat' dir='ltr'><strong>omissis</strong></span> <span class='ocrx_word' id='word_1_608' title='bbox 3366 4006 3430 4061; x_wconf 87' lang='lat' dir='ltr'><strong>iis</strong></span> <span class='ocrx_word' id='word_1_609' title='bbox 3449 4023 3575 4076; x_wconf 58' lang='lat' dir='ltr'><strong>qua</strong></span> <span class='ocrx_word' id='word_1_610' title='bbox 3598 4024 3627 4061; x_wconf 88' lang='lat' dir='ltr'><strong>a</strong></span> <span class='ocrx_word' id='word_1_611' title='bbox 3651 4024 3769 4061; x_wconf 81' lang='lat' dir='ltr'><strong>ven.</strong></span> 
     </span>
    </p>
   </div>
   <div class='ocr_carea' id='block_1_97' title="bbox 2196 4070 3772 4139">
    <p class='ocr_par' dir='ltr' id='par_1_97' title="bbox 2196 4070 3772 4139">
     <span class='ocr_line' id='line_1_98' title="bbox 2196 4070 3772 4139; baseline 0.003 -14"><span class='ocrx_word' id='word_1_612' title='bbox 2196 4070 2337 4125; x_wconf 83' lang='lat' dir='ltr'><strong>Beda</strong></span> <span class='ocrx_word' id='word_1_613' title='bbox 2362 4078 2600 4123; x_wconf 90' lang='lat' dir='ltr'><strong>mutuata</strong></span> <span class='ocrx_word' id='word_1_614' title='bbox 2617 4080 2760 4133; x_wconf 90' lang='lat' dir='ltr'><strong>sunt,</strong></span> <span class='ocrx_word' id='word_1_615' title='bbox 2795 4070 3023 4128; x_wconf 78' lang='lat' dir='ltr'><strong>inseruit</strong></span> <span class='ocrx_word' id='word_1_616' title='bbox 3045 4077 3162 4129; x_wconf 80' lang='lat' dir='ltr'><strong>Act.</strong></span> <span class='ocrx_word' id='word_1_617' title='bbox 3192 4075 3290 4131; x_wconf 90' lang='lat' dir='ltr'><strong>SS.</strong></span> <span class='ocrx_word' id='word_1_618' title='bbox 3316 4070 3512 4130; x_wconf 79' lang='lat' dir='ltr'><strong>Bened.</strong></span> <span class='ocrx_word' id='word_1_619' title='bbox 3544 4092 3669 4131; x_wconf 55' lang='lat' dir='ltr'><strong>s‘ec.</strong></span> <span class='ocrx_word' id='word_1_620' title='bbox 3693 4094 3772 4139; x_wconf 82' lang='lat' dir='ltr'><strong>Ill,</strong></span> 
     </span>
    </p>
   </div>
   <div class='ocr_carea' id='block_1_98' title="bbox 2194 4141 3773 4214">
    <p class='ocr_par' dir='ltr' id='par_1_98' title="bbox 2194 4141 3773 4214">
     <span class='ocr_line' id='line_1_99' title="bbox 2194 4141 3773 4214; baseline 0.004 -21"><span class='ocrx_word' id='word_1_621' title='bbox 2194 4148 2338 4214; x_wconf 81' lang='lat' dir='ltr'><strong>part.</strong></span> <span class='ocrx_word' id='word_1_622' title='bbox 2371 4155 2431 4204; x_wconf 88' lang='lat' dir='ltr'><strong>ll,</strong></span> <span class='ocrx_word' id='word_1_623' title='bbox 2462 4154 2582 4209; x_wconf 83' lang='lat' dir='ltr'><strong>pag.</strong></span> <span class='ocrx_word' id='word_1_624' title='bbox 2608 4141 2710 4214; x_wconf 70' lang='lat'><strong>558</strong></span> <span class='ocrx_word' id='word_1_625' title='bbox 2737 4152 2790 4196; x_wconf 90' lang='lat' dir='ltr'><strong>et</strong></span> <span class='ocrx_word' id='word_1_626' title='bbox 2812 4159 2961 4213; x_wconf 74' lang='lat' dir='ltr'><strong>~eqq.</strong></span> <span class='ocrx_word' id='word_1_627' title='bbox 2988 4146 3269 4214; x_wconf 82' lang='lat' dir='ltr'><strong>Inscriptio</strong></span> <span class='ocrx_word' id='word_1_628' title='bbox 3302 4148 3445 4201; x_wconf 88' lang='lat' dir='ltr'><strong>enim</strong></span> <span class='ocrx_word' id='word_1_629' title='bbox 3487 4148 3773 4213; x_wconf 87' lang='lat' dir='ltr'><strong>poematis,</strong></span> 
     </span>
    </p>
   </div>
   <div class='ocr_carea' id='block_1_99' title="bbox 2197 4210 3775 4284">
    <p class='ocr_par' dir='ltr' id='par_1_99' title="bbox 2197 4210 3775 4284">
     <span class='ocr_line' id='line_1_100' title="bbox 2197 4210 3775 4284; baseline 0.004 -21"><span class='ocrx_word' id='word_1_630' title='bbox 2197 4210 2406 4284; x_wconf 70' lang='lat' dir='ltr'><strong>omisso</strong></span> <span class='ocrx_word' id='word_1_631' title='bbox 2419 4213 2655 4284; x_wconf 76' lang='lat' dir='ltr'><strong>auctoris</strong></span> <span class='ocrx_word' id='word_1_632' title='bbox 2676 4210 2995 4279; x_wconf 38' lang='lat' dir='ltr'><strong>nomine-fin</strong></span> <span class='ocrx_word' id='word_1_633' title='bbox 3027 4210 3250 4284; x_wconf 56' lang='lat' dir='ltr'><strong>praefato</strong></span> <span class='ocrx_word' id='word_1_634' title='bbox 3270 4218 3454 4270; x_wconf 76' lang='lat' dir='ltr'><strong>codice</strong></span> <span class='ocrx_word' id='word_1_635' title='bbox 3485 4210 3601 4271; x_wconf 73' lang='lat' dir='ltr'><strong>haec</strong></span> <span class='ocrx_word' id='word_1_636' title='bbox 3626 4228 3775 4272; x_wconf 84' lang='lat' dir='ltr'><strong>erat;</strong></span> 
     </span>
    </p>
   </div>
   <div class='ocr_carea' id='block_1_100' title="bbox 2200 4278 3781 4357">
    <p class='ocr_par' dir='ltr' id='par_1_100' title="bbox 2200 4278 3781 4357">
     <span class='ocr_line' id='line_1_101' title="bbox 2200 4278 3781 4357; baseline 0.004 -26"><span class='ocrx_word' id='word_1_637' title='bbox 2200 4278 2443 4357; x_wconf 54' lang='lat' dir='ltr'><strong>{lis-toria</strong></span> <span class='ocrx_word' id='word_1_638' title='bbox 2470 4281 2688 4351; x_wconf 76' lang='lat' dir='ltr'><strong>Anglico</strong></span> <span class='ocrx_word' id='word_1_639' title='bbox 2717 4278 2945 4337; x_wconf 73' lang='lat' dir='ltr'><strong>carmine</strong></span> <span class='ocrx_word' id='word_1_640' title='bbox 2984 4278 3191 4340; x_wconf 71' lang='lat' dir='ltr'><strong>heroico</strong></span> <span class='ocrx_word' id='word_1_641' title='bbox 3216 4303 3247 4339; x_wconf 92' lang='lat' dir='ltr'><strong>a</strong></span> <span class='ocrx_word' id='word_1_642' title='bbox 3274 4287 3501 4355; x_wconf 83' lang='lat' dir='ltr'><strong>quodam</strong></span> <span class='ocrx_word' id='word_1_643' title='bbox 3547 4288 3781 4357; x_wconf 76' lang='lat' dir='ltr'><strong>sapiente</strong></span> 
     </span>
    </p>
   </div>
   <div class='ocr_carea' id='block_1_101' title="bbox 2197 4350 2358 4417">
    <p class='ocr_par' dir='ltr' id='par_1_101' title="bbox 2197 4350 2358 4417">
     <span class='ocr_line' id='line_1_102' title="bbox 2197 4350 2358 4417; baseline 0.012 -16"><span class='ocrx_word' id='word_1_644' title='bbox 2197 4350 2358 4417; x_wconf 65' lang='lat' dir='ltr'><strong>locta.</strong></span> 
     </span>
    </p>
   </div>
   <div class='ocr_carea' id='block_1_102' title="bbox 2216 4417 3778 4491">
    <p class='ocr_par' dir='ltr' id='par_1_102' title="bbox 2216 4417 3778 4491">
     <span class='ocr_line' id='line_1_103' title="bbox 2216 4417 3778 4491; baseline 0.006 -19"><span class='ocrx_word' id='word_1_645' title='bbox 2216 4456 2217 4459; x_wconf 60' lang='grc' dir='ltr'><strong>η</strong></span> <span class='ocrx_word' id='word_1_646' title='bbox 2270 4417 2542 4491; x_wconf 81' lang='lat' dir='ltr'><strong>Integrum</strong></span> <span class='ocrx_word' id='word_1_647' title='bbox 2595 4436 2725 4474; x_wconf 69' lang='lat' dir='ltr'><strong>vero</strong></span> <span class='ocrx_word' id='word_1_648' title='bbox 2777 4436 2963 4491; x_wconf 83' lang='lat' dir='ltr'><strong>poema</strong></span> <span class='ocrx_word' id='word_1_649' title='bbox 3013 4437 3199 4491; x_wconf 83' lang='lat' dir='ltr'><strong>postea</strong></span> <span class='ocrx_word' id='word_1_650' title='bbox 3228 4442 3273 4491; x_wconf 88' lang='lat' dir='ltr'><strong>_a</strong></span> <span class='ocrx_word' id='word_1_651' title='bbox 3331 4424 3648 4481; x_wconf 74' lang='lat' dir='ltr'><strong>Mabillonio</strong></span> <span class='ocrx_word' id='word_1_652' title='bbox 3687 4442 3778 4481; x_wconf 80' lang='lat' dir='ltr'><strong>ac-</strong></span> 
     </span>
    </p>
   </div>
   <div class='ocr_carea' id='block_1_103' title="bbox 2124 4483 3780 4558">
    <p class='ocr_par' dir='ltr' id='par_1_103' title="bbox 2124 4483 3780 4558">
     <span class='ocr_line' id='line_1_104' title="bbox 2124 4483 3780 4558; baseline 0.004 -15"><span class='ocrx_word' id='word_1_653' title='bbox 2124 4483 2173 4543; x_wconf 88' lang='lat' dir='ltr'><strong>D</strong></span> <span class='ocrx_word' id='word_1_654' title='bbox 2200 4483 2435 4558; x_wconf 75' lang='lat' dir='ltr'><strong>ceptum,</strong></span> <span class='ocrx_word' id='word_1_655' title='bbox 2465 4490 2531 4543; x_wconf 90' lang='lat' dir='ltr'><strong>de</strong></span> <span class='ocrx_word' id='word_1_656' title='bbox 2557 4483 2931 4548; x_wconf 48' lang='lat' dir='ltr'><strong>auctore-nihil</strong></span> <span class='ocrx_word' id='word_1_657' title='bbox 2950 4483 3336 4558; x_wconf 39' lang='lat' dir='ltr'><strong>dubitans,‘sub</strong></span> <span class='ocrx_word' id='word_1_658' title='bbox 3362 4499 3583 4551; x_wconf 87' lang='lat' dir='ltr'><strong>nomine</strong></span> <span class='ocrx_word' id='word_1_659' title='bbox 3602 4496 3780 4551; x_wconf 83' lang='lat' dir='ltr'><strong>Flacci</strong></span> 
     </span>
    </p>
   </div>
   <div class='ocr_carea' id='block_1_104' title="bbox 2205 4556 3783 4622">
    <p class='ocr_par' dir='ltr' id='par_1_104' title="bbox 2205 4556 3783 4622">
     <span class='ocr_line' id='line_1_105' title="bbox 2205 4556 3783 4622; baseline 0.006 -11"><span class='ocrx_word' id='word_1_660' title='bbox 2205 4556 2415 4612; x_wconf 84' lang='lat' dir='ltr'><strong>Alcuini</strong></span> <span class='ocrx_word' id='word_1_661' title='bbox 2442 4558 2528 4612; x_wconf 90' lang='lat' dir='ltr'><strong>edi</strong></span> <span class='ocrx_word' id='word_1_662' title='bbox 2549 4561 2607 4613; x_wconf 86' lang='lat' dir='ltr'><strong>lit</strong></span> <span class='ocrx_word' id='word_1_663' title='bbox 2649 4560 2868 4617; x_wconf 70' lang='lat' dir='ltr'><strong>Oxonire</strong></span> <span class='ocrx_word' id='word_1_664' title='bbox 2899 4565 3025 4620; x_wconf 86' lang='grc'>1691</span> <span class='ocrx_word' id='word_1_665' title='bbox 3073 4556 3311 4622; x_wconf 83' lang='lat' dir='ltr'><strong>Thomas</strong></span> <span class='ocrx_word' id='word_1_666' title='bbox 3334 4564 3466 4620; x_wconf 84' lang='lat' dir='ltr'><strong>Cale</strong></span> <span class='ocrx_word' id='word_1_667' title='bbox 3494 4567 3638 4621; x_wconf 86' lang='lat' dir='ltr'><strong>IIist.</strong></span> <span class='ocrx_word' id='word_1_668' title='bbox 3667 4566 3783 4621; x_wconf 85' lang='lat' dir='ltr'><strong>Bri-</strong></span> 
     </span>
    </p>
   </div>
   <div class='ocr_carea' id='block_1_105' title="bbox 2206 4628 3783 4708">
    <p class='ocr_par' dir='ltr' id='par_1_105' title="bbox 2206 4628 3783 4708">
     <span class='ocr_line' id='line_1_106' title="bbox 2206 4628 3783 4708; baseline 0.005 -28"><span class='ocrx_word' id='word_1_669' title='bbox 2206 4628 2459 4708; x_wconf 55' lang='lat' dir='ltr'><strong>tannica,</strong></span> <span class='ocrx_word' id='word_1_670' title='bbox 2490 4628 2789 4708; x_wconf 59' lang='lat' dir='ltr'><strong>Saxonicae,</strong></span> <span class='ocrx_word' id='word_1_671' title='bbox 2836 4633 3250 4708; x_wconf 66' lang='lat' dir='ltr'><strong>Anglo-Danicm</strong></span> <span class='ocrx_word' id='word_1_672' title='bbox 3291 4636 3489 4708; x_wconf 84' lang='lat' dir='ltr'><strong>Script.</strong></span> <span class='ocrx_word' id='word_1_673' title='bbox 3520 4654 3648 4708; x_wconf 86' lang='lat' dir='ltr'><strong>pag.</strong></span> <span class='ocrx_word' id='word_1_674' title='bbox 3681 4635 3783 4708; x_wconf 78' lang='lat'><strong>705</strong></span> 
     </span>
    </p>
   </div>
   <div class='ocr_carea' id='block_1_106' title="bbox 2203 4698 3806 4776">
    <p class='ocr_par' dir='ltr' id='par_1_106' title="bbox 2203 4698 3806 4776">
     <span class='ocr_line' id='line_1_107' title="bbox 2203 4698 3806 4776; baseline 0.006 -25"><span class='ocrx_word' id='word_1_675' title='bbox 2203 4705 2437 4776; x_wconf 41' lang='grc' dir='ltr'><strong>εἶς-θεας.</strong></span> <span class='ocrx_word' id='word_1_676' title='bbox 2473 4718 2506 4776; x_wconf 40' lang='grc'><strong>«-</strong></span> <span class='ocrx_word' id='word_1_677' title='bbox 2524 4698 2784 4776; x_wconf 71' lang='lat' dir='ltr'><strong>Quamvis</strong></span> <span class='ocrx_word' id='word_1_678' title='bbox 2810 4698 2951 4776; x_wconf 68' lang='lat' dir='ltr'><strong>enim</strong></span> <span class='ocrx_word' id='word_1_679' title='bbox 2982 4707 3145 4776; x_wconf 78' lang='lat' dir='ltr'><strong>hujus</strong></span> <span class='ocrx_word' id='word_1_680' title='bbox 3166 4698 3806 4775; x_wconf 46' lang='lat' dir='ltr'><strong>opusculi-vcl&#39;au&#39;ctoris’</strong></span> 
     </span>
    </p>
   </div>
   <div class='ocr_carea' id='block_1_107' title="bbox 2203 4768 3784 4843">
    <p class='ocr_par' dir='ltr' id='par_1_107' title="bbox 2203 4768 3784 4843">
     <span class='ocr_line' id='line_1_108' title="bbox 2203 4768 3784 4843; baseline 0.005 -22"><span class='ocrx_word' id='word_1_681' title='bbox 2203 4768 2345 4821; x_wconf 89' lang='lat' dir='ltr'><strong>illius</strong></span> <span class='ocrx_word' id='word_1_682' title='bbox 2368 4769 2506 4843; x_wconf 80' lang='lat' dir='ltr'><strong>apud</strong></span> <span class='ocrx_word' id='word_1_683' title='bbox 2522 4770 2846 4843; x_wconf 62' lang='lat' dir='ltr'><strong>biographos</strong></span> <span class='ocrx_word' id='word_1_684' title='bbox 2863 4775 3003 4829; x_wconf 83' lang='lat' dir='ltr'><strong>nulla</strong></span> <span class='ocrx_word' id='word_1_685' title='bbox 3025 4768 3223 4831; x_wconf 78' lang='lat' dir='ltr'><strong>mentio</strong></span> <span class='ocrx_word' id='word_1_686' title='bbox 3244 4779 3356 4841; x_wconf 80' lang='lat' dir='ltr'><strong>fiat,</strong></span> <span class='ocrx_word' id='word_1_687' title='bbox 3376 4779 3576 4833; x_wconf 85' lang='lat' dir='ltr'><strong>nesciri</strong></span> <span class='ocrx_word' id='word_1_688' title='bbox 3600 4788 3784 4831; x_wconf 86' lang='lat' dir='ltr'><strong>tamen</strong></span> 
     </span>
    </p>
   </div>
   <div class='ocr_carea' id='block_1_108' title="bbox 2204 4838 3787 4915">
    <p class='ocr_par' dir='ltr' id='par_1_108' title="bbox 2204 4838 3787 4915">
     <span class='ocr_line' id='line_1_109' title="bbox 2204 4838 3787 4915; baseline 0.006 -25"><span class='ocrx_word' id='word_1_689' title='bbox 2204 4847 2411 4915; x_wconf 69' lang='lat' dir='ltr'><strong>auctpr_</strong></span> <span class='ocrx_word' id='word_1_690' title='bbox 2441 4838 2555 4908; x_wconf 90' lang='lat' dir='ltr'><strong>ipse</strong></span> <span class='ocrx_word' id='word_1_691' title='bbox 2604 4838 2661 4894; x_wconf 81' lang='lat' dir='ltr'><strong>se</strong></span> <span class='ocrx_word' id='word_1_692' title='bbox 2695 4838 2886 4909; x_wconf 79' lang='lat' dir='ltr'><strong>noluit,</strong></span> <span class='ocrx_word' id='word_1_693' title='bbox 2924 4866 2942 4897; x_wconf 70' lang='grc' dir='ltr'><strong><em>ι</em></strong></span> <span class='ocrx_word' id='word_1_694' title='bbox 2981 4847 3153 4915; x_wconf 81' lang='lat' dir='ltr'><strong>inquit</strong></span> <span class='ocrx_word' id='word_1_695' title='bbox 3214 4838 3458 4915; x_wconf 82' lang='lat' dir='ltr'><strong>laudatus</strong></span> <span class='ocrx_word' id='word_1_696' title='bbox 3498 4849 3685 4902; x_wconf 85' lang='lat' dir='ltr'><strong>editor</strong></span> <span class='ocrx_word' id='word_1_697' title='bbox 3732 4847 3787 4899; x_wconf 92' lang='lat' dir='ltr'><strong>in</strong></span> 
     </span>
    </p>
   </div>
   <div class='ocr_carea' id='block_1_109' title="bbox 2202 4906 3791 4983">
    <p class='ocr_par' dir='ltr' id='par_1_109' title="bbox 2202 4906 3791 4983">
     <span class='ocr_line' id='line_1_110' title="bbox 2202 4906 3791 4983; baseline 0.004 -21"><span class='ocrx_word' id='word_1_698' title='bbox 2202 4906 2520 4983; x_wconf 73' lang='lat' dir='ltr'><strong>przefatione</strong></span> <span class='ocrx_word' id='word_1_699' title='bbox 2537 4924 2607 4983; x_wconf 39' lang='grc' dir='ltr'><strong>λι</strong></span> <span class='ocrx_word' id='word_1_700' title='bbox 2632 4927 2779 4983; x_wconf 83' lang='lat' dir='ltr'><strong>nam</strong></span> <span class='ocrx_word' id='word_1_701' title='bbox 2806 4906 3066 4971; x_wconf 57' lang='lat' dir='ltr'><strong>versibus&#39;</strong></span> <span class='ocrx_word' id='word_1_702' title='bbox 3084 4918 3243 4983; x_wconf 77' lang='grc'>1515,</span> <span class='ocrx_word' id='word_1_703' title='bbox 3274 4914 3430 4983; x_wconf 79' lang='lat' dir='ltr'><strong>I530,</strong></span> <span class='ocrx_word' id='word_1_704' title='bbox 3463 4918 3626 4983; x_wconf 72' lang='grc'><strong>1552,</strong></span> <span class='ocrx_word' id='word_1_705' title='bbox 3652 4918 3791 4972; x_wconf 81' lang='lat' dir='ltr'><strong>bene</strong></span> 
     </span>
    </p>
   </div>
   <div class='ocr_carea' id='block_1_110' title="bbox 2202 4979 3790 5099">
    <p class='ocr_par' dir='ltr' id='par_1_110' title="bbox 2202 4979 3790 5099">
     <span class='ocr_line' id='line_1_111' title="bbox 2202 4979 3790 5099; baseline 0.005 -68"><span class='ocrx_word' id='word_1_706' title='bbox 2202 4979 2506 5099; x_wconf 57' lang='lat' dir='ltr'><strong>perpensis,</strong></span> <span class='ocrx_word' id='word_1_707' title='bbox 2523 4979 2707 5036; x_wconf 88' lang='lat' dir='ltr'><strong>elicies</strong></span> <span class='ocrx_word' id='word_1_708' title='bbox 2725 4982 3008 5039; x_wconf 80' lang='lat' dir='ltr'><strong>Alcuinum</strong></span> <span class='ocrx_word' id='word_1_709' title='bbox 3031 4987 3197 5043; x_wconf 82' lang='lat' dir='ltr'><strong>fuisse</strong></span> <span class='ocrx_word' id='word_1_710' title='bbox 3216 4979 3425 5059; x_wconf 84' lang='lat' dir='ltr'><strong>patrem</strong></span> <span class='ocrx_word' id='word_1_711' title='bbox 3449 4979 3622 5056; x_wconf 83' lang='lat' dir='ltr'><strong>hujus</strong></span> <span class='ocrx_word' id='word_1_712' title='bbox 3636 4988 3790 5043; x_wconf 69' lang='lat' dir='ltr'><strong>IibeL</strong></span> 
     </span>
     <span class='ocr_line' id='line_1_112' title="bbox 2227 5048 3790 5099; baseline 0 0"><span class='ocrx_word' id='word_1_713' title='bbox 2227 5048 2263 5099; x_wconf 69' lang='grc' dir='ltr'><strong>ί.</strong></span> <span class='ocrx_word' id='word_1_714' title='bbox 2296 5063 2364 5099; x_wconf 86' lang='lat' dir='ltr'><strong>ne</strong></span> <span class='ocrx_word' id='word_1_715' title='bbox 2388 5050 2515 5099; x_wconf 78' lang='lat' dir='ltr'><strong>(IlIid</strong></span> <span class='ocrx_word' id='word_1_716' title='bbox 2543 5051 2608 5099; x_wconf 82' lang='lat' dir='ltr'><strong>de</strong></span> <span class='ocrx_word' id='word_1_717' title='bbox 2634 5053 2773 5099; x_wconf 75' lang='lat' dir='ltr'><strong>stvln</strong></span> <span class='ocrx_word' id='word_1_718' title='bbox 2798 5062 2853 5099; x_wconf 71' lang='lat' dir='ltr'><strong>nt</strong></span> <span class='ocrx_word' id='word_1_719' title='bbox 2878 5059 3136 5099; x_wconf 69' lang='lat' dir='ltr'><strong>lmnnnrie</strong></span> <span class='ocrx_word' id='word_1_720' title='bbox 3161 5058 3509 5099; x_wconf 70' lang='lat' dir='ltr'><strong>rnncnnnnlin</strong></span> <span class='ocrx_word' id='word_1_721' title='bbox 3559 5060 3790 5099; x_wconf 67' lang='lat' dir='ltr'><strong>nliimnp</strong></span> 
     </span>
    </p>
   </div>
   <div class='ocr_carea' id='block_1_111' title="bbox 2227 5048 3793 5130">
    <p class='ocr_par' dir='ltr' id='par_1_111' title="bbox 2227 5048 3793 5130">
     <span class='ocr_line' id='line_1_113' title="bbox 2227 5048 3793 5130; baseline 0.005 -27"><span class='ocrx_word' id='word_1_722' title='bbox 2227 5048 2263 5109; x_wconf 85' lang='lat' dir='ltr'><strong>i,</strong></span> <span class='ocrx_word' id='word_1_723' title='bbox 2282 5050 2515 5130; x_wconf 44' lang='lat' dir='ltr'><strong>_nc.quid</strong></span> <span class='ocrx_word' id='word_1_724' title='bbox 2543 5051 2608 5130; x_wconf 69' lang='lat' dir='ltr'><strong>de</strong></span> <span class='ocrx_word' id='word_1_725' title='bbox 2624 5053 2775 5130; x_wconf 61' lang='lat' dir='ltr'><strong>style</strong></span> <span class='ocrx_word' id='word_1_726' title='bbox 2798 5062 2853 5109; x_wconf 90' lang='lat' dir='ltr'><strong>et</strong></span> <span class='ocrx_word' id='word_1_727' title='bbox 2878 5059 3136 5126; x_wconf 88' lang='lat' dir='ltr'><strong>temporis</strong></span> <span class='ocrx_word' id='word_1_728' title='bbox 3161 5048 3539 5130; x_wconf 61' lang='lat' dir='ltr'><strong>consonantia:</strong></span> <span class='ocrx_word' id='word_1_729' title='bbox 3558 5060 3793 5129; x_wconf 84' lang='lat' dir='ltr'><strong>aliisque</strong></span> 
     </span>
    </p>
   </div>
   <div class='ocr_carea' id='block_1_112' title="bbox 2205 5117 3584 5187">
    <p class='ocr_par' dir='ltr' id='par_1_112' title="bbox 2205 5117 3584 5187">
     <span class='ocr_line' id='line_1_114' title="bbox 2205 5117 3584 5187; baseline 0.01 -17"><span class='ocrx_word' id='word_1_730' title='bbox 2205 5117 2418 5173; x_wconf 88' lang='lat' dir='ltr'><strong>indiciis</strong></span> <span class='ocrx_word' id='word_1_731' title='bbox 2446 5117 2706 5187; x_wconf 79' lang='lat' dir='ltr'><strong>prolixius</strong></span> <span class='ocrx_word' id='word_1_732' title='bbox 2726 5117 3015 5180; x_wconf 80' lang='lat' dir='ltr'><strong>dissertare</strong></span> <span class='ocrx_word' id='word_1_733' title='bbox 3037 5142 3259 5183; x_wconf 89' lang='lat' dir='ltr'><strong>necesse</strong></span> <span class='ocrx_word' id='word_1_734' title='bbox 3282 5117 3534 5183; x_wconf 66' lang='lat' dir='ltr'><strong>habeam.</strong></span> <span class='ocrx_word' id='word_1_735' title='bbox 3563 5146 3584 5182; x_wconf 69' lang='grc' dir='ltr'><strong>ι</strong></span> 
     </span>
    </p>
   </div>
   <div class='ocr_carea' id='block_1_113' title="bbox 2207 5250 3791 5374">
    <p class='ocr_par' dir='ltr' id='par_1_113' title="bbox 2207 5250 3791 5374">
     <span class='ocr_line' id='line_1_115' title="bbox 2207 5250 3791 5374; baseline 0.007 -67"><span class='ocrx_word' id='word_1_736' title='bbox 2207 5250 2310 5374; x_wconf 54' lang='lat'><strong>:3?</strong></span> <span class='ocrx_word' id='word_1_737' title='bbox 2326 5254 2534 5374; x_wconf 30' lang='grc' dir='ltr'><strong>ἶ’1111ιέιίιὶ</strong></span> <span class='ocrx_word' id='word_1_738' title='bbox 2562 5255 2804 5314; x_wconf 82' lang='lat' dir='ltr'><strong>Saxones</strong></span> <span class='ocrx_word' id='word_1_739' title='bbox 2838 5260 3097 5332; x_wconf 83' lang='lat' dir='ltr'><strong>baptizati</strong></span> <span class='ocrx_word' id='word_1_740' title='bbox 3127 5273 3253 5346; x_wconf 81' lang='lat' dir='ltr'><strong>sunt</strong></span> <span class='ocrx_word' id='word_1_741' title='bbox 3272 5306 3287 5330; x_wconf 89' lang='lat'><strong>,</strong></span> <span class='ocrx_word' id='word_1_742' title='bbox 3316 5273 3475 5335; x_wconf 89' lang='lat' dir='ltr'><strong>prout</strong></span> <span class='ocrx_word' id='word_1_743' title='bbox 3502 5264 3791 5319; x_wconf 63' lang='lat' dir='ltr'><strong>annalists</strong></span> 
     </span>
     <span class='ocr_line' id='line_1_116' title="bbox 2290 5340 2471 5374; baseline 0 0"><span class='ocrx_word' id='word_1_744' title='bbox 2290 5340 2319 5374; x_wconf 68' lang='grc' dir='ltr'><strong>(ξ</strong></span> <span class='ocrx_word' id='word_1_745' title='bbox 2392 5340 2424 5374; x_wconf 83' lang='grc' dir='ltr'><strong><em>η</em></strong></span> <span class='ocrx_word' id='word_1_746' title='bbox 2456 5362 2471 5374; x_wconf 90' lang='grc'><em>.</em></span> 
     </span>
    </p>
   </div>
   <div class='ocr_carea' id='block_1_114' title="bbox 2206 5333 3203 5377">
    <p class='ocr_par' dir='ltr' id='par_1_114' title="bbox 2206 5333 3203 5377">
     <span class='ocr_line' id='line_1_117' title="bbox 2206 5333 3203 5377; baseline 0.006 -1"><span class='ocrx_word' id='word_1_747' title='bbox 2206 5333 2471 5377; x_wconf 83' lang='lat' dir='ltr'><strong>reterunt.</strong></span> <span class='ocrx_word' id='word_1_748' title='bbox 3193 5336 3203 5346; x_wconf 81' lang='lat'><strong><em>’</em></strong></span> 
     </span>
    </p>
   </div>
   <div class='ocr_carea' id='block_1_115' title="bbox 2280 5392 3430 5472">
    <p class='ocr_par' dir='ltr' id='par_1_115' title="bbox 2280 5392 3430 5472">
     <span class='ocr_line' id='line_1_118' title="bbox 2280 5392 3430 5472; baseline 0.014 -28"><span class='ocrx_word' id='word_1_749' title='bbox 2280 5404 2303 5472; x_wconf 64' lang='grc' dir='ltr'>ς</span> <span class='ocrx_word' id='word_1_750' title='bbox 2344 5392 2486 5472; x_wconf 55' lang='lat' dir='ltr'><strong>Eoco</strong></span> <span class='ocrx_word' id='word_1_751' title='bbox 2510 5397 2684 5472; x_wconf 75' lang='lat' dir='ltr'><strong>ustim.</strong></span> <span class='ocrx_word' id='word_1_752' title='bbox 2716 5398 2994 5472; x_wconf 85' lang='lat' dir='ltr'><strong>Ducange,</strong></span> <span class='ocrx_word' id='word_1_753' title='bbox 3022 5419 3183 5472; x_wconf 89' lang='lat' dir='ltr'><strong>voce,</strong></span> <span class='ocrx_word' id='word_1_754' title='bbox 3218 5405 3430 5462; x_wconf 75' lang='lat' dir='ltr'><strong>Bustus.</strong></span> 
     </span>
    </p>
   </div>
   <div class='ocr_carea' id='block_1_116' title="bbox 2281 5461 2847 5529">
    <p class='ocr_par' dir='ltr' id='par_1_116' title="bbox 2281 5461 2847 5529">
     <span class='ocr_line' id='line_1_119' title="bbox 2281 5461 2847 5529; baseline 0.016 -14"><span class='ocrx_word' id='word_1_755' title='bbox 2281 5461 2301 5500; x_wconf 68' lang='grc' dir='ltr'>ί</span> <span class='ocrx_word' id='word_1_756' title='bbox 2345 5462 2537 5529; x_wconf 89' lang='lat' dir='ltr'><strong>Forte,</strong></span> <span class='ocrx_word' id='word_1_757' title='bbox 2564 5469 2847 5524; x_wconf 68' lang='lat' dir='ltr'><strong>accinctus.</strong></span> 
     </span>
    </p>
   </div>
   <div class='ocr_carea' id='block_1_117' title="bbox 2279 5532 2724 5591">
    <p class='ocr_par' dir='ltr' id='par_1_117' title="bbox 2279 5532 2724 5591">
     <span class='ocr_line' id='line_1_120' title="bbox 2279 5532 2724 5591; baseline 0.016 -7"><span class='ocrx_word' id='word_1_758' title='bbox 2279 5534 2304 5572; x_wconf 73' lang='grc'><strong>8</strong></span> <span class='ocrx_word' id='word_1_759' title='bbox 2345 5532 2485 5589; x_wconf 83' lang='lat' dir='ltr'><strong>Loco</strong></span> <span class='ocrx_word' id='word_1_760' title='bbox 2508 5535 2724 5591; x_wconf 77' lang='lat' dir='ltr'><strong>Arbitri.</strong></span> 
     </span>
    </p>
   </div>
   <div class='ocr_carea' id='block_1_118' title="bbox 2276 5602 2789 5675">
    <p class='ocr_par' dir='ltr' id='par_1_118' title="bbox 2276 5602 2789 5675">
     <span class='ocr_line' id='line_1_121' title="bbox 2276 5602 2789 5675; baseline 0.012 -19"><span class='ocrx_word' id='word_1_761' title='bbox 2276 5607 2301 5675; x_wconf 58' lang='lat' dir='ltr'><strong>ll</strong></span> <span class='ocrx_word' id='word_1_762' title='bbox 2346 5602 2505 5675; x_wconf 66' lang='lat' dir='ltr'><strong>Eorte</strong></span> <span class='ocrx_word' id='word_1_763' title='bbox 2520 5644 2533 5668; x_wconf 88' lang='lat'><strong>,</strong></span> <span class='ocrx_word' id='word_1_764' title='bbox 2554 5606 2789 5675; x_wconf 77' lang='lat' dir='ltr'><strong>juvatus.</strong></span> 
     </span>
    </p>
   </div>
   <div class='ocr_carea' id='block_1_119' title="bbox 2282 5671 2825 5748">
    <p class='ocr_par' dir='ltr' id='par_1_119' title="bbox 2282 5671 2825 5748">
     <span class='ocr_line' id='line_1_122' title="bbox 2282 5671 2825 5748; baseline 0.013 -23"><span class='ocrx_word' id='word_1_765' title='bbox 2282 5674 2296 5748; x_wconf 65' lang='grc' dir='ltr'><strong>ξ</strong></span> <span class='ocrx_word' id='word_1_766' title='bbox 2346 5671 2503 5748; x_wconf 60' lang='lat' dir='ltr'><strong>forte</strong></span> <span class='ocrx_word' id='word_1_767' title='bbox 2524 5715 2538 5739; x_wconf 89' lang='lat'><strong>,</strong></span> <span class='ocrx_word' id='word_1_768' title='bbox 2555 5671 2566 5675; x_wconf 64' lang='grc'><strong>⁷</strong></span> <span class='ocrx_word' id='word_1_769' title='bbox 2578 5674 2825 5744; x_wconf 75' lang='lat' dir='ltr'><strong>fractum.</strong></span> 
     </span>
    </p>
   </div>
   <div class='ocr_carea' id='block_1_120' title="bbox 2279 5742 2855 5803">
    <p class='ocr_par' dir='ltr' id='par_1_120' title="bbox 2279 5742 2855 5803">
     <span class='ocr_line' id='line_1_123' title="bbox 2279 5742 2855 5803; baseline 0.017 -12"><span class='ocrx_word' id='word_1_770' title='bbox 2279 5742 2294 5791; x_wconf 76' lang='grc'><strong>1</strong></span> <span class='ocrx_word' id='word_1_771' title='bbox 2346 5742 2486 5795; x_wconf 78' lang='lat' dir='ltr'><strong>Loco</strong></span> <span class='ocrx_word' id='word_1_772' title='bbox 2507 5784 2521 5803; x_wconf 88' lang='lat'><strong>,</strong></span> <span class='ocrx_word' id='word_1_773' title='bbox 2550 5742 2855 5801; x_wconf 74' lang='lat' dir='ltr'><strong>marcescat.</strong></span> 
     </span>
    </p>
   </div>
  </div>
