4062 6346
504 325 610 381 815

502 438 657 505 Εεεθῐ
677 436 745 493 ab
761 446 1003 494 extremo
1026 437 1364 492 venientibus
1389 436 1601 505 hospita
1629 444 1814 505 portus

503 532 740 587 Navibus
759 546 985 594 oceano,
1016 530 1177 599 longo
1201 544 1297 582 sua
1324 544 1484 597 prora
1506 527 1746 583 remulco

501 628 692 683 Navita
717 640 822 697 qua
848 630 1161 697 properans,
1186 632 1247 676 ut
1274 623 1431 677 sistat
1456 622 1525 675 ab
1550 635 1767 691 aequore
1792 620 1989 673 fessus.

505 718 653 775 lianc
681 719 891 787 piscosa
911 717 1023 771 suis
1046 714 1206 769 undis
1232 712 1477 791 interluit
1506 710 1615 766 Usa
1646 709 1851 781 [Angl.,
1872 708 2084 780 Ome],

501 810 807 881 Florigenos
831 807 963 876 ripis
984 805 1325 877 praetendens
1349 803 1589 872 undique
1618 816 1856 872 campos.

502 901 739 957 Collibus
767 908 822 956 et
849 900 1000 954 silvis
1024 897 1179 952 tellus
1206 897 1334 951 hinc
1360 896 1483 949 inde
1509 894 1729 957 decora,

502 992 883 1060 Nobilibusque
910 988 1042 1043 locis
1072 988 1333 1042 habitatio
1362 985 1604 1056 pulchra,
1633 982 1885 1047 salubris,

499 1083 800 1139 Fertilitatc
830 1081 913 1137 sui
941 1079 1136 1134 multos
1161 1077 1412 1131 habitura
1438 1074 1677 1129 colonos.

498 1176 616 1242 Quo
645 1175 811 1229 variis
830 1171 1040 1241 populis
1060 1179 1114 1225 et
1143 1169 1326 1239 regnis
1346 1167 1581 1235 undique
1604 1164 1727 1219 lecti

498 1267 607 1338 Spe
638 1267 771 1323 lucri
798 1264 993 1339 [Mab.,
1022 1259 1293 1331 certatim]
1316 1258 1558 1321 veniunt,-
1583 1265 1885 1326 qumrem'es
1918 1248 2083 1308 divite

1846 1351 2013 1424 [terra

496 1452 746 1516 Divitias,
775 1453 955 1507 sedem
983 1450 1220 1512 sibimet,
1251 1434 1589 1517 lucrumque,
1615 1431 1911 1514 laremque.
2004 1514 2021 1535 ν

497 1544 634 1598 llinc
658 1543 895 1599 Romana
916 1555 1125 1603 manus,
1159 1539 1394 1593 turbatis
1413 1537 1651 1607 undique
1673 1536 1924 1603 sceptris,

493 1635 787 1705 Postquam
818 1633 1066 1697 secessit,
1097 1632 1318 1702 cupiens
1344 1630 1609 1699 depellere
1639 1642 1808 1682 saevos

497 1726 713 1791 Hostes,
743 1727 1016 1797 Hesperia:
1043 1739 1266 1795 regnum
1296 1724 1584 1792 sedemque
1609 1720 1780 1784 tueri;

497 1819 658 1873 Urbis
690 1827 815 1872 tunc
844 1818 1016 1871 tenuit
1038 1825 1309 1885 sceptrum
1334 1826 1465 1885 gens
1484 1814 1633 1883 pigra
1666 1812 1967 1866 Britonum.

494 1910 625 1977 Quae
652 1909 765 1965 fere
783 1909 1055 1964 continuis
1084 1908 1361 1965 Pictorum
1390 1912 1577 1975 pressa
1606 1903 1816 1967 duellis,

493 2001 711 2055 Servitii
741 2000 951 2071 pondus
982 1999 1197 2053 tandem
1227 2007 1436 2053 vastata
1468 1996 1694 2060 subivit;

491 2093 599 2147 Nec
630 2094 800 2147 valuit
824 2090 1061 2163 propriis
1088 2092 1319 2161 patriam
1346 2088 1634 2144 defendere
1670 2088 1858 2150 scutis,

489 2187 585 2241 Vel
617 2188 921 2241 libertatem
944 2185 1136 2256 gladiis
1166 2197 1423 2238 revocare
1451 2190 1759 2252 paternam.

493 2277 590 2331 Est
616 2278 857 2346 antiqua,
886 2285 1101 2345 potens,
1122 2273 1277 2328 bellis
1297 2281 1355 2328 et
1379 2286 1603 2343 corpore
1624 2276 1906 2341 praestans,

490 2366 795 2421 Germania:
825 2364 1048 2435 populos
1072 2379 1202 2435 gens
1228 2364 1371 2423 inter
1393 2370 1447 2417 et
1467 2367 1653 2418 extera
1679 2368 1867 2433 regna,

489 2455 754 2512 Duritiam
783 2462 1003 2526 propter
1030 2453 1159 2509 dicti
1186 2454 1503 2524 cognomine
1523 2452 1673 2507 Saxi.

491 2547 642 2602 lianc
661 2547 864 2617 placuit
890 2546 1113 2602 ducibus
1145 2545 1294 2616 regni
1322 2545 1623 2601 conducere
1644 2544 1826 2609 donis,

490 2637 565 2692 Ut
589 2637 729 2693 foret
747 2636 948 2692 auxilio
975 2635 1187 2705 patriae,
1210 2650 1376 2705 pavor
1399 2635 1645 2689 hostibus
1668 2642 1853 2704 atque.

488 2728 596 2785 Ore
618 2729 761 2785 favet
790 2729 979 2800 vulgus
1005 2727 1243 2783 clamoso
1260 2727 1457 2781 mobile
1481 2727 1688 2792 statim,

492 2822 560 2875 Et
586 2822 725 2876 bona
751 2819 1020 2875 collaudat
1040 2829 1255 2888 patrum
1281 2818 1526 2874 consulta
1556 2832 1798 2882 suorum,

484 2913 636 2966 Atria
660 2927 915 2982 gazarnm
937 2918 1193 2980 rumpunt
1214 2910 1435 2981 regalia,
1465 2910 1611 2980 genti

489 2999 705 3053 Mittere
730 2999 866 3053 dona
887 3004 1081 3067 parant
1107 2996 1320 3067 ignotae,
1353 3014 1458 3065 quo
1488 2998 1663 3068 magis
1687 2997 1776 3051 illa

483 3096 722 3157 Annuat,
752 3102 812 3153 ut
838 3091 1045 3161 placitae
1068 3090 1263 3146 feriant
1288 3090 1390 3144 sibi
1419 3089 1619 3144 fmiera
1649 3090 1818 3158 pacis.

482 3188 583 3241 Ast
604 3186 822 3255 indigna
846 3183 1029 3238 vident
1049 3182 1214 3236 tantis
1235 3181 1427 3235 exenia
1454 3181 1616 3235 votis.

482 3276 645 3350 243
669 3276 897 3345 Legatos
921 3274 1071 3327 exire
1089 3271 1298 3340 iubent,
1321 3272 1455 3324 vada
1483 3271 1624 3325 salsa
1652 3270 1855 3326 carinis

482 3370 602 3424 Jam
631 3367 843 3424 sulcare
865 3367 1007 3430 citis,
1041 3364 1180 3420 dulci
1211 3363 1500 3420 formidine
1532 3373 1654 3418 vota

481 3460 821 3531 Ingeminant
855 3456 1108 3528 lacrymis
1136 3475 1148 3510 :
1175 3456 1427 3525 quoniam
1459 3456 1539 3510 sic
1566 3456 1681 3525 ipse
1703 3456 1962 3511 monebat

482 3552 774 3609 Libertatis
797 3567 969 3615 amor,
1000 3551 1188 3618 patria:
1213 3564 1335 3619 spes
1363 3565 1427 3604 ac
1451 3548 1799 3603 redimendm.

482 3646 621 3714 Qaid
642 3644 756 3713 jam
784 3642 938 3716 [ϐοά.
967 3641 1149 3697 Rheni.
1180 3641 1308 3712 quid
1338 3640 1457 3711 tibi]
1485 3639 1635 3710 plura
1664 3640 1887 3695 canam?
1931 3639 2066 3694 Pro-

1301 3731 1517 3803 [pemns
1543 3732 1839 3795 exercitus,
1864 3747 1993 3787 cccc

480 3828 720 3885 Venerat
740 3830 932 3885 undosi
962 3838 1145 3883 vectus
1176 3836 1323 3881 trans
1352 3841 1566 3896 aequora
1594 3827 1776 3896 ponti,

482 3922 793 3977 Subsidium
821 3922 980 3975 sociis
1011 3919 1251 3975 referens
1271 3959 1285 3983 ,
1314 3918 1630 3985 hostemque
1659 3915 1953 3971 nefandum

482 4015 728 4084 Expulit.
759 4022 815 4069 et
840 4013 972 4067 vicit
998 4012 1186 4065 multis
1212 4025 1309 4079 per
1333 4008 1473 4063 bella
1502 4008 1811 4076 triumphis,

481 4108 660 4162 Donec
690 4105 841 4171 Picto
867 4104 1019 4158 ferox
1046 4102 1237 4156 timido
1258 4100 1416 4155 simul
1446 4099 1660 4168 agmine
1690 4099 1847 4169 fugit,

479 4202 779 4254 Contentus
801 4194 1036 4265 propriis
1064 4208 1185 4248 sese
1210 4190 1501 4247 defendere
1525 4190 1579 4245 in
1600 4191 1741 4253 oris;

483 4290 607 4344 Haec
635 4290 776 4343 inter
804 4285 1007 4355 majora
1035 4284 1151 4339 dari
1182 4283 1443 4352 stipendia
1472 4282 1647 4351 poscit

481 4380 750 4433 l'lxternus
784 4378 1001 4431 sibimet
1024 4375 1178 4428 miles
1202 4391 1215 4426 :
1243 4375 1356 4428 haec
1384 4388 1547 4427 causa
1578 4372 1737 4427 duelli

482 4472 537 4524 lu
562 4470 766 4525 sociam
793 4468 967 4521 fuerat
996 4475 1212 4535 gentem
1237 4473 1553 4520 convertere
1583 4463 1809 4527 ferrum,

484 4562 549 4613 lit
582 4574 799 4628 segnem
826 4556 1073 4626 populum
1104 4556 1278 4624 patrio
1306 4553 1570 4623 depellere
1601 4569 1788 4622 regno.

484 4653 596 4707 lloc
619 4653 814 4721 pietate
846 4649 939 4703 Dei
968 4649 1163 4711 visum,
1192 4648 1333 4715 quod
1361 4662 1492 4715 gens
1514 4645 1774 4700 scelerata

483 4742 562 4794 ΟΞ)
593 4756 690 4795 sua
715 4740 787 4807 de
805 4740 964 4794 terris
989 4747 1199 4806 patrum
1227 4745 1449 4806 peccata
1475 4736 1699 4805 periret,

482 4833 820 4901 lntraretque
848 4846 974 4884 snas
1001 4828 1228 4898 populus
1256 4828 1461 4883 felicior
1484 4829 1676 4893 urbes;

482 4924 584 4990 Qui
615 4932 926 4978 servaturus
954 4921 1164 4974 Domini
1191 4931 1460 4989 prater-pta
1486 4918 1695 4976 fuisset.

481 5017 632 5083 Quod
664 5015 764 5070 fuit
790 5015 993 5070 affatim
1022 5014 1245 5078 factum,
1277 5014 1510 5069 donante
1544 5015 1778 5069 Tonante
1800 5053 1814 5069 .

478 5105 599 5160 dam
629 5121 765 5159 nova
793 5106 918 5160 dum
949 5104 1160 5159 crebris
1188 5104 1472 5173 viguerunt
1502 5113 1714 5174 sceptra
1747 5104 2056 5174 triumphis,

481 5197 547 5251 Et
574 5212 725 5267 reges
750 5213 816 5252 ex
846 5213 905 5252 se
925 5197 1038 5265 jam
1065 5198 1229 5265 cwpit
1262 5198 1461 5250 habere
1490 5206 1736 5264 potentes

479 5288 625 5342 Gens
655 5297 877 5343 ventura
908 5288 1023 5343 Dei.
1058 5286 1217 5341 Rexit
1249 5296 1374 5342 tunc
1407 5287 1663 5357 temporis
1688 5287 1866 5342 almus

556 5397 708 5455 Vers.
749 5400 834 5455 78.

553 5545 580 5573 ι
618 5534 807 5599 Eduin,
835 5536 968 5589 alias
1000 5537 1040 5589 E
1062 5537 1269 5602 lwinus,
1298 5537 1430 5593 Allx:
1455 5537 1614 5601 (ilius,
1641 5554 1734 5591 rex
1762 5536 2056 5592 Nerthum.

482 5603 649 5675 brius._
671 5604 873 5659 Aliortl.
914 5622 1055 5660 anno
1084 5608 1207 5671 (in,
1240 5626 1386 5662 num.
1421 5610 1450 5661 7
1477 5617 1528 5661 et
1558 5624 1670 5675 seq.

558 5674 583 5711 ιι
624 5672 818 5728 Pulsus
866 5678 918 5728 in
963 5678 1226 5742 erxifium,
1272 5680 1339 5732 ab
1380 5672 1676 5732 Ethelfrid—0
1722 5692 1869 5746 rege.
1921 5677 2055 5732 Ven.

485 5741 628 5798 Beda
656 5746 791 5801 Hist.
825 5748 969 5801 Eccl.
1000 5749 1189 5803 Gentis
1227 5750 1384 5820 Angl.
1418 5750 1510 5803 li".
1546 5766 1603 5814 tt,
1634 5765 1754 5805 cat).
1789 5741 1879 5802 ῙΞ.

1323 325 1381 378 e.
1424 325 1485 378 r.
1528 323 1751 378 ALBlNl
1790 321 1919 377 seu
1963 304 2237 376 ALCUN
2278 306 2561 377 orEnun
2603 320 2779 375 rans
2822 319 2903 374 vt.
2972 315 2983 361 '.

2109 435 2159 493 A
2185 433 2479 506 Gregorius
2504 436 2719 505 praesul,
2755 444 2866 491 toto
2894 434 3217 489 venerabilis
3244 434 3383 497 orbi,

3661 314 3767 370 816.

2187 525 2439 582 Ecclesiae
2463 529 2645 583 sedem
2669 516 2946 593 Romanae;
2978 528 3243 581 maximus
3263 535 3425 596 atque

2185 618 2452 689 Agrorum
2478 605 2679 674 Christi
2709 619 2902 683 cultor,
2937 614 3164 675 devotus
3190 604 3410 693 ubique,

2184 706 2423 761 Plurima
2450 718 2720 779 perpetua:
2753 709 3007 779 dispersit
3037 710 3244 764 semina
3273 710 3420 764 vitae.

2186 798 2415 854 Vomere
2443 815 2544 855 nec
2569 800 2739 854 solum
2766 798 2950 855 Latios
2974 802 3106 855 conf
3107 811 3317 871 regerat
3343 815 3524 873 agros,

2186 887 2291 945 Sed
2319 890 2490 945 bonus
2517 900 2676 961 atque
2707 886 2827 962 pius
2858 890 3128 962 peregrini
3152 894 3328 948 cultor
3349 894 3529 964 agelli,

2184 980 2382 1036 Oceani
2410 984 2643 1037 tumidos
2668 984 2808 1037 ultra
2841 984 3072 1039 suleavit
3099 994 3305 1051 aratro,
3370 972 3373 977 ’

2183 1075 2408 1131 Pectora
2434 1076 2601 1131 divini
2623 1076 2784 1131 fluctu
2814 1078 3033 1148 gentilia
3060 1080 3212 1134 verbi

2181 1168 2347 1223 Arida
2381 1168 2649 1224 mellilluis
2676 1168 3005 1240 perfundens
3033 1188 3163 1225 arva
3193 1170 3409 1226 ﬂuentis
3435 1191 3447 1224 :

2181 1263 2257 1317 De
2285 1263 2481 1331 quibus
2505 1265 2740 1333 aequorei
2768 1272 2926 1332 potus
2955 1265 3187 1319 hausere
3217 1262 3461 1318 Britanni

2180 1352 2299 1408 Jam
2325 1354 2424 1410 sibi
2456 1366 2743 1425 perpetum,
2767 1355 2985 1411 Christo
3015 1356 3269 1419 donante,
3302 1356 3512 1411 salutis.

2180 1444 2353 1498 Eduin
2381 1456 2404 1483 ιι
2441 1444 2645 1500 interea
2676 1454 2920 1500 veterum
2948 1444 3013 1499 de
3037 1446 3277 1517 germine
3308 1460 3513 1515 regum,

2181 1536 2445 1591 Euboriea
2476 1538 2715 1608 genitus,
2748 1537 2997 1593 dominus
3026 1553 3124 1607 per
3151 1547 3343 1592 cuncta
3379 1532 3615 1603 futurus,

2179 1627 2370 1683 Pulsus
2400 1630 2453 1684 in
2482 1631 2729 1685 exsilium
2762 1632 2791 1671 ι)
2824 1630 2958 1701 fugit
2988 1647 3120 1701 puer
3149 1632 3329 1685 invida
3356 1647 3541 1702 regna.

2182 1721 2379 1777 Orama
2410 1734 2430 1762 ε
2459 1724 2674 1795 gentilis
2698 1740 2804 1793 qua
2841 1722 3051 1779 viderat
3081 1724 3193 1793 ipse
3223 1736 3533 1793 supernum,

2106 1781 2151 1840 Β
2182 1814 2349 1869 Nocte
2378 1781 2647 1884 sopvorata,
2678 1781 2825 1869 solus
2854 1815 2978 1869 dum
3007 1781 3250 1883 tempore
3277 1781 3509 1884 quodam

2178 1906 2350 1959 Anxia
2380 1906 2540 1960 cerda
2573 1921 2765 1976 gerens
2793 1906 2954 1971 curis,
2984 1906 3099 1961 loca
3123 1920 3359 1977 congrua
3389 1907 3579 1971 adivit,

2179 1999 2246 2053 Et
2278 1994 2473 2052 tacitus
2501 1998 2640 2053 sedit
2668 1998 2927 2053 sublustri
2955 1998 3156 2052 lumine
3184 1998 3323 2051 luncc
3347 2016 3359 2051 :

2180 2091 2273 2144 \‘ir
2301 2090 2449 2144 stetit
2476 2089 2687 2160 ignotus
2716 2082 2924 2155 habitu,
2950 2090 3207 2161 vultuque
3230 2100 3448 2158 repente

2176 2180 2317 2234 Ante
2344 2180 2531 2235 oculos
2551 2179 2787 2248 juvenis,
2816 2181 3106 2250 verbisque
3133 2180 3329 2233 affatur
3354 2179 3544 2235 amicis
3569 2195 3585 2233 ε

2184 2293 2202 2326 ι
2235 2273 2363 2341 Quae
2394 2282 2443 2328 te
2473 2273 2605 2328 dur’a
2634 2274 2836 2343 coquit,
2861 2271 3118 2341 iuvenum
3147 2271 3459 2333 fortissime,
3490 2270 3663 2326 cura?

2178 2366 2292 2420 Rex
2318 2366 2458 2419 Deus
2483 2375 2719 2419 aiternus
2748 2349 2868 2419 coeli
2896 2348 2984 2434 qui
3015 2364 3191 2419 sidera
3217 2361 3365 2427 fec't,

2178 2456 2307 2523 Qua:
2333 2464 2389 2510 tu
2420 2454 2640 2523 pulchra
2669 2455 2819 2519 vides
2843 2454 3034 2509 solatia
3057 2454 3150 2507 dat
3177 2454 3273 2508 tibi
3305 2462 3478 2507 certa.

2176 2542 2315 2601 Ecce
2342 2554 2489 2599 tuam
2520 2545 2686 2598 vitam”
2719 2544 2981 2615 quterenti
3012 2553 3191 2598 servat
3216 2544 3284 2599 ab
3319 2544 3505 2607 hoste;

2176 2638 2400 2706 insuper
2423 2637 2707 2705 imperium
2732 2636 2897 2690 latum
2930 2632 3027 2690 tibi
3054 2627 3309 2690 terminat
3335 2638 3515 2692 undis.

2176 2732 2290 2787 Rex
2316 2731 2459 2786 Deus
2499 2729 2589 2785 ille
2616 2731 2712 2785 tibi
2742 2738 2910 2784 totum
2939 2729 3011 2784 sit
3040 2744 3255 2800 semper
3282 2730 3335 2783 in
3362 2736 3535 2783 aevum
3562 2748 3575 2783 :

2173 2825 2564 2894 lmponcnsque
2592 2822 2682 2876 tuo
2706 2821 2867 2890 capiti
2898 2836 2995 2890 pro
3027 2819 3229 2874 fmdcre
3258 2820 3501 2873 dextram
3526 2837 3542 2871 :

2176 2902 2301 2969 llmc
2324 2908 2439 2977 tibi,
2474 2912 2628 2977 dixit,
2654 2919 2813 2966 erunt
2840 2912 3010 2965 nostri
3041 2911 3313 2980 signacula
3345 2912 3507 2981 pacti.
3533 2931 3554 2966 ι

2174 3007 2403 3061 Nuntius
2433 3006 2517 3061 bis
2544 3006 2702 3060 dictis
2722 3005 2903 3060 subito
2936 3004 3187 3059 discessit
3210 3005 3278 3058 ab
3309 3004 3423 3069 illo,

2091 3136 2142 3200 Ω
2175 3096 2271 3150 Cui
2304 3097 2457 3165 vigor
2486 3094 2686 3149 affatim
2718 3110 2884 3149 venas
2914 3094 3155 3149 decurrit
3182 3094 3235 3148 in
3263 3110 3475 3159 names,

2174 3187 2332 3243 Pulsa
2363 3187 2551 3257 procul
2587 3186 2795 3256 fugiens
2822 3194 2877 3240 et
2903 3186 3209 3255 desperatio
3238 3185 3401 3240 fibras

2170 3276 2447 3345 Liquerat.
2474 3276 2713 3331 Eventus
2745 3276 3010 3330 venientis
3038 3278 3179 3332 dicta
3207 3279 3457 3347 probavit

2169 3365 2408 3436 Hospitis
2430 3367 2715 3422 :occubuit
2738 3368 2924 3422 statim
2957 3383 3053 3422 rex
3081 3384 3209 3439 ense
3234 3367 3470 3425 nefando

2165 3457 2385 3514 Invidus
2407 3459 2620 3530 imperii
2649 3460 2773 3515 vitm
2797 3460 2960 3515 simul
2984 3460 3130 3515 illius
3153 3470 3339 3531 atque.

2168 3549 2320 3603 Tunc
2338 3550 2552 3620 juvenis
2578 3552 2793 3605 rediens
2822 3551 3046 3608 intravit
3073 3552 3320 3608 amabilis
3348 3552 3512 3607 urbes

2167 3641 2284 3697 Jam
2315 3643 2542 3713 patrias,
2568 3644 2746 3713 populi
2772 3660 3166 3716 procerumque
3190 3646 3373 3703 favore
3399 3657 3674 3718 receptus.

2167 3734 2269 3802 Qui
2301 3750 2424 3788 mox
2452 3735 2725 3805 accipiens
2749 3738 2948 3807 sceptri
2978 3738 3176 3809 regalis
3202 3739 3479 3805 honorem,

2167 3826 2422 3892 Quaesivit
2450 3828 2682 3897 propria:
2713 3829 2857 3898 genti
2882 3830 3043 3894 bona,
3073 3830 3253 3901 largus
3278 3832 3331 3885 in
3360 3848 3585 3897 omnes,

2166 3916 2278 3972 Nec
2309 3934 2406 3987 per
2428 3929 2638 3988 sceptra
2667 3920 2840 3985 ferox,
2871 3922 2965 3976 sed
2995 3923 3061 3976 de
3095 3923 3295 3994 pietate
3320 3924 3608 3993 benignus,

2167 4006 2363 4061 Factus
2383 4024 2535 4062 amor
2561 4010 2763 4079 populi,
2792 4011 2980 4080 patria:
3003 4021 3176 4080 pater,
3209 4022 3263 4068 et
3293 4014 3461 4069 decus
3483 4016 3641 4069 ante.

2163 4096 2410 4153 Assiduis
2437 4114 2696 4170 superans
2724 4101 2939 4155 hostilia
2969 4112 3146 4156 castra
3187 4104 3499 4174 triumphis,

2164 4188 2499 4259 lmperioquc
2526 4207 2623 4245 suo
2655 4202 2842 4263 gentes
2867 4194 3240 4263 superaddidit
3267 4210 3479 4259 omnes,

2162 4280 2389 4335 Finibus
2419 4290 2577 4351 atque
2609 4283 2800 4353 plagis,
2833 4300 2937 4354 qua
2970 4285 3210 4339 tenditur
3238 4286 3411 4339 insula
3439 4286 3618 4355 longe.

2163 4372 2391 4444 Jamque
2416 4373 2603 4446 jugum
2634 4377 2778 4446 regis
2800 4392 2972 4446 prona
3006 4378 3217 4432 cervice
3250 4378 3507 4432 subibant

2088 4488 2138 4547 Β
2166 4467 2439 4521 Saxonum
2466 4467 2712 4537 pepulus,
2738 4468 2941 4534 Pictus,
2972 4468 3293 4539 Scotusqne,
3324 4469 3640 4525 Britannus.

2165 4558 2373 4613 interea
2400 4558 2608 4628 placida
2635 4560 2783 4630 regni
2809 4560 2933 4615 dum
2961 4576 3091 4630 pace
3121 4561 3352 4615 tribunal

2165 4648 2401 4704 Rexerat
2426 4650 2776 4720 armipotens,
2808 4653 2996 4721 sopitis
3027 4653 3260 4721 undique
3287 4653 3463 4731 bellis,
3738 4678 3761 4705 ο

2162 4740 2396 4799 Iustitiae
2424 4742 2613 4797 validis
2637 4744 2862 4812 populos
2888 4734 3136 4799 frenabat
3166 4746 3417 4809 habenis,

2166 4833 2275 4889 Nec
2306 4835 2442 4904 rapit
2466 4851 2614 4889 arma
2646 4836 2816 4901 furor,
2839 4837 3015 4907 legum
3043 4840 3141 4893 sub
3166 4840 3402 4908 pondere
3429 4856 3669 4910 pressus.

2167 4926 2399 4981 llltriccs
2431 4927 2607 4980 timuit
2638 4929 2830 4996 capitis
2858 4930 2981 4996 quia
3008 4930 3237 5000 quisque
3266 4946 3505 4994 secures,

2166 5015 2394 5070 Provida
2430 5017 2482 5069 ni
2509 5024 2623 5070 tolo
2650 5018 2891 5072 servaret
2913 5029 3128 5087 pectore
3159 5021 3317 5085 scita,

2166 5108 2295 5175 Quae
2324 5108 2501 5175 posuit
2525 5108 2736 5177 populis
2766 5118 2944 5163 rector
2973 5112 3237 5164 servanda
3267 5112 3530 5167 subactis.

2165 5196 2377 5266 Accipit
2410 5214 2633 5253 uxorem
2663 5199 2885 5253 australi
2915 5200 2981 5254 de
3009 5209 3162 5269 parte
3192 5202 3408 5257 fidelem
3436 5204 3487 5266 ἀ,

2169 5290 2406 5345 Moribus
2433 5292 2733 5362 egregiam,
2765 5301 3084 5361 patrumque
3116 5295 3183 5347 ab
3208 5295 3418 5365 origine
3448 5299 3665 5357 claram.

3369 5408 3396 5457 \
3413 5423 3521 5460 crs.
3553 5407 3663 5459 t3‘2.

2235 5550 2257 5578 ο
2296 5537 2520 5614 (Opapia,
2551 5540 2612 5614 id
2642 5550 2743 5604 est,
2774 5543 2971 5609 visum,
3003 5553 3063 5597 ut
3110 5544 3163 5598 in
3210 5544 3329 5599 Vita
3367 5546 3540 5600 sancti
3570 5544 3709 5599 \‘r'illi

2162 5610 2369 5672 brordi,
2392 5627 2511 5679 cap.
2541 5610 2596 5663 2.

2234 5679 2277 5753 ιι,
2302 5680 2654 5753 Edelburgnm
2686 5681 2980 5737 Ethelberti
3029 5686 3175 5753 regis
3214 5686 3390 5740 Cantii
3434 5687 3615 5740 filiam.
3648 5684 3721 5734 ΑΙ-

2162 5751 2301 5806 ford.
2335 5766 2476 5806 anno
2500 5752 2623 5818 616,
2652 5767 2799 5806 nam.
2832 5753 2864 5810 9
2890 5763 2941 5808 et
2970 5751 3117 5810 alibi}
3147 5756 3289 5810 Beda
3324 5756 3416 5811 lib.
3453 5774 3514 5821 ιι,
3543 5773 3589 5809 c.
3616 5758 3663 5808 9.
