4062 6346
481 289 589 347 διε)

482 408 592 463 Sed
620 409 742 477 pius
769 407 1048 464 Oswaldus
1079 423 1304 462 numero
1332 423 1438 460 non
1477 405 1696 461 territus
1723 404 1829 461 ullo

479 499 787 568 Alloquitur
828 500 1095 569 prepriam
1127 499 1399 553 constanti
1429 507 1647 567 pectore
1678 507 1908 550 turmam
1937 512 1950 549 :

488 611 506 646 ι
541 591 586 647 Ο
609 591 805 662 quibus
828 599 911 646 est
940 606 1151 659 semper
1172 590 1432 654 bellorum
1460 590 1633 644 vivida
1655 589 1847 653 virtus,

482 682 658 748 Nunc,
683 698 896 752 precor.
922 682 1150 736 invictas
1171 681 1365 735 animis
1393 681 1653 756 assuniite
1684 680 1848 745 vires,

481 773 862 842 Auxiliumque
891 772 984 827 Dei
1013 773 1223 827 cunctis
1247 772 1593 840 pmestantius
1620 770 1786 825 armis

481 872 696 930 Pascite
721 867 882 926 corde
918 866 1027 937 pio,
1055 864 1324 934 precibus,
1354 863 1682 918 substernite
1709 868 1921 916 vestros

485 965 675 1020 Vultus
707 971 831 1017 ante
863 975 1099 1023 crucem,
1127 973 1290 1026 quam
1318 957 1520 1018 vertice
1542 955 1740 1012 montis
1770 954 1824 1008 in
1852 953 1956 1007 isto

483 1054 668 1118 Erexi,
687 1052 872 1106 rutilat
892 1033 1095 1106 Christi
1117 1034 1236 1117 quze
1263 1047 1411 1101 clara
1443 1055 1664 1116 ll‘Op‘JCO,

483 1145 614 1212 Quae
655 1158 867 1214 quoque
893 1157 1036 1196 nunc
1071 1140 1226 1194 nobis
1259 1137 1536 1222 praestabit
1575 1135 1834 1203 ab.hoste
1877 1133 2064 1188 trimu-

1730 1226 1940 1300 [phum.
1963 1246 1983 1279 ι

484 1326 638 1381 Tunc
663 1325 867 1379 clamor
891 1321 1071 1394 populi
1099 1321 1270 1376 fertur
1303 1335 1464 1389 super
1487 1327 1634 1374 astra
1660 1317 1952 1388 precantis.

483 1415 555 1474 Et
589 1431 748 1471 cruce
787 1415 866 1470 sic
909 1427 1112 1479 coram,
1141 1411 1534 1480 Dominamque
1563 1410 1838 1478 Deumque
1875 1415 2065 1477 potens

1835 1496 1988 1568 [tem,

483 1595 782 1668 Poplilibus
805 1594 978 1660 ﬂexis,
1007 1594 1279 1649 exercitus
1298 1593 1474 1648 omnis
1499 1590 1706 1650 adorat.

484 1687 583 1745 His
606 1689 770 1743 etiam
798 1687 961 1758 gestis
999 1693 1278 1756 promptus
1304 1685 1570 1754 processit
1599 1683 1652 1736 iu
1680 1683 1916 1748 hostem,

483 1780 732 1836 Caedibus
762 1779 1065 1846 irrumpens
1099 1777 1314 1832 hostilia
1342 1783 1520 1830 castra
1551 1773 1810 1827 eruentis.

484 1871 556 1928 Ut
587 1871 672 1927 leo
694 1885 814 1925 cum
845 1869 1037 1924 catulis
1061 1869 1295 1924 crudelis
1324 1867 1483 1922 ovilia
1508 1875 1708 1933 vastat,

483 1963 554 2024 Et
582 1977 746 2033 pecus
775 1976 934 2017 omne
973 1961 1118 2016 ferus
1149 1967 1365 2024 mactat,
1412 1959 1722 2029 manditque
1753 1959 2057 2028 trahitque;

483 2054 639 2110 Haud
675 2070 830 2110 secus
870 2053 1152 2109 Oswaldus
1192 2068 1283 2107 rex
1313 2053 1509 2108 stravit
1541 2052 1740 2122 ubique
1765 2052 2061 2122 phalanges

482 2143 801 2201 Barbaricas
827 2145 1000 2199 victor
1023 2143 1276 2214 gradiens
1305 2159 1401 2212 per
1434 2143 1684 2216 tela,_per
1713 2142 1920 2206 hostes,

485 2236 653 2292 Ctedit
685 2246 741 2292 et
771 2237 1025 2300 inculcat,
1059 2233 1326 2306 fugientes
1355 2235 1541 2291 atterit
1573 2237 1707 2290 alas.

485 2333 754 2388 Prmvenit
779 2331 1012 2387 Oswaldi
1041 2331 1330 2386 sternendo
1355 2331 1627 2385 exercitus
1659 2330 1863 2394 hostes,

487 2423 820 2493 Sanguineos
849 2421 1054 2492 campis
1091 2421 1236 2476 rivos
1267 2429 1390 2491 post
1413 2429 1562 2492 terga
1587 2420 1917 2495 relinquens,

484 2517 666 2571 Doncc
694 2515 808 2586 ipse
829 2514 986 2568 luens
1011 2513 1208 2569 cecidit
1229 2512 1477 2578 Cadvvala
1515 2501 1780 2568 nefandus

485 2605 730 2661 l’erﬁdize
759 2622 965 2677 pmnas,
995 2605 1231 2660 moriens
1254 2606 1307 2659 in
1337 2613 1518 2674 strage
1547 2619 1791 2670 suorum,

485 2695 754 2768 Claraque
776 2697 1064 2768 magniﬁco
1091 2697 1258 2752 cessit
1279 2697 1505 2752 victoria
1531 2697 1668 2768 regi,

484 2789 743 2846 Hostibus
769 2791 964 2846 occisis
991 2805 1214 2860 regnum
1239 2790 1614 2845 sanctissimus
1642 2786 1858 2842 Oswald

483 2881 807 2953 ingreditur,
836 2883 998 2938 heros
1027 2890 1264 2937 veterum
1291 2881 1587 2953 condiguus
1613 2894 1860 2943 avorum.

485 2978 582 3036 Vir
613 2979 814 3035 virtute
843 2986 1036 3048 potens
1062 2977 1252 3046 patriae
1278 2986 1516 3040 tutator,
1543 2983 1757 3029 amator

485 3071 726 3128 Moribus
751 3071 1000 3141 egregius
1030 3069 1226 3125 Christi
1260 3069 1512 3124 mandata
1537 3076 1778 3133 secutus,

486 3162 824 3233 Pauperibus
854 3161 1052 3232 largus,
1076 3177 1272 3230 parcus
1301 3161 1426 3224 sibi,
1451 3160 1600 3216 dives
1623 3161 1679 3214 in
1713 3174 1922 3226 omnes,

486 3250 714 3306 Iudiciis
736 3264 922 3315 verax,
953 3250 1116 3304 animi
1145 3250 1345 3318 pietate
1369 3249 1660 3324 benignus,

487 3339 650 3420 345
689 3339 946 3408 Excelsus
990 3340 1219 3406 meritis,
1260 3339 1559 3395 submissus
1594 3350 1774 3396 mente
1807 3341 1901 3398 sed
1927 3342 2063 3412 ipsa,

489 3431 747 3492 Hostibus
780 3430 1058 3486 horribilis
1086 3431 1296 3486 cunctis
1323 3429 1595 3498 iucundus
1638 3433 1850 3498 amicis,

489 3523 561 3578 Ut
605 3523 746 3580 bello
772 3523 1081 3590 indomitus,
1113 3524 1193 3580 sic
1225 3533 1383 3595 pacta
1413 3525 1471 3580 in
1504 3541 1639 3596 pace
1663 3525 1864 3599 ﬁdelis,

486 3612 714 3668 lnvaluit
742 3621 1028 3684 postquam
1056 3615 1284 3684 sceptris
1309 3625 1363 3670 et
1385 3617 1618 3671 culmine
1649 3617 1822 3687 regni,

485 3703 730 3774 Exstruit
751 3705 1003 3767 ecclesias
1031 3707 1291 3776 donisque
1315 3717 1544 3763 exornat
1567 3708 1783 3778 epimis,

487 3793 629 3852 Vasa
658 3795 970 3862 ministeriis
1000 3807 1260 3866 praestans
1288 3799 1524 3868 pretiosa
1553 3799 1784 3871 sacratis

483 3885 746 3959 Argento,
772 3889 999 3958 gemmis
1026 3905 1150 3945 aras
1177 3891 1393 3946 vestivit
1417 3900 1470 3945 et
1498 3906 1651 3956 auro,

487 3977 673 4034 Serica
700 3979 993 4050 parietibus
1019 3982 1242 4036 tendens
1262 3981 1528 4036 velamina
1559 3981 1752 4046 sacris,

484 4069 618 4132 Auri
654 4069 900 4125 blateolis
927 4071 1150 4142 pulchre
1181 4071 1432 4126 distincta
1463 4071 1700 4135 coronis,

485 4161 797 4231 Sanctaque
831 4163 1106 4232 suspendit
1135 4163 1314 4226 varias
1339 4177 1436 4232 per
1463 4171 1601 4218 tecta
1631 4162 1902 4233 lucernas,

483 4249 640 4313 Esset
666 4259 724 4304 ut
752 4252 806 4305 in
830 4252 1042 4323 templis
1067 4253 1188 4310 cmli
1218 4253 1482 4331 stellantis
1505 4253 1702 4325 imago,

484 4343 937 4414 Christicolasque
962 4361 1149 4416 greges
1176 4345 1327 4401 duxit
1349 4346 1573 4402 devotus
1600 4348 1653 4402 in
1682 4346 1823 4414 illas,

484 4431 558 4500 Ut
580 4432 769 4487 ﬁerent
795 4433 1022 4488 Domino
1044 4433 1227 4488 laudes
1255 4435 1374 4489 sine
1399 4435 1504 4488 ﬁne
1533 4445 1843 4504 canentum.

484 4525 530 4580 Ο
557 4525 750 4594 pietas,
780 4539 813 4579 ο
839 4523 981 4580 celsa
1009 4524 1174 4590 ﬁdes!
1207 4524 1342 4579 Nam
1370 4525 1630 4596 quidquid
1662 4526 1915 4596 habebat,

482 4616 748 4687 Prodigus
777 4619 830 4672 in
857 4615 1065 4672 Domini
1091 4632 1346 4687 gazarum
1375 4617 1573 4686 sparsit
1599 4617 1857 4672 honorem
1885 4635 1902 4686 ξ

483 4707 824 4782 Quapropter
850 4705 1017 4763 titulis
1050 4708 1311 4770 virtutum
1334 4707 1548 4776 claruit,
1583 4717 1744 4779 atque

486 4787 773 4872 Sign'orum
796 4799 992 4856 celebri
1023 4798 1162 4854 fama
1194 4809 1277 4857 est
1314 4800 1561 4871 vulgatus
1589 4800 1809 4875 ubique,

483 4893 612 4961 Qua:
639 4893 797 4949 modo
822 4907 919 4964 per
939 4892 1193 4947 mundum
1228 4892 1433 4948 chartis
1461 4892 1716 4963 inscripta
1743 4893 1996 4964 leguntur

482 4984 720 5050 Quarum
745 4999 915 5056 pauca
943 4984 1071 5040 libet
1095 4982 1261 5054 lyrico
1283 4999 1428 5039 nunc
1448 4975 1666 5055 tangere
1685 4985 1918 5056 plectro,

486 5079 551 5133 Et
579 5067 760 5150 partes
785 5086 976 5133 cantus
999 5077 1208 5133 calamo
1235 5085 1488 5132 currente
1510 5078 1734 5132 referre.

482 5167 747 5248 Tempore
777 5185 900 5238 nam
930 5170 1158 5257 quodam
1171 5169 1366 5254 prtesul
1388 5167 1760 5240 sanctissimus
1775 5167 1974 5240 [Aidan
2005 5167 2055 5242 Ιι]

557 5280 708 5341 Vers.
749 5285 874 5356 29L

555 5476 580 5508 ι
616 5465 832 5534 Edanus
865 5479 958 5520 seu
993 5463 1259 5534 Aidanus,
1305 5463 1370 5518 de
1395 5477 1501 5531 quo
1528 5460 1681 5532 plura
1709 5459 1854 5516 Beda
1881 5459 1919 5515 l.
1958 5457 2052 5513 cit.

483 5551 602 5607 cap.
633 5533 666 5607 ξ
700 5544 764 5607 et
785 5536 838 5589 6.

555 5598 582 5646 Β
629 5602 767 5658 0δωί
817 5621 910 5659 seu
950 5603 1208 5666 Oswinus,
1264 5616 1542 5659 successor
1593 5600 1847 5655 Oswaldi.
1923 5598 2056 5653 Vide

485 5688 704 5747 carmen
733 5675 1054 5732 antecedens
1079 5676 1145 5730 ad
1172 5673 1656 5747 Lindisfarnenses.
1682 5671 1826 5726 Beda
1858 5683 1977 5738 cap.
1996 5668 2052 5735 ιε

1295 287 1359 343 Β.
1401 287 1463 342 F.
1504 285 1729 342 ALBINI
1768 285 1898 342 SEU
1938 280 2218 338 ALCUINI
2257 278 2545 338 OPERUM
2583 279 2763 337 PARS
2804 279 2889 336 Vl.

2092 404 2136 456 Α
2168 394 2303 450 Cum
2329 411 2456 467 rege
2476 405 2531 452 et
2557 397 2754 467 populo
2776 397 3058 453 Paschalis
3084 395 3220 453 festa
3245 398 3472 470 peregit,

3639 282 3749 339 820

2164 481 2316 555 (Ejus
2363 501 2459 540 rex
2504 487 2726 546 monitis
2759 502 2886 540 nam
2914 487 3061 541 omni
3091 489 3315 542 servivit
3341 488 3397 542 in
3427 488 3576 560 actu)
3646 504 3648 506 ·

2162 574 2400 629 Plurima
2429 590 2526 644 per
2551 576 2755 646 plateas
2781 578 3000 646 inopum
3029 586 3159 632 tunc
3186 579 3344 632 turba
3366 578 3603 647 jacehat,

2159 663 2206 720 A
2231 679 2353 736 rege
2373 666 2568 735 stipem
2594 667 2837 736 rogitans
2861 667 3097 723 clamore
3129 667 3426 738 frequenti.

2160 753 2470 826 ingrediens
2497 757 2719 810 recubat
2748 757 2858 826 jam
2882 765 2937 812 et
2967 771 3062 812 rex
3090 759 3250 818 simul
3278 767 3444 828 atque
3473 761 3753 829 sacerdos,

2158 844 2492 915 Argentique
2529 848 2682 916 prius
2705 855 3026 918 pensantem
3057 850 3288 918 plurima
3321 851 3535 906 discum

2161 933 2428 1001 Pomlera,
2457 952 2580 990 cum
2609 938 2836 1007 dapibus
2859 939 3042 992 statim
3071 939 3272 994 direxit
3299 942 3524 1012 egenis;

2162 1025 2310 1084 Vidit
2338 1035 2396 1087 ut
2421 1027 2524 1081 hoc
2544 1027 2760 1095 prtesul,
2788 1029 3036 1083 dextram
3049 1031 3482 1099 comprehendit,
3504 1040 3560 1088 et
3588 1033 3709 1090 inﬁt
3734 1049 3752 1089 ι

2159 1113 2493 1186 lncorrupta,
2527 1131 2738 1187 precor,
2766 1125 2982 1172 maneat
3011 1134 3206 1175 manus
3234 1121 3338 1175 ista
3355 1136 3456 1192 per
3473 1137 3648 1178 rerum

2161 1204 2312 1270 Quod
2351 1204 2450 1259 fuit
2484 1214 2541 1260 et
2571 1205 2771 1260 factum
2799 1223 2814 1271 ;
2849 1215 3038 1270 saneto
3063 1221 3190 1262 nam
3226 1224 3352 1279 rege
3381 1219 3694 1282 perempto,

2161 1291 2358 1349 Gentili
2388 1294 2567 1364 gladio
2603 1297 2886 1365 praecisam
2916 1312 2946 1350 a
2973 1311 3202 1366 corpore
3233 1298 3483 1353 dextram

2162 1383 2357 1454 Stipite
2383 1386 2720 1454 suspendunt
2745 1387 3016 1442 :.veniens
3044 1403 3142 1442 rex
3179 1389 3326 1444 illius
3351 1389 3533 1447 haeres

2161 1475 2307 1531 Oswi
2337 1478 2364 1516 ιι
2389 1492 2678 1547 germanus
2701 1478 2942 1549 germani
2973 1486 3029 1533 et
3065 1480 3346 1549 sanguinis
3365 1479 3532 1544 ultor,

2160 1566 2404 1638 Arripuit
2433 1567 2702 1633 dextram,
2740 1567 3083 1638 Bebbamque
3111 1568 3320 1624 ferebat
3347 1571 3402 1624 in
3433 1571 3645 1637 urbem,

2164 1658 2385 1728 Argenti
2411 1657 2650 1713 condens
2671 1658 2845 1713 loculo
2874 1660 2976 1714 sub
3004 1659 3241 1715 culmine
3267 1661 3470 1731 templi,

2091 1734 2139 1796 Β
2165 1749 2316 1816 Quod
2343 1751 2495 1819 prius
2517 1751 2633 1820 ipse
2663 1751 2775 1810 Deo
2795 1751 2987 1806 statuit
3013 1753 3114 1807 sub
3140 1753 3360 1807 nomine
3381 1754 3548 1808 Petri.

2160 1837 2434 1894 Hactenus
2459 1840 2724 1910 integram
2746 1839 2863 1894 fore
2886 1841 3043 1911 signo
3067 1849 3154 1896 est
3176 1843 3374 1913 ungula
3396 1859 3675 1911 crescens,

2159 1930 2382 1986 Flexilis
2408 1939 2464 1986 et
2489 1947 2709 1999 nervus,
2747 1932 2940 1988 viridis
2969 1948 3120 1999 caro,
3157 1934 3328 1990 forma
3353 1945 3604 1992 venusta.

2159 2019 2324 2090 Cujus
2350 2030 2552 2091 quanta
2581 2021 2715 2078 ﬁdes
2745 2021 2926 2078 fuerat
2959 2024 3045 2079 vel
3075 2025 3162 2079 vis
3186 2027 3534 2093 meritorum,

2161 2109 2290 2166 Post
2315 2119 2542 2166 mortem
2569 2114 2728 2168 nituit
2758 2115 2934 2185 magis
2959 2130 3023 2170 ac
3042 2116 3216 2186 magis
3241 2117 3479 2188 undique
3509 2119 3683 2190 signis

2160 2200 2401 2273 Namque
2430 2204 2517 2258 ubi
2539 2219 2638 2286 pro
2666 2205 2839 2274 patria
2869 2221 3116 2276 pugnans
3143 2222 3172 2260 a
3194 2215 3357 2276 gente
3370 2217 3684 2286 peremptus

2159 2290 2372 2364 Pagana
2403 2294 2612 2357 cecidit,
2641 2293 2776 2348 ﬁunt
2800 2295 2870 2350 de
2893 2295 3112 2365 pulvere
3143 2296 3310 2351 multa

2161 2386 2324 2456 Signa
2344 2383 2622 2440 salutifero
2645 2397 2692 2438 ο.
2722 2385 2952 2452 Quidam
2973 2387 3101 2441 dum
3128 2385 3268 2443 forte
3295 2388 3471 2445 viator
3523 2405 3534 2416 ‘

2159 2477 2282 2548 Egit
2309 2477 2412 2531 iter
2432 2477 2587 2547 juxta
2616 2477 2792 2542 fuerat
2818 2493 2924 2548 qua
2954 2493 3191 2544 scamma
3215 2479 3240 2518 ἀ
3266 2481 3451 2544 duelli,

2165 2566 2334 2640 Cujus
2361 2583 2534 2638 equus
2562 2569 2742 2624 subito
2773 2571 2902 2625 totis
2931 2571 3229 2626 lassescere
3258 2574 3518 2629 membris

2160 2655 2412 2727 Coeperat
2442 2665 2494 2711 et
2518 2655 2771 2713 frendens
2789 2673 2887 2714 ore
2913 2674 3166 2728 spumare
3187 2668 3435 2724 cruento,

2164 2746 2345 2818 Atque
2370 2763 2535 2804 ruens
2559 2763 2752 2820 campo
2777 2750 2918 2805 volvi
2945 2751 3242 2805 moriturus
3269 2751 3322 2806 in
3352 2751 3464 2816 illo,

2161 2836 2328 2908 Inque
2355 2838 2533 2895 locum
2553 2855 2776 2896 versans
2797 2842 2965 2906 venit,
2990 2857 3096 2912 qua
3122 2857 3216 2897 rex
3254 2844 3377 2913 pius
3403 2842 3622 2900 Oswald

2163 2927 2428 2986 Occubuit
2453 2930 2746 3000 quondam,
2778 2940 2906 2986 tunc
2931 2932 3112 2987 statim
3138 2947 3364 3003 corpore
3397 2947 3534 2989 sano

2165 3017 2472 3089 Exsurgens
2493 3021 2651 3077 avide
2678 3021 2934 3092 carpebat
2954 3029 3170 3076 amoena
3207 3022 3403 3076 vireta.

2087 3071 2137 3135 ο
2171 3071 3450 3196 ἰξίὶὲῐίέέίῖρῖιἐπ’ἐεήᾗῖξῆὲῶἶῆοξὲὲὶέιηὶὲἐιζῖιίο

2166 3202 2300 3258 Esse
2320 3203 2460 3268 loco,
2492 3203 2706 3256 titulum
2735 3217 2940 3273 ponens
2965 3203 3248 3273 equitabat
3275 3204 3344 3258 ah
3369 3204 3494 3260 inde

2167 3293 2470 3363 Hospitium
2497 3295 2723 3349 veniens
2759 3310 2867 3364 quo
2898 3295 3185 3362 tenderat;
3215 3311 3344 3352 ecce
3363 3296 3547 3367 puella

2167 3381 2372 3438 Tabida
2410 3383 2678 3454 paralysis
2715 3383 2894 3454 gelido
2922 3384 3180 3455 languore
3204 3387 3442 3457 jacehat,

2166 3469 2366 3525 Ultima
2391 3472 2776 3541 congeminans
2802 3473 3014 3528 misera:
3035 3475 3268 3545 suspiria
3299 3485 3461 3541 vitae;

2165 3559 2408 3630 Cumque
2427 3562 2618 3616 domus
2646 3563 2846 3632 neptim
2873 3565 3044 3632 patris
3075 3567 3292 3620 turbata
3321 3566 3595 3636 gemebat,

2167 3647 2414 3720 Suggerit
2437 3651 2634 3721 hospes
2655 3666 2776 3706 eam
2801 3653 2922 3712 (luci
2949 3669 3055 3726 quo
3087 3653 3226 3713 forte
3249 3654 3491 3719 caballus

2166 3739 2401 3795 Sanatus
2428 3740 2640 3807 fuerat;
2669 3757 2934 3812 carroque
2957 3744 3186 3814 imposta
3216 3744 3389 3815 puella

2163 3827 2406 3897 Ducitur,
2429 3838 2488 3884 ut
2518 3830 2701 3899 jussit,
2734 3842 3045 3887 monstrans
3065 3831 3183 3887 loca
3205 3841 3392 3888 sancta
3413 3834 3616 3900 viator.

2163 3919 2231 3974 Et
2261 3922 2365 3976 sita
2399 3936 2593 3990 corpus
2624 3923 2773 3978 humi
2803 3923 3022 4000 paulum
3061 3925 3323 3994 dormivit
3345 3925 3568 3991 ibidem,

2163 4015 2540 4086 Evigilansque
2567 4032 2718 4072 suam
2741 4019 3011 4087 persensit
3039 4019 3230 4074 adesse
3259 4018 3512 4074 salutem.

2162 4105 2288 4170 Inde
2323 4109 2511 4176 petivit
2541 4121 2760 4177 aquam,
2791 4108 2984 4164 faciem
3019 4109 3121 4164 sibi
3157 4110 3307 4176 lavit,
3335 4119 3391 4166 et
3420 4111 3572 4180 ipsos

2163 4196 2476 4268 Composuit
2502 4199 2700 4265 crines,
2731 4209 2892 4273 caput
2917 4208 2972 4267 et
3000 4200 3267 4256 velamine
3302 4201 3456 4266 texit,

2159 4285 2529 4359 Ductoresque
2554 4301 2680 4344 suos
2716 4289 2915 4346 alacris
2939 4291 3134 4346 deinde
3160 4299 3346 4347 secuta
3373 4298 3478 4345 est.

2167 4391 2190 4418 ο
2218 4378 2369 4434 Alter
2407 4379 2510 4434 iter
2541 4379 2746 4439 faciens
2772 4379 3011 4449 pra-fata
3032 4395 3130 4458 per
3149 4381 3268 4436 loca
3289 4394 3508 4450 pugnat,

2159 4469 2297 4524 Ecce
2323 4469 2425 4524 loci
2447 4471 2676 4538 spatium
2700 4485 2890 4539 campo
2921 4468 3214 4538 jucundius
3237 4470 3384 4524 omni

2161 4561 2334 4619 Unius
2364 4561 2620 4630 inspexit,
2652 4561 2916 4630 viridique
2955 4562 3235 4616 venustius
3263 4560 3453 4615 herba.

2159 4651 2284 4708 Haec
2300 4659 2510 4720 reputat
2535 4665 2721 4708 secum
2746 4669 2758 4704 :
2783 4651 2979 4707 cecidit
3003 4652 3089 4706 vir
3112 4652 3352 4707 sanctior
3376 4650 3529 4716 istic,

2155 4743 2405 4816 Arbitror
2430 4743 2633 4798 idcirco
2657 4742 2877 4814 prodest
2905 4744 3019 4798 haec
3049 4752 3194 4802 terra
3233 4744 3417 4802 saluti.

2155 4834 2330 4903 Atque
2351 4833 2524 4903 ligans
2548 4849 2726 4904 panno
2760 4834 2959 4888 tulerat
2989 4834 3056 4888 de
3083 4833 3304 4908 pulvere
3330 4849 3544 4900 secum,

2157 4925 2388 4990 Yenitct
2408 4925 2478 4980 ad
2512 4925 2802 4994 quamdam
2837 4925 3138 4984 lassescens
3161 4937 3384 4994 vespere
3401 4923 3604 4988 villam?

2155 5011 2313 5072 Plebs
2331 5013 2549 5083 epulare
2572 5029 2586 5078 ;
2611 5029 2795 5070 casam
2831 5013 2970 5068 vilhe
3016 5022 3148 5068 tunc
3184 5013 3334 5068 venit
3360 5013 3416 5068 iu
3441 5028 3636 5078 unam,

2157 5103 2503 5175 Qua'quoque
2531 5114 2813 5175 susceptus
2832 5107 3054 5162 veniens
3080 5107 3377 5174 intraverat
3403 5106 3628 5175 hospes,

2155 5195 2397 5267 Pulveris
2433 5211 2497 5252 ac
2528 5211 2768 5266 pannum
2795 5204 2951 5268 posta
2979 5197 3261 5267 suspendit
3291 5197 3346 5266 in
3370 5197 3503 5272 alta.

3339 5325 3497 5382 Vers.
3537 5326 3679 5385 345.

2225 5474 2250 5504 ο
2288 5461 2433 5518 Beda
2481 5477 2601 5533 cap.
2648 5463 2703 5518 9.

2223 5532 2250 5573 τι
2282 5531 2546 5605 Scantma.
2589 5532 2777 5605 Graece
2797 5533 3031 5605 ᾳκᾶειςμα,
3077 5546 3248 5605 arena
3264 5530 3377 5605 ubi_
3411 5528 3642 5605 athletae
3673 5529 3766 5588 kl-

2154 5611 2388 5660 ctantur.
2416 5601 2677 5657 lsILoaus.
2715 5603 2836 5656 Vid.
2870 5600 3044 5658 Gloss.
3065 5601 3274 5671 Cangii,
3297 5601 3399 5656 sub
3417 5600 3524 5656 bac
3541 5613 3722 5660 voce.

2229 5685 2252 5713 °
2282 5673 2424 5730 Beda
2445 5688 2564 5760 cap.
2591 5674 2676 5727 to.
