4062 6346
363 317 463 375 821

362 434 600 505 Contigit
628 440 685 488 ut
715 433 892 488 subito
918 431 1147 488 ﬂammis
1173 432 1518 488 volitantibus
1543 431 1711 485 altum

361 525 504 597 Ignis
529 524 665 579 edax
692 523 904 579 culmen
944 532 1173 593 raperet,
1203 538 1301 578 nec
1328 523 1537 576 viribus
1560 520 1683 574 ullis

362 616 649 687 Exstingui
678 615 869 679 valuit,
895 614 1066 670 donec
1102 615 1350 669 incendia
1386 622 1557 669 totam

360 707 757 775 Consumpsere
791 706 1031 770 domum,
1068 706 1293 759 nimium
1320 720 1410 761 res
1434 705 1575 759 mira
1605 703 1697 758 sed
1726 711 1845 757 acta
1861 710 1945 757 est

361 797 588 852 Pulvere
609 803 878 857 sacratam
899 804 1106 864 postam
1136 797 1293 850 timet
1318 796 1509 865 igneus
1540 794 1699 849 ardor

363 885 639 956 Tangere,
668 885 763 939 sed
790 884 1004 953 penitus
1032 882 1263 944 flammis
1289 885 1490 939 intacta
1520 884 1805 945 remansit.

363 974 480 1041 Qua
523 974 721 1029 virtute
743 974 961 1043 quidem
984 973 1102 1028 visa
1127 982 1316 1043 stupor
1343 974 1593 1034 omnibus
1623 974 1819 1044 ingens

363 1067 610 1122 Incubuit
643 1069 849 1132 statim,
881 1076 1007 1133 tunc
1034 1082 1358 1139 cognovere,
1396 1068 1539 1137 quod
1568 1067 1663 1122 ille.

362 1156 544 1211 Pulvis
570 1164 687 1212 erat
715 1172 873 1214 sacro
902 1159 1045 1229 regis
1074 1174 1199 1214 cum
1230 1159 1496 1230 sanguine
1526 1159 1728 1213 mixtus

362 1244 619 1307 Oswaldi,
651 1248 833 1303 multis
863 1246 1040 1303 fuerat
1068 1250 1161 1318 qui
1184 1265 1347 1305 causa
1370 1249 1581 1304 salutis.

362 1345 389 1373 ι
421 1333 627 1389 Claruit
652 1335 740 1391 his
765 1336 931 1407 signis
954 1345 1240 1407 postquam
1267 1337 1418 1392 locus
1442 1338 1543 1392 iste
1564 1336 1823 1405 peractis,

362 1425 621 1483 Ecclesiis
648 1427 848 1483 Christi
870 1427 1106 1497 jucunda
1142 1439 1197 1484 et
1226 1430 1433 1485 reddita
1462 1444 1615 1501 pace,

362 1514 527 1587 Regis
541 1517 788 1574 Edelredi
816 1519 999 1589 regina
1022 1517 1298 1575 Osthfrida
1321 1521 1517 1586 ﬁdelis,

358 1609 489 1677 Quae
516 1610 614 1666 fuit
635 1612 869 1667 Oswaldi
903 1622 1078 1668 sancti
1101 1613 1215 1682 jam
1244 1613 1351 1668 lilia
1374 1613 1591 1680 fratris,

356 1699 583 1756 Curavit
609 1702 783 1756 sancti
809 1703 981 1757 sacris
1009 1703 1273 1759 inducere
1305 1704 1461 1759 tectis

356 1789 652 1860 Reliiquias
674 1793 875 1863 patrui,
900 1793 1166 1864 dignoque
1190 1796 1484 1850 recondere
1502 1794 1725 1853 honore.

355 1880 585 1944 Ossibus
614 1881 815 1947 allatis,
842 1883 1050 1953 stupuit
1076 1884 1334 1940 miracula
1351 1885 1463 1942 late

353 1971 553 2027 Accola
582 1972 864 2038 Lindissae,
897 1988 1127 2030 cernens
1155 1991 1319 2046 super
1348 1977 1437 2031 illa
1473 1978 1778 2033 columnam

356 2062 495 2119 Ossa
522 2064 624 2118 viri
654 2065 829 2119 sancti
870 2064 1060 2119 lumini
1086 2066 1152 2121 ad
1184 2066 1397 2138 fastigia
1425 2068 1547 2123 caeli

355 2155 603 2211 Luminis
623 2156 843 2211 aetherei
866 2164 979 2211 tota
996 2155 1294 2227 fulgescere
1316 2168 1491 2214 nocte.

354 2244 527 2315 Major
557 2246 830 2315 relliquias
856 2262 991 2316 quas
1016 2255 1149 2303 tunc
1168 2248 1336 2303 aulaea
1367 2252 1620 2320 tegebat;

360 2334 496 2391 Nam
525 2336 721 2406 priscis
751 2337 890 2392 odiis
912 2352 1192 2394 assumere
1221 2339 1473 2409 primitus
1507 2353 1631 2394 ossa

356 2431 522 2501 Inque
550 2432 939 2488 monasterium
962 2433 1090 2488 saevi
1120 2431 1333 2488 deferre
1360 2442 1652 2509 negantes,

358 2523 528 2579 Nocte
556 2538 776 2579 manere
805 2523 954 2579 foras
981 2524 1072 2579 illa
1096 2523 1273 2580 fecere
1293 2525 1471 2580 coloni
1501 2542 1516 2592 ;

358 2614 467 2669 Scd
494 2615 619 2670 dum
648 2615 814 2670 divini
839 2615 1093 2677 viderunt
1119 2614 1336 2679 luminis
1368 2615 1567 2686 ignem,

356 2705 486 2773 Qure
511 2706 661 2776 prius
685 2706 1011 2771 abnuerant,
1047 2721 1232 2762 secum
1262 2706 1501 2762 retinere
1532 2705 1808 2779 rogabant
1833 2722 1850 2773 ;

358 2796 621 2866 Ilaneque
646 2797 989 2867 sarcophago
1016 2797 1315 2851 condentes
1344 2796 1455 2851 lota
1482 2805 1696 2866 parato,

356 2888 613 2943 Ecclesiae
642 2888 879 2942 tulerant
902 2902 1098 2959 magno
1125 2887 1225 2942 sub
1261 2887 1475 2943 culmen
1502 2888 1730 2953 honore,

357 2980 522 3053 2&3
538 2981 761 3037 Divitias
788 2982 948 3037 terris
961 2990 1215 3041 curantes
1236 2983 1472 3039 condere
1491 2983 1665 3038 vivas.

356 3071 415 3127 In
442 3089 549 3143 quo
572 3076 739 3130 multa
768 3076 889 3130 loco
915 3076 1053 3130 fiunt
1084 3092 1229 3131 nunc
1256 3091 1429 3145 usque
1453 3076 1681 3146 patroni

357 3161 439 3218 Ob
465 3166 717 3221 meritum
746 3167 879 3222 tanti
904 3168 958 3221 in
982 3167 1302 3239 languentes
1337 3167 1477 3221 dona
1502 3166 1715 3232 salutis,

357 3253 577 3313 Sancta:
610 3260 656 3314 si
687 3257 810 3314 fidei
840 3259 1011 3314 virtus
1033 3260 1325 3314 comitatur
1353 3260 1596 3315 eosdem.

358 3347 409 3406 Ε
442 3348 637 3417 quibus
660 3349 764 3404 hoc
803 3364 971 3404 unum
1006 3349 1315 3419 properanti
1348 3358 1579 3421 tangere
1595 3349 1815 3421 plectro.

360 3442 589 3506 Sufﬁcit,
618 3449 679 3494 ut
703 3439 897 3495 credas
923 3439 1149 3494 devotus
1178 3446 1401 3505 caetera,
1432 3440 1638 3506 lector;

361 3533 390 3572 b
413 3533 588 3587 Febre
613 3545 748 3601 puer
770 3530 990 3600 quidam
1007 3529 1177 3598 jacuit
1200 3546 1300 3600 per
1329 3539 1570 3601 tempora
1587 3532 1780 3604 longa.-

357 3622 619 3679 Cccnobio
652 3622 912 3691 languens
939 3620 1100 3675 citius
1140 3621 1437 3676 moriturus
1464 3622 1519 3681 in
1544 3622 1657 3677 illo.

360 3712 505 3768 Ecce
527 3711 613 3765 die
640 3710 877 3780 quadam
911 3709 1078 3764 miser
1109 3710 1177 3764 ad
1206 3709 1324 3765 loca
1362 3718 1549 3765 sancta
1580 3712 1819 3780 sepulcri

361 3798 879 3868 Ducitur,.0swaldi
919 3799 1132 3855 meritis
1160 3814 1228 3857 ne
1254 3808 1502 3872 tangeret
1537 3801 1693 3869 illum~

358 3886 551 3942 Febris
572 3887 790 3951 acerba,
802 3950 806 3953 _
818 3884 951 3940 fides
965 3901 1091 3940 nam
1105 3887 1351 3956 praecipit
1371 3889 1698 3956 omne-.qnod
1720 3897 1841 3944 orat
1858 3907 1870 3941 :

358 3976 604 4032 Credidit
628 3986 687 4031 ut
712 3975 971 4045 languens
993 3976 1062 4030 ad
1088 3991 1185 4031 sua
1219 3983 1362 4032 tecta
1388 3977 1629 4037 cucurrit

358 4065 600 4136 Corpore
637 4073 826 4120 sanato
860 4080 1162 4136 properans
1188 4074 1245 4121 et
1270 4076 1491 4141 pectore
1516 4066 1663 4135 laeto,

359 4154 606 4223 Morbida
633 4170 735 4211 nec
761 4155 926 4212 audet
948 4155 1069 4226 plus
1095 4156 1243 4211 illum
1275 4165 1497 4228 tangere
1526 4157 1715 4219 febris.

358 4246 558 4309 Postea
595 4262 691 4302 rex
721 4246 851 4303 felix
882 4255 1176 4302 ornaverat
1205 4246 1321 4303 OlI'a
1362 4249 1669 4320 sepulcrum

360 4340 624 4410 Argento,
654 4338 905 4409 gemmis,
935 4353 1091 4402 auro,
1120 4337 1398 4408 multoque
1421 4338 1640 4405 decore,

364 4424 440 4492 Ut
465 4424 633 4483 decus
657 4433 714 4478 et
741 4422 1016 4494 specimen
1046 4420 1245 4479 tumbae
1272 4438 1371 4493 per
1396 4423 1555 4478 saecla
1584 4432 1848 4488 maneret,

359 4515 592 4571 Praemia
618 4530 718 4586 pro
745 4514 958 4570 modico
985 4521 1298 4584 sumpturus
1318 4529 1513 4585 magna
1539 4513 1744 4571 labore.

357 4606 471 4663 Nec
500 4620 605 4660 non
629 4614 777 4660 terra
803 4605 971 4661 micat
993 4602 1307 4659 coelestibus
1328 4603 1527 4675 inclyta
1556 4604 1746 4676 signis,

356 4697 635 4768 Corporis,
665 4704 728 4751 ut
773 4696 916 4761 dixi,
939 4711 1059 4764 quae
1080 4694 1252 4750 sancti
1280 4695 1391 4750 lota
1423 4695 1643 4751 lavacro
1669 4704 1771 4763 est,

358 4787 603 4861 Sumpsit
625 4794 681 4842 et
702 4784 957 4841 effectum
978 4784 1224 4839 vincendi
1248 4784 1353 4839 tela
1377 4785 1596 4856 maligni

356 4877 631 4933 Damonis
658 4886 714 4933 et
734 4892 898 4932 sanos
922 4876 1132 4930 vexatis
1161 4876 1385 4932 reddere
1406 4891 1619 4933 sensus.

358 4979 382 5010 ι
412 4969 699 5024 Abbatissa
726 4968 944 5039 quidem
964 4967 1209 5038 quaedam
1238 4966 1356 5023 loca
1382 4976 1571 5023 sancta
1598 4967 1780 5025 videro

354 5061 610 5125 Advenit,
637 5075 757 5116 sese
782 5066 839 5113 et
865 5058 1077 5113 meritis
1100 5058 1446 5113 committere
1473 5059 1668 5115 sancti.

354 5151 584 5223 Jamque
606 5153 823 5209 domum
852 5152 1068 5208 rediens
1094 5150 1293 5206 tulerat
1319 5151 1385 5206 de
1412 5152 1631 5221 pulvere
1662 5162 1823 5209 terra:

354 5244 568 5300 Ablutis
591 5258 806 5300 sacram
831 5259 951 5315 qua:
977 5258 1044 5297 ex
1070 5242 1287 5297 ossibus
1312 5241 1572 5297 hauserat
1608 5244 1805 5300 undam
1830 5262 1845 5313 ;

355 5337 624 5409 Tempore
648 5346 926 5395 transacto
955 5336 1207 5392 veniebat
1233 5336 1430 5408 hospes
1457 5338 1526 5393 ad
1555 5338 1739 5405 illam,

356 5428 611 5485 Damone
636 5430 729 5500 qui
759 5428 936 5485 fuerat
956 5427 1238 5484 nocturnis
1268 5426 1464 5497 saepius
1487 5427 1639 5486 horis

424 5518 580 5576 Vers.
620 5520 745 5575 401.

425 5634 623 5703 fBeda
644 5648 764 5703 cap.
812 5634 893 5687 Il.

424 5701 455 5743 ι’
482 5703 626 5773 Beda
654 5701 773 5773 cap.
806 5703 890 5757 12.

430 5783 451 5810 ο
482 5772 626 5829 Deda
798 5774 883 5831 Il.

1112 317 1442 376 CARMINA.
1478 348 1543 357 --
1582 315 1672 373 DE
1708 313 1978 373 PONTIF.
2022 316 2109 371 ET
2158 316 2257 373 SS.
2300 314 2493 372 ECCL.
2538 314 2831 372 EBORA'C.

1959 438 2004 490 Α
2042 430 2235 485 Vexari
2263 429 2452 484 solitus
2477 443 2489 483 :
2519 428 2868 492 clamoribus,
2894 442 3021 483 ecce
3057 436 3278 498 repente

3511 313 3619 370 823

2046 518 2297 590 Coeperat
2324 519 2608 575 horrendis
2636 519 2890 575 frendens
2926 520 3044 574 loca
3074 520 3183 574 lata
3216 521 3446 589 replere,

2047 611 2310 666 Morsihus
2337 620 2387 666 et
2418 611 2604 665 furens
2633 619 2804 669 semet
2832 611 3072 666 lacerare
3101 610 3368 666 nefandis.

2044 702 2254 757 Etcum
2280 702 2454 755 nullus
2481 717 2603 756 eum
2618 699 2802 772 potuit
2837 704 3214 774 constringere
3240 704 3448 767 vinclis,

2046 793 2141 847 Vel
2165 793 2345 847 miseri
2377 808 2550 847 saevos
2580 792 2763 863 flagris
2790 808 3138 864 compescere
3168 803 3367 859 motus,

2046 882 2169 939 Haec
2198 882 2480 938 abbatissa:
2509 885 2724 954 quidam
2756 900 2981 947 narrare
3007 888 3269 942 cucurrit.

2044 972 2135 1035 Illa
2167 973 2358 1028 videns
2387 975 2615 1029 miseros
2638 983 2835 1040 motus,
2864 991 3133 1047 vocesque
3159 978 3409 1044 furentis,

2041 1061 2284 1121 Iusserat
2311 1064 2490 1119 afferri
2520 1081 2677 1119 sacro
2700 1081 2822 1120 cum
2853 1066 3070 1136 pulvere
3100 1083 3338 1139 capsam.

2044 1155 2111 1211 Et
2138 1172 2259 1210 cum
2288 1157 2440 1227 virgo
2466 1155 2647 1211 ferens
2672 1158 2942 1225 veniebat,
2972 1168 3028 1213 ct
3052 1160 3192 1214 atria
3224 1160 3352 1216 tecti

2044 1246 2290 1309 Intraret,
2323 1246 2503 1300 subito
2532 1247 2701 1301 tacuit
2719 1246 2979 1312 furiosus,
3002 1259 3057 1304 et
3085 1265 3274 1305 omnes

2043 1335 2353 1405 Composuit
2372 1346 2568 1401 motus,
2598 1353 2788 1393 somno
2813 1340 2967 1409 quasi
2997 1342 3238 1395 membra
3268 1341 3521 1396 dedisset.

2044 1426 2282 1501 Quisque
2318 1427 2394 1481 rei
2428 1436 2670 1483 ast-antes
2696 1430 3015 1498 spectabant
3039 1431 3216 1486 exitus
3244 1440 3409 1485 esset.

2044 1516 2173 1572 Post
2197 1516 2343 1571 horae
2382 1518 2617 1587 spatium
2646 1527 2893 1584 vexatus,
2920 1530 2974 1575 et
3003 1520 3116 1590 ipse
3139 1521 3357 1584 resedit,

2046 1606 2337 1677 Suspirans
2365 1609 2625 1679 graviter,
2657 1626 2821 1666 sanus
2848 1620 2961 1665 tum
2988 1613 3258 1677 sensibus,
3285 1613 3479 1682 inquit.

2047 1697 2330 1775 Redditus,
2356 1707 2414 1754 et
2437 1715 2639 1770 vaguas
2667 1700 2803 1773 fugit
2823 1720 2990 1775 vagus
3026 1705 3198 1759 hostis
3223 1704 3277 1758 in
3304 1719 3484 1760 auras.

1972 1790 2016 1864 Β
2047 1774 2310 1844 Mirantur
2327 1792 2508 1847 cuncti
2533 1792 2764 1860 stupidis
2794 1794 2919 1848 hinc
2948 1795 3072 1849 inde
3102 1795 3351 1865 loquelis,

2048 1876 2375 1936 Incolumem
2388 1882 2567 1938 subito
2586 1892 2871 1939 cernentes
2896 1901 3122 1955 corpore
3149 1894 3285 1951 toto,

2050 1970 2275 2029 Ossibus
2296 1981 2352 2028 et
2378 1976 2583 2042 nervis,
2612 1991 2714 2032 nec
2736 1993 2841 2032 non
2864 1985 2918 2033 et
2942 1987 3124 2034 mente
3150 1981 3419 2053 vigentem
3445 1998 3459 2045 ;

2050 2061 2337 2133 Inquirunt
2357 2064 2550 2120 subitae
2581 2082 2802 2122 causam
2835 2069 3081 2125 mirando
3116 2070 3327 2135 salutis,

2050 2151 2153 2219 Qui
2186 2156 2462 2224 respondit
2494 2173 2697 2213 ovans:
2728 2177 2746 2210 ι
2780 2158 2848 2215 Ut
2877 2161 3024 2215 venit
3052 2162 3205 2231 virgo
3243 2160 3493 2216 locellum

2049 2243 2298 2312 Portans,
2331 2256 2386 2302 et
2410 2249 2638 2319 pedibus
2677 2251 2853 2320 tetigit
2879 2253 2994 2306 hac
3019 2255 3177 2318 atria,
3205 2253 3390 2308 statim

2051 2333 2361 2393 Discessere
2390 2339 2597 2408 procul,
2634 2342 2725 2411 qui
2761 2356 2849 2396 me
2886 2350 3137 2410 torquere
3172 2343 3421 2398 solebant

2049 2422 2350 2493 Daniiones,
2379 2438 2437 2483 ut
2460 2428 2674 2499 fugiunt
2702 2433 2951 2487 veniente
2985 2432 3105 2488 luce
3139 2434 3398 2489 tenebrm.
3433 2453 3451 2487 ι

2048 2513 2148 2569 Cui
2175 2519 2440 2587 portanda
2465 2520 2591 2576 data
2618 2530 2702 2577 est
2728 2537 2915 2577 secum
2939 2538 3066 2593 pars
3090 2523 3327 2593 pulveris
3353 2523 3479 2579 almi
3507 2543 3522 2591 ;

2049 2606 2128 2661 Ac
2152 2617 2271 2676 post
2303 2610 2425 2664 talis
2448 2613 2499 2667 ei
2526 2611 2703 2669 fuerat
2733 2615 2952 2669 vexatio
2983 2630 3281 2684 nunquam.

2049 2697 2077 2739 δ
2104 2700 2180 2755 'I‘e
2207 2718 2421 2773 quoque
2438 2713 2645 2773 sancta,
2672 2715 2863 2778 potens
2888 2707 3198 2771 virtutibus,
3230 2707 3427 2778 inclyta
3450 2709 3638 2763 multis

2048 2792 2195 2848 Crux
2225 2795 2527 2852 veneranda
2549 2814 2765 2863 canam,
2798 2814 3066 2869 nequeam
3094 2799 3138 2854 si
3164 2814 3416 2869 promere
3444 2799 3635 2870 dignos

2050 2881 2232 2939 Laude
2269 2893 2359 2941 tua
2387 2903 2596 2943 versus.
2633 2889 2916 2960 Reparasti
2947 2890 3155 2960 perdita
3185 2890 3416 2959 pridem,

2050 2972 2203 3030 Nunc
2222 2975 2418 3032 iterum
2447 2994 2545 3049 per
2574 2988 2626 3035 te
2654 2981 2797 3035 cedit
2827 2981 3048 3036 victoria
3076 2981 3187 3051 regi

2050 3065 2321 3131 Oswaldo,
2359 3077 2419 3123 ut
2447 3070 2718 3140 quondam
2747 3080 2934 3142 pauere
2961 3073 3215 3128 cecinere
3250 3088 3509 3128 camena.

1956 3163 2005 3227 c
2036 3158 2172 3213 Exin
2190 3158 2432 3216 mirificis
2449 3161 2600 3218 fulsit
2623 3173 2713 3219 tua
2735 3165 2903 3235 gloria
2932 3168 3098 3239 signis
3121 3186 3143 3233 ;‹

2049 3250 2131 3305 Ad
2161 3259 2213 3307 te
2240 3242 2482 3310 tota'fide
2504 3255 2710 3312 famosa
2740 3256 3021 3314 Britannia
3044 3261 3236 3325 currit,

2046 3342 2303 3407 Qurercre
2326 3358 2425 3414 pro
2447 3347 2614 3402 variis
2638 3348 2855 3403 sibimet
2890 3351 3248 3407 medicamina
3279 3353 3506 3410 morbis.

2052 3433 2116 3489 Et
2149 3450 2243 3505 spe
2271 3436 2338 3489 ad
2365 3444 2418 3490 te
2439 3438 2601 3493 etiam
2627 3439 2933 3494 venientem
2957 3440 3145 3497 fallere
3172 3443 3353 3499 nescis
3377 3461 3391 3509 ;

2050 3524 2292 3595 Namque
2320 3527 2507 3582 salutis
2527 3544 2657 3599 opes
2690 3531 2985 3587 redeuntes
3010 3549 3152 3603 saepe
3179 3543 3476 3604 reportant.
3530 3584 3531 3587 η
3581 3536 3587 3543 ’

2048 3614 2166 3671 Non
2200 3632 2300 3689 ego
2320 3617 2554 3673 ruricula
2581 3634 2799 3689 possum
2822 3637 3142 3690 percurrere
3178 3622 3384 3693 plectro

2048 3706 2261 3774 Omnia,
2295 3708 2569 3765 multoties
2596 3726 2716 3781 qua:
2743 3728 2840 3782 per
2878 3721 2931 3769 te
2960 3715 3110 3783 signa
3128 3725 3411 3786 geruntur,

2048 3799 2117 3858 Et
2139 3815 2335 3875 pecora
2358 3811 2522 3872 atque
2553 3804 2819 3869 homines,
2873 3807 3035 3860 etiam
3070 3805 3404 3878 juvenesque
3447 3822 3630 3864 senes-

3385 3898 3511 3971 [qne
3532 3916 3548 3963 ;

2048 3983 2288 4054 Denique
2316 3985 2553 4055 prmeism
2586 3984 2651 4040 de
2679 3994 2730 4040 te
2758 3986 3028 4042 ducuntur
3056 3988 3255 4058 ubique

2047 4073 2350 4142 Particulae,
2379 4093 2477 4148 per
2504 4092 2640 4147 quas
2661 4078 2795 4133 fiunt
2822 4079 2910 4150 pia
2937 4081 3074 4135 dona
3113 4080 3322 4136 salutis.

2049 4164 2260 4221 Sullicit
2284 4183 2316 4224 e
2343 4170 2553 4223 cunctis
2584 4170 2686 4224 hoc
2709 4170 2881 4225 solum
2909 4170 3091 4226 dicere
3122 4171 3371 4242 signum:

2046 4256 2240 4313 Frater
2268 4267 2387 4315 erat
2418 4261 2636 4329 quidam
2667 4276 2796 4316 casu
2824 4262 3134 4318 confractus
3155 4263 3370 4328 acerbo,

2046 4346 2373 4420 Infractique
2395 4350 2581 4405 dolens
2606 4350 2822 4420 penitus
2856 4353 3023 4423 gemit
3048 4368 3171 4408 ossa
3195 4353 3406 4410 lacerti.

2049 4436 2292 4508 Cumque
2319 4440 2471 4496 dolor
2498 4441 2697 4498 nimius
2718 4452 3062 4500 succreverat
3087 4454 3141 4499 et
3163 4453 3343 4501 tumor
3363 4447 3562 4504 ardens

1973 4524 2022 4585 D
2046 4528 2288 4585 Pectoris
2313 4531 2605 4600 ingeminat
2631 4532 2935 4604 lacrymans
2972 4536 3205 4607 suspiria
3232 4535 3382 4603 fessi,

2046 4618 2123 4674 De
2134 4634 2295 4677 cruce
2319 4622 2404 4677 cui
2427 4623 2647 4693 quidam
2667 4632 2880 4680 veteres
2902 4624 3017 4693 jam
3044 4640 3270 4697 vespere
3292 4642 3509 4685 muscos

2046 4709 2256 4774 Attulit,
2299 4712 2353 4767 in
2383 4713 2647 4784 gremium
2672 4715 2891 4769 sibimet
2923 4730 3059 4784 quos
3084 4715 3302 4785 projicit
3326 4733 3508 4789 aeger:

2045 4802 2287 4875 Cumque
2313 4805 2417 4860 iret
2452 4805 2690 4861 cubitum
2711 4805 2912 4861 oblitus
2939 4806 3211 4876 deponere
3249 4824 3516 4874 muscum,

2048 4891 2271 4950 Nescius
2306 4895 2362 4950 in
2392 4896 2600 4966 gremio
2624 4910 2816 4951 somno
2837 4907 3144 4967 praeventus
3171 4900 3443 4967 habebat;

2049 4985 2322 5058 Evigilans
2347 4987 2523 5042 medio
2550 4988 2838 5043 morbosus
2863 4997 3103 5059 tempore
3131 4992 3330 5057 noctis,

2049 5077 2193 5133 Ecce
2212 5078 2413 5148 aliquid
2442 5078 2604 5148 gelidi
2624 5077 2780 5133 lateri
2806 5079 2908 5135 sibi
2931 5083 3104 5137 sensit
3125 5083 3339 5149 adesse,

2046 5164 2384 5235 Admotaque
2407 5182 2567 5221 manu
2591 5182 2861 5225 sanumse
2890 5168 3031 5225 forte
3057 5170 3223 5227 fuisse

2049 5254 2327 5325 Repperit,
2365 5263 2527 5326 atque
2553 5256 2686 5311 nihil
2708 5254 2945 5315 fractura
2975 5261 3146 5316 sensit
3183 5262 3252 5315 ah
3279 5261 3395 5316 illa.

2054 5358 2076 5386 ο
2106 5345 2306 5416 Inclyta
2331 5344 2474 5412 fama
2501 5349 2622 5415 viri,
2655 5364 2755 5405 nec
2783 5352 2956 5407 solum
2973 5351 3099 5422 jure
3133 5354 3425 5410 Britannos

2046 5436 2287 5501 Illustrat
2303 5438 2545 5510 populos,
2582 5449 2733 5499 trans
2762 5444 2983 5517 insuper
3008 5461 3227 5516 aquom
3254 5448 3429 5517 ponti,

3228 5537 3385 5593 Vers.
3422 5536 3547 5597 456.

2170 5641 2323 5712 Beda
2347 5658 2463 5712 cap.
2509 5644 2563 5706 2,
2594 5644 2714 5700 libr.
2767 5663 2848 5701 In.

2120 5724 2142 5752 ο
2170 5711 2309 5767 Beda
2339 5711 2457 5783 cap.
2494 5713 2575 5767 I3.
