4062 6346
520 234 731 303 825¹

515 348 763 418 Aspersit
787 351 986 418 radios,
1017 354 1214 424 quibus
1237 365 1291 413 et
1311 356 1599 417 Germania
1625 357 1774 412 fulsit
1799 377 1813 410 :

514 436 560 501 Ε
584 441 778 511 quibus
805 452 862 498 et
885 444 1128 513 quaedam
1156 448 1416 517 populosa
1442 448 1702 506 Hibernia
1731 450 1922 508 sensit.

518 529 625 585 Sed
652 532 810 588 nobis
835 534 1047 604 signum
1073 552 1205 592 vero
1230 538 1373 601 inter
1394 540 1562 597 multa
1592 542 1767 597 relatu

514 620 629 676 Hoc
660 638 884 678 narrare
912 625 1127 693 placet;
1159 627 1292 682 dirae
1321 630 1449 683 dum
1475 638 1715 699 tempore
1743 634 1933 701 pestis,

513 716 821 788 Equoreos
846 721 1072 789 populos
1097 721 1203 776 lata
1233 739 1356 793 qua:
1382 723 1535 780 clade
1558 730 1815 795 peremit.

464 858 467 863 .
516 806 801 862 Scotorum
832 825 1030 880 genere
1052 814 1411 871 scholasticus
1430 831 1557 871 acer
1581 818 1637 871 in
1667 828 1805 883 arte,

512 894 628 951 Hoc
654 896 829 953 fueral
854 902 1043 958 morbo
1068 905 1245 971 patria
1274 921 1565 974 percussus
1596 909 1651 962 in
1690 910 1804 975 illa,

510 986 799 1050 Librorum
818 991 1005 1045 studio
1029 992 1237 1058 doctus,
1262 997 1355 1053 sed
1380 998 1523 1053 nulla
1550 997 1744 1055 futura)

511 1079 652 1134 Cura
677 1079 779 1138 fuit
794 1082 995 1137 misero
1013 1084 1161 1150 vitaz,
1185 1086 1285 1142 sibi
1308 1102 1539 1158 cumque
1560 1091 1770 1147 videret

510 1170 701 1228 Mortis
730 1176 919 1233 adesse
942 1178 1106 1245 diem,
1134 1195 1329 1251 magno
1360 1185 1631 1253 trepidare
1662 1188 1858 1242 timore

511 1262 784 1334 (Imperat,
815 1268 885 1321 ob
916 1270 1112 1325 merita
1143 1271 1428 1337 scelerum,
1461 1290 1529 1329 ne
1558 1276 1625 1329 ad
1658 1284 1861 1333 tartara
1894 1282 2013 1337 dira

508 1350 755 1413 Mortuus
779 1355 976 1415 inferni
1008 1369 1310 1429 raperetur,
1335 1377 1466 1419 voce
1493 1368 1730 1434 gementi

505 1445 814 1516 Alloquitur
839 1449 1046 1504 socium
1070 1469 1084 1513 ς
1119 1469 1138 1505 ι
1168 1452 1378 1520 Frater,
1406 1456 1541 1509 mihi
1564 1459 1755 1513 mortis
1779 1475 1977 1516 amara:

505 1534 786 1593 Articulus
809 1550 1087 1611 properat,
1119 1544 1390 1614 citiusque
1419 1547 1488 1601 ad
1516 1556 1722 1604 tartara
1751 1552 1940 1618 ducar,

505 1628 790 1700 Perpetua:
813 1634 1025 1698 mortis,
1056 1635 1180 1704 quia
1202 1635 1317 1704 jam
1344 1652 1451 1691 non
1480 1647 1723 1711 tempore
1746 1657 1917 1712 parvo

505 1719 837 1787 Criminibus
862 1732 1071 1779 tantum
1097 1726 1310 1795 penitus
1342 1729 1547 1785 servire
1574 1733 1837 1787 solebam.

505 1812 652 1870 Proh
678 1814 862 1872 dolor!
887 1818 1002 1872 haec
1025 1828 1248 1890 propter
1270 1822 1395 1877 novi
1424 1824 1612 1879 feralia
1641 1825 1873 1884 ﬂammis

506 1906 739 1962 Tartara
760 1916 912 1978 parta
943 1910 1095 1965 mihi.
1127 1912 1279 1968 Totis
1313 1914 1445 1970 mihi
1474 1918 1728 1973 sensibus
1754 1928 1836 1975 est
1863 1920 2014 1993 hinc,

507 1996 569 2051 Si
602 1997 729 2059 velit
757 1995 1113 2069 Omnipotens
1136 2003 1336 2061 misero
1360 2006 1658 2064 concedere
1680 2011 1869 2077 vitam,

505 2086 729 2152 Viribus
757 2089 961 2154 annisis
991 2107 1170 2149 mores
1202 2103 1419 2151 mutare
1446 2099 1729 2170 malignos.

505 2177 621 2234 Nec
647 2188 825 2243 tamen
853 2195 975 2240 esse
1007 2184 1115 2242 mei
1139 2187 1316 2241 meriti
1338 2189 1451 2245 scio
1478 2192 1661 2247 vivere
1686 2202 1916 2261 tantum,

504 2268 571 2324 Ni
597 2272 729 2327 mihi
757 2277 1019 2331 concedat
1041 2278 1166 2333 vita:
1199 2281 1357 2336 modo
1386 2297 1585 2337 munus
1606 2293 1799 2341 amata:

507 2362 836 2419 Sanctorum
858 2368 1069 2423 meritis
1100 2371 1412 2427 miserantis
1439 2375 1615 2442 gratia
1642 2375 1865 2431 Christi.

502 2456 699 2521 Audivi
723 2460 991 2527 quondam
1017 2462 1212 2518 celebri
1243 2481 1463 2521 rumore
1492 2467 1690 2523 referri

504 2546 741 2609 Oswaldi
766 2552 909 2623 regis
938 2552 1124 2610 laudes
1153 2556 1443 2613 virtutibus
1479 2560 1739 2640 amplas._

482 2638 584 2724 rlTu
610 2641 736 2708 quia
768 2643 834 2697 de
859 2660 1053 2714 genere
1075 2662 1135 2701 es
1159 2646 1434 2706 Saxonum
1465 2652 1667 2724 collega
1698 2638 1877 2720 natus,

497 2718 709 2786 Forsan
744 2732 911 2789 habes
937 2733 1055 2803 eius
1077 2738 1371 2807 quidquam
1400 2741 1560 2795 modo
1582 2718 1991 2812 relliquiarum?
2014 2763 2033 2796 ι

503 2822 601 2879 Cui
626 2826 805 2882 socius
825 2829 1011 2884 statim
1036 2829 1197 2885 fidam
1220 2832 1465 2901 profatur
1490 2836 1543 2889 in
1569 2851 1757 2891 aurem
1784 2855 1801 2890 2,

504 2916 664 2988 247
692 2936 709 2968 ι
737 2918 872 2974 Pars
894 2920 1110 2976 inventa
1135 2925 1275 2979 sacri
1297 2934 1381 2980 est
1401 2942 1613 2980 mecum
1634 2928 1702 2981 de
1720 2928 1901 2998 stipite
1922 2928 2074 2999 ligni,

499 3008 729 3063 Infixum
754 3009 932 3066 fuerat
957 3021 1119 3082 caput
1138 3016 1303 3070 occisi
1326 3016 1469 3071 illius
1496 3018 1549 3071 in
1578 3032 1716 3087 quo;

498 3098 567 3152 Et
590 3101 634 3154 si
665 3100 820 3156 firma
847 3110 1001 3157 tenes
1027 3103 1149 3158 ﬁdei
1180 3114 1233 3158 tu
1262 3116 1501 3175 pectora,
1532 3111 1765 3165 credens

494 3190 602 3245 Per
629 3192 765 3246 tanti
786 3193 960 3263 pietas
990 3195 1246 3249 meritum
1265 3198 1444 3251 divina
1472 3203 1685 3267 patroni

496 3281 667 3351 Hujus
689 3283 868 3339 adhuc
895 3284 1019 3340 vitae
1041 3286 1202 3340 donat
1227 3287 1321 3341 tibi
1353 3297 1595 3360 tempora
1629 3290 1783 3362 longa
1807 3309 1823 3359 ;

496 3374 723 3444 Insuper
745 3385 961 3432 aeternae
987 3380 1265 3448 praestabit
1288 3382 1481 3452 gaudia
1511 3382 1712 3438 forsan.
1746 3406 1765 3438 ι

567 3465 675 3522 Nec
702 3483 875 3533 mora,
902 3471 1032 3538 quin
1057 3478 1168 3525 toto
1196 3472 1332 3527 dixit
1355 3489 1413 3528 se
1444 3474 1669 3531 credere
1698 3478 1879 3533 corde.

496 3557 635 3625 Tum
663 3560 938 3617 benedixit
965 3578 1162 3634 aquam
1188 3566 1388 3632 socius,
1422 3576 1742 3637 partemque
1766 3572 1963 3627 sacrati

494 3653 729 3710 Roboris
755 3655 1048 3713 immittens
1080 3674 1224 3729 κει-υ
1245 3659 1393 3714 dedit
1419 3668 1578 3729 atque
1602 3661 1912 3717 bibendam.

494 3742 599 3811 Qui
621 3760 744 3799 mox
776 3746 1069 3811 convaluit,
1101 3749 1369 3819 mortique
1395 3759 1614 3820 ereptus
1641 3753 1709 3807 ab
1738 3752 1828 3808 illa
1854 3761 1957 3809 est.

496 3834 573 3889 Ex
602 3834 727 3905 hinc
753 3836 1036 3907 incolumis
1064 3839 1232 3905 multo
1254 3839 1366 3910 jam
1402 3849 1645 3911 tempore
1671 3842 1826 3908 vixit,

494 3925 577 3979 Ad
602 3927 993 3997 Dominumque
1017 3943 1168 3983 suam
1191 3931 1358 3985 vitam
1381 3942 1722 3989 converterat
1748 3951 1964 3992 omnem

497 4014 914 4091 Magnificasque
941 4016 1051 4075 Deo
1080 4018 1264 4077 laudes
1293 4020 1561 4077 referebat
1591 4026 1811 4095 ubique,

494 4105 564 4172 Et
598 4105 808 4171 Domini
838 4108 1096 4165 famulum
1127 4127 1322 4184 magno
1350 4113 1656 4170 celebrabat
1684 4119 1908 4174 honore.

567 4212 591 4239 ι
624 4199 856 4257 Sanctus
885 4211 968 4257 ter
998 4204 1164 4260 ternis
1186 4205 1399 4263 Oswald
1423 4207 1657 4265 feliciter
1679 4212 1835 4267 annis

494 4288 727 4359 Imperio
754 4299 1035 4364 postquam
1068 4310 1356 4366 regnorum
1381 4300 1518 4354 rexit
1545 4300 1804 4368 habenas,

495 4381 615 4451 Ipse
642 4381 760 4455 (sic)
788 4400 922 4453 quas
944 4387 1143 4442 retinet
1170 4389 1373 4445 famosa
1404 4390 1681 4449 Britannia
1702 4404 1919 4467 gentes,

495 4475 694 4530 Divisis
716 4475 930 4546 linguis,
958 4479 1166 4548 populis
1194 4495 1292 4549 per
1315 4483 1530 4536 nomina
1558 4493 1770 4554 patrum
1796 4504 1815 4554 ;

491 4569 673 4637 Atque
699 4582 868 4623 annos
890 4576 1169 4638 postquam
1201 4579 1282 4625 ter
1308 4573 1474 4628 denos
1503 4575 1637 4629 vixit
1666 4585 1721 4631 et
1748 4585 1895 4653 octo,

493 4656 761 4727 Augustas
790 4672 944 4713 sacra
971 4658 1149 4715 Nonas
1168 4660 1279 4731 jam
1311 4673 1483 4720 morte
1511 4665 1710 4721 dicavit
1735 4686 1748 4733 ;

493 4746 752 4802 Ascendit
779 4748 989 4804 mer—itis
1019 4750 1255 4806 caelestia
1286 4744 1449 4825 regna
1472 4760 1714 4815 coruscis
1734 4802 1749 4826 ,

494 4838 641 4894 Oswi
662 4854 919 4910 germano
948 4844 1225 4898 terrestria
1256 4858 1416 4917 regna
1449 4849 1779 4921 relinquens.

496 4934 522 4973 ια
551 4933 759 4989 Interea
786 4933 1018 4989 obtinuit
1043 4936 1211 4993 multo
1232 4935 1343 5005 jam
1371 4948 1582 5013 sceptra
1603 4944 1788 5001 labore

493 5026 784 5097 Principio,
816 5027 1045 5097 propriae
1070 5037 1248 5084 rector
1274 5046 1441 5087 novus
1470 5033 1597 5089 Osui
1629 5037 1803 5107 gentis
1827 5056 1840 5102 ;

496 5116 841 5187 Impugnatus
864 5118 1008 5172 enim
1040 5117 1212 5173 fuerat
1237 5120 1362 5175 hinc
1385 5121 1509 5176 inde
1537 5122 1776 5180 vicissim

496 5207 705 5279 Saepius
725 5211 961 5265 externis
987 5211 1350 5279 prtedantibus
1369 5212 1608 5281 undique
1638 5214 1791 5270 fines.

491 5303 715 5375 Insuper
741 5321 769 5359 a
796 5304 1029 5375 prOpriis
1050 5319 1335 5374 perpessus
1361 5305 1502 5361 bella
1526 5307 1860 5377 propinquis,

496 5394 595 5460 Qui
627 5395 841 5451 crudele
863 5409 1023 5449 manu
1048 5394 1351 5450 lacerabant
1379 5396 1587 5451 viscera
1613 5399 1783 5468 regni,

566 5510 717 5565 Vers.
755 5508 877 5562 512.

567 5634 589 5661 ι
616 5621 754 5676 Beda
785 5619 902 5679 libr.
937 5635 1017 5677 Ill,
1048 5633 1161 5687 cap.
1195 5619 1244 5671 9.

568 5692 593 5730 δ
622 5690 764 5745 Beda
795 5688 828 5757 l.
864 5690 980 5748 cit..
1009 5703 1125 5747 can.
1160 5688 1235 5740 li.

1332 243 1392 299 B.
1426 245 1486 298 F.
1525 244 1747 300 ALBINI
1791 246 1920 302 SEU
1954 247 2232 304 ALCUINI
2271 248 2555 307 OPERUM
2595 249 2773 305 PARS
2813 250 2899 306 VI.

2112 364 2162 420 Δ
2190 360 2430 431 COgnato
2460 361 2742 431 implentes
2765 360 3058 416 sceleratas
3083 360 3347 432 sanguine
3375 358 3627 425 dextras;

3662 251 3769 308 894

2194 450 2305 504 Nec
2333 460 2578 506 metuunt
2601 452 2807 520 patrias
2834 451 3053 520 gentilia
3081 461 3259 507 castra
3286 467 3384 521 per
3407 456 3593 517 urbes,

2191 542 2395 597 Invidia
2426 552 2650 613 cogente
2677 542 2809 608 fera,
2840 543 3142 607 deducere;
3180 544 3263 598 vel
3300 545 3379 598 sic

2191 634 2411 691 Viribus
2438 635 2680 693 externis
2709 643 2966 689 conantes
2993 643 3236 691 sternere
3266 652 3470 706 regem.

2193 733 2215 761 ε
2246 722 2344 777 Cui
2375 724 2476 778 luit
2502 732 2629 783 ante
2654 723 2790 781 alios
2811 725 3000 793 primis
3025 723 3253 785 infestus
3279 727 3347 781 ab
3373 727 3535 789 annis

2190 812 2373 871 Hostis
2400 829 2495 867 rex
2525 812 2766 879 Pendan,
2797 813 2955 873 fortis
2982 815 3181 869 virtute
3209 815 3458 884 doloque,

2188 901 2412 961 Occisor
2437 902 2641 965 fratris,
2671 903 2822 974 regni
2846 913 2900 958 et
2924 912 3166 964 vastator
3189 906 3456 969 acerbus;

2187 994 2288 1062 Qui
2313 1003 2396 1049 ter
2421 995 2560 1050 dena
2591 995 2693 1050 sibi
2717 996 2973 1056 conduxit
3002 996 3168 1050 millia
3197 995 3357 1061 bella,

2188 1085 2295 1139 Ter
2319 1086 2594 1153 denosque
2625 1085 2789 1141 duces
2821 1086 3044 1149 totidem
3073 1087 3339 1141 deducere
3369 1099 3576 1144 turmas

2185 1176 2475 1245 Disposuit,
2509 1192 2738 1246 quorum
2769 1185 2952 1233 certus
2979 1176 3081 1237 fuit
3105 1193 3237 1257 usus
3264 1179 3319 1240 in
3345 1182 3534 1236 armis.

2183 1266 2298 1323 Hae
2325 1276 2537 1322 vastare
2567 1283 2730 1330 manu
2753 1268 3083 1339 veniensque
3106 1277 3350 1338 evertere
3379 1286 3627 1341 regnum,

2184 1359 2380 1415 Moenia
2401 1360 2694 1423 destruxit,
2723 1361 2971 1417 homines
2996 1376 3257 1418 mucrone
3292 1364 3546 1432 peremit.

2180 1452 2450 1509 Imbribus
2470 1454 2752 1511 exundans
2782 1462 2994 1509 torrens
3020 1470 3119 1509 ceu
3144 1457 3418 1513 montibus
3446 1458 3572 1513 altis

2184 1543 2393 1599 Sternit
2414 1560 2592 1615 agros,
2619 1556 2936 1615 segetesque
2964 1548 3106 1616 rapit
3138 1548 3424 1619 sylvasque
3456 1553 3692 1617 recidit;

2184 1634 2274 1690 Sic
2304 1636 2409 1690 dux
2438 1638 2551 1705 ipse
2575 1635 2729 1691 ferox
2754 1636 3045 1692 devastans
3067 1641 3249 1695 omnia
3271 1644 3501 1711 pressit,

1987 1712 2017 1736 ⁸
2111 1703 2153 1762 Β
2185 1726 2330 1780 Dans
2358 1727 2518 1781 simul
2547 1727 2601 1781 in
2627 1742 2845 1797 pessum
2873 1743 3090 1797 pueros,
3116 1731 3451 1802 iuvenesque
3478 1750 3763 1805 senesque.

2184 1814 2373 1869 Nullus
2403 1830 2525 1869 eum
2554 1831 2738 1883 sexus,
2766 1817 2850 1871 vel
2885 1818 3031 1872 nulla
3060 1829 3363 1876 retraxerat
3390 1833 3523 1877 aetas

2181 1907 2265 1961 Ad
2285 1908 2503 1976 pietatis
2522 1923 2698 1978 opus;
2737 1909 2882 1967 nullo
2910 1912 3037 1980 quia
3056 1910 3182 1981 jure
3207 1915 3466 1982 pepercit.

2184 1995 2291 2065 Sed
2321 2007 2520 2062 rector,
2550 1999 2637 2053 cui
2662 2014 2792 2055 cura
2823 1998 2922 2054 fuit
2950 2000 3240 2056 defendere
3273 2013 3512 2072 gentem,

2183 2087 2363 2157 Seque
2389 2105 2623 2160 suosque
2650 2092 2809 2145 simul
2833 2090 3035 2147 Christi
3062 2095 3287 2149 tutarier
3309 2098 3510 2161 armis,

2181 2178 2338 2249 Legit
2365 2188 2420 2234 et
2444 2180 2557 2249 ipse
2584 2181 2731 2235 viros
2760 2180 2950 2247 fortes,
2983 2194 3146 2254 atque
3167 2186 3381 2255 agmina
3410 2196 3555 2242 tanta
3573 2230 3591 2255 ,

2182 2271 2418 2328 Venerat
2444 2272 2587 2329 haud
2613 2274 2821 2343 trepido
2847 2283 3036 2330 contra
3066 2292 3160 2330 rex
3186 2278 3407 2346 pectore
3436 2290 3717 2352 promptus
3738 2323 3754 2349 ,

2182 2362 2349 2418 Milite
2370 2380 2494 2429 cum
2520 2380 2668 2430 raro,
2699 2366 2877 2435 primo
2902 2367 2997 2421 sed
3021 2382 3216 2424 nomen
3243 2369 3456 2440 Olympi

2182 2457 2418 2513 Fletibus
2442 2467 2497 2513 et
2523 2460 2662 2521 votis
2691 2460 2963 2515 constanti
2993 2461 3157 2516 corde
3177 2464 3445 2533 poposcit.

2179 2548 2275 2604 His
2296 2550 2438 2613 actis
2460 2550 2624 2609 etiam
2656 2550 2880 2607 hostiles
2903 2557 2963 2604 ut
2990 2550 3123 2606 vidit
3151 2552 3352 2621 ubique

2177 2640 2494 2695 Innumeras
2519 2640 2665 2695 acies
2694 2640 2819 2699 latis
2844 2640 3150 2699 discurrere
3176 2645 3403 2711 campis,

2178 2728 2287 2784 Has
2310 2738 2499 2785 contra
2525 2731 2774 2800 opposuit
2794 2746 3019 2801 parvum
3049 2731 3175 2789 licet
3196 2733 3427 2804 impiger
3454 2752 3648 2806 agmen
3668 2779 3687 2802 ,

2177 2817 2341 2873 Millia
2369 2818 2511 2883 trina
2537 2821 2686 2874 ciens
2708 2828 2940 2886 tantum,
2967 2822 3059 2875 sed
3086 2833 3333 2892 prompta
3360 2824 3540 2880 duello

2175 2910 2286 2965 Nec
2314 2926 2483 2975 mora,
2510 2912 2640 2981 quin
2670 2913 2863 2967 mediis
2883 2928 2941 2966 se
2967 2913 3268 2969 immiserat
3290 2916 3538 2972 hostibus
3557 2920 3747 2984 audax,

2175 3002 2509 3065 Proturbans
2538 3003 2707 3068 acies,
2732 3002 2936 3068 Christi
2964 3005 3232 3060 testudine
3256 3005 3448 3067 fretus.

2180 3093 2301 3148 Mox
2333 3092 2496 3148 timor
2519 3093 2783 3161 impactas
2806 3093 3121 3163 populorum
3152 3096 3373 3166 dispulit
3401 3097 3540 3161 alas,

2175 3186 2277 3253 Qui
2303 3201 2495 3257 pugna:
2524 3184 2886 3248 immemores,
2917 3186 3085 3242 armis
3108 3186 3330 3256 telisque
3357 3188 3580 3252 relictis,

2176 3258 2322 3333 Tuta
2343 3278 2483 3348 fugae
2502 3277 2707 3346 petiere
2731 3276 2869 3341 loca,
2908 3283 2964 3330 et
2989 3292 3084 3342 sua
3116 3277 3266 3347 signa
3292 3279 3577 3341 revellunt,

2173 3371 2479 3426 Pallantum
2509 3384 2709 3429 cuneos
2736 3370 2911 3425 victor
2935 3384 3033 3431 rex
3061 3368 3221 3423 cadit
3246 3371 3444 3439 ubique
3460 3411 3478 3436 ,

2173 3462 2471 3517 Horrisona
2499 3459 2830 3529 increpitans
2860 3458 3130 3529 fugientes
3156 3473 3286 3514 voce
3309 3460 3629 3531 phalangas.

2172 3555 2338 3610 Arma
2364 3567 2556 3609 cruore
2579 3559 2789 3617 natant,
2815 3559 3095 3613 mutantur
3122 3552 3382 3620 sanguine
3412 3551 3588 3613 fontes
3612 3570 3629 3617 ;

2172 3647 2334 3716 Fugit
2361 3654 2417 3701 et
2442 3646 2554 3714 ipse
2584 3643 2763 3708 simul,
2795 3649 2943 3696 tanta
2972 3642 3063 3697 vix
3092 3641 3242 3703 clade
3263 3650 3484 3701 coactus

2172 3742 2291 3797 Dux
2319 3741 2558 3803 Pendan,
2585 3752 2815 3793 cernens
2838 3735 3014 3791 cades
3040 3743 3359 3805 stragesque
3384 3750 3643 3789 suorum:

2171 3834 2283 3891 Nec
2304 3845 2484 3891 tamen
2512 3831 2714 3887 evaluit
2737 3829 2951 3900 fugiens
2974 3828 3203 3883 evadere
3229 3836 3458 3889 mortem
3476 3868 3494 3892 ,

2173 3927 2279 3983 Sed
2305 3927 2484 3998 gladio
2504 3924 2700 3979 cecidit
2727 3921 2935 3977 victrici
2957 3921 3172 3975 occisus
3200 3927 3255 3973 et
3282 3920 3395 3985 ille.

2172 4021 2424 4083 Curritur
2445 4021 2513 4074 ad
2541 4017 2777 4087 prmdam
2805 4014 3030 4085 passim,
3061 4023 3115 4068 et
3146 4014 3263 4067 laus
3284 4013 3443 4081 digna
3472 4010 3699 4066 Tonanti

2171 4111 2435 4166 Redditur
2464 4117 2689 4171 aeterno,
2722 4120 2937 4175 semper
2956 4104 3050 4173 qui
3081 4103 3272 4157 liberat
3298 4117 3488 4157 omnes

2170 4201 2228 4257 In
2254 4216 2311 4255 se
2338 4206 2617 4270 sperantes
2636 4197 2894 4259 clemens,
2929 4203 2983 4249 et
3009 4194 3179 4249 salvat
3207 4194 3430 4262 ubique.

2171 4292 2287 4348 Hoc
2314 4299 2430 4353 erat
2456 4291 2558 4345 hoc
2585 4288 2747 4343 etiam
2780 4285 2961 4342 multis
2990 4286 3124 4339 satis
3150 4284 3279 4337 utile
3306 4283 3507 4338 bellum
3537 4302 3550 4333 :

2093 4400 2145 4460 υ
2178 4387 2417 4455 Namque
2444 4398 2593 4439 suam
2623 4390 2837 4453 gentem
2868 4397 2961 4435 rex
2990 4378 3235 4434 hostibus
3259 4380 3584 4443 eruitacris,

2174 4478 2494 4534 Merciorum
2524 4475 2644 4529 ﬁdei
2670 4472 2898 4544 sceptris
2926 4479 2982 4526 et
3007 4470 3245 4525 subdidit
3272 4470 3461 4533 almis,

2173 4569 2401 4624 Sacrato
2432 4567 2637 4621 faciens
2661 4564 3004 4634 baptismatis
3032 4575 3191 4615 amne
3217 4561 3381 4615 lavari
3407 4578 3421 4624 ;

2170 4638 2382 4732 Perque
2409 4658 2577 4723 illum,
2606 4656 2839 4711 donante
2862 4656 2991 4720 Deo,
3023 4653 3229 4709 ditatur
3253 4661 3482 4722 uterque

2172 4753 2451 4826 Magnifica
2471 4749 2696 4821 populus
2724 4747 2959 4803 caelestis
2987 4761 3211 4801 munere
3238 4745 3361 4799 doni
3390 4761 3404 4809 ;

2170 4850 2262 4904 Ille
2286 4848 2457 4902 hmres
2483 4844 2671 4915 patriae
2701 4842 2895 4902 factus,
2929 4840 3017 4895 hic
3044 4839 3180 4894 civis
3204 4836 3434 4908 Olympi.

2171 4939 2343 4993 Ambo
2372 4935 2599 5008 gentiles
2630 4932 2843 5003 gemino
2871 4931 3110 4984 micuere
3138 4929 3433 4997 triumpho,

2172 5027 2441 5083 Damionis
2471 5024 2558 5079 ille
2580 5021 2732 5092 jugo,
2762 5029 2982 5074 terreno
3006 5020 3096 5074 hic
3125 5020 3280 5073 hoste
3302 5019 3531 5072 solutus.

2244 5116 2482 5171 Plurima
2506 5111 2775 5168 continuis
2799 5109 3009 5165 domuit
3030 5118 3152 5178 post
3177 5123 3339 5178 regna
3365 5107 3646 5177 triumphis

2170 5207 2335 5270 Oswi,
2369 5204 2622 5259 nobiliter
2646 5200 2852 5270 patrias
2877 5207 2933 5255 et
2960 5200 3101 5253 rexit
3127 5200 3386 5264 habenas,

2172 5298 2581 5369 Aiquoreasque
2611 5293 2712 5347 sibi
2741 5298 2929 5362 gentes
2955 5290 3083 5345 hinc
3106 5290 3229 5343 inde
3248 5290 3477 5359 subegit,

2172 5391 2281 5459 llas
2308 5398 2515 5443 terrore
2543 5398 2775 5455 premes,
2810 5383 2932 5437 illas
2960 5395 3221 5437 mucrone
3250 5396 3527 5444 coercens,

3358 5492 3510 5563 Vers.
3547 5490 3654 5543 368.

2243 5626 2262 5652 τ
2295 5614 2435 5667 Beda
2461 5610 2496 5664 l.
2528 5610 2637 5673 cit.,
2673 5624 2789 5677 cap.
2819 5607 2907 5663 94.
