4062 6346
314 324 423 388 825
1067 318 1394 375 CARMINA.
1431 348 1501 357 —
1540 316 1629 370 DE
1667 310 1934 378 PONTIF.
1979 309 2066 365 ET
2109 310 2212 367 SS.
2252 311 2445 369 ECCL.
2488 314 2781 373 EBORAC.
3459 302 3565 368 826

314 439 582 499 Victrices
603 436 934 507 aquilasper
958 449 1125 505 regna
1156 434 1363 489 ferebat
1385 432 1599 499 ubique.
1907 432 1957 486 Δ
1986 424 2360 501 Lugentesque
2386 431 2468 486 sui
2492 430 2654 486 funus
2680 430 3028 503 iacrymabile
3055 428 3279 487 Patris.‘

314 516 551 603 Legibus
575 530 664 585 ille
692 529 856 583 etiam
881 526 1057 582 fuerat
1076 525 1408 595 iustissimus
1440 522 1639 592 aequis,
1995 524 2162 578 Ecce!
2202 522 2289 577 die
2318 524 2504 592 quinta
2531 524 2709 578 subito
2738 522 2899 576 Pater
2927 523 3043 592 ipse
3068 523 3294 588 resedit,

317 624 554 678 invictus
580 620 757 690 bellis,
788 634 888 674 nec
910 633 1018 671 non
1049 618 1103 670 in
1133 630 1264 685 pace
1290 614 1481 669 fidelis.
1994 615 2171 684 Atque
2197 615 2382 669 levans
2414 615 2615 678 oculos,
2648 614 2824 670 socios
2852 616 3129 681 conspexit
3153 623 3209 670 et
3230 613 3386 669 inﬁt:

319 715 592 778 Donorum
618 712 798 783 largus
826 709 1057 771 miseris,
1095 709 1232 776 pius,
1258 707 1509 762 omnibus
1531 718 1748 774 aequus;
2002 728 2020 761 ι
2055 708 2193 776 Quid
2214 708 2367 778 juvat
2391 710 2560 764 atroci
2599 717 2808 763 tantum
2837 707 3114 777 indulgere
3140 707 3350 773 dolori;

319 816 346 845 ι
375 804 665 873 Imperium
688 803 926 857 retinens
956 809 1207 870 septenos
1241 815 1366 853 nam
1391 807 1585 867 quater
1607 809 1796 858 annos,
1998 798 2095 854 Cui
2120 799 2233 852 vult
2255 799 2593 868 omnipotens
2620 800 2820 868 poterit
2850 800 3133 855 mitescere
3153 797 3316 868 iudex
3336 840 3351 865 ,

320 894 646 964 Compositis
670 893 834 947 rebus
860 891 986 946 felix
1011 892 1066 945 in
1097 904 1229 959 pace
1258 889 1495 957 quievit,
1998 890 2418 959 Extremamque
2448 905 2646 944 novum
2667 891 2834 945 vitam
2859 900 3173 948 convertere
3198 892 3253 946 in
3276 899 3476 947 ortum.
3512 930 3515 933 ς

321 986 556 1059 ngredo
586 987 800 1041 tradens
823 984 1042 1056 prOprio
1069 984 1372 1039 diademata
1400 990 1526 1036 nato
1543 1022 1558 1045 ,
1997 982 2241 1052 Namque
2271 997 2427 1037 suum
2455 981 2693 1038 clemens
2714 983 2950 1060 legatum
2975 984 3123 1039 misit
3148 985 3216 1038 ab
3238 983 3428 1050 astris,

323 1078 555 1149 ngredo
580 1077 817 1132 moriens
845 1075 1047 1146 regalia
1076 1083 1289 1143 sceptra
1318 1073 1645 1141 relinquens.
1999 1074 2101 1141 Qui
2134 1082 2359 1129 steterat
2385 1073 2543 1127 niveo
2568 1074 2795 1128 nimium
2819 1074 3112 1144 praeclarus
3137 1076 3334 1131 amictu
3354 1116 3370 1141 ,

396 1170 658 1239 Tempore
680 1183 802 1222 nam
829 1167 1017 1221 micuit
1038 1165 1321 1221 Wilfridus
1352 1165 1635 1234 episcopus
1664 1163 1692 1203 ι)
1722 1161 1812 1216 illo
1829 1203 1843 1227 ,
1999 1165 2067 1219 Et
2086 1165 2216 1218 mihi
2239 1164 2573 1233 ﬂammigero
2600 1164 2853 1233 praedixit
2876 1164 3005 1219 talia
3034 1164 3213 1219 vultu:

327 1260 498 1325 Quem
524 1259 665 1313 Deus
692 1259 1028 1325 omnipotens
1057 1255 1249 1311 infudit
1274 1256 1395 1309 luce
1418 1269 1649 1325 superna
1668 1293 1682 1318 ,
2002 1254 2084 1309 Me
2111 1255 2233 1323 pius
2259 1253 2597 1309 Altithronus
2628 1253 2940 1310 Michaelem
2967 1255 3113 1310 misit
3143 1253 3369 1325 Olympo
3392 1295 3407 1320 ,

326 1353 584 1407 Errorum
611 1351 832 1409 tetricas
864 1349 1021 1404 terris
1046 1356 1106 1402 ut
1130 1347 1355 1418 pelleret
1380 1347 1634 1411 umbras,
2002 1347 2214 1411 Dicere,
2238 1345 2381 1415 quod
2412 1346 2598 1399 morbo
2624 1360 2768 1400 nunc
2797 1344 3189 1400 confortaberis
3215 1346 3318 1400 isto
3336 1385 3350 1409 ,

326 1444 431 1498 Per
457 1444 572 1499 loca
602 1452 873 1513 perpetuae
899 1449 1226 1511 quapmpter
1250 1441 1418 1495 multa
1440 1440 1633 1495 salutis
2002 1437 2108 1493 Pro
2137 1437 2345 1492 meritis
2367 1444 2565 1492 sanctae
2587 1436 2775 1494 Matris
2798 1439 3159 1508 precibusque
3186 1437 3368 1491 Mariae
3383 1480 3397 1504 ,

328 1530 588 1586 Gentibus
610 1540 664 1585 et
691 1532 901 1600 populis
931 1530 1189 1584 doctrinm
1212 1528 1414 1583 lumina
1445 1528 1662 1596 sparsit.
2004 1528 2134 1595 Quae
2162 1528 2423 1597 gemitus,
2453 1527 2736 1599 lacrymas,
2767 1530 3033 1585 sociorum
3065 1539 3120 1584 et
3141 1538 3265 1584 vota
3294 1538 3506 1585 tuorum

325 1620 473 1675 illius
499 1620 749 1674 australis
778 1620 956 1675 studio
984 1618 1218 1673 Saxonia
1245 1618 1521 1673 Christum
2004 1619 2239 1673 Auribus
2273 1634 2303 1672 e
2334 1618 2469 1673 solio
2495 1620 2701 1675 caelesti
2733 1621 2938 1675 audivit
2967 1623 3170 1692 apertis
3189 1663 3202 1687 ,

327 1711 589 1775 Credidit,
620 1720 675 1765 et
700 1711 848 1766 claro
879 1711 1094 1781 perfusa
1125 1719 1210 1765 est
1236 1710 1481 1778 lampade
1511 1709 1653 1764 vitae.
1776 1744 1785 1749 κ
1935 1774 1975 1781 _
2008 1708 2312 1778 Deposcens
2336 1707 2550 1761 tibimet
2578 1707 2744 1761 vitam
2775 1709 2934 1763 simul
2961 1718 3122 1779 atque
3149 1712 3396 1766 salutem.

330 1800 441 1855 Nec
472 1774 643 1855 solum
674 1774 897 1871 pepulos
928 1800 1121 1855 animae
1151 1801 1216 1855 de
1242 1774 1414 1854 morte
1440 1800 1674 1869 maligna
1932 1774 1987 1837 Β
2008 1798 2137 1851 Esto
2163 1806 2343 1850 tamen
2371 1806 2566 1865 quarto
2593 1797 2843 1853 veniente
2866 1806 3087 1868 paratus
3111 1801 3165 1853 in
3196 1816 3336 1859 anno
3354 1842 3369 1866 ,

326 1891 454 1946 illos
481 1884 709 1947 antistes
734 1893 995 1947 doctrinis
1019 1893 1162 1947 eruit
1185 1892 1341 1947 almis
1359 1932 1374 1958 ,
2004 1888 2123 1958 ipse
2148 1903 2248 1956 ego
2278 1898 2405 1942 tunc
2426 1889 2623 1942 iterum
2650 1888 2863 1943 veniam
2896 1896 2948 1943 te
2972 1890 3169 1954 visere,
3200 1906 3323 1944 nam
3362 1899 3421 1946 tu

328 1985 439 2039 Sed
465 2002 597 2040 nece
625 1988 690 2041 de
714 1994 980 2054 praesente
1016 1985 1176 2040 simul
1206 1984 1433 2040 salvavit
1458 1984 1693 2039 eosdem.
2007 1985 2271 2053 Tempore
2297 1983 2587 2052 tranquillo
2616 1982 2807 2050 patrial.
2832 1985 3081 2039 morieris
3104 1985 3159 2037 in
3181 1985 3315 2039 oris.
3354 2004 3375 2036 ι

330 2075 601 2145 Tempore
631 2077 898 2146 contiguis
925 2077 1016 2132 illo
1041 2092 1165 2131 nam
1193 2078 1294 2132 sub
1322 2078 1493 2132 tribus
1520 2077 1678 2131 annis
2006 2078 2294 2148 Angelicos
2328 2077 2574 2145 sequitur
2603 2079 2837 2133 monitus
2862 2076 2987 2132 mox
3022 2079 3133 2132 vita
3163 2078 3448 2148 salusque,

332 2165 448 2218 Non
481 2181 589 2227 ros,
621 2181 727 2218 non
756 2166 931 2220 imber
955 2166 1203 2220 sitientes
1231 2166 1421 2235 irrigat
1448 2180 1625 2232 agros.
2004 2168 2117 2223 Nec
2144 2184 2249 2221 non
2277 2168 2519 2236 expletos
2544 2177 2667 2237 post
2696 2176 2953 2239 quattuor
2976 2168 3155 2223 exitus
3185 2182 3374 2233 annos,

332 2255 500 2321 Arida
526 2254 871 2324 ilammigeris
901 2255 1129 2311 tabescit
1158 2264 1301 2311 terra
1333 2257 1433 2310 sub
1455 2256 1640 2319 astris,
2008 2258 2258 2313 Praesulis
2284 2258 2485 2328 egregii
2510 2259 2768 2328 prmdicto
2795 2269 2878 2314 est
2905 2257 3011 2313 fine
3038 2267 3278 2314 secutus.

335 2358 360 2382 σε
394 2346 460 2398 Et
490 2344 694 2399 victum
719 2346 926 2415 pariter
949 2346 1261 2415 hominique
1290 2346 1524 2415 ferreque
1555 2347 1806 2415 negabat.
2012 2349 2103 2403 Sic
2126 2357 2178 2402 ιι
2210 2349 2264 2402 in
2292 2348 2542 2413 ecclesia,
2574 2363 2738 2418 quam
2768 2348 2916 2402 Petri
2944 2349 3117 2403 erexit
3143 2350 3376 2415 honore,

333 2436 513 2505 Atque
542 2434 738 2490 famem
762 2436 1005 2505 sequitur
1028 2437 1353 2492 morientum
1381 2437 1550 2492 cladis
1576 2452 1803 2493 acervus
1822 2478 1836 2500 ,
2012 2441 2261 2511 liripensi
2287 2448 2370 2496 est
2397 2441 2629 2511 positus,
2660 2440 2787 2496 felix
2818 2441 2871 2494 in
2900 2456 3033 2512 pace
3064 2442 3321 2511 sepultus.

336 2526 504 2597 258
527 2526 943 2597 Praecipitesque
970 2536 1136 2583 ruunt
1164 2529 1318 2583 multi
1340 2530 1408 2584 de
1433 2530 1657 2599 rupibus
1682 2529 1826 2601 altis.
2013 2534 2108 2588 Vir
2137 2547 2348 2602 quoque
2371 2530 2706 2601 temporibus
2728 2539 2950 2586 sanctus
2980 2530 3216 2602 fulgebat
3248 2531 3299 2584 in
3323 2530 3451 2594 illis,

335 2615 439 2669 Ast
466 2616 555 2669 alii
586 2617 788 2685 rapidis
811 2631 930 2673 sese
957 2634 1198 2674 mersere
1227 2620 1328 2674 sub
1354 2621 1545 2684 undis,
2013 2625 2321 2695 Ango-licam
2348 2623 2676 2679 Cuthbertus
2708 2636 2732 2664 ο
2764 2639 2929 2693 agens
2959 2624 3011 2677 in
3041 2637 3266 2692 corpore
3288 2624 3485 2687 vitam,

347 2708 415 2762 Ut
445 2708 547 2763 sibi
571 2709 882 2778 praeriperet
904 2710 1125 2781 longum
1154 2712 1261 2766 cita
1289 2726 1436 2766 mors
1462 2712 1785 2766 cruciatum.
2015 2718 2116 2783 Qui
2150 2716 2248 2769 fuit
2279 2732 2307 2769 a
2334 2731 2502 2785 puero
2524 2716 2695 2787 signis
2729 2716 2957 2785 insignis
2979 2715 3178 2784 apertis
3201 2756 3215 2779 ,

336 2801 461 2870 Ipsa
495 2816 725 2869 namque
754 2803 859 2866 die,
890 2812 997 2872 quo
1023 2819 1154 2873 gens
1180 2812 1493 2873 susceperat
1517 2804 1626 2869 illa,
2018 2808 2257 2863 Moribus
2286 2815 2339 2860 et
2369 2807 2578 2861 meritis
2600 2807 2782 2860 statim
2809 2805 3076 2859 succrevit
3104 2803 3379 2867 honestis;

339 2894 612 2951 Doctrinis
639 2894 841 2949 imbuta
864 2896 1056 2960 sacris,
1079 2896 1422 2965 baptismatis
1452 2897 1675 2961 undam,
2017 2900 2193 2968 Atque
2219 2911 2443 2951 manens
2472 2898 2767 2951 monachus
2794 2896 3052 2964 primva
3084 2904 3321 2963 tempore
3352 2894 3529 2948 clarus

340 2984 629 3039 Descendit
656 2986 856 3054 pluvia,
885 2995 941 3041 et
966 2987 1250 3042 telluribus
1275 3003 1403 3042 aura
1436 3004 1624 3043 serena
1641 3029 1653 3050 ,
2019 2989 2219 3044 Doctor
2249 2986 2577 3055 apostolicus
2609 2985 2727 3049 fuit,
2753 2986 2880 3039 hinc
2906 2992 2960 3038 et
2989 2984 3272 3055 presbyter
3297 2983 3488 3047 almus,

342 3077 410 3131 Et
440 3086 598 3131 terrae.
627 3079 785 3131 rediit
812 3080 1085 3148 specimen
1113 3080 1470 3134 viridantibus
1495 3079 1670 3143 arvis,
1944 3112 1994 3177 ο
2022 3083 2089 3135 Et
2113 3081 2228 3135 loca
2262 3079 2556 3135 fructiferis
2580 3080 2795 3148 replens
2822 3078 3023 3132 inculta
3050 3076 3265 3139 viretis,

338 3166 619 3237 Florigero
646 3168 823 3238 campi
845 3178 1161 3238 montesque
1186 3180 1447 3225 ornantur
1471 3173 1672 3225 amictu
1700 3190 1711 3224 ε
1949 3164 1994 3177 “”
2023 3169 2284 3224 Fontibus
2310 3168 2526 3222 aeternis
2554 3166 2791 3221 sitientia
2822 3173 2973 3234 prata
3002 3164 3210 3233 rigabat
3234 3178 3248 3226 ;

339 3255 594 3326 Frugifer
621 3257 869 3327 agricolis
894 3258 1200 3314 laetantibus
1225 3261 1429 3314 inditur
1453 3275 1628 3314 annus
1650 3301 1665 3326 ,
2021 3260 2209 3313 Divina
2237 3266 2291 3313 et
2315 3266 2539 3313 cunctos
2567 3255 2804 3313 formans
2829 3256 3029 3310 virtute
3057 3267 3352 3319 sequaces,

341 3346 511 3415 Inque
535 3346 705 3401 Deum
730 3364 921 3404 carnes
947 3357 1269 3403 cunctorum
1295 3351 1568 3419 cordaque
1597 3353 1777 3405 vivum
2022 3350 2297 3420 Dogmatis
2327 3348 2548 3404 mtherei
2574 3348 2755 3402 radios
2775 3347 3064 3417 spargebat
3083 3346 3284 3414 ubique
3301 3384 3318 3410 ,

344 3438 782 3503 Exsultaverunt,
815 3437 1034 3508 (cecinit
1059 3440 1201 3496 sicut
1227 3450 1384 3496 antea
1414 3440 1606 3511 David)
2024 3440 2329 3495 Discutiens
2352 3438 2610 3494 tenebras
2636 3452 2905 3501 errorum,
2936 3437 3054 3491 luce
3080 3448 3294 3489 serena.

345 3526 560 3580 Certius
586 3529 801 3582 aeternis
823 3528 1090 3584 inhiantes
1108 3536 1327 3596 pectore
1354 3530 1541 3594 donis,
2024 3531 2119 3585 Est
2148 3531 2296 3585 locus
2321 3530 2535 3585 Oceano
2564 3529 2741 3583 dictus
2770 3528 3089 3597 cognomine
3114 3527 3321 3591 Farne,

347 3617 467 3682 Quo
496 3633 772 3687 sumpsere
801 3619 951 3687 prius
981 3620 1198 3675 sibimet
1226 3628 1439 3675 terrena
1468 3636 1565 3690 per
1594 3620 1763 3677 illum.
1976 3634 1980 3661 ξ
2023 3624 2197 3678 Insula
2223 3623 2386 3679 fontis
2410 3624 2584 3690 inops,
2618 3620 2790 3690 frugis
2812 3628 2868 3675 et
2894 3619 3106 3674 arboris
3132 3632 3357 3687 expers;

419 3707 521 3761 ilic
542 3722 752 3776 quoque
777 3709 1086 3777 compulsus
1112 3710 1339 3764 Romam
1368 3712 1696 3780 properabat
1719 3710 1901 3774 adire,
2024 3715 2175 3769 Hanc
2208 3714 2345 3783 petit
2373 3714 2668 3781 intrepidus
2687 3711 2887 3766 Christi
2921 3712 3157 3765 bellator
3175 3710 3387 3779 epimus
3406 3747 3423 3775 ,

350 3795 459 3850 Sed
486 3798 636 3867 prius
659 3806 742 3851 est
767 3798 943 3852 ventis
971 3798 1265 3853 Fresonum
1294 3807 1481 3853 vectus
1508 3800 1562 3852 in
1590 3814 1743 3865 oras,
2024 3803 2482 3872 Contemplativos
2504 3804 2727 3872 cupiens
2752 3809 2806 3856 et
2828 3817 3055 3870 carpere
3082 3802 3271 3855 flores-

348 3888 375 3926 d
403 3889 579 3957 Atque
607 3889 678 3941 ibi
702 3904 827 3943 mox
855 3890 1036 3959 populi
1063 3891 1330 3944 convertit
1357 3890 1523 3943 millia
1554 3889 1801 3955 Christo,
2025 3896 2144 3964 ipse
2170 3894 2280 3947 Deo
2306 3892 2404 3947 soli
2429 3893 2577 3947 solus
2603 3892 2809 3947 servire
2838 3893 3062 3961 sategit,

350 3978 590 4033 Plurima
619 3988 894 4048 perpetua:
919 3980 1298 4035 demonstrans
1325 3980 1463 4034 dona
1497 3981 1706 4034 salutis.
2028 3985 2105 4040 Ne
2134 3987 2437 4039 mundanus
2466 3985 2639 4039 honor
2661 3990 2895 4037 mentem
2926 3990 3163 4036 mutaret
3192 3981 3446 4037 alacrem.

355 4073 421 4125 Et
447 4087 768 4141 quocunque
792 4073 984 4142 pedem
1013 4073 1200 4137 movit,
1230 4073 1317 4142 pia
1347 4074 1551 4127 semina
1581 4073 1749 4139 sevit,
2031 4076 2129 4130 Hic
2157 4075 2394 4129 Eremita
2425 4089 2579 4129 sacer
2605 4088 2710 4127 non
2736 4087 2904 4142 parvo
2938 4080 3183 4141 tempore
3211 4072 3377 4137 vixit,

352 4162 579 4215 Pectora
609 4162 933 4230 perfundens
961 4162 1168 4216 arentia
1200 4178 1322 4217 rore
1350 4177 1586 4232 superno
1606 4204 1620 4227 ,
2033 4166 2240 4234 Saepius
2261 4165 2516 4235 angelicis
2551 4162 2678 4218 felix
2707 4162 2957 4217 affatibus
2985 4176 3117 4216 usus
3136 4202 3150 4226 ,

352 4254 554 4325 Inclyta
584 4254 789 4309 caelesti
815 4254 1098 4323 complevit
1122 4263 1177 4309 et
1198 4256 1393 4309 horrea
1430 4255 1607 4309 fructu
1630 4295 1645 4318 ,
2033 4256 2234 4310 Toxica
2266 4253 2529 4309 mortiferi
2559 4253 2809 4308 vincebat
2839 4253 2946 4307 tela
2982 4251 3250 4306 draconis.

354 4348 425 4400 Et
449 4347 648 4401 celebri
675 4346 814 4400 fama
846 4347 968 4403 laeto
995 4346 1248 4402 laudatur
1279 4347 1332 4400 in
1359 4348 1511 4400 orbe.
2031 4346 2287 4400 Attamen
2314 4346 2620 4399 abstractus
2648 4343 2832 4398 multis
2866 4341 3225 4413 rogitantibus
3250 4341 3392 4404 inde,

354 4439 495 4491 Dum
522 4438 643 4507 pius
669 4438 797 4491 illud
827 4438 926 4492 iter
950 4438 1109 4508 gestit
1139 4438 1408 4507 complere
1439 4437 1691 4493 sacerdos
1714 4478 1728 4502 ,
1958 4462 2010 4521 Ι)
2036 4436 2274 4490 Tandem
2301 4435 2575 4489 consensit
2602 4441 2865 4489 secretam
2890 4434 3132 4502 linquere
3158 4433 3336 4487 sedem
3356 4472 3371 4496 ,

354 4528 499 4581 Ecce
530 4534 749 4596 repente
781 4525 881 4579 fuit
902 4528 1090 4580 morbo
1118 4527 1396 4595 perculsus
1421 4527 1645 4590 acerbo,
2033 4528 2418 4597 Pontificisque
2446 4528 2693 4599 gradum,
2721 4528 2933 4597 populis
2953 4535 3008 4581 et
3031 4542 3155 4597 rege
3182 4534 3435 4589 coactus,

354 4617 569 4686 Perque
594 4618 710 4671 dies
735 4616 931 4670 multos
956 4617 1131 4674 valido
1158 4627 1435 4672 crescente
1461 4619 1646 4673 dolore
1663 4658 1678 4683 ,
2033 4621 2364 4690 Quandoque
2387 4619 2626 4690 suscepit
2651 4620 2871 4697 cunctis
2888 4619 3170 4673 orantibus
3196 4618 3346 4671 illum
3373 4633 3390 4683 ;

359 4708 521 4761 Venit
541 4708 606 4762 ad
635 4716 932 4762 extremum
961 4706 1208 4761 confecto
1233 4723 1460 4776 corpore
1482 4709 1643 4761 finem
1668 4749 1682 4772 ,
2033 4714 2298 4770 Nobiliter
2330 4713 2471 4769 binis
2497 4714 2655 4783 digne
2681 4727 2840 4781 quem
2870 4712 3010 4765 rexit
3032 4712 3083 4765 in
3112 4711 3267 4764 annis
3286 4751 3300 4775 ,

352 4798 450 4852 Bis
476 4798 735 4867 binosque
759 4797 874 4851 dies
897 4812 1057 4851 sensu
1081 4797 1197 4852 sine
1226 4798 1468 4867 corporis
1496 4797 1642 4851 omni
2034 4808 2272 4862 plurima
2302 4805 2628 4874 conquirens
2662 4803 2965 4856 animarum
2988 4801 3136 4855 lucra
3166 4799 3430 4866 Tonanti,

352 4891 638 4945 Exanimis
666 4890 836 4959 jacuit
864 4906 1020 4959 pene,
1059 4898 1114 4945 et
1144 4891 1455 4960 spiraminis
1478 4899 1685 4955 extors,
2034 4899 2103 4953 Ει
2126 4899 2263 4953 bene
2288 4896 2635 4953 commissum
2664 4893 2879 4947 sibimet
2909 4892 3143 4945 servavit
3167 4891 3339 4957 ovile,

355 4982 506 5036 Voce
531 4996 743 5044 carens,
769 4980 1131 5048 membrisque
1154 4988 1395 5049 stupens,
1413 4981 1467 5034 in
1488 4988 1706 5050 pectore
1730 4985 1935 5034 tanlllm
2035 4987 2113 5042 Ne
2138 4988 2294 5056 lupus
2318 4984 2578 5039 insidians
2605 4981 2805 5036 Christi
2828 4980 3112 5035 deroderet
3138 4996 3324 5051 agnos.

352 5071 579 5140 Frigida
605 5072 692 5124 vix
724 5071 871 5125 tenui
895 5072 1047 5126 duxit
1073 5072 1306 5141 suspiria
1336 5072 1482 5125 ﬂatu.
2038 5078 2144 5134 Sed
2172 5093 2298 5131 mox
2326 5074 2580 5129 mundani
2609 5072 2821 5128 culmen
2850 5073 3038 5126 vitavit
3065 5072 3284 5127 honoris
3302 5113 3316 5136 ,

351 5162 619 5231 Discipuli
648 5162 779 5217 socii
806 5161 1023 5218 stabant
1046 5162 1172 5217 hinc
1197 5162 1320 5217 inde
1350 5158 1652 5233 gementes,
2036 5170 2153 5240 ipse
2174 5176 2367 5240 petens
2399 5167 2597 5221 iterum
2619 5164 2761 5220 soliti
2784 5173 2991 5220 secreta
3018 5164 3238 5229 cubilis;
3314 5229 3335 5235 _

432 5296 588 5350 Vers.
626 5295 751 5350 621.

3216 5297 3367 5352 Vers.
3407 5297 3530 5351 674.

437 5446 461 5505 ἐ
489 5432 633 5505 Beda
658 5433 779 5505 libr.
810 5450 884 5505 Iv,
915 5432 1111 5505 (κιρ-5.
1213 5501 1224 5505 _
1430 5501 1475 5505 __
1676 5503 1687 5505 _
1736 5502 1783 5505 __
1822 5502 1833 5505 Α
2106 5438 2132 5477 d
2164 5437 2303 5491 Beda
2332 5436 2455 5490 libr.
2486 5452 2537 5499 v,
2568 5452 2686 5505 cap.
2718 5436 2811 5491 20.
3118 5503 3127 5505 A

440 5504 465 5541 ¹³
492 5503 771 5578 Wilfrid“
806 5503 917 5578 ,Ερο
965 5503 1129 5571 cui“
1177 5501 1339 5554 "nam
1390 5501 1517 5578 "Et?
1551 5503 1688 5578 Ἶριιᾴ
1736 5502 1933 5578 Mulli".
2113 5522 2135 5547 ε
2167 5507 2477 5561 Cuthberlus
2518 5501 2771 5578 Eprita
2812 5514 2879 5578 et,
2909 5503 3163 5578 miracula
3198 5501 3355 5578 illius
3382 5514 3451 5578 ex
3478 5515 3601 5578 ven.

347 5572 483 5628 Act.
517 5569 617 5627 SSL
644 5574 841 5629 Bencd.
865 5569 1003 5628 'saec.
1044 5569 1139 5637 in,
1178 5581 1317 5641 part.
1353 5588 1389 5626 ιο
1418 5570 1538 5625 Vill.
1568 5571 1709 5627 Beda
1739 5573 1774 5625 ιο
1802 5574 1891 5628 cit.
1922 5615 1933 5635 .
2036 5578 2195 5643 Beda,
2220 5569 3020 5646 tom.V0perum,Patrologiae
3042 5584 3170 5629 tom.
3198 5572 3374 5627 XtIlV.
3406 5569 3605 5626 Mabill.

350 5659 498 5714 cap.
519 5644 571 5696 5.
1080 5713 1084 5714 ί
1113 5712 1126 5714 _
2037 5666 2160 5703 επις.
2191 5666 2228 5703 ιι
2258 5648 2454 5703 Bened.
2479 5656 2622 5714 part.
2655 5664 2689 5699 ι.
3185 5708 3195 5713 _

350 5659 483 5711 cap.
519 5659 571 5696 ο.

2037 5666 2160 5703 sa'c.
2191 5666 2228 5703 ll
2258 5659 2454 5703 Belica.
2479 5659 2622 5711 part.
2655 5664 2688 5699 ι.

438 5726 455 5751 τ
486 5713 626 5768 Beda
662 5712 781 5767 libr.
819 5730 891 5777 tv,
920 5730 1034 5781 cap.
1076 5712 1153 5764 12.
