  <div class='ocr_page' id='page_1' title='image "/cluster/home/n/w/nwhite01/storage/ocr_20150623/101/hvd.32044004824769/419.png"; bbox 0 0 4062 6346; ppageno 0'>
   <div class='ocr_carea' id='block_1_1' title="bbox 485 290 588 348">
    <p class='ocr_par' dir='ltr' id='par_1_1' title="bbox 485 290 588 348">
     <span class='ocr_line' id='line_1_1' title="bbox 485 290 588 348; baseline -0.019 -1"><span class='ocrx_word' id='word_1_1' title='bbox 485 290 588 348; x_wconf 70' lang='lat'><strong>827</strong></span> 
     </span>
    </p>
   </div>
   <div class='ocr_carea' id='block_1_2' title="bbox 482 393 1827 470">
    <p class='ocr_par' dir='ltr' id='par_1_2' title="bbox 482 393 1827 470">
     <span class='ocr_line' id='line_1_2' title="bbox 482 393 1827 470; baseline -0.004 -15"><span class='ocrx_word' id='word_1_2' title='bbox 482 401 663 470; x_wconf 75' lang='lat' dir='ltr'><strong>Atque</strong></span> <span class='ocrx_word' id='word_1_3' title='bbox 690 398 765 454; x_wconf 93' lang='lat' dir='ltr'><strong>ibi</strong></span> <span class='ocrx_word' id='word_1_4' title='bbox 794 397 1074 467; x_wconf 63' lang='lat' dir='ltr'><strong>praesentis</strong></span> <span class='ocrx_word' id='word_1_5' title='bbox 1094 402 1430 465; x_wconf 75' lang='lat' dir='ltr'><strong>spectaverat</strong></span> <span class='ocrx_word' id='word_1_6' title='bbox 1454 393 1644 449; x_wconf 88' lang='lat' dir='ltr'><strong>ultima</strong></span> <span class='ocrx_word' id='word_1_7' title='bbox 1673 395 1827 459; x_wconf 71' lang='lat' dir='ltr'><strong>vitae,</strong></span> 
     </span>
    </p>
   </div>
   <div class='ocr_carea' id='block_1_3' title="bbox 487 484 1828 560">
    <p class='ocr_par' dir='ltr' id='par_1_3' title="bbox 487 484 1828 560">
     <span class='ocr_line' id='line_1_3' title="bbox 487 484 1828 560; baseline -0.005 -14"><span class='ocrx_word' id='word_1_8' title='bbox 487 491 725 560; x_wconf 68' lang='lat' dir='ltr'><strong>Quaeque</strong></span> <span class='ocrx_word' id='word_1_9' title='bbox 749 490 845 544; x_wconf 92' lang='lat' dir='ltr'><strong>Dei</strong></span> <span class='ocrx_word' id='word_1_10' title='bbox 870 487 1054 543; x_wconf 75' lang='lat' dir='ltr'><strong>famuli</strong></span> <span class='ocrx_word' id='word_1_11' title='bbox 1082 494 1296 541; x_wconf 88' lang='lat' dir='ltr'><strong>sacrata</strong></span> <span class='ocrx_word' id='word_1_12' title='bbox 1321 494 1405 540; x_wconf 88' lang='lat' dir='ltr'><strong>est</strong></span> <span class='ocrx_word' id='word_1_13' title='bbox 1430 484 1601 538; x_wconf 85' lang='lat' dir='ltr'><strong>insula</strong></span> <span class='ocrx_word' id='word_1_14' title='bbox 1636 494 1828 539; x_wconf 87' lang='lat' dir='ltr'><strong>morte.</strong></span> 
     </span>
    </p>
   </div>
   <div class='ocr_carea' id='block_1_4' title="bbox 487 578 1884 647">
    <p class='ocr_par' dir='ltr' id='par_1_4' title="bbox 487 578 1884 647">
     <span class='ocr_line' id='line_1_4' title="bbox 487 578 1884 647; baseline -0.002 -13"><span class='ocrx_word' id='word_1_15' title='bbox 487 580 624 635; x_wconf 91' lang='lat' dir='ltr'><strong>Nam</strong></span> <span class='ocrx_word' id='word_1_16' title='bbox 654 580 804 635; x_wconf 91' lang='lat' dir='ltr'><strong>locus</strong></span> <span class='ocrx_word' id='word_1_17' title='bbox 831 581 919 634; x_wconf 90' lang='lat' dir='ltr'><strong>ille</strong></span> <span class='ocrx_word' id='word_1_18' title='bbox 948 580 1085 632; x_wconf 93' lang='lat' dir='ltr'><strong>nitet</strong></span> <span class='ocrx_word' id='word_1_19' title='bbox 1111 578 1279 647; x_wconf 80' lang='lat' dir='ltr'><strong>signis</strong></span> <span class='ocrx_word' id='word_1_20' title='bbox 1306 578 1583 645; x_wconf 91' lang='lat' dir='ltr'><strong>hucusque</strong></span> <span class='ocrx_word' id='word_1_21' title='bbox 1612 578 1852 632; x_wconf 86' lang='lat' dir='ltr'><strong>coruscis</strong></span> <span class='ocrx_word' id='word_1_22' title='bbox 1871 618 1884 643; x_wconf 88' lang='lat'><strong>,</strong></span> 
     </span>
    </p>
   </div>
   <div class='ocr_carea' id='block_1_5' title="bbox 488 666 1779 740">
    <p class='ocr_par' dir='ltr' id='par_1_5' title="bbox 488 666 1779 740">
     <span class='ocr_line' id='line_1_5' title="bbox 488 666 1779 740; baseline -0.002 -16"><span class='ocrx_word' id='word_1_23' title='bbox 488 670 565 725; x_wconf 83' lang='lat' dir='ltr'><strong>Ex</strong></span> <span class='ocrx_word' id='word_1_24' title='bbox 597 685 702 740; x_wconf 89' lang='lat' dir='ltr'><strong>quo</strong></span> <span class='ocrx_word' id='word_1_25' title='bbox 726 668 997 739; x_wconf 83' lang='lat' dir='ltr'><strong>pontificis</strong></span> <span class='ocrx_word' id='word_1_26' title='bbox 1022 668 1271 736; x_wconf 81' lang='lat' dir='ltr'><strong>linquens</strong></span> <span class='ocrx_word' id='word_1_27' title='bbox 1297 667 1569 736; x_wconf 84' lang='lat' dir='ltr'><strong>ergastula</strong></span> <span class='ocrx_word' id='word_1_28' title='bbox 1596 666 1779 721; x_wconf 75' lang='lat' dir='ltr'><strong>carnEs</strong></span> 
     </span>
    </p>
   </div>
   <div class='ocr_carea' id='block_1_6' title="bbox 490 758 1941 830">
    <p class='ocr_par' dir='ltr' id='par_1_6' title="bbox 490 758 1941 830">
     <span class='ocr_line' id='line_1_6' title="bbox 490 758 1941 830; baseline -0.002 -14"><span class='ocrx_word' id='word_1_29' title='bbox 490 762 723 830; x_wconf 81' lang='lat' dir='ltr'><strong>Spiritus</strong></span> <span class='ocrx_word' id='word_1_30' title='bbox 750 760 857 814; x_wconf 87' lang='lat' dir='ltr'><strong>alta</strong></span> <span class='ocrx_word' id='word_1_31' title='bbox 878 769 1066 829; x_wconf 85' lang='lat' dir='ltr'><strong>petens</strong></span> <span class='ocrx_word' id='word_1_32' title='bbox 1096 758 1306 813; x_wconf 80' lang='lat' dir='ltr'><strong>scandit</strong></span> <span class='ocrx_word' id='word_1_33' title='bbox 1336 773 1496 828; x_wconf 87' lang='lat' dir='ltr'><strong>super</strong></span> <span class='ocrx_word' id='word_1_34' title='bbox 1524 767 1668 813; x_wconf 87' lang='lat' dir='ltr'><strong>astra</strong></span> <span class='ocrx_word' id='word_1_35' title='bbox 1698 758 1941 827; x_wconf 91' lang='lat' dir='ltr'><strong>polorum</strong></span> 
     </span>
    </p>
   </div>
   <div class='ocr_carea' id='block_1_7' title="bbox 486 850 1674 913">
    <p class='ocr_par' dir='ltr' id='par_1_7' title="bbox 486 850 1674 913">
     <span class='ocr_line' id='line_1_7' title="bbox 486 850 1674 913; baseline -0.003 -7"><span class='ocrx_word' id='word_1_36' title='bbox 486 850 597 906; x_wconf 86' lang='lat' dir='ltr'><strong>Nec</strong></span> <span class='ocrx_word' id='word_1_37' title='bbox 622 866 728 905; x_wconf 91' lang='lat' dir='ltr'><strong>non</strong></span> <span class='ocrx_word' id='word_1_38' title='bbox 760 859 814 906; x_wconf 89' lang='lat' dir='ltr'><strong>et</strong></span> <span class='ocrx_word' id='word_1_39' title='bbox 841 851 1004 905; x_wconf 90' lang='lat' dir='ltr'><strong>claris</strong></span> <span class='ocrx_word' id='word_1_40' title='bbox 1032 851 1164 905; x_wconf 85' lang='lat' dir='ltr'><strong>fiunt</strong></span> <span class='ocrx_word' id='word_1_41' title='bbox 1192 850 1452 905; x_wconf 90' lang='lat' dir='ltr'><strong>miracula</strong></span> <span class='ocrx_word' id='word_1_42' title='bbox 1479 850 1640 904; x_wconf 83' lang='lat' dir='ltr'><strong>rebus</strong></span> <span class='ocrx_word' id='word_1_43' title='bbox 1659 889 1674 913; x_wconf 93' lang='lat'><strong>,</strong></span> 
     </span>
    </p>
   </div>
   <div class='ocr_carea' id='block_1_8' title="bbox 485 940 1961 1007">
    <p class='ocr_par' dir='ltr' id='par_1_8' title="bbox 485 940 1961 1007">
     <span class='ocr_line' id='line_1_8' title="bbox 485 940 1961 1007; baseline -0.003 -13"><span class='ocrx_word' id='word_1_44' title='bbox 485 940 651 994; x_wconf 89' lang='lat' dir='ltr'><strong>Facta</strong></span> <span class='ocrx_word' id='word_1_45' title='bbox 683 940 802 994; x_wconf 91' lang='lat' dir='ltr'><strong>loco</strong></span> <span class='ocrx_word' id='word_1_46' title='bbox 833 955 1045 995; x_wconf 90' lang='lat' dir='ltr'><strong>sacrum</strong></span> <span class='ocrx_word' id='word_1_47' title='bbox 1075 947 1266 1007; x_wconf 81' lang='lat' dir='ltr'><strong>pausat</strong></span> <span class='ocrx_word' id='word_1_48' title='bbox 1293 954 1400 1007; x_wconf 92' lang='lat' dir='ltr'><strong>quo</strong></span> <span class='ocrx_word' id='word_1_49' title='bbox 1428 952 1625 1006; x_wconf 89' lang='lat' dir='ltr'><strong>corpus</strong></span> <span class='ocrx_word' id='word_1_50' title='bbox 1652 940 1961 1003; x_wconf 84' lang='lat' dir='ltr'><strong>humatum,</strong></span> 
     </span>
    </p>
   </div>
   <div class='ocr_carea' id='block_1_9' title="bbox 488 1030 1715 1101">
    <p class='ocr_par' dir='ltr' id='par_1_9' title="bbox 488 1030 1715 1101">
     <span class='ocr_line' id='line_1_9' title="bbox 488 1030 1715 1101; baseline 0 -16"><span class='ocrx_word' id='word_1_51' title='bbox 488 1030 654 1101; x_wconf 88' lang='lat' dir='ltr'><strong>Cujus</strong></span> <span class='ocrx_word' id='word_1_52' title='bbox 680 1039 790 1085; x_wconf 89' lang='lat' dir='ltr'><strong>tota</strong></span> <span class='ocrx_word' id='word_1_53' title='bbox 817 1030 921 1085; x_wconf 85' lang='lat' dir='ltr'><strong>fuit</strong></span> <span class='ocrx_word' id='word_1_54' title='bbox 945 1031 1259 1087; x_wconf 74' lang='lat' dir='ltr'><strong>cmlestibus</strong></span> <span class='ocrx_word' id='word_1_55' title='bbox 1286 1030 1483 1100; x_wconf 89' lang='lat' dir='ltr'><strong>inclyta</strong></span> <span class='ocrx_word' id='word_1_56' title='bbox 1512 1031 1715 1100; x_wconf 84' lang='lat' dir='ltr'><strong>signis,</strong></span> 
     </span>
    </p>
   </div>
   <div class='ocr_carea' id='block_1_10' title="bbox 493 1121 1796 1199">
    <p class='ocr_par' dir='ltr' id='par_1_10' title="bbox 493 1121 1796 1199">
     <span class='ocr_line' id='line_1_10' title="bbox 493 1121 1796 1199; baseline -0.002 -22"><span class='ocrx_word' id='word_1_57' title='bbox 493 1121 675 1192; x_wconf 81' lang='lat' dir='ltr'><strong>Usque</strong></span> <span class='ocrx_word' id='word_1_58' title='bbox 697 1123 839 1177; x_wconf 88' lang='lat' dir='ltr'><strong>diem</strong></span> <span class='ocrx_word' id='word_1_59' title='bbox 871 1124 1078 1187; x_wconf 88' lang='lat' dir='ltr'><strong>mortis,</strong></span> <span class='ocrx_word' id='word_1_60' title='bbox 1111 1122 1369 1199; x_wconf 61' lang='lat' dir='ltr'><strong>primaevo</strong></span> <span class='ocrx_word' id='word_1_61' title='bbox 1396 1131 1634 1190; x_wconf 88' lang='lat' dir='ltr'><strong>tempore</strong></span> <span class='ocrx_word' id='word_1_62' title='bbox 1661 1122 1796 1186; x_wconf 77' lang='lat' dir='ltr'><strong>vita.</strong></span> 
     </span>
    </p>
   </div>
   <div class='ocr_carea' id='block_1_11' title="bbox 486 1212 1818 1283">
    <p class='ocr_par' dir='ltr' id='par_1_11' title="bbox 486 1212 1818 1283">
     <span class='ocr_line' id='line_1_11' title="bbox 486 1212 1818 1283; baseline 0.002 -16"><span class='ocrx_word' id='word_1_63' title='bbox 486 1212 679 1267; x_wconf 89' lang='lat' dir='ltr'><strong>Omnia</strong></span> <span class='ocrx_word' id='word_1_64' title='bbox 704 1229 824 1283; x_wconf 72' lang='lat' dir='ltr'><strong>qua:</strong></span> <span class='ocrx_word' id='word_1_65' title='bbox 854 1214 1055 1268; x_wconf 91' lang='lat' dir='ltr'><strong>dudum</strong></span> <span class='ocrx_word' id='word_1_66' title='bbox 1077 1213 1371 1282; x_wconf 73' lang='lat' dir='ltr'><strong>praeclarus</strong></span> <span class='ocrx_word' id='word_1_67' title='bbox 1394 1213 1538 1267; x_wconf 85' lang='lat' dir='ltr'><strong>Beda</strong></span> <span class='ocrx_word' id='word_1_68' title='bbox 1565 1214 1818 1269; x_wconf 85' lang='lat' dir='ltr'><strong>sacerdos</strong></span> 
     </span>
    </p>
   </div>
   <div class='ocr_carea' id='block_1_12' title="bbox 485 1305 1829 1378">
    <p class='ocr_par' dir='ltr' id='par_1_12' title="bbox 485 1305 1829 1378">
     <span class='ocr_line' id='line_1_12' title="bbox 485 1305 1829 1378; baseline 0 -18"><span class='ocrx_word' id='word_1_69' title='bbox 485 1305 739 1362; x_wconf 86' lang='lat' dir='ltr'><strong>Prosaiee</strong></span> <span class='ocrx_word' id='word_1_70' title='bbox 765 1308 999 1377; x_wconf 89' lang='lat' dir='ltr'><strong>primum</strong></span> <span class='ocrx_word' id='word_1_71' title='bbox 1022 1307 1242 1378; x_wconf 83' lang='lat' dir='ltr'><strong>scripsit</strong></span> <span class='ocrx_word' id='word_1_72' title='bbox 1268 1320 1517 1361; x_wconf 84' lang='lat' dir='ltr'><strong>sermone</strong></span> <span class='ocrx_word' id='word_1_73' title='bbox 1542 1307 1829 1377; x_wconf 81' lang='lat' dir='ltr'><strong>magister,</strong></span> 
     </span>
    </p>
   </div>
   <div class='ocr_carea' id='block_1_13' title="bbox 485 1397 1733 1468">
    <p class='ocr_par' dir='ltr' id='par_1_13' title="bbox 485 1397 1733 1468">
     <span class='ocr_line' id='line_1_13' title="bbox 485 1397 1733 1468; baseline -0.002 -16"><span class='ocrx_word' id='word_1_74' title='bbox 485 1397 555 1452; x_wconf 84' lang='lat' dir='ltr'><strong>Et</strong></span> <span class='ocrx_word' id='word_1_75' title='bbox 582 1407 705 1468; x_wconf 92' lang='lat' dir='ltr'><strong>post</strong></span> <span class='ocrx_word' id='word_1_76' title='bbox 728 1399 948 1453; x_wconf 84' lang='lat' dir='ltr'><strong>heroico</strong></span> <span class='ocrx_word' id='word_1_77' title='bbox 979 1398 1174 1453; x_wconf 89' lang='lat' dir='ltr'><strong>cecinit</strong></span> <span class='ocrx_word' id='word_1_78' title='bbox 1209 1397 1471 1453; x_wconf 89' lang='lat' dir='ltr'><strong>miracula</strong></span> <span class='ocrx_word' id='word_1_79' title='bbox 1494 1413 1652 1453; x_wconf 89' lang='lat' dir='ltr'><strong>versu</strong></span> <span class='ocrx_word' id='word_1_80' title='bbox 1684 1410 1733 1449; x_wconf 74' lang='grc' dir='ltr'><strong>δ.</strong></span> 
     </span>
    </p>
   </div>
   <div class='ocr_carea' id='block_1_14' title="bbox 492 1491 1948 1563">
    <p class='ocr_par' dir='ltr' id='par_1_14' title="bbox 492 1491 1948 1563">
     <span class='ocr_line' id='line_1_14' title="bbox 492 1491 1948 1563; baseline -0.003 -16"><span class='ocrx_word' id='word_1_81' title='bbox 492 1492 738 1559; x_wconf 86' lang='lat' dir='ltr'><strong>Qualiter</strong></span> <span class='ocrx_word' id='word_1_82' title='bbox 763 1493 1036 1563; x_wconf 90' lang='lat' dir='ltr'><strong>angelicos</strong></span> <span class='ocrx_word' id='word_1_83' title='bbox 1065 1492 1302 1547; x_wconf 89' lang='lat' dir='ltr'><strong>monitus</strong></span> <span class='ocrx_word' id='word_1_84' title='bbox 1326 1491 1590 1546; x_wconf 85' lang='lat' dir='ltr'><strong>medicina</strong></span> <span class='ocrx_word' id='word_1_85' title='bbox 1619 1498 1802 1546; x_wconf 91' lang='lat' dir='ltr'><strong>secuta</strong></span> <span class='ocrx_word' id='word_1_86' title='bbox 1833 1498 1948 1554; x_wconf 88' lang='lat' dir='ltr'><strong>est,</strong></span> 
     </span>
    </p>
   </div>
   <div class='ocr_carea' id='block_1_15' title="bbox 486 1580 1946 1653">
    <p class='ocr_par' dir='ltr' id='par_1_15' title="bbox 486 1580 1946 1653">
     <span class='ocr_line' id='line_1_15' title="bbox 486 1580 1946 1653; baseline -0.002 -16"><span class='ocrx_word' id='word_1_87' title='bbox 486 1583 627 1638; x_wconf 90' lang='lat' dir='ltr'><strong>Dum</strong></span> <span class='ocrx_word' id='word_1_88' title='bbox 666 1593 845 1639; x_wconf 91' lang='lat' dir='ltr'><strong>tumor</strong></span> <span class='ocrx_word' id='word_1_89' title='bbox 876 1585 926 1638; x_wconf 87' lang='lat' dir='ltr'><strong>in</strong></span> <span class='ocrx_word' id='word_1_90' title='bbox 951 1593 1141 1639; x_wconf 91' lang='lat' dir='ltr'><strong>tenero</strong></span> <span class='ocrx_word' id='word_1_91' title='bbox 1166 1583 1436 1639; x_wconf 86' lang='lat' dir='ltr'><strong>succrevit</strong></span> <span class='ocrx_word' id='word_1_92' title='bbox 1460 1597 1686 1653; x_wconf 88' lang='lat' dir='ltr'><strong>corpore</strong></span> <span class='ocrx_word' id='word_1_93' title='bbox 1714 1580 1946 1636; x_wconf 86' lang='lat' dir='ltr'><strong>fervens.</strong></span> 
     </span>
    </p>
   </div>
   <div class='ocr_carea' id='block_1_16' title="bbox 486 1672 1963 1744">
    <p class='ocr_par' dir='ltr' id='par_1_16' title="bbox 486 1672 1963 1744">
     <span class='ocr_line' id='line_1_16' title="bbox 486 1672 1963 1744; baseline -0.001 -17"><span class='ocrx_word' id='word_1_94' title='bbox 486 1674 595 1727; x_wconf 85' lang='lat' dir='ltr'><strong>Aut</strong></span> <span class='ocrx_word' id='word_1_95' title='bbox 618 1675 886 1743; x_wconf 85' lang='lat' dir='ltr'><strong>quomodo</strong></span> <span class='ocrx_word' id='word_1_96' title='bbox 909 1675 1023 1743; x_wconf 91' lang='lat' dir='ltr'><strong>ipse</strong></span> <span class='ocrx_word' id='word_1_97' title='bbox 1043 1690 1179 1744; x_wconf 89' lang='lat' dir='ltr'><strong>puer</strong></span> <span class='ocrx_word' id='word_1_98' title='bbox 1207 1674 1383 1729; x_wconf 87' lang='lat' dir='ltr'><strong>ventis</strong></span> <span class='ocrx_word' id='word_1_99' title='bbox 1410 1687 1507 1743; x_wconf 88' lang='lat' dir='ltr'><strong>per</strong></span> <span class='ocrx_word' id='word_1_100' title='bbox 1534 1672 1729 1726; x_wconf 64' lang='lat' dir='ltr'><strong>eterula</strong></span> <span class='ocrx_word' id='word_1_101' title='bbox 1758 1686 1963 1741; x_wconf 89' lang='lat' dir='ltr'><strong>puppes</strong></span> 
     </span>
    </p>
   </div>
   <div class='ocr_carea' id='block_1_17' title="bbox 486 1763 1885 1836">
    <p class='ocr_par' dir='ltr' id='par_1_17' title="bbox 486 1763 1885 1836">
     <span class='ocr_line' id='line_1_17' title="bbox 486 1763 1885 1836; baseline 0 -17"><span class='ocrx_word' id='word_1_102' title='bbox 486 1763 726 1821; x_wconf 87' lang='lat' dir='ltr'><strong>Jactatas</strong></span> <span class='ocrx_word' id='word_1_103' title='bbox 746 1767 998 1836; x_wconf 88' lang='lat' dir='ltr'><strong>precibus</strong></span> <span class='ocrx_word' id='word_1_104' title='bbox 1023 1768 1311 1822; x_wconf 82' lang='lat' dir='ltr'><strong>revocabat</strong></span> <span class='ocrx_word' id='word_1_105' title='bbox 1338 1765 1407 1819; x_wconf 89' lang='lat' dir='ltr'><strong>ab</strong></span> <span class='ocrx_word' id='word_1_106' title='bbox 1429 1780 1646 1834; x_wconf 73' lang='lat' dir='ltr'><strong>mquore</strong></span> <span class='ocrx_word' id='word_1_107' title='bbox 1672 1764 1885 1832; x_wconf 88' lang='lat' dir='ltr'><strong>quinas.</strong></span> 
     </span>
    </p>
   </div>
   <div class='ocr_carea' id='block_1_18' title="bbox 488 1853 1862 1923">
    <p class='ocr_par' dir='ltr' id='par_1_18' title="bbox 488 1853 1862 1923">
     <span class='ocr_line' id='line_1_18' title="bbox 488 1853 1862 1923; baseline -0.001 -14"><span class='ocrx_word' id='word_1_108' title='bbox 488 1854 732 1920; x_wconf 85' lang='lat' dir='ltr'><strong>Qualiter</strong></span> <span class='ocrx_word' id='word_1_109' title='bbox 758 1865 853 1910; x_wconf 91' lang='lat' dir='ltr'><strong>aut</strong></span> <span class='ocrx_word' id='word_1_110' title='bbox 877 1857 1112 1910; x_wconf 90' lang='lat' dir='ltr'><strong>animam</strong></span> <span class='ocrx_word' id='word_1_111' title='bbox 1134 1854 1265 1911; x_wconf 87' lang='lat' dir='ltr'><strong>ferri</strong></span> <span class='ocrx_word' id='word_1_112' title='bbox 1290 1870 1452 1923; x_wconf 85' lang='lat' dir='ltr'><strong>super</strong></span> <span class='ocrx_word' id='word_1_113' title='bbox 1473 1861 1619 1908; x_wconf 90' lang='lat' dir='ltr'><strong>astra</strong></span> <span class='ocrx_word' id='word_1_114' title='bbox 1645 1853 1862 1913; x_wconf 76' lang='lat' dir='ltr'><strong>videbat</strong></span> 
     </span>
    </p>
   </div>
   <div class='ocr_carea' id='block_1_19' title="bbox 488 1946 1889 2018">
    <p class='ocr_par' dir='ltr' id='par_1_19' title="bbox 488 1946 1889 2018">
     <span class='ocr_line' id='line_1_19' title="bbox 488 1946 1889 2018; baseline 0 -18"><span class='ocrx_word' id='word_1_115' title='bbox 488 1946 743 2002; x_wconf 68' lang='lat' dir='ltr'><strong>Prmsulis</strong></span> <span class='ocrx_word' id='word_1_116' title='bbox 772 1946 994 2013; x_wconf 57' lang='lat' dir='ltr'><strong>Aidani,</strong></span> <span class='ocrx_word' id='word_1_117' title='bbox 1028 1958 1243 2004; x_wconf 90' lang='lat' dir='ltr'><strong>teneros</strong></span> <span class='ocrx_word' id='word_1_118' title='bbox 1272 1949 1397 2003; x_wconf 92' lang='lat' dir='ltr'><strong>dum</strong></span> <span class='ocrx_word' id='word_1_119' title='bbox 1426 1955 1679 2016; x_wconf 90' lang='lat' dir='ltr'><strong>pasceret</strong></span> <span class='ocrx_word' id='word_1_120' title='bbox 1703 1960 1889 2018; x_wconf 87' lang='lat' dir='ltr'><strong>agnos.</strong></span> 
     </span>
    </p>
   </div>
   <div class='ocr_carea' id='block_1_20' title="bbox 488 2038 1721 2109">
    <p class='ocr_par' dir='ltr' id='par_1_20' title="bbox 488 2038 1721 2109">
     <span class='ocr_line' id='line_1_20' title="bbox 488 2038 1721 2109; baseline -0.001 -14"><span class='ocrx_word' id='word_1_121' title='bbox 488 2039 802 2095; x_wconf 75' lang='lat' dir='ltr'><strong>Ccelicolam</strong></span> <span class='ocrx_word' id='word_1_122' title='bbox 825 2041 1095 2109; x_wconf 89' lang='lat' dir='ltr'><strong>quomodo</strong></span> <span class='ocrx_word' id='word_1_123' title='bbox 1125 2048 1343 2095; x_wconf 86' lang='lat' dir='ltr'><strong>terreno</strong></span> <span class='ocrx_word' id='word_1_124' title='bbox 1370 2055 1509 2109; x_wconf 89' lang='lat' dir='ltr'><strong>pane</strong></span> <span class='ocrx_word' id='word_1_125' title='bbox 1536 2038 1721 2094; x_wconf 82' lang='lat' dir='ltr'><strong>fovere</strong></span> 
     </span>
    </p>
   </div>
   <div class='ocr_carea' id='block_1_21' title="bbox 488 2134 1880 2207">
    <p class='ocr_par' dir='ltr' id='par_1_21' title="bbox 488 2134 1880 2207">
     <span class='ocr_line' id='line_1_21' title="bbox 488 2134 1880 2207; baseline 0 -18"><span class='ocrx_word' id='word_1_126' title='bbox 488 2136 626 2190; x_wconf 89' lang='lat' dir='ltr'><strong>Dum</strong></span> <span class='ocrx_word' id='word_1_127' title='bbox 662 2145 901 2207; x_wconf 88' lang='lat' dir='ltr'><strong>cuperet,</strong></span> <span class='ocrx_word' id='word_1_128' title='bbox 934 2138 1134 2192; x_wconf 90' lang='lat' dir='ltr'><strong>meruit</strong></span> <span class='ocrx_word' id='word_1_129' title='bbox 1157 2136 1408 2191; x_wconf 65' lang='lat' dir='ltr'><strong>caelestes</strong></span> <span class='ocrx_word' id='word_1_130' title='bbox 1435 2151 1651 2192; x_wconf 88' lang='lat' dir='ltr'><strong>sumere</strong></span> <span class='ocrx_word' id='word_1_131' title='bbox 1673 2136 1742 2190; x_wconf 88' lang='lat' dir='ltr'><strong>ab</strong></span> <span class='ocrx_word' id='word_1_132' title='bbox 1771 2134 1880 2189; x_wconf 81' lang='lat' dir='ltr'><strong>illo.</strong></span> 
     </span>
    </p>
   </div>
   <div class='ocr_carea' id='block_1_22' title="bbox 495 2224 1775 2299">
    <p class='ocr_par' dir='ltr' id='par_1_22' title="bbox 495 2224 1775 2299">
     <span class='ocr_line' id='line_1_22' title="bbox 495 2224 1775 2299; baseline -0.004 -16"><span class='ocrx_word' id='word_1_133' title='bbox 495 2224 567 2283; x_wconf 85' lang='lat' dir='ltr'><strong>Ut</strong></span> <span class='ocrx_word' id='word_1_134' title='bbox 589 2228 781 2283; x_wconf 71' lang='lat' dir='ltr'><strong>bellum</strong></span> <span class='ocrx_word' id='word_1_135' title='bbox 805 2228 1038 2299; x_wconf 83' lang='lat' dir='ltr'><strong>gelidum</strong></span> <span class='ocrx_word' id='word_1_136' title='bbox 1060 2228 1187 2282; x_wconf 90' lang='lat' dir='ltr'><strong>villo</strong></span> <span class='ocrx_word' id='word_1_137' title='bbox 1217 2227 1453 2295; x_wconf 84' lang='lat' dir='ltr'><strong>ﬂatuque</strong></span> <span class='ocrx_word' id='word_1_138' title='bbox 1486 2225 1775 2290; x_wconf 83' lang='lat' dir='ltr'><strong>fovebant,</strong></span> 
     </span>
    </p>
   </div>
   <div class='ocr_carea' id='block_1_23' title="bbox 489 2318 1823 2387">
    <p class='ocr_par' dir='ltr' id='par_1_23' title="bbox 489 2318 1823 2387">
     <span class='ocr_line' id='line_1_23' title="bbox 489 2318 1823 2387; baseline -0.002 -14"><span class='ocrx_word' id='word_1_139' title='bbox 489 2320 815 2375; x_wconf 88' lang='lat' dir='ltr'><strong>Cernentcm</strong></span> <span class='ocrx_word' id='word_1_140' title='bbox 841 2320 1064 2375; x_wconf 90' lang='lat' dir='ltr'><strong>fratrem</strong></span> <span class='ocrx_word' id='word_1_141' title='bbox 1096 2318 1284 2375; x_wconf 88' lang='lat' dir='ltr'><strong>morbo</strong></span> <span class='ocrx_word' id='word_1_142' title='bbox 1309 2318 1571 2387; x_wconf 83' lang='lat' dir='ltr'><strong>culpaque</strong></span> <span class='ocrx_word' id='word_1_143' title='bbox 1593 2318 1823 2372; x_wconf 77' lang='lat' dir='ltr'><strong>relaxat.</strong></span> 
     </span>
    </p>
   </div>
   <div class='ocr_carea' id='block_1_24' title="bbox 493 2406 2047 2477">
    <p class='ocr_par' dir='ltr' id='par_1_24' title="bbox 493 2406 2047 2477">
     <span class='ocr_line' id='line_1_24' title="bbox 493 2406 2047 2477; baseline 0 -15"><span class='ocrx_word' id='word_1_144' title='bbox 493 2407 673 2477; x_wconf 88' lang='lat' dir='ltr'><strong>thue</strong></span> <span class='ocrx_word' id='word_1_145' title='bbox 698 2409 970 2477; x_wconf 88' lang='lat' dir='ltr'><strong>precando</strong></span> <span class='ocrx_word' id='word_1_146' title='bbox 999 2406 1197 2462; x_wconf 82' lang='lat' dir='ltr'><strong>famem</strong></span> <span class='ocrx_word' id='word_1_147' title='bbox 1225 2408 1499 2477; x_wconf 89' lang='lat' dir='ltr'><strong>projectus</strong></span> <span class='ocrx_word' id='word_1_148' title='bbox 1526 2407 1593 2461; x_wconf 92' lang='lat' dir='ltr'><strong>ab</strong></span> <span class='ocrx_word' id='word_1_149' title='bbox 1622 2421 1839 2475; x_wconf 68' lang='lat' dir='ltr'><strong>aequore</strong></span> <span class='ocrx_word' id='word_1_150' title='bbox 1867 2406 2047 2462; x_wconf 84' lang='lat' dir='ltr'><strong>nautis</strong></span> 
     </span>
    </p>
   </div>
   <div class='ocr_carea' id='block_1_25' title="bbox 490 2498 1857 2569">
    <p class='ocr_par' dir='ltr' id='par_1_25' title="bbox 490 2498 1857 2569">
     <span class='ocr_line' id='line_1_25' title="bbox 490 2498 1857 2569; baseline 0 -16"><span class='ocrx_word' id='word_1_151' title='bbox 490 2498 752 2564; x_wconf 81' lang='lat' dir='ltr'><strong>Abstulit,</strong></span> <span class='ocrx_word' id='word_1_152' title='bbox 779 2509 834 2555; x_wconf 87' lang='lat' dir='ltr'><strong>et</strong></span> <span class='ocrx_word' id='word_1_153' title='bbox 859 2507 1068 2555; x_wconf 89' lang='lat' dir='ltr'><strong>certum</strong></span> <span class='ocrx_word' id='word_1_154' title='bbox 1094 2499 1347 2569; x_wconf 74' lang='lat' dir='ltr'><strong>praedixit</strong></span> <span class='ocrx_word' id='word_1_155' title='bbox 1370 2499 1561 2554; x_wconf 81' lang='lat' dir='ltr'><strong>adesse</strong></span> <span class='ocrx_word' id='word_1_156' title='bbox 1586 2514 1857 2554; x_wconf 89' lang='lat' dir='ltr'><strong>serenum.</strong></span> 
     </span>
    </p>
   </div>
   <div class='ocr_carea' id='block_1_26' title="bbox 492 2589 1894 2660">
    <p class='ocr_par' dir='ltr' id='par_1_26' title="bbox 492 2589 1894 2660">
     <span class='ocr_line' id='line_1_26' title="bbox 492 2589 1894 2660; baseline -0.001 -16"><span class='ocrx_word' id='word_1_157' title='bbox 492 2589 603 2644; x_wconf 89' lang='lat' dir='ltr'><strong>Aut</strong></span> <span class='ocrx_word' id='word_1_158' title='bbox 629 2589 899 2660; x_wconf 90' lang='lat' dir='ltr'><strong>quomodo</strong></span> <span class='ocrx_word' id='word_1_159' title='bbox 926 2605 990 2645; x_wconf 79' lang='lat' dir='ltr'><strong>ex</strong></span> <span class='ocrx_word' id='word_1_160' title='bbox 1024 2589 1203 2660; x_wconf 86' lang='lat' dir='ltr'><strong>aquila</strong></span> <span class='ocrx_word' id='word_1_161' title='bbox 1233 2589 1411 2645; x_wconf 89' lang='lat' dir='ltr'><strong>delato</strong></span> <span class='ocrx_word' id='word_1_162' title='bbox 1436 2590 1582 2659; x_wconf 80' lang='lat' dir='ltr'><strong>pisce</strong></span> <span class='ocrx_word' id='word_1_163' title='bbox 1606 2589 1894 2645; x_wconf 90' lang='lat' dir='ltr'><strong>cibandum</strong></span> 
     </span>
    </p>
   </div>
   <div class='ocr_carea' id='block_1_27' title="bbox 493 2681 1938 2754">
    <p class='ocr_par' dir='ltr' id='par_1_27' title="bbox 493 2681 1938 2754">
     <span class='ocr_line' id='line_1_27' title="bbox 493 2681 1938 2754; baseline -0.001 -17"><span class='ocrx_word' id='word_1_164' title='bbox 493 2681 566 2737; x_wconf 84' lang='lat' dir='ltr'><strong>Se</strong></span> <span class='ocrx_word' id='word_1_165' title='bbox 595 2684 910 2754; x_wconf 85' lang='lat' dir='ltr'><strong>sociumque</strong></span> <span class='ocrx_word' id='word_1_166' title='bbox 936 2699 1090 2738; x_wconf 87' lang='lat' dir='ltr'><strong>suum</strong></span> <span class='ocrx_word' id='word_1_167' title='bbox 1122 2682 1391 2752; x_wconf 64' lang='lat' dir='ltr'><strong>praedixit,</strong></span> <span class='ocrx_word' id='word_1_168' title='bbox 1420 2690 1475 2737; x_wconf 92' lang='lat' dir='ltr'><strong>et</strong></span> <span class='ocrx_word' id='word_1_169' title='bbox 1505 2690 1590 2737; x_wconf 91' lang='lat' dir='ltr'><strong>est</strong></span> <span class='ocrx_word' id='word_1_170' title='bbox 1611 2682 1687 2736; x_wconf 88' lang='lat' dir='ltr'><strong>ita</strong></span> <span class='ocrx_word' id='word_1_171' title='bbox 1718 2681 1938 2737; x_wconf 89' lang='lat' dir='ltr'><strong>factum.</strong></span> 
     </span>
    </p>
   </div>
   <div class='ocr_carea' id='block_1_28' title="bbox 489 2770 2071 2846">
    <p class='ocr_par' dir='ltr' id='par_1_28' title="bbox 489 2770 2071 2846">
     <span class='ocr_line' id='line_1_28' title="bbox 489 2770 2071 2846; baseline -0.003 -17"><span class='ocrx_word' id='word_1_172' title='bbox 489 2774 654 2846; x_wconf 64' lang='lat'><strong>249</strong></span> <span class='ocrx_word' id='word_1_173' title='bbox 674 2773 783 2829; x_wconf 85' lang='lat' dir='ltr'><strong>Aut</strong></span> <span class='ocrx_word' id='word_1_174' title='bbox 800 2774 1072 2844; x_wconf 83' lang='lat' dir='ltr'><strong>quomodo</strong></span> <span class='ocrx_word' id='word_1_175' title='bbox 1093 2772 1345 2828; x_wconf 88' lang='lat' dir='ltr'><strong>ardentes</strong></span> <span class='ocrx_word' id='word_1_176' title='bbox 1372 2773 1569 2827; x_wconf 90' lang='lat' dir='ltr'><strong>avertit</strong></span> <span class='ocrx_word' id='word_1_177' title='bbox 1587 2772 1656 2826; x_wconf 90' lang='lat' dir='ltr'><strong>ah</strong></span> <span class='ocrx_word' id='word_1_178' title='bbox 1676 2770 1880 2826; x_wconf 66' lang='lat' dir='ltr'><strong>aedibus</strong></span> <span class='ocrx_word' id='word_1_179' title='bbox 1900 2770 2071 2840; x_wconf 88' lang='lat' dir='ltr'><strong>ignes,</strong></span> 
     </span>
    </p>
   </div>
   <div class='ocr_carea' id='block_1_29' title="bbox 490 2861 2070 2939">
    <p class='ocr_par' dir='ltr' id='par_1_29' title="bbox 490 2861 2070 2939">
     <span class='ocr_line' id='line_1_29' title="bbox 490 2861 2070 2939; baseline -0.004 -18"><span class='ocrx_word' id='word_1_180' title='bbox 490 2866 811 2923; x_wconf 70' lang='lat' dir='ltr'><strong>Incumbens</strong></span> <span class='ocrx_word' id='word_1_181' title='bbox 835 2867 1106 2938; x_wconf 83' lang='lat' dir='ltr'><strong>precibus,</strong></span> <span class='ocrx_word' id='word_1_182' title='bbox 1130 2865 1386 2934; x_wconf 85' lang='lat' dir='ltr'><strong>juvenum</strong></span> <span class='ocrx_word' id='word_1_183' title='bbox 1413 2880 1550 2933; x_wconf 92' lang='lat' dir='ltr'><strong>quos</strong></span> <span class='ocrx_word' id='word_1_184' title='bbox 1581 2865 1771 2918; x_wconf 75' lang='lat' dir='ltr'><strong>dextra</strong></span> <span class='ocrx_word' id='word_1_185' title='bbox 1796 2861 2070 2939; x_wconf 81' lang='lat' dir='ltr'><strong>nequibat.</strong></span> 
     </span>
    </p>
   </div>
   <div class='ocr_carea' id='block_1_30' title="bbox 492 2950 1824 3025">
    <p class='ocr_par' dir='ltr' id='par_1_30' title="bbox 492 2950 1824 3025">
     <span class='ocr_line' id='line_1_30' title="bbox 492 2950 1824 3025; baseline -0.005 -13"><span class='ocrx_word' id='word_1_186' title='bbox 492 2953 831 3012; x_wconf 70' lang='lat' dir='ltr'><strong>Dzemoniaca</strong></span> <span class='ocrx_word' id='word_1_187' title='bbox 862 2956 1080 3025; x_wconf 81' lang='lat' dir='ltr'><strong>quidem</strong></span> <span class='ocrx_word' id='word_1_188' title='bbox 1106 2955 1189 3009; x_wconf 87' lang='lat' dir='ltr'><strong>vel</strong></span> <span class='ocrx_word' id='word_1_189' title='bbox 1213 2954 1447 3023; x_wconf 87' lang='lat' dir='ltr'><strong>qualiter</strong></span> <span class='ocrx_word' id='word_1_190' title='bbox 1472 2968 1609 3006; x_wconf 81' lang='lat' dir='ltr'><strong>uxor</strong></span> <span class='ocrx_word' id='word_1_191' title='bbox 1636 2952 1703 3005; x_wconf 88' lang='lat' dir='ltr'><strong>ab</strong></span> <span class='ocrx_word' id='word_1_192' title='bbox 1733 2950 1824 3010; x_wconf 89' lang='lat' dir='ltr'><strong>illo</strong></span> 
     </span>
    </p>
   </div>
   <div class='ocr_carea' id='block_1_31' title="bbox 493 3044 1843 3115">
    <p class='ocr_par' dir='ltr' id='par_1_31' title="bbox 493 3044 1843 3115">
     <span class='ocr_line' id='line_1_31' title="bbox 493 3044 1843 3115; baseline -0.004 -13"><span class='ocrx_word' id='word_1_193' title='bbox 493 3048 580 3102; x_wconf 88' lang='lat' dir='ltr'><strong>Sit</strong></span> <span class='ocrx_word' id='word_1_194' title='bbox 603 3056 812 3112; x_wconf 89' lang='lat' dir='ltr'><strong>sanata,</strong></span> <span class='ocrx_word' id='word_1_195' title='bbox 834 3048 985 3115; x_wconf 89' lang='lat' dir='ltr'><strong>prius</strong></span> <span class='ocrx_word' id='word_1_196' title='bbox 1009 3062 1169 3115; x_wconf 89' lang='lat' dir='ltr'><strong>quam</strong></span> <span class='ocrx_word' id='word_1_197' title='bbox 1200 3054 1342 3099; x_wconf 92' lang='lat' dir='ltr'><strong>tecta</strong></span> <span class='ocrx_word' id='word_1_198' title='bbox 1374 3045 1614 3114; x_wconf 80' lang='lat' dir='ltr'><strong>rogantis</strong></span> <span class='ocrx_word' id='word_1_199' title='bbox 1639 3044 1843 3098; x_wconf 90' lang='lat' dir='ltr'><strong>inisset.</strong></span> 
     </span>
    </p>
   </div>
   <div class='ocr_carea' id='block_1_32' title="bbox 493 3137 2019 3209">
    <p class='ocr_par' dir='ltr' id='par_1_32' title="bbox 493 3137 2019 3209">
     <span class='ocr_line' id='line_1_32' title="bbox 493 3137 2019 3209; baseline -0.004 -13"><span class='ocrx_word' id='word_1_200' title='bbox 493 3142 776 3196; x_wconf 70' lang='lat' dir='ltr'><strong>Dzemones</strong></span> <span class='ocrx_word' id='word_1_201' title='bbox 800 3150 893 3195; x_wconf 87' lang='lat' dir='ltr'><strong>aut</strong></span> <span class='ocrx_word' id='word_1_202' title='bbox 917 3141 1189 3209; x_wconf 88' lang='lat' dir='ltr'><strong>quomodo</strong></span> <span class='ocrx_word' id='word_1_203' title='bbox 1216 3147 1437 3194; x_wconf 90' lang='lat' dir='ltr'><strong>sanctus</strong></span> <span class='ocrx_word' id='word_1_204' title='bbox 1460 3138 1528 3195; x_wconf 88' lang='lat' dir='ltr'><strong>de</strong></span> <span class='ocrx_word' id='word_1_205' title='bbox 1555 3139 1732 3193; x_wconf 85' lang='lat' dir='ltr'><strong>Farne</strong></span> <span class='ocrx_word' id='word_1_206' title='bbox 1757 3137 2019 3208; x_wconf 89' lang='lat' dir='ltr'><strong>malignos</strong></span> 
     </span>
    </p>
   </div>
   <div class='ocr_carea' id='block_1_33' title="bbox 496 3229 1789 3301">
    <p class='ocr_par' dir='ltr' id='par_1_33' title="bbox 496 3229 1789 3301">
     <span class='ocr_line' id='line_1_33' title="bbox 496 3229 1789 3301; baseline -0.004 -16"><span class='ocrx_word' id='word_1_207' title='bbox 496 3231 792 3301; x_wconf 80' lang='lat' dir='ltr'><strong>Expulerit,</strong></span> <span class='ocrx_word' id='word_1_208' title='bbox 819 3231 973 3299; x_wconf 76' lang='lat' dir='ltr'><strong>juxta</strong></span> <span class='ocrx_word' id='word_1_209' title='bbox 1002 3230 1207 3284; x_wconf 52' lang='lat' dir='ltr'><strong>faciens</strong></span> <span class='ocrx_word' id='word_1_210' title='bbox 1232 3230 1333 3283; x_wconf 82' lang='lat' dir='ltr'><strong>sibi</strong></span> <span class='ocrx_word' id='word_1_211' title='bbox 1357 3237 1497 3284; x_wconf 87' lang='lat' dir='ltr'><strong>tecta</strong></span> <span class='ocrx_word' id='word_1_212' title='bbox 1518 3229 1789 3283; x_wconf 88' lang='lat' dir='ltr'><strong>manendi.</strong></span> 
     </span>
    </p>
   </div>
   <div class='ocr_carea' id='block_1_34' title="bbox 496 3315 1931 3389">
    <p class='ocr_par' dir='ltr' id='par_1_34' title="bbox 496 3315 1931 3389">
     <span class='ocr_line' id='line_1_34' title="bbox 496 3315 1931 3389; baseline -0.003 -14"><span class='ocrx_word' id='word_1_213' title='bbox 496 3322 572 3375; x_wconf 74' lang='lat' dir='ltr'><strong>Ex</strong></span> <span class='ocrx_word' id='word_1_214' title='bbox 599 3323 750 3376; x_wconf 89' lang='lat' dir='ltr'><strong>sicco</strong></span> <span class='ocrx_word' id='word_1_215' title='bbox 779 3330 839 3375; x_wconf 91' lang='lat' dir='ltr'><strong>ut</strong></span> <span class='ocrx_word' id='word_1_216' title='bbox 873 3319 1132 3389; x_wconf 88' lang='lat' dir='ltr'><strong>liquidam</strong></span> <span class='ocrx_word' id='word_1_217' title='bbox 1154 3318 1381 3388; x_wconf 76' lang='lat' dir='ltr'><strong>poduxit</strong></span> <span class='ocrx_word' id='word_1_218' title='bbox 1409 3317 1614 3387; x_wconf 87' lang='lat' dir='ltr'><strong>cespite</strong></span> <span class='ocrx_word' id='word_1_219' title='bbox 1641 3315 1931 3387; x_wconf 78' lang='lat' dir='ltr'><strong>lympham,</strong></span> 
     </span>
    </p>
   </div>
   <div class='ocr_carea' id='block_1_35' title="bbox 495 3412 1955 3483">
    <p class='ocr_par' dir='ltr' id='par_1_35' title="bbox 495 3412 1955 3483">
     <span class='ocr_line' id='line_1_35' title="bbox 495 3412 1955 3483; baseline -0.003 -15"><span class='ocrx_word' id='word_1_220' title='bbox 495 3414 625 3481; x_wconf 73' lang='lat' dir='ltr'><strong>Qum</strong></span> <span class='ocrx_word' id='word_1_221' title='bbox 656 3416 721 3468; x_wconf 93' lang='lat' dir='ltr'><strong>ad</strong></span> <span class='ocrx_word' id='word_1_222' title='bbox 752 3423 935 3469; x_wconf 89' lang='lat' dir='ltr'><strong>votum</strong></span> <span class='ocrx_word' id='word_1_223' title='bbox 959 3412 1135 3467; x_wconf 84' lang='lat' dir='ltr'><strong>Patris</strong></span> <span class='ocrx_word' id='word_1_224' title='bbox 1163 3413 1457 3483; x_wconf 68' lang='lat' dir='ltr'><strong>praestabat</strong></span> <span class='ocrx_word' id='word_1_225' title='bbox 1483 3412 1535 3465; x_wconf 90' lang='lat' dir='ltr'><strong>in</strong></span> <span class='ocrx_word' id='word_1_226' title='bbox 1570 3425 1664 3466; x_wconf 88' lang='lat' dir='ltr'><strong>ore</strong></span> <span class='ocrx_word' id='word_1_227' title='bbox 1688 3425 1955 3480; x_wconf 83' lang='lat' dir='ltr'><strong>saporem.</strong></span> 
     </span>
    </p>
   </div>
   <div class='ocr_carea' id='block_1_36' title="bbox 495 3504 1776 3575">
    <p class='ocr_par' dir='ltr' id='par_1_36' title="bbox 495 3504 1776 3575">
     <span class='ocr_line' id='line_1_36' title="bbox 495 3504 1776 3575; baseline -0.006 -13"><span class='ocrx_word' id='word_1_228' title='bbox 495 3507 740 3574; x_wconf 86' lang='lat' dir='ltr'><strong>Qualiter</strong></span> <span class='ocrx_word' id='word_1_229' title='bbox 764 3506 876 3575; x_wconf 90' lang='lat' dir='ltr'><strong>ipse</strong></span> <span class='ocrx_word' id='word_1_230' title='bbox 904 3506 1005 3560; x_wconf 90' lang='lat' dir='ltr'><strong>sibi</strong></span> <span class='ocrx_word' id='word_1_231' title='bbox 1031 3517 1256 3559; x_wconf 87' lang='lat' dir='ltr'><strong>messem</strong></span> <span class='ocrx_word' id='word_1_232' title='bbox 1280 3504 1511 3559; x_wconf 80' lang='lat' dir='ltr'><strong>sevisset</strong></span> <span class='ocrx_word' id='word_1_233' title='bbox 1538 3504 1590 3557; x_wconf 93' lang='lat' dir='ltr'><strong>in</strong></span> <span class='ocrx_word' id='word_1_234' title='bbox 1625 3517 1776 3572; x_wconf 83' lang='lat' dir='ltr'><strong>agro,</strong></span> 
     </span>
    </p>
   </div>
   <div class='ocr_carea' id='block_1_37' title="bbox 496 3592 1842 3664">
    <p class='ocr_par' dir='ltr' id='par_1_37' title="bbox 496 3592 1842 3664">
     <span class='ocr_line' id='line_1_37' title="bbox 496 3592 1842 3664; baseline -0.004 -10"><span class='ocrx_word' id='word_1_235' title='bbox 496 3600 563 3654; x_wconf 88' lang='lat' dir='ltr'><strong>Et</strong></span> <span class='ocrx_word' id='word_1_236' title='bbox 589 3598 834 3652; x_wconf 87' lang='lat' dir='ltr'><strong>volucres</strong></span> <span class='ocrx_word' id='word_1_237' title='bbox 859 3598 1026 3651; x_wconf 90' lang='lat' dir='ltr'><strong>verbo</strong></span> <span class='ocrx_word' id='word_1_238' title='bbox 1057 3604 1265 3650; x_wconf 90' lang='lat' dir='ltr'><strong>tantum</strong></span> <span class='ocrx_word' id='word_1_239' title='bbox 1295 3594 1594 3664; x_wconf 89' lang='lat' dir='ltr'><strong>pepulisset</strong></span> <span class='ocrx_word' id='word_1_240' title='bbox 1623 3595 1691 3647; x_wconf 91' lang='lat' dir='ltr'><strong>ab</strong></span> <span class='ocrx_word' id='word_1_241' title='bbox 1723 3592 1842 3648; x_wconf 81' lang='lat' dir='ltr'><strong>illa&#39;</strong></span> 
     </span>
    </p>
   </div>
   <div class='ocr_carea' id='block_1_38' title="bbox 499 3686 1802 3746">
    <p class='ocr_par' dir='ltr' id='par_1_38' title="bbox 499 3686 1802 3746">
     <span class='ocr_line' id='line_1_38' title="bbox 499 3686 1802 3746; baseline -0.005 -1"><span class='ocrx_word' id='word_1_242' title='bbox 499 3690 573 3746; x_wconf 87' lang='lat' dir='ltr'><strong>Ut</strong></span> <span class='ocrx_word' id='word_1_243' title='bbox 600 3705 750 3744; x_wconf 83' lang='lat' dir='ltr'><strong>mare</strong></span> <span class='ocrx_word' id='word_1_244' title='bbox 781 3704 903 3744; x_wconf 88' lang='lat' dir='ltr'><strong>cum</strong></span> <span class='ocrx_word' id='word_1_245' title='bbox 930 3687 1102 3743; x_wconf 87' lang='lat' dir='ltr'><strong>bclvis</strong></span> <span class='ocrx_word' id='word_1_246' title='bbox 1131 3696 1323 3743; x_wconf 87' lang='lat' dir='ltr'><strong>sancto</strong></span> <span class='ocrx_word' id='word_1_247' title='bbox 1344 3687 1551 3742; x_wconf 90' lang='lat' dir='ltr'><strong>servire</strong></span> <span class='ocrx_word' id='word_1_248' title='bbox 1576 3686 1802 3741; x_wconf 86' lang='lat' dir='ltr'><strong>solebat.</strong></span> 
     </span>
    </p>
   </div>
   <div class='ocr_carea' id='block_1_39' title="bbox 504 3777 1708 3850">
    <p class='ocr_par' dir='ltr' id='par_1_39' title="bbox 504 3777 1708 3850">
     <span class='ocr_line' id='line_1_39' title="bbox 504 3777 1708 3850; baseline -0.003 -15"><span class='ocrx_word' id='word_1_249' title='bbox 504 3781 745 3835; x_wconf 78' lang='lat' dir='ltr'><strong>Plurima</strong></span> <span class='ocrx_word' id='word_1_250' title='bbox 772 3780 1009 3834; x_wconf 85' lang='lat' dir='ltr'><strong>veridico</strong></span> <span class='ocrx_word' id='word_1_251' title='bbox 1030 3778 1280 3850; x_wconf 65' lang='lat' dir='ltr'><strong>prtedixit</strong></span> <span class='ocrx_word' id='word_1_252' title='bbox 1305 3788 1359 3832; x_wconf 85' lang='lat' dir='ltr'><strong>ct</strong></span> <span class='ocrx_word' id='word_1_253' title='bbox 1383 3794 1477 3832; x_wconf 86' lang='lat' dir='ltr'><strong>ore</strong></span> <span class='ocrx_word' id='word_1_254' title='bbox 1508 3777 1708 3840; x_wconf 85' lang='lat' dir='ltr'><strong>futura,</strong></span> 
     </span>
    </p>
   </div>
   <div class='ocr_carea' id='block_1_40' title="bbox 504 3865 1912 3939">
    <p class='ocr_par' dir='ltr' id='par_1_40' title="bbox 504 3865 1912 3939">
     <span class='ocr_line' id='line_1_40' title="bbox 504 3865 1912 3939; baseline -0.004 -14"><span class='ocrx_word' id='word_1_255' title='bbox 504 3871 579 3925; x_wconf 90' lang='lat' dir='ltr'><strong>De</strong></span> <span class='ocrx_word' id='word_1_256' title='bbox 604 3886 680 3933; x_wconf 88' lang='lat' dir='ltr'><strong>se,</strong></span> <span class='ocrx_word' id='word_1_257' title='bbox 707 3870 878 3939; x_wconf 85' lang='lat' dir='ltr'><strong>deque</strong></span> <span class='ocrx_word' id='word_1_258' title='bbox 901 3869 1040 3933; x_wconf 90' lang='lat' dir='ltr'><strong>aliis,</strong></span> <span class='ocrx_word' id='word_1_259' title='bbox 1074 3884 1194 3937; x_wconf 77' lang='lat' dir='ltr'><strong>qua:</strong></span> <span class='ocrx_word' id='word_1_260' title='bbox 1225 3868 1485 3939; x_wconf 74' lang='lat' dir='ltr'><strong>pr:e.~cius</strong></span> <span class='ocrx_word' id='word_1_261' title='bbox 1512 3876 1638 3922; x_wconf 82' lang='lat' dir='ltr'><strong>ante</strong></span> <span class='ocrx_word' id='word_1_262' title='bbox 1672 3865 1912 3921; x_wconf 86' lang='lat' dir='ltr'><strong>videbat.</strong></span> 
     </span>
    </p>
   </div>
   <div class='ocr_carea' id='block_1_41' title="bbox 502 3959 1786 4027">
    <p class='ocr_par' dir='ltr' id='par_1_41' title="bbox 502 3959 1786 4027">
     <span class='ocr_line' id='line_1_41' title="bbox 502 3959 1786 4027; baseline 0 -14"><span class='ocrx_word' id='word_1_263' title='bbox 502 3961 746 4027; x_wconf 90' lang='lat' dir='ltr'><strong>Qualiter</strong></span> <span class='ocrx_word' id='word_1_264' title='bbox 769 3959 920 4014; x_wconf 81' lang='lat' dir='ltr'><strong>uxori</strong></span> <span class='ocrx_word' id='word_1_265' title='bbox 950 3960 1188 4023; x_wconf 86' lang='lat' dir='ltr'><strong>comitis,</strong></span> <span class='ocrx_word' id='word_1_266' title='bbox 1215 3960 1303 4014; x_wconf 91' lang='lat' dir='ltr'><strong>cui</strong></span> <span class='ocrx_word' id='word_1_267' title='bbox 1334 3960 1559 4014; x_wconf 85' lang='lat' dir='ltr'><strong>miserat</strong></span> <span class='ocrx_word' id='word_1_268' title='bbox 1588 3959 1786 4013; x_wconf 84' lang='lat' dir='ltr'><strong>undam</strong></span> 
     </span>
    </p>
   </div>
   <div class='ocr_carea' id='block_1_42' title="bbox 503 4049 1709 4120">
    <p class='ocr_par' dir='ltr' id='par_1_42' title="bbox 503 4049 1709 4120">
     <span class='ocr_line' id='line_1_42' title="bbox 503 4049 1709 4120; baseline -0.003 -13"><span class='ocrx_word' id='word_1_269' title='bbox 503 4051 751 4115; x_wconf 91' lang='lat' dir='ltr'><strong>Sacram,</strong></span> <span class='ocrx_word' id='word_1_270' title='bbox 786 4052 1023 4106; x_wconf 85' lang='lat' dir='ltr'><strong>restituit</strong></span> <span class='ocrx_word' id='word_1_271' title='bbox 1049 4049 1272 4120; x_wconf 74' lang='lat' dir='ltr'><strong>depulsa</strong></span> <span class='ocrx_word' id='word_1_272' title='bbox 1293 4058 1440 4120; x_wconf 87' lang='lat' dir='ltr'><strong>peste</strong></span> <span class='ocrx_word' id='word_1_273' title='bbox 1462 4049 1709 4105; x_wconf 89' lang='lat' dir='ltr'><strong>salutem.</strong></span> 
     </span>
    </p>
   </div>
   <div class='ocr_carea' id='block_1_43' title="bbox 499 4139 2027 4209">
    <p class='ocr_par' dir='ltr' id='par_1_43' title="bbox 499 4139 2027 4209">
     <span class='ocr_line' id='line_1_43' title="bbox 499 4139 2027 4209; baseline -0.003 -13"><span class='ocrx_word' id='word_1_274' title='bbox 499 4141 805 4196; x_wconf 88' lang='lat' dir='ltr'><strong>Chrismate</strong></span> <span class='ocrx_word' id='word_1_275' title='bbox 835 4141 914 4195; x_wconf 91' lang='lat' dir='ltr'><strong>sic</strong></span> <span class='ocrx_word' id='word_1_276' title='bbox 933 4140 1221 4209; x_wconf 87' lang='lat' dir='ltr'><strong>quamdam</strong></span> <span class='ocrx_word' id='word_1_277' title='bbox 1252 4146 1542 4194; x_wconf 89' lang='lat' dir='ltr'><strong>sanaverat</strong></span> <span class='ocrx_word' id='word_1_278' title='bbox 1568 4139 1683 4206; x_wconf 86' lang='lat' dir='ltr'><strong>ipse</strong></span> <span class='ocrx_word' id='word_1_279' title='bbox 1710 4143 2027 4207; x_wconf 70' lang='lat' dir='ltr'><strong>perunctum</strong></span> 
     </span>
    </p>
   </div>
   <div class='ocr_carea' id='block_1_44' title="bbox 498 4227 1786 4299">
    <p class='ocr_par' dir='ltr' id='par_1_44' title="bbox 498 4227 1786 4299">
     <span class='ocr_line' id='line_1_44' title="bbox 498 4227 1786 4299; baseline -0.004 -14"><span class='ocrx_word' id='word_1_280' title='bbox 498 4229 541 4285; x_wconf 82' lang='lat' dir='ltr'><strong>A</strong></span> <span class='ocrx_word' id='word_1_281' title='bbox 570 4230 757 4284; x_wconf 81' lang='lat' dir='ltr'><strong>morbo</strong></span> <span class='ocrx_word' id='word_1_282' title='bbox 781 4230 966 4285; x_wconf 86' lang='lat' dir='ltr'><strong>lateris</strong></span> <span class='ocrx_word' id='word_1_283' title='bbox 995 4230 1296 4299; x_wconf 84' lang='lat' dir='ltr'><strong>capitisque</strong></span> <span class='ocrx_word' id='word_1_284' title='bbox 1322 4228 1506 4284; x_wconf 90' lang='lat' dir='ltr'><strong>dolore</strong></span> <span class='ocrx_word' id='word_1_285' title='bbox 1533 4227 1786 4297; x_wconf 89' lang='lat' dir='ltr'><strong>puellam.</strong></span> 
     </span>
    </p>
   </div>
   <div class='ocr_carea' id='block_1_45' title="bbox 510 4318 1725 4390">
    <p class='ocr_par' dir='ltr' id='par_1_45' title="bbox 510 4318 1725 4390">
     <span class='ocr_line' id='line_1_45' title="bbox 510 4318 1725 4390; baseline -0.006 -12"><span class='ocrx_word' id='word_1_286' title='bbox 510 4323 586 4378; x_wconf 90' lang='lat' dir='ltr'><strong>Ut</strong></span> <span class='ocrx_word' id='word_1_287' title='bbox 616 4322 935 4377; x_wconf 74' lang='lat' dir='ltr'><strong>benedictus</strong></span> <span class='ocrx_word' id='word_1_288' title='bbox 965 4323 1093 4377; x_wconf 90' lang='lat' dir='ltr'><strong>item</strong></span> <span class='ocrx_word' id='word_1_289' title='bbox 1119 4322 1330 4376; x_wconf 89' lang='lat' dir='ltr'><strong>delatus</strong></span> <span class='ocrx_word' id='word_1_290' title='bbox 1353 4319 1508 4390; x_wconf 87' lang='lat' dir='ltr'><strong>panis</strong></span> <span class='ocrx_word' id='word_1_291' title='bbox 1536 4320 1604 4373; x_wconf 90' lang='lat' dir='ltr'><strong>ab</strong></span> <span class='ocrx_word' id='word_1_292' title='bbox 1635 4318 1725 4373; x_wconf 91' lang='lat' dir='ltr'><strong>illo</strong></span> 
     </span>
    </p>
   </div>
   <div class='ocr_carea' id='block_1_46' title="bbox 505 4410 1900 4481">
    <p class='ocr_par' dir='ltr' id='par_1_46' title="bbox 505 4410 1900 4481">
     <span class='ocr_line' id='line_1_46' title="bbox 505 4410 1900 4481; baseline -0.002 -16"><span class='ocrx_word' id='word_1_293' title='bbox 505 4410 771 4466; x_wconf 89' lang='lat' dir='ltr'><strong>Immissis</strong></span> <span class='ocrx_word' id='word_1_294' title='bbox 796 4411 1030 4481; x_wconf 80' lang='lat' dir='ltr'><strong>lymphis</strong></span> <span class='ocrx_word' id='word_1_295' title='bbox 1058 4411 1347 4479; x_wconf 85' lang='lat' dir='ltr'><strong>quemdam</strong></span> <span class='ocrx_word' id='word_1_296' title='bbox 1372 4417 1659 4464; x_wconf 88' lang='lat' dir='ltr'><strong>sanaverat</strong></span> <span class='ocrx_word' id='word_1_297' title='bbox 1679 4422 1900 4479; x_wconf 72' lang='lat' dir='ltr'><strong>mgrum.</strong></span> 
     </span>
    </p>
   </div>
   <div class='ocr_carea' id='block_1_47' title="bbox 506 4498 1862 4569">
    <p class='ocr_par' dir='ltr' id='par_1_47' title="bbox 506 4498 1862 4569">
     <span class='ocr_line' id='line_1_47' title="bbox 506 4498 1862 4569; baseline -0.003 -14"><span class='ocrx_word' id='word_1_298' title='bbox 506 4502 749 4569; x_wconf 81' lang='lat' dir='ltr'><strong>Qualiter</strong></span> <span class='ocrx_word' id='word_1_299' title='bbox 777 4500 1139 4568; x_wconf 82' lang='lat' dir='ltr'><strong>autjuvenem</strong></span> <span class='ocrx_word' id='word_1_300' title='bbox 1170 4500 1491 4553; x_wconf 80' lang='lat' dir='ltr'><strong>moriturum</strong></span> <span class='ocrx_word' id='word_1_301' title='bbox 1522 4498 1659 4552; x_wconf 85' lang='lat' dir='ltr'><strong>forte</strong></span> <span class='ocrx_word' id='word_1_302' title='bbox 1688 4498 1862 4552; x_wconf 87' lang='lat' dir='ltr'><strong>viator</strong></span> 
     </span>
    </p>
   </div>
   <div class='ocr_carea' id='block_1_48' title="bbox 509 4586 1802 4660">
    <p class='ocr_par' dir='ltr' id='par_1_48' title="bbox 509 4586 1802 4660">
     <span class='ocr_line' id='line_1_48' title="bbox 509 4586 1802 4660; baseline -0.004 -15"><span class='ocrx_word' id='word_1_303' title='bbox 509 4590 789 4660; x_wconf 78' lang='lat' dir='ltr'><strong>Repperit,</strong></span> <span class='ocrx_word' id='word_1_304' title='bbox 815 4587 1017 4642; x_wconf 88' lang='lat' dir='ltr'><strong>orando</strong></span> <span class='ocrx_word' id='word_1_305' title='bbox 1039 4587 1126 4641; x_wconf 90' lang='lat' dir='ltr'><strong>cui</strong></span> <span class='ocrx_word' id='word_1_306' title='bbox 1154 4586 1390 4640; x_wconf 73' lang='lat' dir='ltr'><strong>reddidit</strong></span> <span class='ocrx_word' id='word_1_307' title='bbox 1412 4586 1525 4655; x_wconf 88' lang='lat' dir='ltr'><strong>ipse</strong></span> <span class='ocrx_word' id='word_1_308' title='bbox 1555 4586 1802 4640; x_wconf 88' lang='lat' dir='ltr'><strong>salutem.</strong></span> 
     </span>
    </p>
   </div>
   <div class='ocr_carea' id='block_1_49' title="bbox 508 4678 1943 4751">
    <p class='ocr_par' dir='ltr' id='par_1_49' title="bbox 508 4678 1943 4751">
     <span class='ocr_line' id='line_1_49' title="bbox 508 4678 1943 4751; baseline -0.003 -14"><span class='ocrx_word' id='word_1_309' title='bbox 508 4681 583 4737; x_wconf 90' lang='lat' dir='ltr'><strong>Ut</strong></span> <span class='ocrx_word' id='word_1_310' title='bbox 606 4682 727 4751; x_wconf 90' lang='lat' dir='ltr'><strong>pius</strong></span> <span class='ocrx_word' id='word_1_311' title='bbox 749 4688 910 4749; x_wconf 89' lang='lat' dir='ltr'><strong>atque</strong></span> <span class='ocrx_word' id='word_1_312' title='bbox 938 4678 1118 4743; x_wconf 90' lang='lat' dir='ltr'><strong>Pater,</strong></span> <span class='ocrx_word' id='word_1_313' title='bbox 1153 4678 1343 4732; x_wconf 88' lang='lat' dir='ltr'><strong>morbo</strong></span> <span class='ocrx_word' id='word_1_314' title='bbox 1364 4686 1612 4732; x_wconf 86' lang='lat' dir='ltr'><strong>vastante</strong></span> <span class='ocrx_word' id='word_1_315' title='bbox 1637 4678 1943 4744; x_wconf 88' lang='lat' dir='ltr'><strong>Britannos,</strong></span> 
     </span>
    </p>
   </div>
   <div class='ocr_carea' id='block_1_50' title="bbox 507 4766 1803 4837">
    <p class='ocr_par' dir='ltr' id='par_1_50' title="bbox 507 4766 1803 4837">
     <span class='ocr_line' id='line_1_50' title="bbox 507 4766 1803 4837; baseline -0.005 -10"><span class='ocrx_word' id='word_1_316' title='bbox 507 4772 765 4828; x_wconf 57' lang='lat' dir='ltr'><strong>Prtedixit</strong></span> <span class='ocrx_word' id='word_1_317' title='bbox 794 4770 952 4824; x_wconf 89' lang='lat' dir='ltr'><strong>matri</strong></span> <span class='ocrx_word' id='word_1_318' title='bbox 981 4769 1199 4836; x_wconf 87' lang='lat' dir='ltr'><strong>natique</strong></span> <span class='ocrx_word' id='word_1_319' title='bbox 1229 4768 1530 4837; x_wconf 84' lang='lat' dir='ltr'><strong>domusque</strong></span> <span class='ocrx_word' id='word_1_320' title='bbox 1553 4766 1803 4822; x_wconf 87' lang='lat' dir='ltr'><strong>salutem.</strong></span> 
     </span>
    </p>
   </div>
   <div class='ocr_carea' id='block_1_51' title="bbox 510 4856 1850 4929">
    <p class='ocr_par' dir='ltr' id='par_1_51' title="bbox 510 4856 1850 4929">
     <span class='ocr_line' id='line_1_51' title="bbox 510 4856 1850 4929; baseline -0.004 -14"><span class='ocrx_word' id='word_1_321' title='bbox 510 4860 753 4929; x_wconf 85' lang='lat' dir='ltr'><strong>Qualiter</strong></span> <span class='ocrx_word' id='word_1_322' title='bbox 776 4870 871 4914; x_wconf 85' lang='lat' dir='ltr'><strong>aut</strong></span> <span class='ocrx_word' id='word_1_323' title='bbox 889 4858 1124 4913; x_wconf 90' lang='lat' dir='ltr'><strong>animam</strong></span> <span class='ocrx_word' id='word_1_324' title='bbox 1148 4858 1381 4927; x_wconf 84' lang='lat' dir='ltr'><strong>pastoris</strong></span> <span class='ocrx_word' id='word_1_325' title='bbox 1401 4859 1469 4911; x_wconf 91' lang='lat' dir='ltr'><strong>ab</strong></span> <span class='ocrx_word' id='word_1_326' title='bbox 1498 4858 1692 4912; x_wconf 89' lang='lat' dir='ltr'><strong>arbore</strong></span> <span class='ocrx_word' id='word_1_327' title='bbox 1715 4856 1850 4927; x_wconf 89' lang='lat' dir='ltr'><strong>lapsi</strong></span> 
     </span>
    </p>
   </div>
   <div class='ocr_carea' id='block_1_52' title="bbox 515 4948 1620 5021">
    <p class='ocr_par' dir='ltr' id='par_1_52' title="bbox 515 4948 1620 5021">
     <span class='ocr_line' id='line_1_52' title="bbox 515 4948 1620 5021; baseline -0.003 -15"><span class='ocrx_word' id='word_1_328' title='bbox 515 4952 802 5021; x_wconf 80' lang='lat' dir='ltr'><strong>Angelicos</strong></span> <span class='ocrx_word' id='word_1_329' title='bbox 826 4950 960 5005; x_wconf 75' lang='lat' dir='ltr'><strong>cmlo</strong></span> <span class='ocrx_word' id='word_1_330' title='bbox 988 4959 1160 5005; x_wconf 72' lang='lat' dir='ltr'><strong>coetus</strong></span> <span class='ocrx_word' id='word_1_331' title='bbox 1182 4948 1383 5004; x_wconf 87' lang='lat' dir='ltr'><strong>inferre</strong></span> <span class='ocrx_word' id='word_1_332' title='bbox 1410 4949 1620 5004; x_wconf 89' lang='lat' dir='ltr'><strong>videret</strong></span> 
     </span>
    </p>
   </div>
   <div class='ocr_carea' id='block_1_53' title="bbox 512 5037 1984 5109">
    <p class='ocr_par' dir='ltr' id='par_1_53' title="bbox 512 5037 1984 5109">
     <span class='ocr_line' id='line_1_53' title="bbox 512 5037 1984 5109; baseline -0.001 -14"><span class='ocrx_word' id='word_1_333' title='bbox 512 5041 690 5109; x_wconf 85' lang='lat' dir='ltr'><strong>Atque</strong></span> <span class='ocrx_word' id='word_1_334' title='bbox 717 5056 873 5095; x_wconf 90' lang='lat' dir='ltr'><strong>suum</strong></span> <span class='ocrx_word' id='word_1_335' title='bbox 902 5048 1177 5109; x_wconf 63' lang='lat' dir='ltr'><strong>aegrotans</strong></span> <span class='ocrx_word' id='word_1_336' title='bbox 1206 5047 1493 5093; x_wconf 86' lang='lat' dir='ltr'><strong>curaverat</strong></span> <span class='ocrx_word' id='word_1_337' title='bbox 1516 5038 1631 5108; x_wconf 89' lang='lat' dir='ltr'><strong>ipse</strong></span> <span class='ocrx_word' id='word_1_338' title='bbox 1655 5037 1984 5104; x_wconf 87' lang='lat' dir='ltr'><strong>ministrum,</strong></span> 
     </span>
    </p>
   </div>
   <div class='ocr_carea' id='block_1_54' title="bbox 509 5128 1776 5199">
    <p class='ocr_par' dir='ltr' id='par_1_54' title="bbox 509 5128 1776 5199">
     <span class='ocr_line' id='line_1_54' title="bbox 509 5128 1776 5199; baseline -0.002 -14"><span class='ocrx_word' id='word_1_339' title='bbox 509 5130 767 5185; x_wconf 87' lang='lat' dir='ltr'><strong>Profluvii</strong></span> <span class='ocrx_word' id='word_1_340' title='bbox 792 5130 1001 5185; x_wconf 86' lang='lat' dir='ltr'><strong>ventris</strong></span> <span class='ocrx_word' id='word_1_341' title='bbox 1027 5128 1206 5183; x_wconf 80' lang='lat' dir='ltr'><strong>fuerat</strong></span> <span class='ocrx_word' id='word_1_342' title='bbox 1236 5128 1327 5197; x_wconf 92' lang='lat' dir='ltr'><strong>qui</strong></span> <span class='ocrx_word' id='word_1_343' title='bbox 1360 5129 1479 5183; x_wconf 88' lang='lat' dir='ltr'><strong>tahe</strong></span> <span class='ocrx_word' id='word_1_344' title='bbox 1504 5137 1776 5199; x_wconf 85' lang='lat' dir='ltr'><strong>gravatus.</strong></span> 
     </span>
    </p>
   </div>
   <div class='ocr_carea' id='block_1_55' title="bbox 511 5219 1933 5290">
    <p class='ocr_par' dir='ltr' id='par_1_55' title="bbox 511 5219 1933 5290">
     <span class='ocr_line' id='line_1_55' title="bbox 511 5219 1933 5290; baseline 0 -17"><span class='ocrx_word' id='word_1_345' title='bbox 511 5220 756 5287; x_wconf 89' lang='lat' dir='ltr'><strong>Qualiter</strong></span> <span class='ocrx_word' id='word_1_346' title='bbox 782 5220 1066 5275; x_wconf 89' lang='lat' dir='ltr'><strong>undecimo</strong></span> <span class='ocrx_word' id='word_1_347' title='bbox 1090 5228 1211 5290; x_wconf 90' lang='lat' dir='ltr'><strong>post</strong></span> <span class='ocrx_word' id='word_1_348' title='bbox 1234 5229 1463 5283; x_wconf 88' lang='lat' dir='ltr'><strong>mortem</strong></span> <span class='ocrx_word' id='word_1_349' title='bbox 1486 5234 1683 5288; x_wconf 90' lang='lat' dir='ltr'><strong>corpus</strong></span> <span class='ocrx_word' id='word_1_350' title='bbox 1713 5219 1766 5273; x_wconf 93' lang='lat' dir='ltr'><strong>in</strong></span> <span class='ocrx_word' id='word_1_351' title='bbox 1791 5233 1933 5273; x_wconf 89' lang='lat' dir='ltr'><strong>anno</strong></span> 
     </span>
    </p>
   </div>
   <div class='ocr_carea' id='block_1_56' title="bbox 509 5310 1767 5384">
    <p class='ocr_par' dir='ltr' id='par_1_56' title="bbox 509 5310 1767 5384">
     <span class='ocr_line' id='line_1_56' title="bbox 509 5310 1767 5384; baseline -0.002 -18"><span class='ocrx_word' id='word_1_352' title='bbox 509 5310 783 5384; x_wconf 86' lang='lat' dir='ltr'><strong>lntegrum</strong></span> <span class='ocrx_word' id='word_1_353' title='bbox 811 5311 987 5367; x_wconf 80' lang='lat' dir='ltr'><strong>fuerat</strong></span> <span class='ocrx_word' id='word_1_354' title='bbox 1013 5319 1123 5366; x_wconf 86' lang='lat' dir='ltr'><strong>tota</strong></span> <span class='ocrx_word' id='word_1_355' title='bbox 1144 5326 1267 5366; x_wconf 89' lang='lat' dir='ltr'><strong>cum</strong></span> <span class='ocrx_word' id='word_1_356' title='bbox 1295 5319 1446 5366; x_wconf 85' lang='lat' dir='ltr'><strong>veste</strong></span> <span class='ocrx_word' id='word_1_357' title='bbox 1472 5319 1767 5380; x_wconf 89' lang='lat' dir='ltr'><strong>repertum.</strong></span> 
     </span>
    </p>
   </div>
   <div class='ocr_carea' id='block_1_57' title="bbox 584 5421 898 5478">
    <p class='ocr_par' dir='ltr' id='par_1_57' title="bbox 584 5421 898 5478">
     <span class='ocr_line' id='line_1_57' title="bbox 584 5421 898 5478; baseline -0.003 -2"><span class='ocrx_word' id='word_1_358' title='bbox 584 5421 733 5478; x_wconf 88' lang='lat' dir='ltr'><strong>Vers.</strong></span> <span class='ocrx_word' id='word_1_359' title='bbox 777 5422 898 5477; x_wconf 72' lang='lat'><strong>729.</strong></span> 
     </span>
    </p>
   </div>
   <div class='ocr_carea' id='block_1_58' title="bbox 584 5535 2081 5606">
    <p class='ocr_par' dir='ltr' id='par_1_58' title="bbox 584 5535 2081 5606">
     <span class='ocr_line' id='line_1_58' title="bbox 584 5535 2081 5606; baseline 0.001 -15"><span class='ocrx_word' id='word_1_360' title='bbox 584 5549 611 5577; x_wconf 78' lang='grc' dir='ltr'>ι</span> <span class='ocrx_word' id='word_1_361' title='bbox 636 5538 770 5606; x_wconf 80' lang='lat' dir='ltr'><strong>Ven.</strong></span> <span class='ocrx_word' id='word_1_362' title='bbox 794 5537 957 5603; x_wconf 85' lang='lat' dir='ltr'><strong>Beda,</strong></span> <span class='ocrx_word' id='word_1_363' title='bbox 979 5538 1196 5593; x_wconf 89' lang='lat' dir='ltr'><strong>ibidem.</strong></span> <span class='ocrx_word' id='word_1_364' title='bbox 1222 5535 1419 5606; x_wconf 78' lang='lat' dir='ltr'><strong>Mabill.</strong></span> <span class='ocrx_word' id='word_1_365' title='bbox 1444 5550 1567 5591; x_wconf 66' lang='lat' dir='ltr'><strong>saec.</strong></span> <span class='ocrx_word' id='word_1_366' title='bbox 1593 5554 1630 5592; x_wconf 86' lang='grc' dir='ltr'>ιι</span> <span class='ocrx_word' id='word_1_367' title='bbox 1655 5537 1853 5592; x_wconf 90' lang='lat' dir='ltr'><strong>Bened.</strong></span> <span class='ocrx_word' id='word_1_368' title='bbox 1876 5544 2016 5606; x_wconf 82' lang='lat' dir='ltr'><strong>part.</strong></span> <span class='ocrx_word' id='word_1_369' title='bbox 2042 5554 2081 5595; x_wconf 83' lang='grc' dir='ltr'><strong>ι.</strong></span> 
     </span>
    </p>
   </div>
   <div class='ocr_carea' id='block_1_59' title="bbox 520 5604 2078 5733">
    <p class='ocr_par' dir='ltr' id='par_1_59' title="bbox 520 5604 2078 5733">
     <span class='ocr_line' id='line_1_59' title="bbox 586 5604 2078 5678; baseline 0.003 -19"><span class='ocrx_word' id='word_1_370' title='bbox 586 5606 614 5645; x_wconf 72' lang='grc' dir='ltr'><strong>ι)</strong></span> <span class='ocrx_word' id='word_1_371' title='bbox 652 5605 933 5661; x_wconf 79' lang='lat' dir='ltr'><strong>Adiltruda</strong></span> <span class='ocrx_word' id='word_1_372' title='bbox 968 5608 1107 5677; x_wconf 91' lang='lat' dir='ltr'><strong>apud</strong></span> <span class='ocrx_word' id='word_1_373' title='bbox 1138 5606 1333 5662; x_wconf 87' lang='lat' dir='ltr'><strong>Bedam</strong></span> <span class='ocrx_word' id='word_1_374' title='bbox 1364 5605 1665 5674; x_wconf 80' lang='lat' dir='ltr'><strong>Edildrida,</strong></span> <span class='ocrx_word' id='word_1_375' title='bbox 1694 5624 1813 5678; x_wconf 86' lang='lat' dir='ltr'><strong>cap.</strong></span> <span class='ocrx_word' id='word_1_376' title='bbox 1842 5604 1928 5672; x_wconf 81' lang='lat' dir='ltr'><strong>I9.</strong></span> <span class='ocrx_word' id='word_1_377' title='bbox 1958 5604 2078 5663; x_wconf 78' lang='lat' dir='ltr'><strong>libr.</strong></span> 
     </span>
     <span class='ocr_line' id='line_1_60' title="bbox 520 5676 970 5733; baseline -0.004 -1"><span class='ocrx_word' id='word_1_378' title='bbox 520 5693 573 5732; x_wconf 80' lang='lat' dir='ltr'><strong>Iv</strong></span> <span class='ocrx_word' id='word_1_379' title='bbox 600 5676 736 5732; x_wconf 84' lang='lat' dir='ltr'><strong>Hist.</strong></span> <span class='ocrx_word' id='word_1_380' title='bbox 767 5676 970 5733; x_wconf 81' lang='lat' dir='ltr'><strong>Eccles.</strong></span> 
     </span>
    </p>
   </div>
   <div class='ocr_carea' id='block_1_60' title="bbox 1302 277 2883 338">
    <p class='ocr_par' dir='ltr' id='par_1_60' title="bbox 1302 277 2883 338">
     <span class='ocr_line' id='line_1_61' title="bbox 1302 277 2883 338; baseline -0.003 -1"><span class='ocrx_word' id='word_1_381' title='bbox 1302 283 1363 337; x_wconf 84' lang='grc' dir='ltr'><strong>Β.</strong></span> <span class='ocrx_word' id='word_1_382' title='bbox 1406 282 1465 336; x_wconf 84' lang='lat' dir='ltr'><strong>F.</strong></span> <span class='ocrx_word' id='word_1_383' title='bbox 1506 281 1733 338; x_wconf 73' lang='lat' dir='ltr'><strong>ALBINI</strong></span> <span class='ocrx_word' id='word_1_384' title='bbox 1770 280 1901 338; x_wconf 82' lang='lat' dir='ltr'><strong>SEU</strong></span> <span class='ocrx_word' id='word_1_385' title='bbox 1940 278 2220 336; x_wconf 79' lang='lat' dir='ltr'><strong>ALCUINI</strong></span> <span class='ocrx_word' id='word_1_386' title='bbox 2258 277 2543 337; x_wconf 82' lang='lat' dir='ltr'><strong>OPERUM</strong></span> <span class='ocrx_word' id='word_1_387' title='bbox 2580 277 2758 332; x_wconf 77' lang='lat' dir='ltr'><strong>PARS</strong></span> <span class='ocrx_word' id='word_1_388' title='bbox 2800 279 2883 332; x_wconf 78' lang='lat' dir='ltr'><strong>VI.</strong></span> 
     </span>
    </p>
   </div>
   <div class='ocr_carea' id='block_1_61' title="bbox 3633 277 3738 335">
    <p class='ocr_par' dir='ltr' id='par_1_61' title="bbox 3633 277 3738 335">
     <span class='ocr_line' id='line_1_62' title="bbox 3633 277 3738 335; baseline -0.01 -1"><span class='ocrx_word' id='word_1_389' title='bbox 3633 277 3738 335; x_wconf 72' lang='lat'><strong>828</strong></span> 
     </span>
    </p>
   </div>
   <div class='ocr_carea' id='block_1_62' title="bbox 2085 388 3605 463">
    <p class='ocr_par' dir='ltr' id='par_1_62' title="bbox 2085 388 3605 463">
     <span class='ocr_line' id='line_1_63' title="bbox 2085 388 3605 463; baseline 0.003 -19"><span class='ocrx_word' id='word_1_390' title='bbox 2085 400 2134 456; x_wconf 75' lang='grc' dir='ltr'><strong>Α</strong></span> <span class='ocrx_word' id='word_1_391' title='bbox 2160 391 2532 447; x_wconf 66' lang='lat' dir='ltr'><strong>Dzemoniacus</strong></span> <span class='ocrx_word' id='word_1_392' title='bbox 2553 393 2738 457; x_wconf 85' lang='lat' dir='ltr'><strong>homo,</strong></span> <span class='ocrx_word' id='word_1_393' title='bbox 2764 408 2927 463; x_wconf 86' lang='lat' dir='ltr'><strong>supra</strong></span> <span class='ocrx_word' id='word_1_394' title='bbox 2958 407 3119 462; x_wconf 88' lang='lat' dir='ltr'><strong>quem</strong></span> <span class='ocrx_word' id='word_1_395' title='bbox 3149 392 3395 449; x_wconf 79' lang='lat' dir='ltr'><strong>funditur</strong></span> <span class='ocrx_word' id='word_1_396' title='bbox 3425 388 3605 459; x_wconf 44' lang='lat' dir='ltr'><strong>unda,‘</strong></span> 
     </span>
    </p>
   </div>
   <div class='ocr_carea' id='block_1_63' title="bbox 2163 482 3411 552">
    <p class='ocr_par' dir='ltr' id='par_1_63' title="bbox 2163 482 3411 552">
     <span class='ocr_line' id='line_1_64' title="bbox 2163 482 3411 552; baseline 0.004 -17"><span class='ocrx_word' id='word_1_397' title='bbox 2163 482 2415 547; x_wconf 90' lang='lat' dir='ltr'><strong>Sanatur,</strong></span> <span class='ocrx_word' id='word_1_398' title='bbox 2445 499 2628 538; x_wconf 90' lang='lat' dir='ltr'><strong>sacros</strong></span> <span class='ocrx_word' id='word_1_399' title='bbox 2653 483 2832 538; x_wconf 85' lang='lat' dir='ltr'><strong>Patris</strong></span> <span class='ocrx_word' id='word_1_400' title='bbox 2858 500 2978 552; x_wconf 72' lang='lat' dir='ltr'><strong>qua:</strong></span> <span class='ocrx_word' id='word_1_401' title='bbox 3006 484 3215 539; x_wconf 86' lang='lat' dir='ltr'><strong>laverat</strong></span> <span class='ocrx_word' id='word_1_402' title='bbox 3239 494 3411 540; x_wconf 89' lang='lat' dir='ltr'><strong>artus.</strong></span> 
     </span>
    </p>
   </div>
   <div class='ocr_carea' id='block_1_64' title="bbox 2160 572 3526 645">
    <p class='ocr_par' dir='ltr' id='par_1_64' title="bbox 2160 572 3526 645">
     <span class='ocr_line' id='line_1_65' title="bbox 2160 572 3526 645; baseline 0.004 -19"><span class='ocrx_word' id='word_1_403' title='bbox 2160 572 2328 643; x_wconf 65' lang='lat' dir='ltr'><strong>Egra</strong></span> <span class='ocrx_word' id='word_1_404' title='bbox 2355 573 2578 627; x_wconf 88' lang='lat' dir='ltr'><strong>trahens</strong></span> <span class='ocrx_word' id='word_1_405' title='bbox 2599 573 2817 642; x_wconf 86' lang='lat' dir='ltr'><strong>quidam</strong></span> <span class='ocrx_word' id='word_1_406' title='bbox 2841 574 3075 644; x_wconf 90' lang='lat' dir='ltr'><strong>suspiria</strong></span> <span class='ocrx_word' id='word_1_407' title='bbox 3099 574 3334 645; x_wconf 83' lang='lat' dir='ltr'><strong>qualiter</strong></span> <span class='ocrx_word' id='word_1_408' title='bbox 3359 591 3526 632; x_wconf 86' lang='lat' dir='ltr'><strong>orans</strong></span> 
     </span>
    </p>
   </div>
   <div class='ocr_carea' id='block_1_65' title="bbox 2159 663 3499 721">
    <p class='ocr_par' dir='ltr' id='par_1_65' title="bbox 2159 663 3499 721">
     <span class='ocr_line' id='line_1_66' title="bbox 2159 663 3499 721; baseline 0.002 -5"><span class='ocrx_word' id='word_1_409' title='bbox 2159 663 2304 717; x_wconf 93' lang='lat' dir='ltr'><strong>Illius</strong></span> <span class='ocrx_word' id='word_1_410' title='bbox 2328 664 2391 718; x_wconf 88' lang='lat' dir='ltr'><strong>ad</strong></span> <span class='ocrx_word' id='word_1_411' title='bbox 2414 664 2679 718; x_wconf 90' lang='lat' dir='ltr'><strong>tumulum</strong></span> <span class='ocrx_word' id='word_1_412' title='bbox 2705 663 2895 719; x_wconf 89' lang='lat' dir='ltr'><strong>morbo</strong></span> <span class='ocrx_word' id='word_1_413' title='bbox 2921 673 3142 719; x_wconf 87' lang='lat' dir='ltr'><strong>sanatus</strong></span> <span class='ocrx_word' id='word_1_414' title='bbox 3171 666 3240 719; x_wconf 90' lang='lat' dir='ltr'><strong>ab</strong></span> <span class='ocrx_word' id='word_1_415' title='bbox 3273 665 3366 720; x_wconf 92' lang='lat' dir='ltr'><strong>illo</strong></span> <span class='ocrx_word' id='word_1_416' title='bbox 3393 675 3499 721; x_wconf 90' lang='lat' dir='ltr'><strong>est.</strong></span> 
     </span>
    </p>
   </div>
   <div class='ocr_carea' id='block_1_66' title="bbox 2158 753 3517 827">
    <p class='ocr_par' dir='ltr' id='par_1_66' title="bbox 2158 753 3517 827">
     <span class='ocr_line' id='line_1_67' title="bbox 2158 753 3517 827; baseline 0.001 -18"><span class='ocrx_word' id='word_1_417' title='bbox 2158 753 2469 827; x_wconf 81' lang='lat' dir='ltr'><strong>Languidus</strong></span> <span class='ocrx_word' id='word_1_418' title='bbox 2492 764 2658 824; x_wconf 89' lang='lat' dir='ltr'><strong>utque</strong></span> <span class='ocrx_word' id='word_1_419' title='bbox 2686 755 2858 810; x_wconf 89' lang='lat' dir='ltr'><strong>oculis</strong></span> <span class='ocrx_word' id='word_1_420' title='bbox 2890 764 3116 825; x_wconf 84' lang='lat' dir='ltr'><strong>tangens</strong></span> <span class='ocrx_word' id='word_1_421' title='bbox 3147 757 3327 811; x_wconf 90' lang='lat' dir='ltr'><strong>oraria</strong></span> <span class='ocrx_word' id='word_1_422' title='bbox 3354 756 3517 820; x_wconf 86' lang='lat' dir='ltr'><strong>vasis,</strong></span> 
     </span>
    </p>
   </div>
   <div class='ocr_carea' id='block_1_67' title="bbox 2160 846 3268 920">
    <p class='ocr_par' dir='ltr' id='par_1_67' title="bbox 2160 846 3268 920">
     <span class='ocr_line' id='line_1_68' title="bbox 2160 846 3268 920; baseline 0.005 -19"><span class='ocrx_word' id='word_1_423' title='bbox 2160 846 2304 903; x_wconf 91' lang='lat' dir='ltr'><strong>Illius</strong></span> <span class='ocrx_word' id='word_1_424' title='bbox 2330 866 2397 904; x_wconf 76' lang='lat' dir='ltr'><strong>ex</strong></span> <span class='ocrx_word' id='word_1_425' title='bbox 2427 850 2544 904; x_wconf 89' lang='lat' dir='ltr'><strong>visu</strong></span> <span class='ocrx_word' id='word_1_426' title='bbox 2567 850 2718 904; x_wconf 89' lang='lat' dir='ltr'><strong>dolor</strong></span> <span class='ocrx_word' id='word_1_427' title='bbox 2743 859 2799 905; x_wconf 89' lang='lat' dir='ltr'><strong>et</strong></span> <span class='ocrx_word' id='word_1_428' title='bbox 2821 850 2995 920; x_wconf 90' lang='lat' dir='ltr'><strong>caligo</strong></span> <span class='ocrx_word' id='word_1_429' title='bbox 3018 852 3268 906; x_wconf 88' lang='lat' dir='ltr'><strong>recessit.</strong></span> 
     </span>
    </p>
   </div>
   <div class='ocr_carea' id='block_1_68' title="bbox 2159 938 3499 1013">
    <p class='ocr_par' dir='ltr' id='par_1_68' title="bbox 2159 938 3499 1013">
     <span class='ocr_line' id='line_1_69' title="bbox 2159 938 3499 1013; baseline 0.001 -19"><span class='ocrx_word' id='word_1_430' title='bbox 2159 938 2533 995; x_wconf 90' lang='lat' dir='ltr'><strong>Calceamenta</strong></span> <span class='ocrx_word' id='word_1_431' title='bbox 2564 941 2741 996; x_wconf 87' lang='lat' dir='ltr'><strong>Patris</strong></span> <span class='ocrx_word' id='word_1_432' title='bbox 2770 942 3005 997; x_wconf 86' lang='lat' dir='ltr'><strong>resoluto</strong></span> <span class='ocrx_word' id='word_1_433' title='bbox 3029 958 3255 1013; x_wconf 90' lang='lat' dir='ltr'><strong>corpore</strong></span> <span class='ocrx_word' id='word_1_434' title='bbox 3281 944 3499 1013; x_wconf 87' lang='lat' dir='ltr'><strong>quidam</strong></span> 
     </span>
    </p>
   </div>
   <div class='ocr_carea' id='block_1_69' title="bbox 2159 1030 3329 1103">
    <p class='ocr_par' dir='ltr' id='par_1_69' title="bbox 2159 1030 3329 1103">
     <span class='ocr_line' id='line_1_70' title="bbox 2159 1030 3329 1103; baseline 0.003 -18"><span class='ocrx_word' id='word_1_435' title='bbox 2159 1030 2355 1095; x_wconf 92' lang='lat' dir='ltr'><strong>Induit,</strong></span> <span class='ocrx_word' id='word_1_436' title='bbox 2383 1042 2436 1087; x_wconf 93' lang='lat' dir='ltr'><strong>et</strong></span> <span class='ocrx_word' id='word_1_437' title='bbox 2462 1033 2608 1087; x_wconf 91' lang='lat' dir='ltr'><strong>sanis</strong></span> <span class='ocrx_word' id='word_1_438' title='bbox 2630 1034 2871 1103; x_wconf 77' lang='lat' dir='ltr'><strong>perrexit</strong></span> <span class='ocrx_word' id='word_1_439' title='bbox 2888 1035 3159 1103; x_wconf 78' lang='lat' dir='ltr'><strong>gressibus</strong></span> <span class='ocrx_word' id='word_1_440' title='bbox 3186 1035 3329 1090; x_wconf 90' lang='lat' dir='ltr'><strong>inde.</strong></span> 
     </span>
    </p>
   </div>
   <div class='ocr_carea' id='block_1_70' title="bbox 2162 1120 3461 1199">
    <p class='ocr_par' dir='ltr' id='par_1_70' title="bbox 2162 1120 3461 1199">
     <span class='ocr_line' id='line_1_71' title="bbox 2162 1120 3461 1199; baseline 0.008 -25"><span class='ocrx_word' id='word_1_441' title='bbox 2162 1120 2406 1188; x_wconf 89' lang='lat' dir='ltr'><strong>Qualiter</strong></span> <span class='ocrx_word' id='word_1_442' title='bbox 2434 1122 2631 1178; x_wconf 81' lang='lat' dir='ltr'><strong>infirmi</strong></span> <span class='ocrx_word' id='word_1_443' title='bbox 2655 1135 2918 1181; x_wconf 91' lang='lat' dir='ltr'><strong>curentur</strong></span> <span class='ocrx_word' id='word_1_444' title='bbox 2947 1129 3203 1196; x_wconf 82' lang='lat' dir='ltr'><strong>tegmine,</strong></span> <span class='ocrx_word' id='word_1_445' title='bbox 3231 1129 3333 1183; x_wconf 91' lang='lat' dir='ltr'><strong>sub</strong></span> <span class='ocrx_word' id='word_1_446' title='bbox 3352 1146 3461 1199; x_wconf 92' lang='lat' dir='ltr'><strong>quo</strong></span> 
     </span>
    </p>
   </div>
   <div class='ocr_carea' id='block_1_71' title="bbox 2166 1211 3541 1290">
    <p class='ocr_par' dir='ltr' id='par_1_71' title="bbox 2166 1211 3541 1290">
     <span class='ocr_line' id='line_1_72' title="bbox 2166 1211 3541 1290; baseline 0.007 -25"><span class='ocrx_word' id='word_1_447' title='bbox 2166 1211 2401 1281; x_wconf 91' lang='lat' dir='ltr'><strong>Spiritus</strong></span> <span class='ocrx_word' id='word_1_448' title='bbox 2420 1223 2567 1269; x_wconf 89' lang='lat' dir='ltr'><strong>astra</strong></span> <span class='ocrx_word' id='word_1_449' title='bbox 2596 1217 2730 1285; x_wconf 89' lang='lat' dir='ltr'><strong>petit</strong></span> <span class='ocrx_word' id='word_1_450' title='bbox 2758 1218 2930 1272; x_wconf 87' lang='lat' dir='ltr'><strong>sancti</strong></span> <span class='ocrx_word' id='word_1_451' title='bbox 2967 1226 3181 1273; x_wconf 87' lang='lat' dir='ltr'><strong>terrena</strong></span> <span class='ocrx_word' id='word_1_452' title='bbox 3210 1219 3541 1290; x_wconf 79' lang='lat' dir='ltr'><strong>relinquens.</strong></span> 
     </span>
    </p>
   </div>
   <div class='ocr_carea' id='block_1_72' title="bbox 2236 1322 3519 1396">
    <p class='ocr_par' dir='ltr' id='par_1_72' title="bbox 2236 1322 3519 1396">
     <span class='ocr_line' id='line_1_73' title="bbox 2236 1322 3519 1396; baseline 0.007 -20"><span class='ocrx_word' id='word_1_453' title='bbox 2236 1322 2362 1377; x_wconf 67' lang='lat' dir='ltr'><strong>Hasc</strong></span> <span class='ocrx_word' id='word_1_454' title='bbox 2386 1325 2626 1380; x_wconf 89' lang='lat' dir='ltr'><strong>breviter</strong></span> <span class='ocrx_word' id='word_1_455' title='bbox 2654 1327 2824 1396; x_wconf 80' lang='lat' dir='ltr'><strong>tetigi,</strong></span> <span class='ocrx_word' id='word_1_456' title='bbox 2857 1343 2925 1382; x_wconf 93' lang='lat' dir='ltr'><strong>ne</strong></span> <span class='ocrx_word' id='word_1_457' title='bbox 2954 1336 3062 1383; x_wconf 89' lang='lat' dir='ltr'><strong>tota</strong></span> <span class='ocrx_word' id='word_1_458' title='bbox 3094 1337 3279 1386; x_wconf 89' lang='lat' dir='ltr'><strong>tacere</strong></span> <span class='ocrx_word' id='word_1_459' title='bbox 3305 1332 3519 1387; x_wconf 87' lang='lat' dir='ltr'><strong>viderer</strong></span> 
     </span>
    </p>
   </div>
   <div class='ocr_carea' id='block_1_73' title="bbox 2166 1410 3441 1489">
    <p class='ocr_par' dir='ltr' id='par_1_73' title="bbox 2166 1410 3441 1489">
     <span class='ocr_line' id='line_1_74' title="bbox 2166 1410 3441 1489; baseline 0.009 -25"><span class='ocrx_word' id='word_1_460' title='bbox 2166 1410 2369 1483; x_wconf 89' lang='lat' dir='ltr'><strong>Inclyta</strong></span> <span class='ocrx_word' id='word_1_461' title='bbox 2410 1414 2580 1468; x_wconf 90' lang='lat' dir='ltr'><strong>rurali</strong></span> <span class='ocrx_word' id='word_1_462' title='bbox 2609 1417 2981 1487; x_wconf 80' lang='lat' dir='ltr'><strong>perstringens</strong></span> <span class='ocrx_word' id='word_1_463' title='bbox 3006 1420 3248 1476; x_wconf 90' lang='lat' dir='ltr'><strong>carmine</strong></span> <span class='ocrx_word' id='word_1_464' title='bbox 3272 1430 3441 1489; x_wconf 83' lang='lat' dir='ltr'><strong>gesta.</strong></span> 
     </span>
    </p>
   </div>
   <div class='ocr_carea' id='block_1_74' title="bbox 2165 1498 3574 1574">
    <p class='ocr_par' dir='ltr' id='par_1_74' title="bbox 2165 1498 3574 1574">
     <span class='ocr_line' id='line_1_75' title="bbox 2165 1498 3574 1574; baseline 0.011 -21"><span class='ocrx_word' id='word_1_465' title='bbox 2165 1498 2291 1555; x_wconf 71' lang='lat' dir='ltr'><strong>Haec</strong></span> <span class='ocrx_word' id='word_1_466' title='bbox 2320 1503 2574 1571; x_wconf 89' lang='lat' dir='ltr'><strong>quoniam</strong></span> <span class='ocrx_word' id='word_1_467' title='bbox 2601 1505 2800 1560; x_wconf 89' lang='lat' dir='ltr'><strong>cecinit</strong></span> <span class='ocrx_word' id='word_1_468' title='bbox 2822 1506 2994 1574; x_wconf 91' lang='lat' dir='ltr'><strong>plenis</strong></span> <span class='ocrx_word' id='word_1_469' title='bbox 3013 1522 3137 1562; x_wconf 91' lang='lat' dir='ltr'><strong>cum</strong></span> <span class='ocrx_word' id='word_1_470' title='bbox 3163 1511 3411 1566; x_wconf 87' lang='lat' dir='ltr'><strong>versibus</strong></span> <span class='ocrx_word' id='word_1_471' title='bbox 3429 1512 3574 1569; x_wconf 84' lang='lat' dir='ltr'><strong>olim.</strong></span> 
     </span>
    </p>
   </div>
   <div class='ocr_carea' id='block_1_75' title="bbox 2164 1590 3443 1671">
    <p class='ocr_par' dir='ltr' id='par_1_75' title="bbox 2164 1590 3443 1671">
     <span class='ocr_line' id='line_1_76' title="bbox 2164 1590 3443 1671; baseline 0.009 -25"><span class='ocrx_word' id='word_1_472' title='bbox 2164 1590 2468 1649; x_wconf 73' lang='lat' dir='ltr'><strong>Prmclarus</strong></span> <span class='ocrx_word' id='word_1_473' title='bbox 2501 1595 2673 1651; x_wconf 92' lang='lat' dir='ltr'><strong>uitido</strong></span> <span class='ocrx_word' id='word_1_474' title='bbox 2701 1597 2844 1651; x_wconf 87' lang='lat' dir='ltr'><strong>Beda</strong></span> <span class='ocrx_word' id='word_1_475' title='bbox 2872 1614 3123 1654; x_wconf 89' lang='lat' dir='ltr'><strong>sermone</strong></span> <span class='ocrx_word' id='word_1_476' title='bbox 3143 1602 3443 1671; x_wconf 71' lang='lat' dir='ltr'><strong>magister;</strong></span> 
     </span>
    </p>
   </div>
   <div class='ocr_carea' id='block_1_76' title="bbox 2170 1682 3489 1761">
    <p class='ocr_par' dir='ltr' id='par_1_76' title="bbox 2170 1682 3489 1761">
     <span class='ocr_line' id='line_1_77' title="bbox 2170 1682 3489 1761; baseline 0.011 -25"><span class='ocrx_word' id='word_1_477' title='bbox 2170 1682 2233 1737; x_wconf 88' lang='lat' dir='ltr'><strong>Ni</strong></span> <span class='ocrx_word' id='word_1_478' title='bbox 2266 1686 2615 1755; x_wconf 57' lang='lat' dir='ltr'><strong>prievenisset</strong></span> <span class='ocrx_word' id='word_1_479' title='bbox 2638 1692 3030 1758; x_wconf 79' lang='lat' dir='ltr'><strong>nostrasprius</strong></span> <span class='ocrx_word' id='word_1_480' title='bbox 3058 1693 3173 1761; x_wconf 92' lang='lat' dir='ltr'><strong>ipse</strong></span> <span class='ocrx_word' id='word_1_481' title='bbox 3202 1710 3489 1759; x_wconf 83' lang='lat' dir='ltr'><strong>camenas.</strong></span> 
     </span>
    </p>
   </div>
   <div class='ocr_carea' id='block_1_77' title="bbox 2175 1772 3426 1846">
    <p class='ocr_par' dir='ltr' id='par_1_77' title="bbox 2175 1772 3426 1846">
     <span class='ocr_line' id='line_1_78' title="bbox 2175 1772 3426 1846; baseline 0.009 -19"><span class='ocrx_word' id='word_1_482' title='bbox 2175 1772 2469 1844; x_wconf 88' lang='lat' dir='ltr'><strong>Iuciperem</strong></span> <span class='ocrx_word' id='word_1_483' title='bbox 2493 1775 2688 1846; x_wconf 85' lang='lat' dir='ltr'><strong>lyricas</strong></span> <span class='ocrx_word' id='word_1_484' title='bbox 2710 1793 2899 1834; x_wconf 86' lang='lat' dir='ltr'><strong>omnes</strong></span> <span class='ocrx_word' id='word_1_485' title='bbox 2924 1780 3216 1836; x_wconf 77' lang='lat' dir='ltr'><strong>extendere</strong></span> <span class='ocrx_word' id='word_1_486' title='bbox 3242 1782 3426 1838; x_wconf 87' lang='lat' dir='ltr'><strong>fibras.</strong></span> 
     </span>
    </p>
   </div>
   <div class='ocr_carea' id='block_1_78' title="bbox 2171 1863 3533 1939">
    <p class='ocr_par' dir='ltr' id='par_1_78' title="bbox 2171 1863 3533 1939">
     <span class='ocr_line' id='line_1_79' title="bbox 2171 1863 3533 1939; baseline 0.009 -21"><span class='ocrx_word' id='word_1_487' title='bbox 2171 1863 2288 1919; x_wconf 90' lang='lat' dir='ltr'><strong>Non</strong></span> <span class='ocrx_word' id='word_1_488' title='bbox 2315 1864 2473 1920; x_wconf 32' lang='lat' dir='ltr'><strong>Pana.</strong></span> <span class='ocrx_word' id='word_1_489' title='bbox 2490 1868 2750 1937; x_wconf 89' lang='lat' dir='ltr'><strong>rogitans,</strong></span> <span class='ocrx_word' id='word_1_490' title='bbox 2781 1868 2970 1935; x_wconf 74' lang='lat' dir='ltr'><strong>thbi</strong></span> <span class='ocrx_word' id='word_1_491' title='bbox 3001 1885 3101 1925; x_wconf 83' lang='lat' dir='ltr'><strong>nec</strong></span> <span class='ocrx_word' id='word_1_492' title='bbox 3128 1886 3324 1929; x_wconf 89' lang='lat' dir='ltr'><strong>numen</strong></span> <span class='ocrx_word' id='word_1_493' title='bbox 3351 1874 3533 1939; x_wconf 89' lang='lat' dir='ltr'><strong>inane,</strong></span> 
     </span>
    </p>
   </div>
   <div class='ocr_carea' id='block_1_79' title="bbox 2173 1953 3469 2031">
    <p class='ocr_par' dir='ltr' id='par_1_79' title="bbox 2173 1953 3469 2031">
     <span class='ocr_line' id='line_1_80' title="bbox 2173 1953 3469 2031; baseline 0.007 -22"><span class='ocrx_word' id='word_1_494' title='bbox 2173 1953 2281 2010; x_wconf 89' lang='lat' dir='ltr'><strong>Sed</strong></span> <span class='ocrx_word' id='word_1_495' title='bbox 2307 1964 2398 2009; x_wconf 92' lang='lat' dir='ltr'><strong>tua</strong></span> <span class='ocrx_word' id='word_1_496' title='bbox 2425 1971 2549 2011; x_wconf 89' lang='lat' dir='ltr'><strong>cum</strong></span> <span class='ocrx_word' id='word_1_497' title='bbox 2576 1968 2689 2013; x_wconf 83' lang='lat' dir='ltr'><strong>toto</strong></span> <span class='ocrx_word' id='word_1_498' title='bbox 2717 1956 2971 2029; x_wconf 76' lang='lat' dir='ltr'><strong>suffragia</strong></span> <span class='ocrx_word' id='word_1_499' title='bbox 2996 1961 3163 2016; x_wconf 80' lang='lat' dir='ltr'><strong>corde</strong></span> <span class='ocrx_word' id='word_1_500' title='bbox 3180 1977 3469 2031; x_wconf 85' lang='lat' dir='ltr'><strong>precarer,</strong></span> 
     </span>
    </p>
   </div>
   <div class='ocr_carea' id='block_1_80' title="bbox 2174 2047 3576 2126">
    <p class='ocr_par' dir='ltr' id='par_1_80' title="bbox 2174 2047 3576 2126">
     <span class='ocr_line' id='line_1_81' title="bbox 2174 2047 3576 2126; baseline 0.004 -20"><span class='ocrx_word' id='word_1_501' title='bbox 2174 2047 2246 2106; x_wconf 92' lang='lat' dir='ltr'><strong>Ut</strong></span> <span class='ocrx_word' id='word_1_502' title='bbox 2273 2050 2403 2103; x_wconf 90' lang='lat' dir='ltr'><strong>mihi</strong></span> <span class='ocrx_word' id='word_1_503' title='bbox 2433 2049 2706 2105; x_wconf 87' lang='lat' dir='ltr'><strong>rorilluam</strong></span> <span class='ocrx_word' id='word_1_504' title='bbox 2741 2052 2991 2115; x_wconf 86' lang='lat' dir='ltr'><strong>donares,</strong></span> <span class='ocrx_word' id='word_1_505' title='bbox 3022 2053 3259 2117; x_wconf 82' lang='lat' dir='ltr'><strong>Christe,</strong></span> <span class='ocrx_word' id='word_1_506' title='bbox 3284 2055 3576 2126; x_wconf 85' lang='lat' dir='ltr'><strong>loquelam,</strong></span> 
     </span>
    </p>
   </div>
   <div class='ocr_carea' id='block_1_81' title="bbox 2172 2139 3360 2213">
    <p class='ocr_par' dir='ltr' id='par_1_81' title="bbox 2172 2139 3360 2213">
     <span class='ocr_line' id='line_1_82' title="bbox 2172 2139 3360 2213; baseline 0.007 -20"><span class='ocrx_word' id='word_1_507' title='bbox 2172 2139 2252 2193; x_wconf 81' lang='lat' dir='ltr'><strong>Ad</strong></span> <span class='ocrx_word' id='word_1_508' title='bbox 2279 2141 2545 2195; x_wconf 89' lang='lat' dir='ltr'><strong>narranda</strong></span> <span class='ocrx_word' id='word_1_509' title='bbox 2572 2142 2653 2210; x_wconf 89' lang='lat' dir='ltr'><strong>pii</strong></span> <span class='ocrx_word' id='word_1_510' title='bbox 2681 2143 2840 2212; x_wconf 84' lang='lat' dir='ltr'><strong>digne</strong></span> <span class='ocrx_word' id='word_1_511' title='bbox 2866 2145 3135 2213; x_wconf 64' lang='lat' dir='ltr'><strong>praeconia</strong></span> <span class='ocrx_word' id='word_1_512' title='bbox 3162 2146 3360 2201; x_wconf 89' lang='lat' dir='ltr'><strong>Patris.</strong></span> 
     </span>
    </p>
   </div>
   <div class='ocr_carea' id='block_1_82' title="bbox 2243 2228 3690 2308">
    <p class='ocr_par' dir='ltr' id='par_1_82' title="bbox 2243 2228 3690 2308">
     <span class='ocr_line' id='line_1_83' title="bbox 2243 2228 3690 2308; baseline 0.01 -25"><span class='ocrx_word' id='word_1_513' title='bbox 2243 2228 2475 2301; x_wconf 76' lang='lat' dir='ltr'><strong>Belliger</strong></span> <span class='ocrx_word' id='word_1_514' title='bbox 2504 2229 2756 2300; x_wconf 82' lang='lat' dir='ltr'><strong>ngridus</strong></span> <span class='ocrx_word' id='word_1_515' title='bbox 2779 2241 3064 2302; x_wconf 88' lang='lat' dir='ltr'><strong>postquam</strong></span> <span class='ocrx_word' id='word_1_516' title='bbox 3094 2235 3217 2291; x_wconf 83' lang='lat' dir='ltr'><strong>hinc</strong></span> <span class='ocrx_word' id='word_1_517' title='bbox 3241 2236 3365 2291; x_wconf 84' lang='lat' dir='ltr'><strong>inde</strong></span> <span class='ocrx_word' id='word_1_518' title='bbox 3387 2238 3690 2308; x_wconf 83' lang='lat' dir='ltr'><strong>triumphos</strong></span> 
     </span>
    </p>
   </div>
   <div class='ocr_carea' id='block_1_83' title="bbox 2174 2318 3569 2390">
    <p class='ocr_par' dir='ltr' id='par_1_83' title="bbox 2174 2318 3569 2390">
     <span class='ocr_line' id='line_1_84' title="bbox 2174 2318 3569 2390; baseline 0.005 -16"><span class='ocrx_word' id='word_1_519' title='bbox 2174 2318 2461 2384; x_wconf 81' lang='lat' dir='ltr'><strong>Cesserat,</strong></span> <span class='ocrx_word' id='word_1_520' title='bbox 2483 2330 2539 2375; x_wconf 87' lang='lat' dir='ltr'><strong>et</strong></span> <span class='ocrx_word' id='word_1_521' title='bbox 2563 2331 2751 2390; x_wconf 81' lang='lat' dir='ltr'><strong>gentes</strong></span> <span class='ocrx_word' id='word_1_522' title='bbox 2780 2324 2987 2377; x_wconf 88' lang='lat' dir='ltr'><strong>domuit</strong></span> <span class='ocrx_word' id='word_1_523' title='bbox 3012 2325 3114 2378; x_wconf 90' lang='lat' dir='ltr'><strong>sub</strong></span> <span class='ocrx_word' id='word_1_524' title='bbox 3141 2333 3313 2385; x_wconf 89' lang='lat' dir='ltr'><strong>marte</strong></span> <span class='ocrx_word' id='word_1_525' title='bbox 3335 2324 3569 2389; x_wconf 85' lang='lat' dir='ltr'><strong>feroces,</strong></span> 
     </span>
    </p>
   </div>
   <div class='ocr_carea' id='block_1_84' title="bbox 2171 2409 3573 2480">
    <p class='ocr_par' dir='ltr' id='par_1_84' title="bbox 2171 2409 3573 2480">
     <span class='ocr_line' id='line_1_85' title="bbox 2171 2409 3573 2480; baseline 0.006 -17"><span class='ocrx_word' id='word_1_526' title='bbox 2171 2409 2396 2480; x_wconf 82' lang='lat' dir='ltr'><strong>Accepit</strong></span> <span class='ocrx_word' id='word_1_527' title='bbox 2415 2425 2663 2479; x_wconf 83' lang='lat' dir='ltr'><strong>sponsam</strong></span> <span class='ocrx_word' id='word_1_528' title='bbox 2687 2412 3025 2467; x_wconf 87' lang='lat' dir='ltr'><strong>Adiltrudam</strong></span> <span class='ocrx_word' id='word_1_529' title='bbox 3059 2415 3087 2455; x_wconf 71' lang='grc' dir='ltr'>δ</span> <span class='ocrx_word' id='word_1_530' title='bbox 3116 2416 3332 2471; x_wconf 86' lang='lat' dir='ltr'><strong>nomine</strong></span> <span class='ocrx_word' id='word_1_531' title='bbox 3352 2416 3573 2478; x_wconf 85' lang='lat' dir='ltr'><strong>dictam.</strong></span> 
     </span>
    </p>
   </div>
   <div class='ocr_carea' id='block_1_85' title="bbox 2175 2496 3430 2574">
    <p class='ocr_par' dir='ltr' id='par_1_85' title="bbox 2175 2496 3430 2574">
     <span class='ocr_line' id='line_1_86' title="bbox 2175 2496 3430 2574; baseline 0.007 -23"><span class='ocrx_word' id='word_1_532' title='bbox 2175 2496 2442 2553; x_wconf 80' lang='lat' dir='ltr'><strong>Nobilium</strong></span> <span class='ocrx_word' id='word_1_533' title='bbox 2467 2501 2704 2567; x_wconf 76' lang='lat' dir='ltr'><strong>genitam</strong></span> <span class='ocrx_word' id='word_1_534' title='bbox 2735 2502 2901 2572; x_wconf 67' lang='lat' dir='ltr'><strong>regali</strong></span> <span class='ocrx_word' id='word_1_535' title='bbox 2930 2503 3096 2574; x_wconf 86' lang='lat' dir='ltr'><strong>stirpe</strong></span> <span class='ocrx_word' id='word_1_536' title='bbox 3123 2514 3430 2574; x_wconf 89' lang='lat' dir='ltr'><strong>parentum,</strong></span> 
     </span>
    </p>
   </div>
   <div class='ocr_carea' id='block_1_86' title="bbox 2174 2587 3419 2662">
    <p class='ocr_par' dir='ltr' id='par_1_86' title="bbox 2174 2587 3419 2662">
     <span class='ocr_line' id='line_1_87' title="bbox 2174 2587 3419 2662; baseline 0.006 -20"><span class='ocrx_word' id='word_1_537' title='bbox 2174 2587 2416 2643; x_wconf 80' lang='lat' dir='ltr'><strong>Nobilior</strong></span> <span class='ocrx_word' id='word_1_538' title='bbox 2436 2589 2764 2660; x_wconf 69' lang='lat' dir='ltr'><strong>longecasta</strong></span> <span class='ocrx_word' id='word_1_539' title='bbox 2791 2608 2912 2661; x_wconf 66' lang='lat' dir='ltr'><strong>qua:</strong></span> <span class='ocrx_word' id='word_1_540' title='bbox 2933 2602 3112 2662; x_wconf 82' lang='lat' dir='ltr'><strong>mente</strong></span> <span class='ocrx_word' id='word_1_541' title='bbox 3144 2596 3419 2650; x_wconf 88' lang='lat' dir='ltr'><strong>manebat.</strong></span> 
     </span>
    </p>
   </div>
   <div class='ocr_carea' id='block_1_87' title="bbox 2175 2675 3585 2756">
    <p class='ocr_par' dir='ltr' id='par_1_87' title="bbox 2175 2675 3585 2756">
     <span class='ocr_line' id='line_1_88' title="bbox 2175 2675 3585 2756; baseline 0.007 -25"><span class='ocrx_word' id='word_1_542' title='bbox 2175 2675 2307 2731; x_wconf 87' lang='lat' dir='ltr'><strong>Nam</strong></span> <span class='ocrx_word' id='word_1_543' title='bbox 2334 2679 2460 2735; x_wconf 91' lang='lat' dir='ltr'><strong>licet</strong></span> <span class='ocrx_word' id='word_1_544' title='bbox 2485 2680 2573 2737; x_wconf 89' lang='lat' dir='ltr'><strong>illa</strong></span> <span class='ocrx_word' id='word_1_545' title='bbox 2601 2680 2742 2736; x_wconf 87' lang='lat' dir='ltr'><strong>foret</strong></span> <span class='ocrx_word' id='word_1_546' title='bbox 2763 2683 3000 2738; x_wconf 87' lang='lat' dir='ltr'><strong>thalamo</strong></span> <span class='ocrx_word' id='word_1_547' title='bbox 3025 2682 3309 2753; x_wconf 80' lang='lat' dir='ltr'><strong>conjuncta</strong></span> <span class='ocrx_word' id='word_1_548' title='bbox 3329 2687 3585 2756; x_wconf 83' lang='lat' dir='ltr'><strong>superbo.</strong></span> 
     </span>
    </p>
   </div>
   <div class='ocr_carea' id='block_1_88' title="bbox 2175 2768 3537 2845">
    <p class='ocr_par' dir='ltr' id='par_1_88' title="bbox 2175 2768 3537 2845">
     <span class='ocr_line' id='line_1_89' title="bbox 2175 2768 3537 2845; baseline 0.008 -23"><span class='ocrx_word' id='word_1_549' title='bbox 2175 2768 2342 2840; x_wconf 78' lang='lat' dir='ltr'><strong>Regia</strong></span> <span class='ocrx_word' id='word_1_550' title='bbox 2373 2771 2617 2827; x_wconf 89' lang='lat' dir='ltr'><strong>bissenos</strong></span> <span class='ocrx_word' id='word_1_551' title='bbox 2644 2773 2848 2841; x_wconf 90' lang='lat' dir='ltr'><strong>pariter</strong></span> <span class='ocrx_word' id='word_1_552' title='bbox 2859 2774 2974 2843; x_wconf 90' lang='lat' dir='ltr'><strong>jam</strong></span> <span class='ocrx_word' id='word_1_553' title='bbox 3004 2789 3197 2844; x_wconf 90' lang='lat' dir='ltr'><strong>sponsa</strong></span> <span class='ocrx_word' id='word_1_554' title='bbox 3228 2791 3326 2845; x_wconf 90' lang='lat' dir='ltr'><strong>per</strong></span> <span class='ocrx_word' id='word_1_555' title='bbox 3348 2792 3537 2843; x_wconf 88' lang='lat' dir='ltr'><strong>annos,</strong></span> 
     </span>
    </p>
   </div>
   <div class='ocr_carea' id='block_1_89' title="bbox 2173 2858 3543 2937">
    <p class='ocr_par' dir='ltr' id='par_1_89' title="bbox 2173 2858 3543 2937">
     <span class='ocr_line' id='line_1_90' title="bbox 2173 2858 3543 2937; baseline 0.007 -25"><span class='ocrx_word' id='word_1_556' title='bbox 2173 2858 2499 2914; x_wconf 88' lang='lat' dir='ltr'><strong>Intemerata</strong></span> <span class='ocrx_word' id='word_1_557' title='bbox 2529 2871 2708 2917; x_wconf 75' lang='lat' dir='ltr'><strong>tamen</strong></span> <span class='ocrx_word' id='word_1_558' title='bbox 2733 2865 3030 2931; x_wconf 85' lang='lat' dir='ltr'><strong>permansit</strong></span> <span class='ocrx_word' id='word_1_559' title='bbox 3057 2865 3207 2937; x_wconf 88' lang='lat' dir='ltr'><strong>virgo</strong></span> <span class='ocrx_word' id='word_1_560' title='bbox 3230 2881 3326 2935; x_wconf 87' lang='lat' dir='ltr'><strong>per</strong></span> <span class='ocrx_word' id='word_1_561' title='bbox 3347 2882 3543 2929; x_wconf 81' lang='lat' dir='ltr'><strong>:evum,</strong></span> 
     </span>
    </p>
   </div>
   <div class='ocr_carea' id='block_1_90' title="bbox 2173 2950 3380 3018">
    <p class='ocr_par' dir='ltr' id='par_1_90' title="bbox 2173 2950 3380 3018">
     <span class='ocr_line' id='line_1_91' title="bbox 2173 2950 3380 3018; baseline 0.006 -14"><span class='ocrx_word' id='word_1_562' title='bbox 2173 2951 2320 3005; x_wconf 91' lang='lat' dir='ltr'><strong>Inter</strong></span> <span class='ocrx_word' id='word_1_563' title='bbox 2338 2950 2459 3018; x_wconf 85' lang='lat' dir='ltr'><strong>jura</strong></span> <span class='ocrx_word' id='word_1_564' title='bbox 2489 2953 2629 3007; x_wconf 84' lang='lat' dir='ltr'><strong>thori</strong></span> <span class='ocrx_word' id='word_1_565' title='bbox 2659 2954 2881 3010; x_wconf 85' lang='lat' dir='ltr'><strong>vincens</strong></span> <span class='ocrx_word' id='word_1_566' title='bbox 2904 2956 3150 3011; x_wconf 87' lang='lat' dir='ltr'><strong>incendia</strong></span> <span class='ocrx_word' id='word_1_567' title='bbox 3178 2957 3380 3012; x_wconf 88' lang='lat' dir='ltr'><strong>carnis.</strong></span> 
     </span>
    </p>
   </div>
   <div class='ocr_carea' id='block_1_91' title="bbox 2175 3040 3409 3117">
    <p class='ocr_par' dir='ltr' id='par_1_91' title="bbox 2175 3040 3409 3117">
     <span class='ocr_line' id='line_1_92' title="bbox 2175 3040 3409 3117; baseline 0.006 -22"><span class='ocrx_word' id='word_1_568' title='bbox 2175 3040 2412 3111; x_wconf 82' lang='lat' dir='ltr'><strong>Virginis</strong></span> <span class='ocrx_word' id='word_1_569' title='bbox 2438 3042 2578 3097; x_wconf 84' lang='lat' dir='ltr'><strong>alma</strong></span> <span class='ocrx_word' id='word_1_570' title='bbox 2606 3043 2758 3109; x_wconf 83' lang='lat' dir='ltr'><strong>fides,</strong></span> <span class='ocrx_word' id='word_1_571' title='bbox 2787 3048 2931 3117; x_wconf 81' lang='lat' dir='ltr'><strong>regis</strong></span> <span class='ocrx_word' id='word_1_572' title='bbox 2954 3048 3210 3116; x_wconf 89' lang='lat' dir='ltr'><strong>patientia</strong></span> <span class='ocrx_word' id='word_1_573' title='bbox 3238 3049 3409 3102; x_wconf 81' lang='lat' dir='ltr'><strong>mira!</strong></span> 
     </span>
    </p>
   </div>
   <div class='ocr_carea' id='block_1_92' title="bbox 2179 3132 3680 3204">
    <p class='ocr_par' dir='ltr' id='par_1_92' title="bbox 2179 3132 3680 3204">
     <span class='ocr_line' id='line_1_93' title="bbox 2179 3132 3680 3204; baseline 0.005 -19"><span class='ocrx_word' id='word_1_574' title='bbox 2179 3132 2425 3187; x_wconf 79' lang='lat' dir='ltr'><strong>Vincitur</strong></span> <span class='ocrx_word' id='word_1_575' title='bbox 2450 3133 2539 3188; x_wconf 90' lang='lat' dir='ltr'><strong>hic</strong></span> <span class='ocrx_word' id='word_1_576' title='bbox 2567 3135 2847 3203; x_wconf 73' lang='lat' dir='ltr'><strong>precibus,</strong></span> <span class='ocrx_word' id='word_1_577' title='bbox 2867 3138 2960 3191; x_wconf 83' lang='lat' dir='ltr'><strong>sed</strong></span> <span class='ocrx_word' id='word_1_578' title='bbox 2983 3152 3166 3193; x_wconf 84' lang='lat' dir='ltr'><strong>amore</strong></span> <span class='ocrx_word' id='word_1_579' title='bbox 3188 3134 3449 3195; x_wconf 87' lang='lat' dir='ltr'><strong>Tonantis</strong></span> <span class='ocrx_word' id='word_1_580' title='bbox 3473 3148 3527 3194; x_wconf 88' lang='lat' dir='ltr'><strong>et</strong></span> <span class='ocrx_word' id='word_1_581' title='bbox 3556 3139 3680 3204; x_wconf 85' lang='lat' dir='ltr'><strong>illa;</strong></span> 
     </span>
    </p>
   </div>
   <div class='ocr_carea' id='block_1_93' title="bbox 2175 3222 3423 3300">
    <p class='ocr_par' dir='ltr' id='par_1_93' title="bbox 2175 3222 3423 3300">
     <span class='ocr_line' id='line_1_94' title="bbox 2175 3222 3423 3300; baseline 0.006 -23"><span class='ocrx_word' id='word_1_582' title='bbox 2175 3222 2349 3278; x_wconf 86' lang='lat' dir='ltr'><strong>Ambo</strong></span> <span class='ocrx_word' id='word_1_583' title='bbox 2375 3224 2545 3280; x_wconf 83' lang='lat' dir='ltr'><strong>sacris</strong></span> <span class='ocrx_word' id='word_1_584' title='bbox 2575 3225 2696 3279; x_wconf 81' lang='lat' dir='ltr'><strong>fidei</strong></span> <span class='ocrx_word' id='word_1_585' title='bbox 2726 3225 2993 3283; x_wconf 73' lang='lat' dir='ltr'><strong>ferventes</strong></span> <span class='ocrx_word' id='word_1_586' title='bbox 3018 3228 3231 3300; x_wconf 86' lang='lat' dir='ltr'><strong>ignibus</strong></span> <span class='ocrx_word' id='word_1_587' title='bbox 3255 3231 3423 3295; x_wconf 91' lang='lat' dir='ltr'><strong>intus,</strong></span> 
     </span>
    </p>
   </div>
   <div class='ocr_carea' id='block_1_94' title="bbox 2176 3314 3536 3391">
    <p class='ocr_par' dir='ltr' id='par_1_94' title="bbox 2176 3314 3536 3391">
     <span class='ocr_line' id='line_1_95' title="bbox 2176 3314 3536 3391; baseline 0.005 -21"><span class='ocrx_word' id='word_1_588' title='bbox 2176 3314 2529 3371; x_wconf 83' lang='lat' dir='ltr'><strong>Permansere</strong></span> <span class='ocrx_word' id='word_1_589' title='bbox 2557 3317 2720 3372; x_wconf 91' lang='lat' dir='ltr'><strong>simul</strong></span> <span class='ocrx_word' id='word_1_590' title='bbox 2746 3318 2945 3387; x_wconf 79' lang='lat' dir='ltr'><strong>conqu</strong></span> <span class='ocrx_word' id='word_1_591' title='bbox 2970 3335 3094 3375; x_wconf 91' lang='lat' dir='ltr'><strong>cum</strong></span> <span class='ocrx_word' id='word_1_592' title='bbox 3129 3320 3355 3391; x_wconf 83' lang='lat' dir='ltr'><strong>conjuge</strong></span> <span class='ocrx_word' id='word_1_593' title='bbox 3378 3324 3536 3377; x_wconf 90' lang='lat' dir='ltr'><strong>casti.</strong></span> 
     </span>
    </p>
   </div>
   <div class='ocr_carea' id='block_1_95' title="bbox 2177 3406 3598 3482">
    <p class='ocr_par' dir='ltr' id='par_1_95' title="bbox 2177 3406 3598 3482">
     <span class='ocr_line' id='line_1_96' title="bbox 2177 3406 3598 3482; baseline 0.004 -22"><span class='ocrx_word' id='word_1_594' title='bbox 2177 3406 2458 3477; x_wconf 90' lang='lat' dir='ltr'><strong>Quamque</strong></span> <span class='ocrx_word' id='word_1_595' title='bbox 2488 3408 2694 3479; x_wconf 87' lang='lat' dir='ltr'><strong>integra</strong></span> <span class='ocrx_word' id='word_1_596' title='bbox 2720 3408 2859 3464; x_wconf 87' lang='lat' dir='ltr'><strong>foret</strong></span> <span class='ocrx_word' id='word_1_597' title='bbox 2884 3414 3070 3465; x_wconf 89' lang='lat' dir='ltr'><strong>vivens</strong></span> <span class='ocrx_word' id='word_1_598' title='bbox 3092 3411 3145 3464; x_wconf 91' lang='lat' dir='ltr'><strong>in</strong></span> <span class='ocrx_word' id='word_1_599' title='bbox 3168 3426 3395 3481; x_wconf 89' lang='lat' dir='ltr'><strong>corpore</strong></span> <span class='ocrx_word' id='word_1_600' title='bbox 3423 3413 3598 3482; x_wconf 87' lang='lat' dir='ltr'><strong>virgo,</strong></span> 
     </span>
    </p>
   </div>
   <div class='ocr_carea' id='block_1_96' title="bbox 2179 3497 3575 3573">
    <p class='ocr_par' dir='ltr' id='par_1_96' title="bbox 2179 3497 3575 3573">
     <span class='ocr_line' id='line_1_97' title="bbox 2179 3497 3575 3573; baseline 0.004 -21"><span class='ocrx_word' id='word_1_601' title='bbox 2179 3497 2307 3553; x_wconf 88' lang='lat' dir='ltr'><strong>Post</strong></span> <span class='ocrx_word' id='word_1_602' title='bbox 2334 3508 2561 3553; x_wconf 89' lang='lat' dir='ltr'><strong>mortem</strong></span> <span class='ocrx_word' id='word_1_603' title='bbox 2585 3499 2842 3555; x_wconf 91' lang='lat' dir='ltr'><strong>Dominus</strong></span> <span class='ocrx_word' id='word_1_604' title='bbox 2870 3501 3039 3571; x_wconf 77' lang='lat' dir='ltr'><strong>signis</strong></span> <span class='ocrx_word' id='word_1_605' title='bbox 3057 3502 3311 3572; x_wconf 83' lang='lat' dir='ltr'><strong>patefecit</strong></span> <span class='ocrx_word' id='word_1_606' title='bbox 3336 3504 3575 3573; x_wconf 88' lang='lat' dir='ltr'><strong>apertis;</strong></span> 
     </span>
    </p>
   </div>
   <div class='ocr_carea' id='block_1_97' title="bbox 2179 3587 3615 3660">
    <p class='ocr_par' dir='ltr' id='par_1_97' title="bbox 2179 3587 3615 3660">
     <span class='ocr_line' id='line_1_98' title="bbox 2179 3587 3615 3660; baseline 0.001 -17"><span class='ocrx_word' id='word_1_607' title='bbox 2179 3587 2314 3643; x_wconf 85' lang='lat' dir='ltr'><strong>Nam</strong></span> <span class='ocrx_word' id='word_1_608' title='bbox 2336 3604 2478 3645; x_wconf 89' lang='lat' dir='ltr'><strong>caro</strong></span> <span class='ocrx_word' id='word_1_609' title='bbox 2502 3605 2597 3644; x_wconf 77' lang='lat' dir='ltr'><strong>sex</strong></span> <span class='ocrx_word' id='word_1_610' title='bbox 2620 3588 2788 3645; x_wconf 91' lang='lat' dir='ltr'><strong>denos</strong></span> <span class='ocrx_word' id='word_1_611' title='bbox 2809 3590 2973 3645; x_wconf 89' lang='lat' dir='ltr'><strong>etiam</strong></span> <span class='ocrx_word' id='word_1_612' title='bbox 3002 3592 3264 3645; x_wconf 90' lang='lat' dir='ltr'><strong>tumulata</strong></span> <span class='ocrx_word' id='word_1_613' title='bbox 3290 3607 3386 3660; x_wconf 90' lang='lat' dir='ltr'><strong>per</strong></span> <span class='ocrx_word' id='word_1_614' title='bbox 3411 3606 3584 3647; x_wconf 88' lang='lat' dir='ltr'><strong>annos</strong></span> <span class='ocrx_word' id='word_1_615' title='bbox 3600 3632 3615 3656; x_wconf 82' lang='lat'><strong>,</strong></span> 
     </span>
    </p>
   </div>
   <div class='ocr_carea' id='block_1_98' title="bbox 2178 3676 3580 3750">
    <p class='ocr_par' dir='ltr' id='par_1_98' title="bbox 2178 3676 3580 3750">
     <span class='ocr_line' id='line_1_99' title="bbox 2178 3676 3580 3750; baseline 0.004 -20"><span class='ocrx_word' id='word_1_616' title='bbox 2178 3676 2495 3745; x_wconf 87' lang='lat' dir='ltr'><strong>Incorrupta</strong></span> <span class='ocrx_word' id='word_1_617' title='bbox 2526 3678 2740 3747; x_wconf 87' lang='lat' dir='ltr'><strong>quidem</strong></span> <span class='ocrx_word' id='word_1_618' title='bbox 2770 3686 2882 3733; x_wconf 91' lang='lat' dir='ltr'><strong>tota</strong></span> <span class='ocrx_word' id='word_1_619' title='bbox 2907 3693 3029 3733; x_wconf 90' lang='lat' dir='ltr'><strong>cum</strong></span> <span class='ocrx_word' id='word_1_620' title='bbox 3056 3688 3205 3734; x_wconf 89' lang='lat' dir='ltr'><strong>veste</strong></span> <span class='ocrx_word' id='word_1_621' title='bbox 3230 3689 3444 3750; x_wconf 88' lang='lat' dir='ltr'><strong>reperta</strong></span> <span class='ocrx_word' id='word_1_622' title='bbox 3475 3689 3580 3736; x_wconf 91' lang='lat' dir='ltr'><strong>est.</strong></span> 
     </span>
    </p>
   </div>
   <div class='ocr_carea' id='block_1_99' title="bbox 2179 3768 3507 3839">
    <p class='ocr_par' dir='ltr' id='par_1_99' title="bbox 2179 3768 3507 3839">
     <span class='ocr_line' id='line_1_100' title="bbox 2179 3768 3507 3839; baseline 0.004 -16"><span class='ocrx_word' id='word_1_623' title='bbox 2179 3768 2386 3838; x_wconf 89' lang='lat' dir='ltr'><strong>Corpus</strong></span> <span class='ocrx_word' id='word_1_624' title='bbox 2412 3778 2530 3825; x_wconf 87' lang='lat' dir='ltr'><strong>erat</strong></span> <span class='ocrx_word' id='word_1_625' title='bbox 2563 3778 2807 3839; x_wconf 81' lang='lat' dir='ltr'><strong>vegetum</strong></span> <span class='ocrx_word' id='word_1_626' title='bbox 2832 3772 3015 3825; x_wconf 87' lang='lat' dir='ltr'><strong>nervis</strong></span> <span class='ocrx_word' id='word_1_627' title='bbox 3041 3779 3094 3825; x_wconf 90' lang='lat' dir='ltr'><strong>et</strong></span> <span class='ocrx_word' id='word_1_628' title='bbox 3114 3770 3290 3826; x_wconf 75' lang='lat' dir='ltr'><strong>flexile</strong></span> <span class='ocrx_word' id='word_1_629' title='bbox 3316 3780 3507 3837; x_wconf 88' lang='lat' dir='ltr'><strong>totum,</strong></span> 
     </span>
    </p>
   </div>
   <div class='ocr_carea' id='block_1_100' title="bbox 2180 3857 3342 3932">
    <p class='ocr_par' dir='ltr' id='par_1_100' title="bbox 2180 3857 3342 3932">
     <span class='ocr_line' id='line_1_101' title="bbox 2180 3857 3342 3932; baseline 0.002 -19"><span class='ocrx_word' id='word_1_630' title='bbox 2180 3857 2249 3913; x_wconf 87' lang='lat' dir='ltr'><strong>Et</strong></span> <span class='ocrx_word' id='word_1_631' title='bbox 2267 3858 2432 3914; x_wconf 86' lang='lat' dir='ltr'><strong>facies</strong></span> <span class='ocrx_word' id='word_1_632' title='bbox 2461 3859 2624 3914; x_wconf 90' lang='lat' dir='ltr'><strong>rutilo</strong></span> <span class='ocrx_word' id='word_1_633' title='bbox 2656 3860 2890 3932; x_wconf 84' lang='lat' dir='ltr'><strong>fulgebat</strong></span> <span class='ocrx_word' id='word_1_634' title='bbox 2917 3870 3102 3916; x_wconf 86' lang='lat' dir='ltr'><strong>sancta</strong></span> <span class='ocrx_word' id='word_1_635' title='bbox 3132 3863 3342 3917; x_wconf 89' lang='lat' dir='ltr'><strong>decore.</strong></span> 
     </span>
    </p>
   </div>
   <div class='ocr_carea' id='block_1_101' title="bbox 2181 3951 3595 4024">
    <p class='ocr_par' dir='ltr' id='par_1_101' title="bbox 2181 3951 3595 4024">
     <span class='ocr_line' id='line_1_102' title="bbox 2181 3951 3595 4024; baseline 0.002 -18"><span class='ocrx_word' id='word_1_636' title='bbox 2181 3951 2249 4006; x_wconf 87' lang='lat' dir='ltr'><strong>Et</strong></span> <span class='ocrx_word' id='word_1_637' title='bbox 2277 3951 2419 4021; x_wconf 88' lang='lat' dir='ltr'><strong>quod</strong></span> <span class='ocrx_word' id='word_1_638' title='bbox 2443 3952 2566 4021; x_wconf 89' lang='lat' dir='ltr'><strong>jure</strong></span> <span class='ocrx_word' id='word_1_639' title='bbox 2598 3953 2770 4024; x_wconf 85' lang='lat' dir='ltr'><strong>magis</strong></span> <span class='ocrx_word' id='word_1_640' title='bbox 2801 3953 3028 4007; x_wconf 89' lang='lat' dir='ltr'><strong>multum</strong></span> <span class='ocrx_word' id='word_1_641' title='bbox 3059 3953 3307 4008; x_wconf 88' lang='lat' dir='ltr'><strong>mirabile</strong></span> <span class='ocrx_word' id='word_1_642' title='bbox 3333 3954 3482 4009; x_wconf 89' lang='lat' dir='ltr'><strong>dictu</strong></span> <span class='ocrx_word' id='word_1_643' title='bbox 3509 3962 3595 4009; x_wconf 80' lang='lat' dir='ltr'><strong>est</strong></span> 
     </span>
    </p>
   </div>
   <div class='ocr_carea' id='block_1_102' title="bbox 2180 4043 3446 4114">
    <p class='ocr_par' dir='ltr' id='par_1_102' title="bbox 2180 4043 3446 4114">
     <span class='ocr_line' id='line_1_103' title="bbox 2180 4043 3446 4114; baseline 0.001 -16"><span class='ocrx_word' id='word_1_644' title='bbox 2180 4043 2320 4098; x_wconf 86' lang='lat' dir='ltr'><strong>Ante</strong></span> <span class='ocrx_word' id='word_1_645' title='bbox 2347 4044 2464 4099; x_wconf 90' lang='lat' dir='ltr'><strong>dies</strong></span> <span class='ocrx_word' id='word_1_646' title='bbox 2488 4045 2679 4099; x_wconf 90' lang='lat' dir='ltr'><strong>mortis</strong></span> <span class='ocrx_word' id='word_1_647' title='bbox 2706 4044 2862 4102; x_wconf 88' lang='lat' dir='ltr'><strong>binos</strong></span> <span class='ocrx_word' id='word_1_648' title='bbox 2889 4045 2943 4098; x_wconf 91' lang='lat' dir='ltr'><strong>in</strong></span> <span class='ocrx_word' id='word_1_649' title='bbox 2972 4058 3200 4114; x_wconf 88' lang='lat' dir='ltr'><strong>corpore</strong></span> <span class='ocrx_word' id='word_1_650' title='bbox 3228 4043 3446 4109; x_wconf 89' lang='lat' dir='ltr'><strong>vulnus,</strong></span> 
     </span>
    </p>
   </div>
   <div class='ocr_carea' id='block_1_103' title="bbox 2183 4134 3444 4205">
    <p class='ocr_par' dir='ltr' id='par_1_103' title="bbox 2183 4134 3444 4205">
     <span class='ocr_line' id='line_1_104' title="bbox 2183 4134 3444 4205; baseline 0.002 -18"><span class='ocrx_word' id='word_1_651' title='bbox 2183 4134 2334 4202; x_wconf 88' lang='lat' dir='ltr'><strong>Quod</strong></span> <span class='ocrx_word' id='word_1_652' title='bbox 2366 4135 2609 4190; x_wconf 79' lang='lat' dir='ltr'><strong>medicus</strong></span> <span class='ocrx_word' id='word_1_653' title='bbox 2631 4134 2759 4189; x_wconf 90' lang='lat' dir='ltr'><strong>fecit</strong></span> <span class='ocrx_word' id='word_1_654' title='bbox 2784 4135 2952 4189; x_wconf 91' lang='lat' dir='ltr'><strong>nimio</strong></span> <span class='ocrx_word' id='word_1_655' title='bbox 2977 4143 3202 4205; x_wconf 87' lang='lat' dir='ltr'><strong>cogente</strong></span> <span class='ocrx_word' id='word_1_656' title='bbox 3230 4135 3444 4199; x_wconf 89' lang='lat' dir='ltr'><strong>timore,</strong></span> 
     </span>
    </p>
   </div>
   <div class='ocr_carea' id='block_1_104' title="bbox 2181 4225 3419 4297">
    <p class='ocr_par' dir='ltr' id='par_1_104' title="bbox 2181 4225 3419 4297">
     <span class='ocr_line' id='line_1_105' title="bbox 2181 4225 3419 4297; baseline 0 -16"><span class='ocrx_word' id='word_1_657' title='bbox 2181 4225 2420 4297; x_wconf 86' lang='lat' dir='ltr'><strong>Apparet</strong></span> <span class='ocrx_word' id='word_1_658' title='bbox 2442 4242 2654 4291; x_wconf 87' lang='lat' dir='ltr'><strong>sanum,</strong></span> <span class='ocrx_word' id='word_1_659' title='bbox 2682 4228 2998 4284; x_wconf 88' lang='lat' dir='ltr'><strong>tenuissima</strong></span> <span class='ocrx_word' id='word_1_660' title='bbox 3024 4229 3141 4283; x_wconf 87' lang='lat' dir='ltr'><strong>visa</strong></span> <span class='ocrx_word' id='word_1_661' title='bbox 3170 4227 3419 4291; x_wconf 79' lang='lat' dir='ltr'><strong>cicatrix,</strong></span> 
     </span>
    </p>
   </div>
   <div class='ocr_carea' id='block_1_105' title="bbox 2184 4317 3462 4388">
    <p class='ocr_par' dir='ltr' id='par_1_105' title="bbox 2184 4317 3462 4388">
     <span class='ocr_line' id='line_1_106' title="bbox 2184 4317 3462 4388; baseline -0.002 -15"><span class='ocrx_word' id='word_1_662' title='bbox 2184 4317 2393 4373; x_wconf 79' lang='lat' dir='ltr'><strong>Ulceris</strong></span> <span class='ocrx_word' id='word_1_663' title='bbox 2419 4320 2723 4374; x_wconf 89' lang='lat' dir='ltr'><strong>obtendens</strong></span> <span class='ocrx_word' id='word_1_664' title='bbox 2752 4319 2950 4373; x_wconf 84' lang='lat' dir='ltr'><strong>veteris</strong></span> <span class='ocrx_word' id='word_1_665' title='bbox 2973 4319 3199 4388; x_wconf 82' lang='lat' dir='ltr'><strong>vestigia</strong></span> <span class='ocrx_word' id='word_1_666' title='bbox 3232 4327 3462 4373; x_wconf 85' lang='lat' dir='ltr'><strong>tantum.</strong></span> 
     </span>
    </p>
   </div>
   <div class='ocr_carea' id='block_1_106' title="bbox 2185 4408 3527 4479">
    <p class='ocr_par' dir='ltr' id='par_1_106' title="bbox 2185 4408 3527 4479">
     <span class='ocr_line' id='line_1_107' title="bbox 2185 4408 3527 4479; baseline 0.001 -17"><span class='ocrx_word' id='word_1_667' title='bbox 2185 4408 2363 4463; x_wconf 74' lang='lat' dir='ltr'><strong>Vesuis</strong></span> <span class='ocrx_word' id='word_1_668' title='bbox 2391 4409 2541 4473; x_wconf 90' lang='lat' dir='ltr'><strong>item,</strong></span> <span class='ocrx_word' id='word_1_669' title='bbox 2573 4424 2757 4465; x_wconf 89' lang='lat' dir='ltr'><strong>sacros</strong></span> <span class='ocrx_word' id='word_1_670' title='bbox 2784 4424 2906 4478; x_wconf 69' lang='lat' dir='ltr'><strong>quze</strong></span> <span class='ocrx_word' id='word_1_671' title='bbox 2933 4409 3070 4462; x_wconf 81' lang='lat' dir='ltr'><strong>texit</strong></span> <span class='ocrx_word' id='word_1_672' title='bbox 3093 4408 3318 4479; x_wconf 85' lang='lat' dir='ltr'><strong>virginis</strong></span> <span class='ocrx_word' id='word_1_673' title='bbox 3354 4418 3527 4472; x_wconf 86' lang='lat' dir='ltr'><strong>artus,</strong></span> 
     </span>
    </p>
   </div>
   <div class='ocr_carea' id='block_1_107' title="bbox 2184 4496 3553 4567">
    <p class='ocr_par' dir='ltr' id='par_1_107' title="bbox 2184 4496 3553 4567">
     <span class='ocr_line' id='line_1_108' title="bbox 2184 4496 3553 4567; baseline -0.001 -16"><span class='ocrx_word' id='word_1_674' title='bbox 2184 4497 2403 4567; x_wconf 76' lang='lat' dir='ltr'><strong>Expulit</strong></span> <span class='ocrx_word' id='word_1_675' title='bbox 2426 4506 2665 4553; x_wconf 90' lang='lat' dir='ltr'><strong>atrocem</strong></span> <span class='ocrx_word' id='word_1_676' title='bbox 2692 4498 2759 4553; x_wconf 90' lang='lat' dir='ltr'><strong>de</strong></span> <span class='ocrx_word' id='word_1_677' title='bbox 2783 4497 3023 4553; x_wconf 89' lang='lat' dir='ltr'><strong>obsessis</strong></span> <span class='ocrx_word' id='word_1_678' title='bbox 3049 4512 3191 4567; x_wconf 64' lang='lat' dir='ltr'><strong>saepe</strong></span> <span class='ocrx_word' id='word_1_679' title='bbox 3216 4496 3553 4567; x_wconf 81' lang='lat' dir='ltr'><strong>chelydruui.</strong></span> 
     </span>
    </p>
   </div>
   <div class='ocr_carea' id='block_1_108' title="bbox 2183 4586 3605 4659">
    <p class='ocr_par' dir='ltr' id='par_1_108' title="bbox 2183 4586 3605 4659">
     <span class='ocr_line' id='line_1_109' title="bbox 2183 4586 3605 4659; baseline -0.001 -17"><span class='ocrx_word' id='word_1_680' title='bbox 2183 4586 2293 4643; x_wconf 90' lang='lat' dir='ltr'><strong>Nec</strong></span> <span class='ocrx_word' id='word_1_681' title='bbox 2319 4603 2425 4641; x_wconf 92' lang='lat' dir='ltr'><strong>non</strong></span> <span class='ocrx_word' id='word_1_682' title='bbox 2454 4588 2635 4643; x_wconf 90' lang='lat' dir='ltr'><strong>tumba</strong></span> <span class='ocrx_word' id='word_1_683' title='bbox 2656 4590 2826 4658; x_wconf 89' lang='lat' dir='ltr'><strong>prior,</strong></span> <span class='ocrx_word' id='word_1_684' title='bbox 2859 4589 3030 4642; x_wconf 88' lang='lat' dir='ltr'><strong>tenuit</strong></span> <span class='ocrx_word' id='word_1_685' title='bbox 3053 4604 3174 4658; x_wconf 76' lang='lat' dir='ltr'><strong>quae</strong></span> <span class='ocrx_word' id='word_1_686' title='bbox 3202 4588 3428 4659; x_wconf 87' lang='lat' dir='ltr'><strong>virginis</strong></span> <span class='ocrx_word' id='word_1_687' title='bbox 3450 4586 3605 4642; x_wconf 63' lang='lat' dir='ltr'><strong>alma:</strong></span> 
     </span>
    </p>
   </div>
   <div class='ocr_carea' id='block_1_109' title="bbox 2185 4677 3551 4750">
    <p class='ocr_par' dir='ltr' id='par_1_109' title="bbox 2185 4677 3551 4750">
     <span class='ocr_line' id='line_1_110' title="bbox 2185 4677 3551 4750; baseline -0.001 -16"><span class='ocrx_word' id='word_1_688' title='bbox 2185 4677 2541 4736; x_wconf 87' lang='lat' dir='ltr'><strong>Sacrosancta</strong></span> <span class='ocrx_word' id='word_1_689' title='bbox 2570 4680 2692 4735; x_wconf 89' lang='lat' dir='ltr'><strong>sinu</strong></span> <span class='ocrx_word' id='word_1_690' title='bbox 2721 4681 2820 4735; x_wconf 92' lang='lat' dir='ltr'><strong>sub</strong></span> <span class='ocrx_word' id='word_1_691' title='bbox 2847 4679 3011 4734; x_wconf 90' lang='lat' dir='ltr'><strong>terris</strong></span> <span class='ocrx_word' id='word_1_692' title='bbox 3030 4680 3279 4734; x_wconf 88' lang='lat' dir='ltr'><strong>membra</strong></span> <span class='ocrx_word' id='word_1_693' title='bbox 3301 4688 3519 4750; x_wconf 88' lang='lat' dir='ltr'><strong>recepta</strong></span> <span class='ocrx_word' id='word_1_694' title='bbox 3535 4720 3551 4744; x_wconf 89' lang='lat'><strong>,</strong></span> 
     </span>
    </p>
   </div>
   <div class='ocr_carea' id='block_1_110' title="bbox 2186 4771 3350 4842">
    <p class='ocr_par' dir='ltr' id='par_1_110' title="bbox 2186 4771 3350 4842">
     <span class='ocr_line' id='line_1_111' title="bbox 2186 4771 3350 4842; baseline -0.002 -16"><span class='ocrx_word' id='word_1_695' title='bbox 2186 4771 2484 4826; x_wconf 82' lang='lat' dir='ltr'><strong>Exstiterat</strong></span> <span class='ocrx_word' id='word_1_696' title='bbox 2514 4772 2697 4827; x_wconf 91' lang='lat' dir='ltr'><strong>multis</strong></span> <span class='ocrx_word' id='word_1_697' title='bbox 2723 4780 2922 4842; x_wconf 69' lang='lat' dir='ltr'><strong>Optata:</strong></span> <span class='ocrx_word' id='word_1_698' title='bbox 2948 4787 3112 4827; x_wconf 87' lang='lat' dir='ltr'><strong>causa</strong></span> <span class='ocrx_word' id='word_1_699' title='bbox 3138 4771 3350 4835; x_wconf 90' lang='lat' dir='ltr'><strong>salutis,</strong></span> 
     </span>
    </p>
   </div>
   <div class='ocr_carea' id='block_1_111' title="bbox 2189 4860 3576 4932">
    <p class='ocr_par' dir='ltr' id='par_1_111' title="bbox 2189 4860 3576 4932">
     <span class='ocr_line' id='line_1_112' title="bbox 2189 4860 3576 4932; baseline -0.002 -16"><span class='ocrx_word' id='word_1_700' title='bbox 2189 4861 2367 4930; x_wconf 88' lang='lat' dir='ltr'><strong>Atque</strong></span> <span class='ocrx_word' id='word_1_701' title='bbox 2386 4862 2545 4932; x_wconf 72' lang='lat' dir='ltr'><strong>aegris</strong></span> <span class='ocrx_word' id='word_1_702' title='bbox 2572 4862 2745 4917; x_wconf 91' lang='lat' dir='ltr'><strong>oculis</strong></span> <span class='ocrx_word' id='word_1_703' title='bbox 2770 4870 3122 4931; x_wconf 66' lang='lat' dir='ltr'><strong>prtestaverat</strong></span> <span class='ocrx_word' id='word_1_704' title='bbox 3150 4862 3264 4931; x_wconf 90' lang='lat' dir='ltr'><strong>ipsa</strong></span> <span class='ocrx_word' id='word_1_705' title='bbox 3292 4860 3576 4917; x_wconf 77' lang='lat' dir='ltr'><strong>medelam.</strong></span> 
     </span>
    </p>
   </div>
   <div class='ocr_carea' id='block_1_112' title="bbox 2186 4950 3409 5023">
    <p class='ocr_par' dir='ltr' id='par_1_112' title="bbox 2186 4950 3409 5023">
     <span class='ocr_line' id='line_1_113' title="bbox 2186 4950 3409 5023; baseline 0 -16"><span class='ocrx_word' id='word_1_706' title='bbox 2186 4950 2348 5008; x_wconf 85' lang='lat' dir='ltr'><strong>Istius</strong></span> <span class='ocrx_word' id='word_1_707' title='bbox 2373 4967 2503 5022; x_wconf 90' lang='lat' dir='ltr'><strong>ergo</strong></span> <span class='ocrx_word' id='word_1_708' title='bbox 2528 4967 2698 5008; x_wconf 68' lang='lat' dir='ltr'><strong>sacra:</strong></span> <span class='ocrx_word' id='word_1_709' title='bbox 2727 4953 3019 5023; x_wconf 66' lang='lat' dir='ltr'><strong>prcedictus</strong></span> <span class='ocrx_word' id='word_1_710' title='bbox 3047 4952 3191 5007; x_wconf 89' lang='lat' dir='ltr'><strong>Beda</strong></span> <span class='ocrx_word' id='word_1_711' title='bbox 3218 4951 3409 5021; x_wconf 67' lang='lat' dir='ltr'><strong>puella:</strong></span> 
     </span>
    </p>
   </div>
   <div class='ocr_carea' id='block_1_113' title="bbox 2187 5043 3569 5117">
    <p class='ocr_par' dir='ltr' id='par_1_113' title="bbox 2187 5043 3569 5117">
     <span class='ocr_line' id='line_1_114' title="bbox 2187 5043 3569 5117; baseline -0.001 -19"><span class='ocrx_word' id='word_1_712' title='bbox 2187 5043 2243 5098; x_wconf 92' lang='lat' dir='ltr'><strong>In</strong></span> <span class='ocrx_word' id='word_1_713' title='bbox 2274 5045 2488 5099; x_wconf 89' lang='lat' dir='ltr'><strong>laudem</strong></span> <span class='ocrx_word' id='word_1_714' title='bbox 2515 5044 2642 5100; x_wconf 87' lang='lat' dir='ltr'><strong>fecit</strong></span> <span class='ocrx_word' id='word_1_715' title='bbox 2669 5044 2943 5115; x_wconf 72' lang='lat' dir='ltr'><strong>prmclaris</strong></span> <span class='ocrx_word' id='word_1_716' title='bbox 2963 5045 3211 5099; x_wconf 87' lang='lat' dir='ltr'><strong>versibus</strong></span> <span class='ocrx_word' id='word_1_717' title='bbox 3238 5045 3498 5117; x_wconf 86' lang='lat' dir='ltr'><strong>hymnum</strong></span> <span class='ocrx_word' id='word_1_718' title='bbox 3520 5053 3569 5107; x_wconf 73' lang='grc' dir='ltr'><strong>ε,</strong></span> 
     </span>
    </p>
   </div>
   <div class='ocr_carea' id='block_1_114' title="bbox 2188 5134 3499 5207">
    <p class='ocr_par' dir='ltr' id='par_1_114' title="bbox 2188 5134 3499 5207">
     <span class='ocr_line' id='line_1_115' title="bbox 2188 5134 3499 5207; baseline -0.002 -18"><span class='ocrx_word' id='word_1_719' title='bbox 2188 5134 2527 5205; x_wconf 84' lang='lat' dir='ltr'><strong>Quapropter</strong></span> <span class='ocrx_word' id='word_1_720' title='bbox 2553 5137 2704 5207; x_wconf 87' lang='lat' dir='ltr'><strong>tetigi</strong></span> <span class='ocrx_word' id='word_1_721' title='bbox 2724 5137 2906 5205; x_wconf 88' lang='lat' dir='ltr'><strong>parcis</strong></span> <span class='ocrx_word' id='word_1_722' title='bbox 2932 5136 3048 5190; x_wconf 62' lang='lat' dir='ltr'><strong>bare</strong></span> <span class='ocrx_word' id='word_1_723' title='bbox 3079 5152 3250 5206; x_wconf 87' lang='lat' dir='ltr'><strong>pauca</strong></span> <span class='ocrx_word' id='word_1_724' title='bbox 3282 5134 3499 5198; x_wconf 88' lang='lat' dir='ltr'><strong>libellis,</strong></span> 
     </span>
    </p>
   </div>
   <div class='ocr_carea' id='block_1_115' title="bbox 2189 5222 3578 5295">
    <p class='ocr_par' dir='ltr' id='par_1_115' title="bbox 2189 5222 3578 5295">
     <span class='ocr_line' id='line_1_116' title="bbox 2189 5222 3578 5295; baseline -0.003 -15"><span class='ocrx_word' id='word_1_725' title='bbox 2189 5224 2263 5281; x_wconf 90' lang='lat' dir='ltr'><strong>Ut</strong></span> <span class='ocrx_word' id='word_1_726' title='bbox 2282 5232 2405 5293; x_wconf 88' lang='lat' dir='ltr'><strong>pote</strong></span> <span class='ocrx_word' id='word_1_727' title='bbox 2425 5239 2854 5279; x_wconf 89' lang='lat' dir='ltr'><strong>commemorans</strong></span> <span class='ocrx_word' id='word_1_728' title='bbox 2878 5225 3080 5280; x_wconf 89' lang='lat' dir='ltr'><strong>veteris</strong></span> <span class='ocrx_word' id='word_1_729' title='bbox 3107 5225 3395 5295; x_wconf 90' lang='lat' dir='ltr'><strong>proverbia</strong></span> <span class='ocrx_word' id='word_1_730' title='bbox 3426 5222 3578 5287; x_wconf 81' lang='lat' dir='ltr'><strong>dicti,</strong></span> 
     </span>
    </p>
   </div>
   <div class='ocr_carea' id='block_1_116' title="bbox 2196 5315 3398 5388">
    <p class='ocr_par' dir='ltr' id='par_1_116' title="bbox 2196 5315 3398 5388">
     <span class='ocr_line' id='line_1_117' title="bbox 2196 5315 3398 5388; baseline -0.002 -16"><span class='ocrx_word' id='word_1_731' title='bbox 2196 5316 2278 5373; x_wconf 88' lang='lat' dir='ltr'><strong>Tu</strong></span> <span class='ocrx_word' id='word_1_732' title='bbox 2300 5332 2368 5372; x_wconf 89' lang='lat' dir='ltr'><strong>ne</strong></span> <span class='ocrx_word' id='word_1_733' title='bbox 2394 5315 2531 5373; x_wconf 87' lang='lat' dir='ltr'><strong>forte</strong></span> <span class='ocrx_word' id='word_1_734' title='bbox 2558 5316 2701 5373; x_wconf 87' lang='lat' dir='ltr'><strong>feras</strong></span> <span class='ocrx_word' id='word_1_735' title='bbox 2731 5317 2786 5373; x_wconf 91' lang='lat' dir='ltr'><strong>in</strong></span> <span class='ocrx_word' id='word_1_736' title='bbox 2808 5318 2998 5372; x_wconf 86' lang='lat' dir='ltr'><strong>silvam</strong></span> <span class='ocrx_word' id='word_1_737' title='bbox 3028 5316 3175 5388; x_wconf 88' lang='lat' dir='ltr'><strong>ligna</strong></span> <span class='ocrx_word' id='word_1_738' title='bbox 3203 5316 3398 5371; x_wconf 86' lang='lat' dir='ltr'><strong>viator.</strong></span> 
     </span>
    </p>
   </div>
   <div class='ocr_carea' id='block_1_117' title="bbox 3375 5419 3701 5480">
    <p class='ocr_par' dir='ltr' id='par_1_117' title="bbox 3375 5419 3701 5480">
     <span class='ocr_line' id='line_1_118' title="bbox 3375 5419 3701 5480; baseline -0.018 0"><span class='ocrx_word' id='word_1_739' title='bbox 3375 5423 3532 5480; x_wconf 76' lang='lat' dir='ltr'><strong>Vers.</strong></span> <span class='ocrx_word' id='word_1_740' title='bbox 3572 5419 3701 5478; x_wconf 73' lang='grc'><strong>784.</strong></span> 
     </span>
    </p>
   </div>
   <div class='ocr_carea' id='block_1_118' title="bbox 2267 5533 3780 5611">
    <p class='ocr_par' dir='ltr' id='par_1_118' title="bbox 2267 5533 3780 5611">
     <span class='ocr_line' id='line_1_119' title="bbox 2267 5533 3780 5611; baseline -0.006 -14"><span class='ocrx_word' id='word_1_741' title='bbox 2267 5550 2289 5579; x_wconf 71' lang='grc' dir='ltr'><strong>ο</strong></span> <span class='ocrx_word' id='word_1_742' title='bbox 2333 5537 2620 5611; x_wconf 69' lang='grc' dir='ltr'><strong>Ηψηηωη.</strong></span> <span class='ocrx_word' id='word_1_743' title='bbox 2654 5539 2796 5595; x_wconf 88' lang='lat' dir='ltr'><strong>Beda</strong></span> <span class='ocrx_word' id='word_1_744' title='bbox 2826 5556 2946 5611; x_wconf 89' lang='lat' dir='ltr'><strong>cap.</strong></span> <span class='ocrx_word' id='word_1_745' title='bbox 2983 5540 3055 5611; x_wconf 71' lang='lat'><strong>20</strong></span> <span class='ocrx_word' id='word_1_746' title='bbox 3086 5540 3241 5610; x_wconf 81' lang='lat' dir='ltr'><strong>cujus</strong></span> <span class='ocrx_word' id='word_1_747' title='bbox 3286 5536 3547 5593; x_wconf 78' lang='lat' dir='ltr'><strong>Alcuinus</strong></span> <span class='ocrx_word' id='word_1_748' title='bbox 3590 5533 3780 5589; x_wconf 78' lang='lat' dir='ltr'><strong>etiam</strong></span> 
     </span>
    </p>
   </div>
   <div class='ocr_carea' id='block_1_119' title="bbox 2192 5609 3086 5680">
    <p class='ocr_par' dir='ltr' id='par_1_119' title="bbox 2192 5609 3086 5680">
     <span class='ocr_line' id='line_1_120' title="bbox 2192 5609 3086 5680; baseline -0.002 -15"><span class='ocrx_word' id='word_1_749' title='bbox 2192 5611 2520 5666; x_wconf 78' lang='lat' dir='ltr'><strong>mentionem</strong></span> <span class='ocrx_word' id='word_1_750' title='bbox 2546 5610 2674 5665; x_wconf 83' lang='lat' dir='ltr'><strong>facit</strong></span> <span class='ocrx_word' id='word_1_751' title='bbox 2694 5612 2748 5666; x_wconf 89' lang='lat' dir='ltr'><strong>in</strong></span> <span class='ocrx_word' id='word_1_752' title='bbox 2772 5609 2927 5680; x_wconf 80' lang='lat' dir='ltr'><strong>epist.</strong></span> <span class='ocrx_word' id='word_1_753' title='bbox 2964 5609 3086 5665; x_wconf 70' lang='lat'><strong>153.</strong></span> 
     </span>
    </p>
   </div>
  </div>
