4062 6346
282 350 389 407 829

1026 347 1352 404 CARMINA.
1391 377 1463 388 -
1503 347 1591 401 DE
1629 344 1897 401 PONTIF.
1940 345 2030 402 ET
2069 346 2169 402 SS.
2213 345 2405 402 ECCL.
2448 344 2739 402 EBORAC.

3427 346 3532 402 850

280 463 433 519 Tunc
461 474 675 531 quoque
698 458 837 514 forte
856 458 957 515 fuit
975 460 1227 530 quiddam
1257 460 1602 515 memorabile
1622 467 1852 529 gestum,
1888 465 1930 523 Α
1958 458 2284 529 Praecipiens
2312 470 2498 531 gentes
2526 461 2815 517 Scotorum
2840 461 2986 518 caede
3013 472 3235 518 cruenta

282 554 518 611 Estimo
555 552 697 621 quod
726 550 909 605 multis
928 551 1184 620 prodesse
1211 551 1511 621 legentibus
1533 551 1658 613 ista,

284 646 342 701 Si
381 652 561 699 tamen
582 644 695 697 haec
721 642 1004 711 quisquam
1030 642 1299 710 reputabit
1326 642 1485 710 digna
1517 640 1762 711 legendo.

282 735 596 791 Exstinctos
626 732 768 803 regis
806 732 971 786 frater
999 732 1100 786 fuit
1124 732 1379 787 jElfwine
1409 744 1435 771 α
1464 731 1623 795 bello,

282 827 340 883 ln
367 842 476 896 quo
503 826 659 879 miles
688 825 817 878 item
840 824 1056 893 quidam
1086 832 1396 893 prostratus
1428 824 1482 877 in
1514 823 1680 876 armis

282 917 488 973 Nobilis
510 917 538 956 ι’
564 915 817 970 occubuit
841 914 1043 967 crudeli
1072 922 1252 983 strage
1272 922 1605 983 peremptus,

283 1008 668 1077 Exanimisque
696 1007 837 1062 diem
861 1006 1013 1061 duxit
1032 1021 1157 1059 cum
1179 1013 1336 1059 nocte
1359 1005 1636 1073 sequenti;

282 1100 383 1167 Qui
409 1108 613 1163 tamen,
639 1098 934 1152 exstinctos
964 1098 1143 1151 anima
1168 1097 1426 1151 redeunte
1448 1111 1546 1165 per
1572 1104 1747 1160 artus,

284 1191 546 1247 Redditus
567 1197 652 1244 est
670 1190 814 1251 vitae,
845 1196 899 1242 et
924 1196 1145 1265 sumpta.
1164 1187 1365 1241 virtute
1394 1187 1697 1251 valescens,

282 1280 457 1350 Atque
481 1279 653 1350 ligans
679 1278 894 1333 sibimet
922 1276 1201 1332 refluentia
1231 1276 1471 1338 vulnera,
1508 1276 1645 1330 festo

283 1370 460 1441 Coepit
487 1370 637 1425 abire
658 1369 848 1439 gradu,
879 1369 972 1423 sed
998 1378 1188 1438 captus
1212 1369 1279 1421 ab
1300 1368 1565 1431 hostibus,
1591 1376 1752 1435 atque

281 1462 364 1516 Ad
387 1462 639 1517 comitem
668 1460 954 1529 quemdam
978 1469 1000 1498 ο
1030 1459 1229 1513 reﬂexo
1255 1468 1339 1514 est
1369 1458 1506 1514 calle
1534 1459 1820 1521 reductus;

280 1554 380 1609 Cui
411 1570 591 1609 comes
613 1553 845 1608 instituit
871 1554 936 1607 de
964 1568 1023 1607 se
1052 1567 1276 1606 narrare
1303 1552 1424 1621 quis
1444 1561 1610 1613 esset,

278 1646 378 1705 Ille
410 1656 586 1700 tamen
615 1646 809 1700 metuit
837 1645 980 1701 clara
1004 1660 1063 1699 se
1085 1646 1253 1713 stirpe
1281 1642 1438 1697 fateri

277 1738 653 1809 Progenitum,
678 1738 897 1793 dicens:
926 1735 1137 1803 Pauper
1171 1750 1290 1788 sum
1321 1742 1376 1787 et
1402 1732 1634 1786 rusticus
1659 1745 1821 1796 unus,

274 1830 459 1901 Atque
488 1830 721 1885 maritali
749 1828 1132 1897 vivebamjnre
1169 1828 1382 1895 ligatus.

274 1920 456 1985 Quem
479 1935 661 1975 comes
695 1919 965 1987 accipiens
1000 1918 1177 1987 primo
1201 1932 1392 1971 curare
1421 1916 1647 1986 sategit;

272 2009 361 2065 Ne
382 2017 564 2064 tamen
593 2008 893 2079 aufugeret,
922 2007 1116 2059 vinciri
1136 2006 1331 2075 jussit;
1364 2014 1418 2059 at
1446 2006 1533 2060 ille

272 2096 487 2155 Vinciri
518 2112 793 2165 nunquam
832 2096 1026 2165 potuit,
1061 2110 1182 2147 nam
1215 2103 1408 2149 cuncta
1435 2095 1629 2149 resolvi

273 2185 510 2241 Vincula
540 2192 728 2255 sponte
755 2199 852 2247 sua
875 2184 1121 2238 mirando
1144 2200 1293 2238 more
1313 2184 1575 2237 solebant.

273 2280 411 2336 Baro
432 2280 560 2334 dum
588 2278 880 2334 cernebant
904 2277 1223 2347 stupefactis
1245 2276 1517 2331 mentibus
1546 2277 1754 2339 hostes,

273 2373 507 2426 Artibus
532 2385 595 2424 ex
628 2370 854 2439 magicis
879 2384 972 2423 seu
1005 2369 1223 2437 scriptis
1244 2383 1365 2423 esse
1397 2378 1668 2439 putantes,

275 2460 494 2530 Saepius
511 2460 778 2514 addebant
799 2458 994 2527 priscis
1022 2474 1159 2511 nova
1188 2458 1401 2513 vincula
1426 2459 1635 2512 vinclis.

277 2550 402 2605 Hoc
429 2563 613 2605 comes
636 2549 910 2603 admirans
939 2556 1144 2607 secrete
1173 2557 1433 2607 convocat
1468 2549 1647 2613 illum.

275 2641 353 2697 Et
381 2656 482 2697 cur
505 2655 609 2695 non
631 2646 817 2709 posset
842 2639 1059 2704 vinciri,
1092 2640 1316 2707 inquirit
1346 2641 1414 2694 ab
1441 2640 1551 2705 illo,

271 2735 365 2790 An
385 2735 537 2805 prius
558 2742 651 2788 aut
670 2732 910 2801 magicas
930 2732 1205 2786 didicisset
1234 2731 1459 2787 forsitan
1492 2733 1673 2787 artes?

273 2824 453 2880 Nosse
478 2824 612 2878 nih'l
638 2823 831 2878 studiis
852 2838 911 2877 se
938 2838 1003 2877 ex
1031 2822 1228 2877 talibus
1256 2823 1341 2877 ille
1372 2822 1592 2877 fatetur.

277 2915 448 2989 250
472 2916 566 2970 Est
593 2916 723 2969 mihi
748 2916 839 2969 sed
869 2915 1036 2969 frater
1059 2914 1085 2954 ἀ
1112 2915 1290 2969 devoti
1319 2916 1575 2985 pectoris,
1607 2915 1799 2986 inquit,

279 3007 458 3073 Quem
488 3008 620 3071 scio,
642 3008 783 3075 quod
807 3006 1023 3061 Christo
1050 3021 1151 3074 pro
1190 3022 1275 3060 me
1307 3006 1561 3061 solemnia
1585 3015 1766 3073 cantat

278 3098 591 3163 Mssarum,
617 3098 871 3167 quoniam
900 3112 984 3150 me
1006 3104 1158 3166 putat
1178 3110 1298 3151 esse
1324 3104 1680 3166 peremptum.

278 3188 352 3243 Et
379 3189 424 3244 si
450 3187 590 3251 forte
615 3188 849 3243 animam
874 3202 1013 3241 nunc
1042 3186 1212 3241 altera
1239 3168 1345 3241 vita
1377 3196 1615 3252 teneret,

276 3280 434 3338 Silius
462 3280 549 3335 illa
578 3295 767 3350 preces
791 3286 1009 3348 propter
1030 3278 1329 3347 missasque
1362 3277 1669 3345 frequentes

278 3373 500 3442 Libera,
536 3372 720 3436 credo,
751 3370 912 3434 foret,
933 3385 1227 3440 pinnasque
1251 3370 1504 3423 evaderet
1524 3383 1729 3423 omnes.

280 3463 439 3519 Tune
467 3461 716 3533 cognovit
738 3476 859 3515 eum
890 3460 1165 3528 responsis
1191 3458 1279 3513 ille
1306 3458 1536 3527 receptis

280 3555 404 3609 Dux
432 3553 544 3609 fore
569 3553 825 3622 pneclara
854 3551 1088 3621 genitum
1122 3552 1187 3604 de
1211 3551 1378 3618 stirpe
1406 3557 1730 3619 parentum;

280 3648 357 3702 Et
374 3646 619 3717 quamvis
648 3644 864 3699 sibimet
886 3642 1033 3697 visus
1056 3642 1127 3696 sit
1148 3640 1270 3708 jure
1296 3641 1594 3706 necandus,

281 3738 463 3808 Eripit
487 3738 631 3792 hunc
656 3736 837 3798 morti,
864 3735 1076 3789 cuidam
1104 3734 1196 3787 sed
1222 3732 1459 3787 vendidit
1481 3732 1649 3797 illum,

283 3831 390 3897 Qui
419 3844 632 3899 quoque
660 3835 830 3882 tentat
852 3842 974 3881 eum
1003 3825 1137 3879 diris
1158 3826 1364 3879 vincire
1390 3825 1617 3889 catenis,

283 3919 401 3974 Nec
427 3919 622 3988 potuit,
653 3916 906 3987 quoniam
930 3916 1187 3985 prmdicto
1218 3930 1367 3969 more
1390 3915 1616 3979 solutus,

284 4008 453 4064 Liber
478 4009 545 4063 al)
572 4007 835 4075 impositis
855 3992 1167 4059 remanebat
1195 4019 1420 4073 corpore
1449 4004 1659 4067 vinclis.

288 4100 505 4170 Saepius
533 4099 648 4153 hazc
671 4097 919 4166 equidem
944 4096 1039 4151 sed
1065 4096 1310 4165 praestitit
1341 4096 1472 4149 hora
1502 4095 1609 4150 diei

286 4191 497 4255 Tertia,
530 4205 635 4259 qua
664 4187 831 4243 frater
855 4187 1141 4248 missarum
1172 4187 1311 4240 dona
1335 4185 1540 4240 solebat

286 4280 465 4337 Corde
486 4282 682 4337 offerre
710 4281 830 4351 pio;
859 4280 1116 4335 Dominus
1144 4280 1267 4333 dum
1299 4279 1425 4331 talia
1456 4279 1629 4332 cernlt

288 4371 446 4435 Mira,
480 4373 787 4426 facultatem
814 4372 903 4425 dat
933 4371 982 4425 ei
1014 4385 1130 4425 sese
1156 4369 1474 4424 redimendi.

287 4463 454 4517 Liber
481 4472 534 4516 et
566 4462 652 4515 ille
690 4461 827 4516 redit
859 4461 1015 4529 pretii
1046 4461 1145 4514 sub
1161 4458 1284 4527 jure
1312 4460 1648 4528 redemptus,

286 4556 467 4624 Atque
488 4554 706 4609 domum
732 4563 977 4623 repetens
1005 4561 1322 4606 narraverat
1347 4553 1525 4606 omnia
1559 4550 1733 4616 fratri,

290 4643 401 4698 Sed
429 4642 697 4699 referente
722 4644 813 4698 illo
835 4643 1088 4712 cognovit
1117 4652 1358 4711 tempora
1383 4642 1549 4696 frater

286 4733 408 4799 Illa,
440 4733 635 4804 quibus
659 4733 852 4788 vinclis
876 4733 1170 4787 resolutum
1195 4747 1252 4786 se
1282 4731 1570 4796 referebat,

289 4825 419 4881 Hzec
440 4827 627 4881 eadem
653 4826 790 4889 fieri,
819 4826 1016 4895 quibus
1040 4834 1094 4879 et
1116 4824 1373 4879 solemnia
1405 4838 1619 4894 semper

289 4915 581 4971 Missarum
613 4915 912 4970 celebrasse
935 4915 1044 4968 Deo
1069 4928 1186 4969 sese
1212 4915 1503 4970 recolebat.

361 5004 587 5060 Praefuit
608 5004 860 5073 ngridus
886 5015 909 5043 ο
936 5019 1098 5077 regno
1125 5005 1354 5060 feliciter
1384 5005 1540 5060 annis

288 5093 402 5149 Ter
428 5096 607 5164 quinis
635 5093 839 5149 faciens
865 5094 1112 5150 victricia
1135 5096 1294 5162 bella,
1329 5111 1609 5166 quousque

224 5202 227 5207 ·
287 5186 613 5258 Agminibus
643 5187 823 5242 missis
852 5188 1030 5255 animo
1059 5197 1206 5253 trans
1232 5203 1449 5258 aequora
1473 5204 1635 5255 saevo,

363 5295 520 5352 Vers.
562 5296 687 5355 837.

365 5419 394 5479 fl.
431 5406 704 5479 gElfuJine:
736 5407 890 5476 Apud
906 5407 1125 5479 Bedami
1148 5407 1251 5479 libr
1271 5423 1345 5473 Iv,
1374 5423 1492 5479 cap.
1518 5409 1607 5463 22.

364 5477 397 5517 ι)
431 5476 657 5531 Nomine
680 5476 864 5531 Imma.
903 5476 1069 5540 Beda,
1095 5477 1312 5531 ibidem.

366 5557 392 5616 ς
440 5546 516 5599 Ad
549 5548 786 5601 comitem
816 5548 960 5615 regis
980 5547 1234 5601 Edilredi.
1266 5547 1418 5616 Apud
1448 5548 1666 5603 Bedam.

357 5615 389 5655 δ
417 5616 734 5687 Cuinomen
754 5626 871 5671 erat
891 5618 1098 5682 Tunna,
1122 5615 1404 5687 presbyter
1416 5627 1471 5673 et
1490 5619 1675 5675 abbas.
1706 5619 1863 5675 Beda.

367 5699 394 5727 ε
434 5686 683 5758 ngridus
716 5686 1237 5758 rexiNm-thumbrize
1277 5686 1407 5753 obiit
1449 5705 1588 5747 anno
1619 5689 1741 5747 685.
1772 5691 1869 5746 Be-

284 5759 359 5813 da
393 5757 515 5812 libr.
544 5773 620 5824 Iv,
657 5772 772 5826 cap.
803 5757 889 5821 26.

1960 550 2188 607 Vastare
2215 555 2496 618 innocuas,
2524 555 2709 624 Anglis
2730 563 2783 609 et
2814 570 3026 625 semper
3054 556 3287 621 amicas,

1958 646 2079 700 Mox
2106 648 2364 701 adversus
2393 662 2514 701 eum
2543 648 2708 702 Pictis
2729 647 3072 711 bellantibus,
3102 648 3217 717 ipse

1958 737 2221 793 Occubuit
2247 738 2421 791 victus
2446 739 2642 792 misera
2667 754 2788 792 cum
2820 738 2971 792 clade
2994 754 3211 792 suorum
3231 777 3249 805 ,

1957 828 2170 897 Imperii
2199 827 2445 895 linquens
2468 827 2697 882 Altfrido
2726 827 2747 866 τ
2782 829 3019 897 regmina
3051 827 3229 893 fratri,

1960 917 2060 983 Qui
2090 917 2260 971 sacris
2285 916 2458 971 fuerat
2481 916 2671 971 studiis
2701 917 2935 972 imbutus
2969 918 3036 971 ab
3068 918 3227 973 annis

1959 1008 2159 1063 IEtatis
2183 1009 2389 1078 primae,
2429 1008 2603 1061 valido
2630 1023 2875 1062 sermone
2904 1010 3142 1077 sophista
3164 1050 3178 1074 ,

1959 1100 2099 1153 Acer
2126 1108 2181 1152 et
2206 1099 2439 1168 ingenio,
2469 1096 2609 1151 idem
2641 1113 2735 1152 rex
2758 1098 2915 1151 simul
2943 1108 3104 1167 atque
3132 1099 3409 1169 magister.

1959 1188 2181 1242 Praefuit
2208 1188 2461 1242 Ecclesia:
2482 1187 2818 1241 venerandus
2843 1188 2981 1242 Bosa
3016 1190 3039 1227 8
3065 1190 3339 1253 sacerdos,

1959 1276 2251 1347 Condignis
2288 1277 2475 1347 gradui
2501 1277 2712 1330 meritis
2741 1284 2869 1330 tunc
2893 1278 3151 1346 temporis
3171 1278 3299 1343 alto,

1962 1366 2055 1421 Vir
2079 1368 2393 1428 monachus,
2419 1368 2638 1435 praesul,
2670 1368 2858 1423 doctor
2885 1369 3221 1434 moderatus,
3251 1370 3535 1435 honestus,

1960 1456 2129 1523 Quem
2152 1457 2330 1510 divina
2358 1457 2527 1510 sacris
2546 1455 2806 1510 virtutum
2842 1457 3016 1528 gratia
3038 1457 3200 1511 sertis

1962 1545 2296 1614 Compserat,
2328 1554 2383 1598 et
2408 1544 2589 1599 multis
2614 1544 2741 1601 fecit
2764 1546 3063 1617 fulgescere
3094 1547 3270 1602 donis.

1964 1633 2202 1688 Plurima
2228 1642 2558 1702 quapropter
2582 1636 2854 1705 congessit
2882 1635 3029 1690 lucra
3059 1636 3323 1703 Tonanti,

1964 1722 2120 1776 Retia
2147 1723 2448 1776 mundanas
2480 1723 2779 1777 imminens
2805 1739 2957 1778 saera
2988 1739 3087 1793 per
3112 1726 3308 1793 undas,

1889 1803 1934 1863 Β
1963 1812 2265 1881 Αἰίιιιοτείιε
2289 1811 2504 1865 Christo
2528 1812 2737 1880 praedas
2761 1812 2826 1866 ad
2861 1814 3042 1867 littora
3066 1816 3254 1869 traxit.
3323 1861 3331 1870 .

1962 1900 2057 1955 Vir
2082 1902 2198 1971 sine
2230 1900 2417 1956 fraude
2442 1902 2637 1964 bonus,
2667 1902 2815 1956 dives
2830 1903 3030 1970 pietate
3060 1918 3290 1973 superna
3309 1944 3327 1971 ,

1961 1993 2125 2062 Inque
2151 1994 2309 2046 domo
2333 1991 2545 2045 Domini
2573 1989 2720 2045 fulsit
2754 2005 2849 2046 ceu
2876 1989 3069 2046 lucifer
3093 1992 3311 2048 ardens.

1962 2082 2060 2136 llic
2090 2080 2252 2136 Pater
2277 2080 2532 2135 Ecclesiae
2561 2081 2763 2135 cultum
2790 2082 3083 2142 decoravit,
3111 2091 3166 2136 et
3190 2082 3336 2137 illam

1962 2172 2199 2227 Moribus
2225 2188 2254 2226 a
2282 2172 2454 2240 plebis
2482 2172 2697 2240 penitus
2723 2171 2991 2236 secernit;
3024 2180 3079 2226 et
3108 2174 3199 2226 uni

1961 2261 2246 2316 Deservire
2270 2261 2379 2315 Deo
2400 2261 2610 2325 statuit,
2636 2260 2796 2315 simul
2830 2261 3081 2315 omnibus
3105 2261 3275 2316 boris.

1964 2351 2032 2405 Ut
2055 2351 2167 2421 lyra
2191 2350 2446 2405 continuo
2469 2357 2748 2404 resonaret
2770 2350 2996 2419 mystica
3023 2350 3248 2418 plectro,

1962 2438 2251 2493 Ethereas
2275 2438 2486 2492 Domini
2524 2437 2822 2493 decantans
2845 2436 3091 2492 laudibus
3111 2440 3263 2494 odas.

1965 2527 2078 2583 Vox
2101 2528 2332 2582 humana
2357 2529 2576 2599 quidem
2600 2542 2851 2599 superum
2879 2529 3122 2599 pulsaret
3148 2528 3452 2600 Olympum.

1962 2618 2151 2675 Omnia
2182 2620 2503 2689 dispensans
2529 2619 2751 2674 alternis
2777 2628 3017 2689 tempora
3047 2618 3249 2684 causis,

1962 2710 2145 2766 Lectio
2170 2725 2313 2765 nunc
2350 2710 2521 2775 fieret,
2553 2710 2647 2765 sed
2670 2725 2813 2764 nunc
2834 2710 3007 2764 oratio
3043 2725 3220 2774 sacra,

1961 2801 2199 2871 Quisque
2228 2802 2320 2857 Dei
2345 2803 2531 2856 laudes
2551 2801 2831 2871 pneferret
2850 2802 3093 2870 corporis
3116 2817 3237 2855 usu.

1962 2890 2209 2947 Iusserat
2240 2893 2383 2946 hunc
2406 2893 2601 2961 raptim
2632 2891 2899 2961 complere
2927 2892 3138 2962 negotia
3161 2890 3365 2957 carnis,

1962 2984 2225 3044 Omnibus
2245 2993 2304 3038 ut
2330 2984 2481 3041 fieret
2509 2999 2707 3053 parvus
2742 2999 2922 3054 sopor,
2954 2999 3077 3039 esca
3107 2983 3208 3038 sub
3233 2990 3379 3038 actu.

1963 3071 2080 3126 Non
2105 3080 2300 3136 terras,
2327 3074 2609 3141 victusque
2625 3114 2639 3134 ,
2664 3073 2882 3136 domus;
2913 3074 3315 3137 nummismata,
3339 3080 3539 3139 vestes,

1889 3144 1937 3207 ο
1966 3162 2076 3218 Nec
2100 3163 2392 3233 quidquam
2424 3163 2701 3233 proprium
2731 3163 2947 3216 sibimet
2960 3163 3073 3233 jam
3111 3162 3345 3218 vindicet
3372 3161 3538 3227 ultus;

1962 3251 2155 3307 Omnia
2187 3254 2280 3306 sed
2306 3253 2517 3306 eunetis
2542 3251 2732 3306 fierent
2760 3254 3069 3307 communia
3094 3266 3326 3322 semper.

1961 3343 2061 3410 Qui
2095 3351 2308 3396 terrena
2332 3342 2457 3404 sibi,
2480 3342 2520 3411 ἰ·
2556 3343 2816 3397 εωιονυιη
2845 3344 2925 3398 vel
2957 3344 3093 3412 petit
3117 3344 3313 3406 haeres,

1960 3434 2187 3498 Gaudia,
2215 3434 2255 3505 -j-
2284 3435 2375 3503 qui
2397 3435 2605 3489 cunctis
2637 3435 2790 3489 fieret
2817 3435 3122 3489 communia
3151 3436 3325 3505 regni.

1962 3524 2060 3580 llic
2078 3526 2199 3594 pius
2228 3526 2455 3581 antistes
2484 3528 2693 3595 magnis
2716 3528 3009 3582 virtutibus
3038 3526 3199 3593 hujus

1960 3614 2207 3683 Implevit
2227 3624 2509 3685 postquam
2532 3616 2814 3685 praesentis
2840 3625 3081 3686 tempora
3103 3616 3246 3680 vitae,

1963 3701 2184 3759 Transit
2212 3705 2265 3759 in
2287 3709 2577 3759 tetheream
2606 3704 2760 3759 laetus
2789 3704 3019 3759 feliciter
3045 3705 3242 3759 aulam.

2034 3837 2182 3894 V'isio
2208 3841 2537 3909 temporibus
2560 3839 2923 3894 memorabiiis
2950 3850 3068 3895 acta
3099 3840 3195 3893 sub
3224 3839 3426 3909 isdem,

1965 3929 2034 3985 Ut
2066 3945 2189 3984 reor
2220 3930 2271 3983 in
2300 3940 2484 3984 nostro
2514 3931 2591 3984 sic
2612 3931 2715 3985 erit
2743 3931 2786 3985 si
2812 3932 3053 3985 carmine
3077 3931 3297 4000 scripta,

1963 4023 2211 4079 Proderit
2238 4032 2437 4077 (eterna
2469 4022 2651 4076 multis
2678 4022 2742 4076 c’e
2773 4030 2945 4076 morte
2976 4021 3249 4083 vocandis,

1964 4112 2155 4168 Posset
2181 4122 2240 4167 ut
2264 4129 2393 4184 ergo
2423 4114 2632 4168 animas
2662 4113 2807 4167 vitiis
2832 4125 3023 4167 sanare
3051 4120 3377 4181 peremptas.

1966 4203 2227 4267 Mortuus,
2253 4218 2377 4259 ecce
2400 4204 2487 4259 diu
2520 4203 2752 4258 surrexit
2780 4218 3004 4272 corpore
3028 4203 3243 4273 quidam
3274 4204 3328 4267 ιι,

1968 4293 2239 4361 Multaque
2260 4309 2379 4363 qua:
2407 4294 2541 4347 vilit
2570 4302 2866 4348 memoratu
2896 4293 3054 4364 digna
3084 4292 3312 4356 ferebat,

1966 4382 2008 4437 E
2033 4383 2224 4453 quibus
2255 4382 2343 4437 hic
2366 4382 2565 4437 nostris
2590 4382 2844 4437 addemus
2876 4397 3044 4451 pauca
3067 4382 3329 4436 camenis.

1892 4486 1943 4546 ι)
1968 4474 2109 4544 Ergo
2133 4476 2347 4528 domum
2373 4474 2642 4543 propriam
2671 4476 2942 4527 communi
2970 4474 3020 4527 in
3045 4473 3198 4543 plebe
3224 4473 3471 4541 maritus,

1968 4564 2144 4633 Atque
2165 4578 2315 4617 suam
2342 4561 2641 4630 rexitjusto
2669 4565 3034 4617 moderamine
3057 4565 3243 4629 vitam,

1967 4653 2067 4719 Qui
2100 4662 2219 4721 post
2248 4661 2424 4706 tactus
2449 4661 2565 4705 erat
2592 4653 2778 4704 morbo
2792 4649 2903 4718 jam
2935 4653 3113 4705 carnis
3141 4652 3352 4716 acerbo,

1967 4741 2176 4812 Perque
2206 4742 2321 4796 dies
2357 4741 2572 4805 multos,
2611 4741 2785 4795 valido
2815 4752 3091 4797 crescente
3125 4743 3330 4809 dolore,

1966 4831 2215 4887 Inﬁrmus
2245 4833 2508 4886 recubans
2544 4841 2786 4885 extrema
2812 4833 3052 4901 pericula
3085 4834 3266 4900 duxit;

1970 4917 2208 4974 Mortuus
2237 4936 2297 4974 ac
2332 4921 2545 4974 tandem
2576 4921 2749 4990 primo
2774 4921 2873 4973 sub
2908 4932 3144 4990 tempore
3169 4925 3342 4979 noctis
3362 4966 3377 4989 ,

1969 5011 2097 5080 Ejus
2124 5013 2175 5065 in
2200 5023 2443 5067 extrema
2474 5014 2746 5081 resiiirans
2769 5024 2919 5083 parte
2946 5016 3158 5080 revixit,

1968 5102 2142 5172 Atque
2165 5105 2493 5174 resurgendo
2519 5115 2743 5159 cunctos
2770 5106 2925 5159 simul
2960 5106 3082 5161 inde
3112 5106 3317 5176 fugavit

1969 5191 2194 5247 Funeris
2219 5196 2507 5263 exsequias
2533 5205 2853 5265 peragentes
2885 5206 3043 5251 nocte
3070 5197 3169 5251 sub
3197 5198 3332 5266 ipsa.

3142 5304 3298 5361 Vers.
3338 5306 3462 5362 890.

2046 5409 2065 5447 ί
2107 5407 2368 5465 Altfridus
2392 5415 2650 5469 successit
2677 5414 2832 5470 fratri
2872 5432 2969 5471 suo
3002 5417 3221 5474 ngrido
3250 5431 3391 5471 anno
3416 5417 3542 5474 685.

2043 5481 2069 5519 ε
2109 5479 2266 5549 Bosa,
2303 5482 2585 5549 episcopus
2609 5486 2982 5542 Eboracensis.
3023 5479 3158 5542 Vide
3187 5486 3373 5542 Flores
3404 5488 3541 5543 Hist.

2007 5565 2066 5603 er
2110 5548 2419 5605 Mattbmum
2462 5548 3141 5611 West-Monasteriensem
3186 5557 3439 5612 collectos
3481 5559 3547 5611 de

2000 5618 2221 5696 Vilfrido
2248 5629 2302 5675 et
2316 5621 2463 5696 Bosa
2481 5626 2771 5696 episcopis.
2816 5626 2944 5680 Ven.
2976 5626 3137 5691 Beda,
3169 5626 3290 5680 libr.
3331 5643 3381 5681 iv
3406 5627 3543 5687 Hist.

1969 5689 2129 5760 Angl.
2153 5705 2270 5758 cap.
2307 5691 2374 5744 12
2393 5702 2447 5746 et
2471 5689 2559 5748 '25.
2672 5689 2686 5696 ’
3127 5689 3132 5691 ⁷
3172 5702 3179 5709 ‘

2040 5759 2069 5801 Β
2104 5759 2424 5821 Brit/iclum:
2453 5765 2684 5820 nomine.
2718 5764 2876 5831 Beda,
2910 5765 3030 5820 libr.
3065 5784 3095 5821 v
3123 5783 3241 5838 cap.
3290 5770 3373 5825 l5.
