4062 6346
542 291 643 350 851

541 402 669 456 Plus
695 398 788 457 sed
818 414 999 456 amore
1030 399 1214 470 vigens
1234 398 1428 468 conjux
1456 399 1529 453 ibi
1559 398 1672 453 sola
1703 398 1984 462 remansit,

544 493 717 560 Quam
749 493 973 546 nimium
1004 492 1252 560 pavidam
1278 491 1493 545 rediens
1520 504 1549 542 a
1573 498 1745 543 morte
1769 490 1999 544 maritus

544 585 799 654 Cmperat
819 585 1045 647 hortari,
1076 583 1299 651 reliquis
1326 580 1654 649 fugientibus
1683 580 1828 634 illinc
1855 599 1867 633 :
1926 630 1931 635 .

554 694 574 725 ι
608 675 737 741 Qua:
764 672 893 726 mihi
918 672 1023 725 fida
1052 672 1184 724 satis
1210 685 1455 723 remanes
1482 685 1547 724 ex
1569 670 1836 732 omnibus,
1870 669 2065 737 inquit,

548 765 626 819 Te
655 779 801 833 rogo,
836 778 901 815 ne
931 769 1139 816 metuas
1164 775 1305 813 nunc
1328 775 1437 824 me,
1460 758 1771 813 dulcissima
1796 758 2013 827 conjux,

550 853 685 908 Vivo
706 852 975 919 equidem,
1002 866 1128 905 vere
1153 850 1361 904 surrexi
1398 865 1428 903 a
1454 858 1626 903 morte
1656 848 1937 914 remissus,

551 941 657 996 Sed
680 942 809 996 mibi
838 941 992 1009 longe
1016 940 1172 993 aliter
1207 954 1348 993 nunc
1388 939 1555 993 altera
1588 939 1696 993 vita
1722 939 1993 1008 sequenda
2014 947 2118 1005 est,

548 1031 754 1086 Gaudia
782 1030 864 1085 vel
884 1030 1042 1084 luxus
1064 1043 1239 1083 meme
1268 1028 1524 1083 damnare
1552 1042 1778 1082 necesse
1799 1036 1904 1082 est.
1937 1048 1954 1081 ι

549 1117 661 1172 Nec
691 1132 859 1177 mora,
893 1116 1096 1170 divitiis
1123 1129 1251 1167 mox
1269 1114 1518 1168 omnibus
1547 1112 1633 1166 ille
1660 1113 1888 1179 relictis,

548 1206 677 1263 Jura
706 1204 1022 1260 monasterii
1048 1204 1240 1258 devoto
1265 1211 1347 1258 est
1373 1203 1532 1257 corde
1553 1209 1769 1258 secutus
1786 1241 1800 1265 ,

546 1297 723 1366 Atque
750 1296 823 1349 ibi
854 1303 964 1348 tam
984 1294 1117 1348 duro
1147 1292 1351 1348 domuit
1375 1293 1473 1347 sub
1500 1291 1739 1361 pondere
1763 1307 1981 1361 corpus,

549 1388 623 1444 Ut
648 1388 802 1443 facile
830 1386 1034 1442 ex’vita
1054 1392 1274 1456 possent
1298 1399 1621 1454 cognoscere
1643 1384 1843 1447 cuncti,

550 1479 682 1545 Qua:
710 1477 793 1531 vel
822 1485 1020 1546 quanta
1042 1476 1194 1545 prius
1222 1476 1413 1528 ductus
1437 1473 1503 1527 de
1528 1488 1757 1542 corpore
1780 1472 1966 1526 crevit.

552 1569 663 1623 Isto
692 1582 925 1637 namque
946 1569 1106 1622 modo
1134 1581 1252 1635 qure
1289 1564 1422 1619 vidit
1455 1561 1599 1619 ferre
1629 1562 1853 1617 solebat.

562 1678 580 1709 ι
618 1658 939 1728 Splendidus
968 1697 983 1721 ,
1012 1655 1204 1725 inquit,
1231 1662 1369 1719 erat,
1394 1653 1484 1722 qui
1506 1668 1592 1707 me
1616 1653 1680 1707 de
1702 1666 1927 1721 corpore
1950 1652 2121 1715 duxit,

551 1751 621 1805 Et
650 1757 839 1805 contra
864 1748 1108 1803 aestivum
1137 1746 1265 1801 solis
1288 1744 1648 1814 processimus
1674 1750 1874 1807 ortum,
1918 1794 1923 1799 ,

553 1841 670 1906 Quo
698 1839 764 1893 ad
789 1839 950 1892 latam
972 1837 1163 1891 vallem
1191 1834 1502 1889 devenimus
1527 1841 1688 1901 atque
1718 1830 2059 1903 profundam,

552 1926 716 1995 Cujus
746 1928 800 1982 in
829 1927 1119 1996 oblongum
1146 1932 1369 1978 extensa
1395 1930 1480 1977 est
1502 1922 1618 1977 sine
1639 1920 1744 1976 fine
1767 1923 1993 1992 vorago,

552 2022 682 2089 Qua:
702 2020 841 2073 latus
866 2016 1196 2071 horrendum
1210 2013 1449 2068 ﬂammis
1471 2012 1802 2068 ferventibus
1822 2022 2017 2076 urunt,

553 2112 731 2178 Atque
760 2106 902 2161 aliud
922 2105 1108 2160 habuit
1130 2103 1337 2174 glaciali
1365 2103 1624 2174 grandine
1652 2103 1901 2171 plenum;

557 2198 682 2259 liazc
705 2196 987 2252 animabus
1010 2202 1128 2248 erat
1152 2194 1429 2247 hominum
1449 2192 1575 2247 hinc
1602 2192 1725 2246 inde
1750 2192 1970 2261 repleta,

556 2296 686 2361 Qua:
709 2294 870 2357 nimis
894 2301 1099 2346 exusta:
1127 2292 1256 2345 dum
1290 2290 1535 2344 flammas
1561 2289 1703 2344 ferre
1729 2290 2042 2359 nequibant,

555 2385 797 2454 Frigoris
821 2385 874 2438 in
902 2383 1138 2441 medium
1167 2382 1367 2436 misere
1392 2397 1514 2435 mox
1543 2381 1914 2451 prosiliebant,

626 2477 783 2547 251
814 2475 1056 2539 Cumque
1084 2472 1159 2528 ibi
1187 2488 1286 2529 nec
1311 2480 1562 2543 poterant
1590 2474 1828 2542 requiem
1870 2475 2127 2543 reperire,

1776 2565 2037 2637 [vicissim

555 2660 1003 2717 Flammivomum
1032 2657 1220 2714 ﬂentes
1252 2659 1449 2713 iterum
1474 2658 1783 2713 ferebantur
1813 2661 1865 2714 in
1894 2661 2091 2729 ignem.

555 2751 684 2806 llzcc
708 2766 937 2806 cernens
960 2764 1171 2806 mecum
1194 2750 1516 2815 meditabar,
1548 2749 1689 2805 forte
1715 2752 1857 2819 quod
1877 2761 2021 2808 esset

554 2843 721 2898 Poena
750 2841 1049 2907 infernalis,
1084 2857 1247 2910 quam
1276 2857 1418 2911 saepe
1447 2842 1635 2896 audire
1662 2840 1918 2897 solebam.

555 2932 758 2989 Ductor
786 2938 841 2985 et
864 2932 954 2984 ille
977 2932 1107 2986 mihi
1134 2932 1417 2987 meditanti
1451 2930 1577 2985 talia
1603 2932 1773 2989 dixit:

555 3025 695 3088 Non,
720 3030 780 3077 ut
806 3024 919 3091 ipse
942 3031 1116 3091 putas,
1143 3022 1303 3078 isthic
1332 3022 1579 3078 infernus
1605 3024 1852 3078 habetur.

1352 286 1409 341 Β.
1453 286 1513 342 F.
1554 284 1776 341 ALBlNl
1814 286 1943 343 SEU
1984 286 2255 343 ALCUINI
2291 285 2573 344 OPERUM
2610 284 2790 338 PARS
2828 281 2910 336 Vl.

2129 403 2179 459 Α
2204 397 2469 451 Prendere
2499 394 2825 463 forcipibus;
2856 406 2957 446 nec
2993 404 3072 442 me
3101 389 3413 458 contingere
3435 395 3644 443 tantum

3685 272 3788 331 852

2213 486 2330 541 Jam
2358 494 2627 555 poterant,
2659 481 2905 552 quamvis
2933 480 3162 534 multum
3185 488 3388 534 terrere
3414 480 3678 537 valerent.

2215 580 2365 634 Tunc
2390 593 2488 647 ego
2517 577 2800 632 conclusus
2828 573 3064 629 tenebris
3091 581 3148 627 et
3174 572 3242 626 ab
3280 574 3437 627 hoste
3464 582 3705 639 coactus,

2216 667 2588 737 Circumspexi
2616 665 2806 729 oculis,
2834 663 3035 733 aliquid
3063 662 3109 717 si
3136 662 3278 717 forte
3303 663 3512 717 veniret

2217 758 2437 822 Auxilii,
2470 771 2575 825 quo
2595 753 2709 822 jam
2738 753 2978 808 salvarer
3002 752 3071 805 ab
3101 752 3258 806 hoste
3285 760 3530 806 cruento.

2219 849 2370 903 Tunc
2391 846 2521 900 mihi
2541 852 2662 915 post
2689 852 2895 914 tergum
2919 841 3069 897 fulsit
3088 842 3243 909 quasi
3265 842 3417 896 stella
3439 858 3536 912 per
3556 844 3791 907 umbras,

2218 937 2347 1004 Qure
2366 936 2537 1006 magis
2550 950 2867 990 accrescens
2884 947 3285 1002 properansque
3307 931 3580 1002 fugaverat
3592 935 3793 997 hostes,

2220 1029 2337 1083 Dux
2363 1034 2483 1081 erat
2510 1026 2596 1080 ille
2622 1040 2777 1080 meus
2803 1025 3025 1079 veniens
3052 1040 3175 1078 cum
3205 1023 3323 1077 luce
3352 1031 3593 1092 repente,

2219 1116 2383 1184 Cujus
2407 1117 2461 1169 in
2496 1116 2725 1170 adventu
2749 1114 3002 1184 fugerunt
3031 1114 3302 1169 daemones
3326 1113 3452 1168 atri.

2223 1204 2360 1258 llinc
2382 1204 2647 1258 convertit
2674 1204 2778 1257 iter
2801 1203 3103 1265 brumalem
3129 1202 3259 1257 solis
3283 1202 3351 1257 ad
3374 1211 3577 1269 ortum,

2222 1294 2489 1362 Noctique
2512 1302 2757 1363 ereptum
2786 1293 2985 1348 nitidas
3012 1308 3099 1348 me
3126 1293 3279 1347 duxit
3299 1293 3354 1348 in
3382 1308 3564 1348 auras.

2222 1388 2361 1441 Ante
2395 1386 2486 1442 ubi
2510 1402 2608 1442 nos
2632 1402 2820 1441 murus
2848 1387 3025 1441 subito
3052 1387 3353 1457 comparuit
3382 1387 3593 1457 ingens,

2224 1476 2328 1543 Qui
2356 1477 2471 1531 sine
2494 1476 2597 1535 [ine
2618 1476 2701 1531 sui
2738 1476 2817 1532 sic
2844 1475 2993 1531 visus
3016 1476 3208 1548 longus
3232 1484 3287 1531 et
3311 1476 3471 1542 altus,

2224 1562 2412 1619 Nullus
2439 1573 2501 1618 ut
2521 1572 2747 1620 extenso
2777 1564 3051 1622 videretur
3078 1566 3342 1621 terminus
3369 1567 3466 1625 illi.

2228 1653 2333 1708 Sed
2358 1668 2525 1724 prope
2550 1654 2676 1708 dum
2706 1654 2971 1718 vertimus,
2993 1670 3121 1724 quo,
3144 1656 3289 1724 quali
3312 1659 3494 1713 nescio
3519 1668 3663 1714 certe

2156 1746 2200 1806 Β
2228 1745 2451 1811 Ordine,
2478 1762 2577 1801 nos
2603 1746 2802 1802 fuimus
2828 1754 3032 1802 stantes
3059 1748 3113 1801 in
3138 1748 3371 1805 culmine
3395 1752 3557 1811 muri.

2227 1835 2367 1890 Ecce
2402 1836 2473 1889 ibi
2499 1852 2720 1906 campus
2744 1845 2862 1891 erat
2886 1852 3111 1907 magnus
3136 1839 3532 1906 pulcherrimus
3554 1849 3726 1911 atque,

2226 1926 2390 1996 Cujus
2420 1934 2600 1981 tantus
2627 1936 2744 1981 erat
2772 1927 3061 1998 fragrantis
3086 1930 3228 1984 nitor
3254 1932 3454 1995 odoris,

2226 2012 2271 2066 Α
2300 2028 2386 2067 me
2423 2012 2647 2073 fetorem
2677 2028 2801 2067 mox
2826 2022 2887 2068 ut
2920 2012 3212 2085 depelleret
3233 2032 3448 2072 omnem
3478 2037 3491 2071 :

2229 2104 2295 2156 Et
2319 2103 2407 2157 lux
2441 2112 2590 2157 tanta
2620 2120 2832 2158 sacrum
2854 2104 3167 2175 perfuderat
3200 2109 3436 2179 undique
3464 2125 3728 2180 campum,

2228 2191 2483 2248 Vincerct
2510 2205 2567 2247 ut
2595 2194 2768 2249 lucem
2807 2195 2934 2250 solis
2956 2196 3116 2250 simul
3144 2205 3305 2268 atque
3332 2200 3458 2255 diei.

2230 2287 2286 2339 ln
2313 2286 2397 2341 his
2426 2302 2554 2357 ergo
2583 2286 2716 2341 locis
2743 2287 2890 2341 lictas
2920 2288 3162 2343 habitare
3182 2279 3429 2345 videbam

2233 2375 2557 2435 Sanctorum
2582 2385 2811 2440 turmas,
2846 2376 3105 2447 sedesque
3138 2385 3321 2433 tenere
3347 2380 3551 2435 beatas.

2232 2467 2358 2522 Haec
2377 2483 2476 2536 ego
2501 2469 2842 2538 conspiciens
2869 2484 3079 2527 mecum
3108 2470 3424 2537 meditabar,
3455 2489 3525 2528 an
3552 2484 3724 2529 essent

2232 2558 2420 2629 Regna
2445 2574 2676 2627 superna
2704 2559 2811 2629 poli
2838 2560 3048 2614 cunctis
3077 2560 3342 2628 promissa
3368 2562 3559 2618 beatis.

2234 2647 2361 2704 Haec
2388 2648 2522 2702 mihi
2549 2649 2782 2703 volventi
2812 2650 3091 2720 respondit
3119 2652 3327 2716 ductor,
3355 2660 3411 2707 et
3437 2653 3554 2708 infit
3578 2672 3591 2707 :

2234 2736 2373 2797 Non.
2405 2737 2543 2792 sicut
2572 2742 2683 2808 ipse
2716 2748 2895 2808 putas,
2921 2740 3081 2796 isthic
3107 2749 3232 2799 sunt
3255 2757 3420 2813 regna
3444 2745 3708 2814 polorum.

2235 2828 2427 2900 Fulget
2451 2829 2504 2883 in
2529 2838 2651 2883 ante
2678 2845 2830 2885 nova:
2856 2828 3029 2899 major
3055 2832 3187 2887 mihi
3217 2834 3390 2903 gratia
3416 2835 3574 2899 lucis,

2236 2919 2367 2985 Qua:
2395 2919 2560 2973 nimio
2587 2927 2806 2989 superat
2834 2918 3006 2974 lucem
3034 2920 3236 2991 fulgore
3260 2924 3518 2992 priorem,

2235 3010 2373 3066 Nam
2405 3019 2527 3066 tunc
2556 3011 2645 3065 illa
2675 3012 2824 3079 prior
2848 3026 2975 3066 vere
3007 3013 3317 3068 tenuissima
3349 3016 3463 3069 visa
3487 3024 3590 3070 est.

557 3117 798 3184 Cumque
828 3115 943 3169 bazc
964 3116 1276 3184 aspicerem,
1319 3115 1571 3183 pavidum
1601 3131 1687 3170 me
1718 3116 1871 3181 duxit
1897 3114 1951 3168 in
1988 3123 2130 3169 ante.
2162 3101 2210 3164 (ἶ
2238 3102 2353 3156 κ’οΧ
2383 3118 2595 3172 quoque
2634 3111 2949 3158 cantantum
2970 3113 3191 3159 Γθεοηὲλῐ
3220 3105 3530 3163 dlllCiSSima
3565 3108 3772 3171 ibidem.

559 3207 710 3260 Tunc
737 3207 915 3260 subito
942 3206 1053 3260 vidi
1085 3206 1322 3260 tenebris
1344 3206 1459 3260 loca
1484 3216 1675 3260 cuncta
1706 3207 1923 3276 repleri,

557 3297 932 3364 lutrantesque
962 3296 1079 3353 illas
1107 3297 1342 3351 densata:
1368 3297 1543 3351 noctis
1570 3298 1747 3367 imago

557 3387 667 3441 Nos
696 3386 840 3440 circa
866 3386 1126 3449 incubuit,
1161 3402 1259 3440 nec
1289 3385 1580 3455 quidquam
1606 3402 1831 3442 cernere
1858 3396 2056 3458 pmter

558 3477 806 3532 Ductoris
826 3477 1061 3547 speciem
1090 3477 1239 3545 potui
1268 3485 1552 3546 vestesque
1578 3478 1831 3533 nitentes.

557 3568 629 3621 Et
661 3568 737 3622 sic
762 3568 989 3635 ingressi
1016 3567 1127 3622 sola
1159 3568 1258 3621 sub
1286 3576 1442 3621 nocte
1465 3582 1563 3636 per
1588 3569 1830 3633 umbras,

560 3657 700 3711 Ecce
730 3666 949 3725 repente
970 3656 1111 3727 globi
1138 3656 1471 3711 flammarum
1491 3658 1645 3713 valde
1667 3667 1927 3714 tetrarum

562 3748 731 3802 Sicuti
762 3747 827 3801 de
849 3755 1011 3816 puteo
1038 3754 1264 3818 surgunt
1292 3748 1596 3821 iterumque
1622 3749 1865 3804 residunt
1889 3768 1902 3815 ;

561 3837 711 3891 Tunc
745 3837 935 3890 aberat
964 3836 1141 3892 subito
1177 3839 1367 3892 ductor
1396 3838 1647 3908 solusque
1675 3841 1933 3909 remansi,

558 3926 615 3979 lu
648 3926 839 3980 mediis
864 3926 1072 3995 positus
1098 3927 1336 3996 trepidus
1361 3928 1709 3998 stupidusque
1740 3931 1994 3985 tenebris.

560 4015 800 4084 Cumque
825 4016 967 4086 globi
998 4016 1227 4070 flatumze
1257 4023 1501 4085 peterent
1524 4017 1653 4082 alta,
1679 4026 1840 4088 atque
1866 4020 2103 4085 vicissim

562 4104 792 4159 Motibus
822 4105 1041 4160 alternis
1076 4107 1386 4175 repetebant
1410 4106 1517 4160 ima
1544 4108 1807 4173 barathri,

561 4195 754 4249 Omnia
780 4192 1116 4248 flammarum
1143 4194 1352 4265 fastigia
1381 4210 1541 4251 cerno
1568 4197 1762 4267 repleri

563 4287 856 4357 Spiritibus
883 4288 1160 4341 hominum
1190 4288 1421 4353 miseris,
1449 4290 1540 4357 qui
1562 4304 1713 4353 more
1734 4289 1925 4353 favilla:

565 4380 702 4433 Cum
737 4377 965 4433 flammis
994 4378 1195 4447 pariter
1224 4378 1570 4444 scandebant,
1601 4388 1762 4449 atque
1787 4381 2067 4449 cadebant,

562 4468 669 4523 Sed
696 4469 892 4522 nimius
922 4468 1061 4521 fetor
1089 4468 1195 4522 latc
1219 4468 1337 4522 loca
1363 4477 1555 4523 cuncta
1587 4471 1842 4539 replebat.

565 4562 802 4630 Longius
830 4561 944 4614 lucc
976 4574 1204 4613 cernens
1228 4560 1581 4614 circumstetit
1604 4561 1839 4631 undique
1876 4571 2065 4630 terror,

563 4652 634 4707 Ut
658 4659 780 4721 pote
809 4650 939 4719 quid
969 4648 1227 4713 facerem,
1254 4661 1467 4719 possem
1496 4665 1603 4719 quo
1625 4658 1835 4706 vertere
1857 4667 2102 4724 gressum

560 4741 787 4805 Inscius,
816 4749 909 4795 aut
937 4740 1134 4794 misero
1160 4740 1248 4810 qui
1278 4740 1397 4795 finis
1422 4741 1561 4796 forte
1594 4750 1853 4797 maneret.

558 4833 736 4889 Audio
774 4842 886 4887 tum
914 4834 1092 4888 subito
1129 4832 1365 4888 sonitum
1388 4842 1510 4903 post
1536 4842 1683 4903 terga
1708 4844 2036 4905 gementum,

566 4928 677 4984 Nec
703 4945 807 4983 nou
844 4945 942 4984 ceu
967 4929 1111 4999 vulgi
1140 4936 1297 4999 capto
1327 4944 1487 4998 super
1510 4928 1665 4983 hoste
1690 4928 2011 4983 cachinnum
2035 4945 2050 4994 ;

560 5021 662 5089 Qui
688 5035 854 5090 prope
874 5019 999 5073 dum
1024 5018 1245 5071 veniunt
1268 5018 1452 5072 hostes
1475 5032 1709 5088 agnosco
1735 5016 2019 5086 malignos,

556 5111 640 5165 Ad
668 5126 857 5181 poenas
880 5110 1086 5163 animas
1114 5108 1380 5161 ululantes
1404 5109 1640 5177 quinque
1682 5108 1980 5171 trahentes,

558 5196 693 5252 Cum
715 5197 910 5266 quibus
947 5197 1002 5251 in
1032 5196 1192 5251 medii
1217 5197 1549 5250 descendunt
1582 5197 1689 5249 ima
1718 5196 1981 5250 barathri.

557 5289 948 5343 Flammivomo
973 5303 1005 5343 e
1029 5296 1191 5357 puteo
1218 5286 1434 5356 quidam
1455 5286 1646 5340 deinde
1673 5286 1889 5357 maligni

561 5384 840 5436 Daemones
864 5381 1175 5444 ascendunt,
1210 5379 1380 5433 oculis
1408 5377 1826 5441 flammantibus,
1857 5387 2019 5449 atque

561 5474 642 5528 Me
666 5475 1155 5539 circumsteterant,
1185 5472 1428 5543 putidum
1452 5471 1518 5527 de
1544 5473 1762 5531 naribus
1791 5474 1966 5544 ignem

562 5566 771 5632 Oreque
800 5565 1066 5634 spirantes
1094 5564 1296 5637 ignitis,
1328 5579 1518 5632 meque
1550 5563 1821 5617 minantur

640 5675 790 5729 νοτ-δ.
832 5678 952 5731 9ί7.

2241 3196 2309 3248 Et
2334 3211 2456 3249 cum
2480 3194 2598 3249 luce
2630 3195 2733 3250 fuit
2763 3197 2887 3251 miri
2924 3196 3216 3269 fragrantia
3242 3200 3445 3266 odoris,

2243 3286 2313 3341 Ut
2338 3286 2466 3341 mibi
2501 3296 2720 3355 propter
2740 3302 2859 3341 eam
2886 3290 3207 3359 parvissima
3231 3293 3401 3360 prima
3434 3302 3615 3362 putata
3644 3304 3737 3349 est.

2241 3374 2359 3442 Quo
2386 3392 2484 3430 nos
2506 3377 2631 3430 dum
2658 3376 2814 3431 lmtus
2840 3392 3116 3447 sperarem
3145 3379 3362 3443 intrare,
3391 3393 3611 3452 repente

2243 3464 2493 3519 Substitit
2515 3465 2628 3535 ipse
2654 3482 2806 3521 meus
2832 3467 3023 3521 ductor
3043 3484 3393 3540 gressumque
3418 3482 3708 3543 retorquet,

2242 3556 2430 3626 Meque
2456 3558 2561 3622 via,
2592 3574 2689 3628 per
2724 3576 2884 3629 quam
2915 3577 3013 3617 nos
3040 3564 3304 3628 venimus,
3328 3565 3449 3621 inde
3478 3566 3703 3629 reduxit,

2240 3647 2610 3717 Intrantesquc
2639 3652 2832 3705 iterum
2860 3653 3037 3722 campi
3062 3653 3176 3709 loca
3206 3655 3428 3724 pulchra
3454 3657 3670 3726 prioris,

2242 3740 2432 3793 Omnia
2465 3756 2585 3808 quae
2608 3741 2739 3807 vidi,
2772 3742 2817 3797 si
2839 3744 3034 3798 scirem
3056 3744 3212 3812 forte,
3242 3748 3505 3816 requirit:

2243 3829 2435 3885 Nescio
2456 3833 2544 3885 cui
2565 3832 2701 3901 dixi,
2730 3835 3022 3906 statimque
3043 3836 3156 3892 bazc
3186 3838 3390 3895 addidit
3412 3840 3500 3903 ille
3524 3859 3537 3894 :

2244 3923 2434 3978 Vidisti
2458 3925 2648 3981 vallem
2672 3926 2903 3983 ﬂammis
2927 3937 2982 3985 et
3005 3928 3205 4000 frigore
3232 3931 3466 4000 plenam,

2241 4013 2299 4068 ln
2329 4030 2432 4085 qua
2459 4032 2600 4071 nunc
2625 4019 2819 4073 anima:
2843 4020 3020 4089 pomis
3045 4029 3344 4091 purgantur
3365 4024 3596 4088 acerbis,

2241 4106 2321 4163 Ac
2342 4107 2567 4162 redeunt
2592 4109 2788 4164 iterum
2810 4119 3051 4180 purgate
3080 4112 3148 4165 ad
3168 4114 3388 4180 pnnmia
3415 4114 3559 4169 vitae.

2242 4197 2311 4253 At
2332 4214 2459 4256 vero
2484 4208 2677 4270 puteus
2705 4201 2949 4270 putidum
2974 4202 3066 4272 qui
3096 4212 3344 4260 eructuat
3371 4205 3571 4274 ignem,

2242 4290 2337 4344 Est
2360 4305 2421 4344 os
2448 4289 2663 4358 inferni,
2689 4292 2858 4346 ruerit
2881 4307 3008 4349 nam
3035 4294 3279 4364 quisquis
3308 4295 3362 4349 in
3390 4295 3540 4350 illum

2243 4378 2404 4434 Forte
2433 4388 2621 4446 semet,
2650 4397 2920 4451 nunquam
2950 4391 3070 4453 post
3102 4385 3217 4440 haec
3242 4385 3535 4440 salvabitur
3564 4385 3698 4440 inde.

2164 4446 2218 4506 D
2245 4475 2486 4547 Floriger
2507 4476 2607 4531 iste
2632 4446 2799 4541 locus,
2824 4446 2985 4546 quem
2998 4478 3236 4549 possidet
3258 4479 3377 4534 alba
3399 4478 3670 4547 juventus,

2243 4564 2341 4620 Est
2374 4566 2586 4634 requies
2608 4566 2663 4619 in
2686 4581 2792 4635 qua
2817 4574 3063 4636 spectant
3082 4568 3321 4624 coelestia
3349 4583 3532 4636 regna,

2241 4656 2342 4723 Qui
2356 4658 2492 4711 bona
2506 4666 2808 4726 gesserunt,
2827 4660 3073 4727 quamvis
3086 4674 3153 4713 ex
3166 4666 3319 4729 parte
3334 4659 3534 4723 minus,
3548 4674 3700 4729 quam

2238 4745 2478 4802 Postulat
2502 4746 2643 4801 alma
2669 4746 2802 4805 ﬁdes
2822 4767 2832 4802 :
2859 4764 2984 4803 nam
2996 4750 3089 4819 qui
3113 4749 3382 4818 perfectus
3396 4750 3592 4820 ubique
3605 4758 3697 4809 εει.

2240 4835 2311 4893 Ut
2335 4836 2582 4903 moritur,
2612 4839 2793 4893 statim
2817 4838 2939 4893 caeli
2964 4840 3266 4908 penetrabit
3292 4839 3345 4892 iu
3368 4838 3571 4893 aulam.

2244 4926 2479 4981 Pertinet
2505 4928 2574 4984 ad
2595 4928 2749 4997 cujus
2772 4928 2969 4983 vicinia
2995 4928 3225 4999 fulgidus
3245 4928 3333 4984 ille

2246 5015 2387 5070 Luce
2406 5017 2555 5079 locus
2580 5017 2768 5083 nimia,
2796 5018 2916 5072 miri
2946 5032 3158 5087 quoque
3185 5017 3375 5087 plenus
3400 5019 3600 5082 odoris,

2248 5106 2321 5159 De
2343 5123 2449 5175 quo
2471 5116 2781 5171 cantantum
2805 5109 3124 5163 suavissima
3143 5124 3247 5163 vox
3270 5110 3576 5167 resonabat.

2248 5197 2326 5251 Tu
2354 5199 2479 5266 quia
2504 5215 2645 5253 nunc
2667 5201 2859 5253 iterum
2882 5201 3045 5255 debes
3065 5215 3343 5256 assumere
3362 5217 3577 5272 corpus,

2248 5286 2423 5355 Atque
2449 5288 2691 5343 homines
2724 5289 2884 5355 inter,
2913 5290 3170 5343 moritura
3190 5292 3373 5347 vivere
3396 5293 3524 5357 vita,

2249 5378 2490 5451 Corrige,
2518 5396 2717 5449 quaeso,
2743 5390 2862 5436 tuos
2893 5399 3073 5438 mores
3098 5391 3155 5437 et
3178 5383 3344 5438 verba
3364 5383 3448 5438 vel
3468 5392 3637 5444 actus,

2250 5469 2319 5523 Ut
2344 5478 2429 5523 tua
2458 5472 2511 5525 in
2534 5472 2618 5525 his
2639 5481 2820 5526 sancta
2846 5481 3124 5542 reputetur
3151 5474 3359 5529 mansio
3382 5475 3593 5528 turmis.

2249 5557 2371 5612 lber
2403 5560 2490 5615 ubi
2521 5560 2753 5625 diccbat,
2780 5564 3047 5629 quomodo
3074 5565 3165 5619 sed
3193 5565 3332 5618 scire
3352 5564 3588 5633 nequivi.

3400 5675 3549 5731 γωδ.
3596 5674 3727 5730 1005.
