4062 6346
305 341 408 396 835
1039 337 1472 434 CARMINAV—
1500 339 1588 394 DE
1627 339 1896 396 PONTIF.
1938 340 2026 395 ET
2066 340 2166 396 SS.
2209 341 2408 398 ECCL.
2451 342 2744 400 EBORAC.
3461 337 3568 406 8-54

304 451 550 507 lndutum
579 448 799 520 proprio
819 449 1001 504 statim
1025 467 1110 506 me
1130 467 1356 522 corpore
1379 453 1505 508 vidi.
1532 475 1550 504 ι
1899 454 2209 524 ACorpora
2237 456 2547 526 projiciunt,
2575 473 2694 527 quae
2720 457 2814 513 sed
2841 473 2964 514 mox
2992 457 3182 514 ordine
3207 460 3344 516 miro

369 541 478 596 Nec
512 557 646 610 gens
670 541 940 595 clarorum
985 543 1218 612 genitrix
1247 544 1363 598 haec
1405 553 1588 598 nostra
1619 545 1880 610 virorum,
1984 543 2182 597 Contra
2216 546 2534 614 praevalidos
2556 545 2866 602 ferebantur
2893 546 3128 608 ﬂuminis
3153 549 3312 614 ictus,

305 630 447 698 Quos
469 631 678 700 genuit,
707 628 804 684 soli
827 629 1043 684 sibimet
1075 639 1202 685 tunc
1225 632 1342 701 ipsa
1373 632 1591 686 tenebat
1984 631 2144 685 Millia
2169 641 2224 686 et
2251 649 2424 702 usque
2450 650 2580 690 suos
2602 637 2780 691 socios
2803 637 3020 692 undana
3044 637 3318 694 natabant.

302 725 445 779 Intra
472 722 614 778 forte
644 722 725 776 sui
755 722 1082 780 concludens
1111 722 1318 776 viscera
1343 724 1518 792 regni,
1981 719 2081 774 Ast
2113 736 2433 791 quocunque
2456 724 2574 778 loco
2596 726 2886 781 veniebant
2912 742 3140 798 corpora
3169 739 3347 794 nocte,

304 814 406 869 Sed
431 813 617 882 procul
647 829 715 868 ex
747 813 855 868 illis
885 813 1084 867 multos
1117 821 1262 867 trans
1289 828 1508 882 aequora
1541 815 1707 877 misit,
1983 809 2248 866 Maximus
2277 811 2404 867 hinc
2430 813 2564 868 lucis
2593 813 2777 872 radius
2806 831 2968 885 super
3003 825 3152 872 astra
3179 806 3410 873 refulsit.

301 904 563 960 Gentibus
585 912 646 958 ut
665 904 890 973 reliquis
915 903 1234 972 praeferrent
1263 905 1470 960 semina
1501 906 1644 960 vitae.
1980 900 2188 956 Lumen
2210 910 2264 956 el-
2301 903 2403 956 hoc
2424 903 2520 967 illi,
2550 905 2645 973 qui
2670 915 2888 962 sanctos
2911 916 3037 962 ante
3068 895 3352 975 necabam,

301 995 343 1052 E
369 995 562 1064 quibus
591 995 679 1049 ille
708 992 810 1048 fuit
833 995 1009 1050 dictus
1037 996 1354 1066 cognomine
1380 994 1614 1052 Sanctus
1979 994 2263 1064 Aspiciunt
2285 997 2434 1050 omni
2461 1013 2677 1068 semper
2703 999 3004 1071 fulgescere
3033 1011 3207 1058 nocte.

303 1085 464 1156 252
503 1085 738 1156 Egberet
760 1097 785 1124 ει
816 1086 1063 1151 antistes,
1091 1087 1281 1156 primis
1299 1087 1476 1142 aetatis
1503 1088 1558 1141 in
1584 1088 1741 1143 annis
1979 1085 2130 1140 Alter
2157 1087 2224 1142 ab
2249 1086 2334 1142 his
2365 1095 2527 1142 noctu
2551 1089 2820 1143 sociorum
2845 1091 2993 1145 visus
3018 1100 3075 1146 at
3098 1093 3191 1146 uni
3219 1102 3324 1161 est,

299 1177 400 1242 Qui
428 1177 658 1245 liquerat
676 1175 910 1246 patriam
931 1177 1119 1245 patriae
1149 1177 1388 1233 caelestis
1411 1193 1618 1246 amore,
1979 1177 2236 1249 Corpora,
2267 1182 2353 1235 cui
2389 1180 2548 1246 dixit,
2579 1182 2762 1236 statim
2794 1184 3037 1252 reperire
3065 1187 3291 1253 potestis

298 1267 365 1320 Et
393 1267 674 1338 peregrina
695 1275 885 1338 petens
913 1266 1091 1322 Scotis
1110 1267 1222 1336 jam
1255 1270 1488 1325 maxima
1511 1272 1636 1324 vitae
1979 1267 2195 1336 Nostra,
2221 1271 2312 1325 ubi
2336 1272 2402 1326 de
2428 1271 2580 1326 caelis
2603 1272 2778 1326 lucem
2809 1273 3022 1327 radiare
3055 1275 3278 1330 videtis.

299 1354 452 1410 Tunc
484 1357 730 1426 exempla
758 1357 918 1412 dabat
942 1357 1203 1412 doctrinae
1223 1358 1469 1427 lampade
1496 1358 1720 1429 fulgens,
1980 1362 2130 1417 Visio
2151 1370 2278 1417 tunc
2303 1363 2480 1418 socios
2507 1363 2628 1418 talis
2653 1379 2753 1419 nec
2778 1363 2866 1418 illa
2897 1363 3102 1431 fefellit,

293 1446 518 1502 Actibus
539 1449 843 1512 instituens,
869 1447 1050 1503 verbis
1075 1463 1424 1518 quoscunque
1449 1451 1696 1515 docebat,
1977 1451 2217 1522 Corpora
2246 1469 2477 1523 namque
2502 1453 2634 1509 locis
2664 1455 2745 1509 sic
2773 1462 2900 1509 sunt
2926 1454 3146 1511 inventa
3172 1457 3272 1511 sub
3300 1457 3491 1524 isdem,

291 1538 628 1610 Pauperibus
653 1541 855 1610 largus,
893 1541 1112 1597 sibimet
1130 1543 1225 1597 sed
1253 1557 1467 1612 semper
1492 1557 1711 1613 egenus.
1979 1546 2408 1618 Martyribusque
2424 1548 2528 1617 piis
2548 1547 2710 1619 digno
2733 1547 3036 1603 conduntur
3058 1547 3282 1604 honore.

289 1627 390 1683 Sic
417 1631 586 1684 bonus
611 1631 840 1702 egregia:
865 1631 1019 1685 duxit
1046 1632 1414 1688 moderamina
1451 1632 1593 1698 vitae,
2048 1635 2148 1691 Ast
2171 1637 2262 1690 alii
2294 1647 2458 1706 atque
2488 1638 2579 1691 alii
2600 1636 2826 1707 praafata
2854 1653 2918 1692 ex
2948 1646 3105 1708 gente
3130 1639 3364 1695 ministri

287 1721 483 1792 lisque
505 1724 648 1779 diem
675 1727 866 1782 mortis
886 1725 1030 1780 clara
1055 1727 1256 1796 pietate
1282 1741 1591 1782 coruscans.
1981 1729 2257 1785 Sermonis
2277 1729 2490 1784 fuerant
2515 1730 2623 1785 illis
2662 1730 2716 1784 in
2737 1730 2979 1799 partibus
3007 1730 3175 1784 orbis.

278 1811 394 1866 Cui
422 1813 599 1868 fuerat
627 1815 806 1869 socius
834 1801 1046 1874 meritis
1072 1823 1127 1870 et
1154 1816 1395 1871 moribus
1423 1824 1596 1887 aptus,
1907 1801 1956 1863 Β
1983 1822 2024 1875 Ε
2054 1822 2249 1891 quibus
2273 1823 2475 1892 egregii
2506 1820 2764 1876 Suidbert
2793 1823 3024 1892 Viraque
3051 1823 3303 1878 sacerdos

274 1903 361 1957 Et
393 1920 575 1972 comes
595 1907 770 1960 exsilii
801 1906 1010 1962 Wibert
1041 1907 1070 1948 b
1095 1907 1385 1976 przeclarus
1415 1907 1468 1961 in
1495 1906 1641 1962 omni
1983 1912 2337 1982 Temporibus
2365 1911 2562 1967 fulsere
2591 1911 2726 1977 suis,
2758 1912 2850 1981 qui
2873 1909 3104 1967 culmine
3138 1912 3272 1966 clari

273 1995 596 2066 Rclligione
621 2000 773 2064 satis,
803 2000 898 2054 sed
923 2008 1046 2070 post
1069 2000 1272 2055 divisus
1300 2001 1366 2054 ab
1401 2000 1495 2054 illo
1981 2007 2254 2064 Virtutum
2285 2005 2516 2072 fuerant,
2551 2013 2737 2060 nostro
2764 2021 2899 2075 quos
2920 2007 3159 2060 carmine
3185 2014 3408 2061 cunctos

276 2083 614 2139 Theoricam
643 2087 790 2142 solus
817 2088 983 2141 vitam
1004 2088 1280 2143 districtus
1301 2088 1510 2158 agebat.
1982 2097 2224 2167 Tangere
2251 2111 2359 2150 non
2391 2095 2570 2149 libuit.
2598 2093 2752 2149 Nunc
2775 2093 3008 2164 uanique
3031 2103 3302 2148 revertere
3325 2094 3531 2150 Musam

273 2177 422 2232 inde
447 2192 556 2231 sum
583 2179 758 2247 gentis
789 2180 1071 2234 monachis
1096 2181 1400 2235 construxit
1425 2179 1565 2234 ovile
1980 2187 2142 2245 Urbis
2175 2187 2242 2241 ad
2269 2186 2550 2241 Baliaricae
2575 2184 2658 2240 fas
2683 2192 2784 2251 est,
2811 2185 2998 2254 procul
3027 2185 3168 2239 unde
3198 2185 3444 2249 recessit,

277 2269 603 2339 Egregium,
638 2270 762 2324 vitae
786 2271 994 2326 meritis
1019 2278 1074 2326 et
1109 2271 1352 2325 moribus
1385 2270 1512 2324 illud

1977 2283 2268 2339 Pontiﬁces
2298 2295 2538 2336 summos
2563 2298 2578 2347 ;
2609 2281 2913 2349 seriemque
2941 2278 3243 2346 relinquere
3270 2293 3477 2348 regum,

277 2361 581 2415 Exornans
611 2360 800 2414 ovibus
829 2359 1030 2415 Christi
1063 2360 1334 2414 studiosus
1359 2358 1582 2436 alendis,
1978 2375 2079 2443 Qui
2107 2383 2229 2444 post
2256 2371 2558 2427 Αιιλίδι-ίάυιη
2593 2371 2613 2410 r
2643 2370 2922 2425 variarum
2949 2375 3192 2436 tempora
3223 2368 3396 2437 regni,

277 2453 412 2521 Ipse
433 2467 529 2522 per
552 2461 836 2522 angustam
863 2466 998 2520 quas
1026 2457 1178 2506 recto
1197 2450 1413 2503 tramite
1433 2447 1622 2503 callem

1975 2464 2206 2536 Imperio
2228 2462 2471 2518 functum
2499 2459 2656 2516 denis
2683 2459 2844 2516 simul
2872 2466 3033 2536 atque
3059 2456 3281 2512 novenis

280 2544 460 2598 Duxit
493 2544 558 2598 ad
580 2543 799 2598 aetherei
825 2543 1048 2598 devotus
1074 2556 1273 2612 pascua
1297 2540 1467 2610 regni.
1593 2545 1596 2548 ‘

1977 2556 2211 2612 Orbibus
2237 2569 2523 2619 annorum,
2552 2553 2646 2623 qui
2671 2557 2796 2624 post
2823 2550 2924 2606 sub
2950 2557 3193 2618 tempore
3219 2547 3369 2616 pacis

281 2627 503 2688 Clam“
529 2633 731 2689 ίάοίΐοο
757 2633 946 2704 Signis:
968 2639 1022 2688 εἴ
1045 2648 1196 2688 more
1219 2632 1514 2702 Propheta?»
1975 2647 2265 2717 Appositus
2293 2643 2539 2715 patribus
2573 2657 2825 2712 suprema
2854 2649 3001 2696 sorte
3030 2637 3252 2708 quievit.
3426 2634 3430 2638 ’

281 2726 459 2780 Multa
483 2725 661 2780 futura
682 2726 868 2782 videns
893 2727 1092 2781 mansit
1123 2724 1416 2795 praeclarus
1451 2725 1674 2793 ubique,
2045 2737 2253 2791 ιιηοι-ειι
2277 2735 2415 2788 Bosa
2441 2733 2618 2788 felicia
2647 2747 2815 2803 regna
2845 2737 3066 2800 petente

281 2817 488 2871 Postea
517 2816 752 2871 caelestis
779 2817 1082 2886 penetravit
1110 2815 1304 2888 gaudia
1331 2815 1473 2869 vitae.

1975 2828 2184 2897 Accipit
2209 2826 2465 2881 Ecclesia:
2490 2825 2729 2895 regimen
2760 2822 3092 2876 clarissimus
3117 2818 3206 2874 ille

350 2907 457 2960 Αει
491 2905 582 2961 alii
621 2906 826 2962 ratibus
851 2909 992 2963 νθοῑί
1015 2915 1166 2963 "aus
1190 2921 1375 2976 θεαιιω
1399 2906 1570 2961 Eoum
1975 2922 2073 2977 Vir
2099 2922 2315 2992 pietate,
2347 2919 2473 2985 ﬁde,
2501 2917 2709 2973 meritis
2736 2923 2790 2972 et
2813 2923 2992 2970 mente
3021 2913 3280 2979 Joannes,

287 2995 566 3067 Ρεεθηυιη
591 2998 793 3067 Palem
821 2997 1018 3064 50mm,
1048 3013 1154 3068 qua
1179 2998 1345 3052 verba
1373 2997 1564 3052 saluus
1974 3011 2302 3068 Pontilicalis
2329 3025 2485 3080 apex,
2517 3009 2816 3078 priscorum
2849 3003 3078 3058 formula
3106 3003 3346 3059 Patrum.

289 3086 566 3159 Spargere
587 3089 866 3143 tentabant
895 3090 949 3143 in
977 3089 1209 3160 agrestia
1233 3089 1396 3144 corda
1425 3089 1672 3143 serendo.

1664 3123 1672 3142 ·
1907 3151 1945 3164 η
1978 3103 2227 3158 Flumina
2264 3101 2522 3156 doctrinae
2553 3098 2781 3152 fundens
2809 3111 2840 3150 e
2868 3103 3087 3164 pectore
3110 3110 3268 3164 puro,

289 3151 362 3234 U-t
390 3151 493 3234 fuit
517 3181 763 3250 egregius
789 3151 1132 3236 Wilbrordus
1155 3181 1441 3250 episcopus
1465 3191 1486 3218 ο
1529 3179 1639 3245 ille,
1901 3151 1946 3215 Ο
2721 3151 3130 3255 prata-rigavit;

287 3268 532 3324 Plurima
566 3270 658 3341 (ἰαί
683 3270 862 3341 Populi
893 3270 1190 3326 Fresonum
1218 3269 1388 3324 millia
1415 3270 1636 3325 miris“
1978 3289 2145 3355 Quem
2176 3285 2392 3340 virtutis
2422 3285 2593 3337 honor
2630 3279 2794 3348 signis
2833 3277 3124 3332 comitatur
3153 3274 3379 3344 apertis,

286 3363 312 3404 δ
342 3365 612 3420 [lucratus
637 3365 858 3420 πιοηίιίε
879 3363 1055 3418 fuerat
1077 3364 1403 3427 οωῖθεῑίδιιεν
1431 3371 1594 3432 atque
1977 3380 2217 3448 Quorum
2245 3390 2416 3447 pauca
2443 3373 2576 3427 libet
2603 3369 2802 3424 nostris
2831 3370 3133 3422 memorare
3169 3363 3431 3420 camenis.

288 3456 604 3512 Pontiﬁcale
629 3456 1006 3512 decusmultis
1041 3457 1254 3512 ornavit
1282 3458 1337 3511 in
1363 3457 1544 3522 annis,
1981 3470 2006 3508 ε
2034 3466 2171 3520 Dum
2200 3463 2363 3517 Pater
2397 3461 2510 3531 ipse
2531 3459 2652 3529 pius
2678 3455 2879 3525 jejunia
2905 3461 3090 3509 sancta
3114 3454 3356 3524 gerebat,

288 3548 668 3617 Ecclesiasque
697 3547 808 3604 Deo
829 3547 1012 3618 plures
1045 3549 1349 3604 construxit
1375 3548 1597 3613 ibidem,

1977 3556 2204 3612 Parvula
2229 3566 2377 3626 septa
2405 3555 2536 3610 viris
2565 3552 2757 3621 repetit
2789 3551 3077 3606 comitatus
3098 3549 3369 3613 honestis;

289 3637 644 3709 Prcsbyteros
670 3639 723 3693 in
752 3639 832 3694 eis
855 3647 1118 3706 statuens,
1139 3641 1394 3708 verbique
1420 3639 1717 3702 ministros,

1659 3654 1717 3702 ἐν
1977 3647 2165 3704 Posset
2187 3658 2244 3704 ut
2271 3649 2532 3702 aethereos
2558 3644 2737 3698 animo
2768 3643 3058 3711 decerpere
3084 3639 3263 3706 ﬂores,

255 3788 258 3789 ν
288 3730 482 3785 omnia
509 3730 791 3801 Ρετίίθίθηε
839 3729 966 3785 felix
993 3731 1047 3785 in
1071 3745 1205 3801 Pace
1232 3732 1454 3801 (ἰῑιῖθνίιο
1705 3803 1712 3814 ι
1977 3741 2046 3796 Et
2074 3740 2300 3795 Domino
2325 3736 2554 3807 propria
2581 3734 2822 3790 decimas
2847 3733 3154 3804 persolvere
3173 3731 3318 3798 vitre,

287 3826 439 3882 Illius
464 3841 590 3881 ecce
613 3825 718 3882 duo
745 3825 960 3881 fuerant
985 3825 1232 3894 exempla
1266 3824 1436 3880 secuti
1978 3834 2020 3888 E
2045 3832 2198 3901 queis
2224 3829 2438 3884 divitias
2463 3827 2600 3883 coelo
2629 3826 2892 3897 reperiret
2910 3826 3136 3894 opimas.

288 3917 330 3972 Ρ
336 3936 362 3973 ¹“
364 3919 624 3990 εεδῐῑθνί»
653 3920 820 3974 nimio
849 3919 1063 3974 30091131
1092 3917 1305 3973 fervore
1329 3917 1451 3973 ﬁdei
1478 3931 1495 3983 ἒ
1975 3924 2188 3978 latrans
2217 3936 2346 3991 ergo
2375 3919 2549 3973 locum
2579 3917 2840 3972 districtis
2871 3916 3058 3970 usibus
3089 3921 3293 3984 aptum,

287 4007 537 4065 Nominis
568 4012 730 4066 unius
753 4008 1070 4064 Herwaldus
1100 4019 1122 4048 ο
1143 4017 1374 4078 uterque
1399 4016 1644 4063 vocatus.
1978 4017 2127 4070 Tunc
2153 4015 2339 4082 inopes
2359 4011 2518 4082 jussit
2539 4025 2636 4082 per
2661 4009 2901 4079 proxima
2924 4007 3159 4076 compita
3187 4002 3380 4076 quaeri,

288 4101 398 4155 Par
419 4117 554 4171 opus
581 4102 842 4157 ambobus
867 4101 992 4155 vita:
1017 4100 1111 4155 sed
1132 4109 1187 4154 et
1211 4099 1391 4154 exitus
1417 4114 1576 4152 unus.

1975 4107 2081 4162 Per
2107 4120 2165 4159 se
2193 4103 2518 4173 pauperibus
2541 4101 2739 4155 victum
2765 4106 2824 4154 ut
2848 4097 3082 4153 deferret
3102 4095 3305 4168 egenis.

287 4193 459 4247 Albus
484 4191 593 4259 hic,
623 4193 710 4246 ille
731 4192 908 4263 niger,
935 4191 1185 4245 distantia
1203 4189 1314 4244 sola
1341 4188 1548 4259 capillis
1571 4205 1586 4255 ;
1975 4199 2125 4252 Tunc
2147 4207 2291 4267 agger
2314 4194 2524 4264 juvenis
2555 4200 2843 4261 motusque
2887 4189 3170 4244 adducitur
3195 4187 3294 4252 illi,

287 4283 358 4336 At
395 4283 550 4353 niger
573 4284 627 4336 in
667 4282 818 4336 libris
843 4283 1020 4336 fuerat
1054 4281 1348 4336 studiosior
1375 4280 1514 4336 albo.
1973 4289 2228 4344 promere
2253 4286 2344 4356 qui
2373 4284 2534 4338 nullis
2555 4290 2767 4352 poterat
2787 4279 2899 4349 jam
2919 4279 3082 4334 verba
3108 4277 3362 4348 loquelis,

289 4375 434 4443 Ergo
455 4374 511 4427 hi
539 4372 809 4436 Saxonum
836 4388 1060 4443 pagana:
1089 4373 1322 4442 compita
1349 4373 1522 4442 plebis
1975 4378 2072 4433 Cui
2095 4384 2257 4448 caput
2283 4373 2530 4429 horribili
2551 4373 2728 4427 fuerat
2749 4371 3052 4441 scabrigine
3076 4376 3299 4435 tectum,

287 4465 589 4530 lntrabant,
622 4464 830 4533 aliquos
860 4465 904 4518 si
932 4464 1149 4519 Christo
1177 4465 1458 4535 acquirere
1483 4473 1744 4533 possent;
1896 4503 1950 4566 Ι)
1973 4469 2041 4523 Ει
2066 4483 2166 4538 pro
2194 4467 2344 4522 crine
2365 4465 2504 4520 eutis
2526 4462 2754 4519 maculis
2779 4461 2972 4517 vestita
3002 4461 3280 4524 remansit,

289 4555 400 4610 Sed
428 4557 554 4610 dum
580 4555 717 4610 forte
747 4569 914 4609 novos
937 4570 1116 4610 mores
1141 4556 1460 4626 habitusque
1491 4555 1615 4611 ﬁdei
1642 4569 1644 4572 '
1897 4553 1938 4566 "
1976 4559 2110 4614 lluic
2135 4559 2254 4629 pius
2279 4557 2500 4611 antistes
2525 4554 2765 4610 casulam
2793 4553 3059 4622 congessit
3087 4567 3276 4622 egeno,

289 4648 604 4720 Agnoscunt
630 4647 832 4712 miseri,
861 4656 1104 4703 metuunt
1124 4663 1192 4703 ne
1221 4649 1461 4704 funditus
1487 4650 1662 4704 omnis
1973 4652 2030 4706 ln
2055 4667 2159 4722 qua
2182 4649 2479 4720 susciperet
2508 4649 2700 4718 stipem
2725 4646 2894 4700 miser
2919 4644 3008 4699 illo
3031 4652 3262 4698 suetam.

288 4739 410 4794 Jam
440 4742 653 4795 caderet
676 4741 837 4796 citius
867 4749 1110 4795 veterum
1137 4739 1344 4794 cultura
1377 4739 1622 4794 deorum.
1975 4743 2210 4812 Postque
2237 4742 2350 4797 dies
2374 4749 2580 4810 septem
2607 4739 2866 4794 transacti
2892 4735 3146 4805 temporis
3168 4735 3318 4788 illum

291 4832 402 4887 llos
423 4835 600 4889 subito
627 4844 807 4905 raptos
832 4833 1033 4888 crudeli
1055 4841 1229 4889 morte
1255 4841 1550 4890 necarunt:
1969 4829 2216 4890 Jusserat
2237 4833 2450 4898 adduci,
2477 4840 2787 4898 mittamque
2811 4829 3096 4882 ostendere
3121 4826 3386 4898 linguam;

289 4923 488 4978 Album
517 4924 612 4979 sed
633 4925 904 4980 trucidant
922 4925 1104 4979 statim
1130 4938 1386 4996 mucrone
1410 4931 1654 4989 cruento,
1974 4929 2071 4983 Cui
2099 4928 2275 4982 crucis
2301 4926 2572 4995 impressit
2597 4910 2796 4979 sanctae
2823 4921 3082 4994 signando
3103 4923 3352 4993 ﬁguram,

289 5015 476 5086 Longa
503 5017 596 5072 sed
617 5018 910 5087 exquirunt
936 5017 1071 5071 duro
1094 5022 1360 5070 tormenta
1389 5014 1604 5083 nigellO.
1976 5027 2153 5090 Atque
2178 5021 2268 5074 diu
2293 5020 2509 5074 lac-itam
2535 5017 2694 5084 jussit
2720 5015 2963 5087 proferre
2991 5016 3278 5086 loquelam.

289 5107 471 5176 Atque
495 5117 892 5179 peremptorum
920 5107 1091 5162 Rheni
1129 5108 1229 5164 sub
1254 5106 1489 5162 ﬂuminis
1509 5107 1679 5162 undas
1977 5111 2078 5178 Qui
2114 5111 2260 5165 dicto
2286 5109 2447 5164 citius
2473 5107 2652 5162 Patris
2673 5114 2940 5177 praecepta
2975 5117 3214 5172 secutus,

366 5222 524 5277 Vers.
569 5221 726 5278 1057.
1119 5217 1122 5220 ⁴

3120 5219 3274 5275 Vers.
3319 5216 3475 5274 “09.

371 5349 396 5376 ιι
427 5336 484 5390 S.
513 5337 776 5408 Egbertus
803 5353 887 5406 ep.
937 5335 1099 5400 Beda,
1131 5335 1251 5408 libr.
1295 5348 1512 5408 \;,_cap.
1547 5330 1613 5385 ’10
1663 5340 1715 5386 et
1753 5343 1871 5400 cap.
1979 5339 2327 5408 part.__t_,__pag.
2355 5329 2484 5408 Δ671.
2517 5331 2798 5408 observat.
2828 5345 3167 5408 prmv.._num.
3201 5330 3256 5384 l.

290 5407 388 5460 25.
425 5401 735 5462 Ἦά.ἒειίαιη
769 5401 1128 5462 illabillonium
1155 5406 1288 5458 Act.“
1310 5403 1409 5457 SS.
1460 5401 1583 5456 ευρ.
1615 5419 1696 5466 ιιι,
1731 5411 1872 5471 part.
1983 5401 1990 5402 “
2051 5414 2072 5473 σῖ
2105 5402 2438 5473 Wilbrordus
2461 5418 2546 5473 ep.
2579 5402 2836 5456 Alcuinus
2865 5403 2918 5456 in
2944 5401 3064 5456 Vit-:1
3090 5415 3268 5470 supra.

293 5494 336 5556 ι2
371 5493 487 5547 pag.
515 5478 618 5534 487
647 5488 700 5533 et
725 5494 876 5556 seqq.
909 5479 982 5556 De
1009 5476 1070 5556 S._
1092 5473 1404 5556 Egberto'et
1429 5473 1707 5556 \Sieltcrtol
1733 5487 1878 5556 tuen:

1824 5489 1878 5556 τις
2047 5471 2922 5556 άιὶεάηνιὲιέῖ-νέερρ·ιι....
3113 5541 3144 5556 ..
3285 5548 3320 5556 ,_

296 5541 500 5601 tio-ne'm
525 5565 739 5619 quoque
763 5541 891 5603 facit
921 5541 1178 5602 Alcuinu's
1208 5546 1260 5598 in
1296 5545 1414 5598 Vita
1456 5543 1514 5598 S.
1543 5541 1875 5598 Willibrordi
2053 5555 2076 5583 ο
2109 5543 2376 5599 llerwaldi
2425 5560 2520 5598 seu
2569 5541 2844 5598 Heuwaldi
2892 5542 3012 5603 duo,
3078 5541 3230 5594 albus
3272 5548 3325 5594 et
3377 5541 3553 5609 niger,

296 5633 414 5680 rap.
445 5618 497 5670 4.
1670 5629 1673 5632 ·
1981 5623 2269 5680 martyres.
2301 5613 2421 5668 Vid.
2455 5615 2616 5676 Beda,
2648 5613 2769 5666 li‘tr.
2799 5629 2854 5676 v,
2880 5612 3014 5665 l-list.
3043 5611 3197 5680 Angl.
3228 5626 3346 5680 cap.
3380 5610 3460 5663 ll.

293 5633 414 5686 cap.
445 5618 497 5670 4.
542 5613 557 5619 ⁷
651 5613 667 5619 ’
1670 5629 1673 5632 ·
1981 5623 2269 5682 martyres.
2301 5613 2421 5668 Vid.
2455 5615 2616 5676 Beda,
2648 5613 2769 5666 li‘tr.
2799 5629 2854 5676 v,
2880 5613 3014 5665 l-list.
3043 5613 3197 5680 Angl.
3228 5626 3346 5680 cap.

375 5692 398 5726 ι’
427 5688 644 5754 Wibert,
679 5690 815 5744 forte
859 5690 1107 5744 Wicbert.
1140 5688 1262 5742 Viri.
1306 5685 1472 5747 Beda,
1505 5685 1624 5738 libr.
1655 5701 1706 5745 ν,
1737 5682 1873 5738 "ist.
2058 5684 2075 5722 ί
2117 5684 2247 5737 Vile
2279 5685 2470 5738 Alfort.
2503 5685 2569 5737 ad
2593 5698 2804 5754 annum?
2825 5683 2947 5742 705.
2972 5699 3119 5754 nutu.
3146 5681 3197 5733 5.

296 5769 422 5828 cap.
461 5759 541 5827 10,
571 5751 640 5816 et,
671 5761 865 5818 Mabill.
897 5761 1017 5841 Vita
1155 5758 1416 5828 Wigherti
1466 5758 1580 5810 Act.
1624 5772 1746 5812 saec.
1793 5771 1872 5820 ιιι,
2054 5759 2078 5796 ε
2107 5754 2267 5820 Beda,
2290 5755 2411 5810 libr.
2443 5772 2472 5809 v
2506 5755 2642 5809 llist.
2676 5751 2828 5822 Angl.
2863 5768 2978 5822 cap.
3003 5753 3055 5804 2-.
