4062 6346
494 300 602 360 835

484 420 604 476 .Ore
631 416 857 483 loquens
880 413 1132 480 prompto
1168 401 1435 457 taciturna
1463 396 1674 451 silentia
1702 391 1862 460 rupit,

497 510 563 564 Et
586 506 744 576 pleno
774 509 857 555 est
894 497 1109 568 penitus
1138 502 1317 545 mutus
1338 501 1586 544 sermone
1613 484 1846 537 locutus.

496 573 676 666 Atque
704 593 788 647 die
819 599 947 646 tota,
978 586 1182 657 pariter
1207 596 1326 635 cum
1356 586 1513 633 nocte
1533 573 1797 644 sequenti,

498 690 615 744 Non
642 683 874 741 cessavit
899 694 1069 733 ovans
1096 674 1274 729 varias
1298 670 1541 743 proferre
1562 666 1821 736 loquelas,

499 780 674 846 Atque
702 788 811 828 snte
839 768 1033 825 mentis
1056 771 1291 821 secretas
1315 760 1551 830 pandere
1579 769 1800 818 causas;

500 867 569 922 Et
592 880 713 920 cum
735 877 865 915 voce.
886 859 1025 913 cutis
1054 854 1259 925 pariter
1282 852 1396 921 jam
1425 864 1552 903 sana
1581 857 1795 900 reversa
1820 847 1943 903 est;

501 956 583 1012 Re
605 955 933 1019 ldunturque
959 946 1081 1000 novi
1112 944 1349 1011 crispato
1373 940 1522 994 crine
1550 934 1724 1003 capilli
1752 949 1767 995 ;

503 1013 955 1110 Pulcberque'est
983 1033 1197 1103 juvenis
1223 1032 1412 1091 factus,
1440 1033 1825 1097 promptusque
1851 1013 2085 1086 loquela.

505 1138 702 1205 Sicque
737 1135 955 1187 domum
980 1124 1251 1198 propriam
1292 1120 1529 1191 gaudens
1558 1125 1778 1171 sanatus
1804 1111 2003 1165 adibat.

503 1198 663 1298 253
686 1236 710 1263 ιι
738 1221 845 1275 Nec
865 1216 1175 1272 meminisse
1197 1211 1339 1265 aliud
1365 1208 1543 1269 taedet,
1569 1200 1831 1257 laudabile
1852 1198 2086 1267 signum,

504 1290 654 1373 διῖῶ
670 1315 859 1367 lustrat
888 1316 1070 1379 pastor
1095 1304 1240 1374 vigili
1272 1301 1533 1354 tutamine
1563 1293 1819 1349 mandras
1845 1290 1894 1355 δ,

506 1410 830 1464 Sanctarum
858 1400 1007 1453 venit
1036 1393 1357 1448 famularum
1388 1389 1565 1442 visere
1594 1384 1805 1445 cellam,

505 1499 583 1552 De
608 1507 838 1565 quarum
866 1502 1094 1543 numero
1123 1483 1345 1537 recubat
1375 1473 1686 1548 virguncula
1715 1470 1960 1541 quaedam

506 1587 655 1641 V'ena
686 1583 772 1637 cui
796 1593 970 1648 nuper
997 1575 1172 1630 medio
1200 1580 1285 1627 est
1313 1570 1483 1624 incisa
1511 1566 1737 1626 lacerto,

509 1679 578 1733 Et
605 1688 794 1730 manus
821 1666 1082 1736 obstipuit
1112 1664 1275 1719 nimio
1304 1665 1583 1715 crassante
1610 1663 1840 1708 tumore.

507 1769 650 1839 Ergo
676 1764 957 1818 videbatur
981 1758 1143 1812 citius
1172 1754 1429 1809 moritura
1456 1747 1660 1819 puella;

507 1838 659 1915 Hanc
687 1856 779 1910 sed
810 1852 1047 1908 restituit
1076 1846 1286 1903 Domini
1314 1844 1511 1897 virtute
1538 1838 1696 1894 saluti

512 1948 752 2003 Antistes
779 1950 1018 2005 sanctus,
1051 1938 1141 2007 qui
1173 1944 1332 1998 tecta,
1366 1949 1395 1986 a
1429 1938 1602 1985 matre
1633 1933 1875 1997 rogatus,

508 2037 746 2108 Virginis
777 2035 1035 2097 intrabat,
1067 2028 1430 2093 recubamque
1461 2038 1527 2076 ex
1559 2034 1706 2074 more
1736 2016 1955 2078 salutat,

508 2132 686 2197 Atque
711 2140 902 2195 preces
928 2123 1154 2176 fundens
1180 2115 1359 2171 manui
1389 2111 1740 2167 benedixerat
1762 2118 1938 2175 aegrae.

510 2217 744 2273 Invaluit
773 2215 954 2269 statim
982 2210 1217 2280 fugiente
1240 2203 1430 2281 Vdolore
1456 2198 1652 2271 puclla,

511 2311 681 2378 Inque
708 2305 922 2360 modum
949 2303 1144 2356 mirum
1170 2306 1283 2351 toto
1310 2296 1375 2349 de
1400 2305 1626 2361 corpore
1654 2296 1765 2343 tota

515 2399 651 2455 Cum
681 2397 939 2451 redeunte
965 2393 1108 2447 foras
1133 2388 1358 2445 secessit
1384 2382 1611 2456 pnesule
1638 2378 1824 2450 pestis.

515 2491 773 2547 Protinus
797 2487 1102 2541 Altithrono
1126 2481 1336 2554 magnis
1361 2485 1549 2547 erepta
1574 2472 1809 2545 periclis,

517 2581 683 2652 Virgo
710 2580 853 2635 cauit
879 2578 1062 2631 laudes
1087 2573 1285 2628 multos
1307 2570 1517 2625 victura
1542 2581 1640 2638 per
1663 2578 1853 2619 annos.

595 2682 618 2710 ε
652 2670 789 2724 lluic
813 2666 954 2721 aliud
980 2664 1140 2719 simili
1170 2661 1431 2716 successit
1455 2660 1507 2713 in
1533 2657 1720 2713 ordine
1745 2655 1976 2725 signum.

516 2764 658 2820 Ecce
684 2774 867 2816 comes
891 2755 1107 2826 quidam
1136 2753 1499 2807 venerandum
1520 2748 1642 2817 jure
1667 2744 1930 2801 Joannem

516 2849 1045 2916 Advocat,’ecclesi:e
1075 2846 1302 2901 Domino
1329 2845 1418 2914 qui
1451 2850 1589 2896 tecta
1621 2840 1844 2894 dicaret.

452 2932 455 2937 v
518 2948 668 3004 Uxor
692 2952 809 3000 erat
833 2942 985 3011 cujus
1016 2938 1199 2993 multis
1228 2935 1439 2989 infirma
1468 2934 1677 2994 diebus,

519 3036 885 3105 Quadraginta
906 3032 1092 3101 jacens
1120 3032 1309 3081 noctes
1333 3025 1587 3094 depressa
1614 3020 1819 3085 dolore,

520 3124 733 3197 Algida,
761 3137 861 3177 nec
883 3120 1049 3173 valuit
1076 3131 1193 3171 sese
1220 3114 1458 3169 relevare
1482 3114 1679 3177 cubili;

514 3216 720 3271 'Lurida
746 3213 831 3269 cui
856 3211 1062 3280 gelidus
1087 3206 1261 3276 pallor
1284 3211 1607 3273 prmtexerat
1632 3218 1753 3267 ora,

521 3308 756 3363 Naribus
782 3302 1005 3359 alternis
1034 3298 1212 3353 tenuis
1239 3298 1325 3349 vix
1352 3295 1518 3349 ﬂabat
1544 3295 1785 3350 anhelus.

524 3401 660 3456 Huic
684 3398 806 3469 pius
831 3395 1059 3449 antistes
1087 3390 1425 3445 benediCIam
1457 3388 1676 3441 miserat
1701 3388 1921 3453 undam,

523 3490 639 3553 Qua
672 3487 821 3555 prius
850 3481 1133 3537 ecclesiam
1165 3478 1391 3533 Domino
1422 3485 1731 3530 sacraverat
1758 3476 1925 3541 illam,

524 3574 596 3630 Ut
622 3578 832 3641 potarct
858 3584 999 3633 eam,
1031 3576 1191 3637 atque
1220 3565 1452 3621 dolentia
1484 3564 1722 3617 membra
1753 3565 1952 3618 liniret.

523 3663 675 3731 Quod
705 3664 829 3717 dum
861 3660 1095 3721 fecisset,
1129 3657 1373 3726 sequitur
1399 3654 1664 3709 medicina
1692 3670 1787 3723 per
1812 3667 1982 3722 artus,

522 3754 698 3822 Atque
726 3748 1009 3804 salutifero
1034 3722 1446 3815 morbivperiere
1475 3743 1575 3797 sub
1600 3745 1815 3808 haustu,
2068 3722 2075 3729 I

522 3840 683 3896 Venit
707 3849 762 3894 ct
786 3846 981 3908 optatzc
1007 3837 1180 3891 virtus
1206 3849 1458 3889 concessa
1486 3833 1694 3897 salutis,

526 3933 708 4002 Surgit
733 3941 789 3986 et
813 3948 842 3984 e
868 3936 1037 3985 strato
1061 3928 1248 3983 Statim
1278 3936 1405 3981 tunc
1432 3926 1627 3979 femina
1656 3940 1860 3995 sospes,

525 4022 697 4092 Atque
729 4019 997 4075 sacerdoti
1030 4016 1303 4073 renovatis
1331 4015 1537 4068 viribus
1567 4014 1708 4069 almo

527 4114 721 4170 Pocula
752 4114 1022 4182 deportat,
1054 4109 1369 4176 cunctisque
1400 4107 1628 4177 impigra
1658 4107 1947 4161 ministrat.

526 4206 777 4261 Reddidit
812 4214 973 4274 atque
1004 4203 1115 4258 Deo
1149 4203 1368 4272 proprio
1403 4216 1524 4255 cum
1561 4196 1789 4271 conjuge
1822 4208 2022 4269 grates.

596 4298 621 4337 ἀ
654 4299 726 4353 At
755 4314 937 4353 comes
965 4298 1106 4351 hunc
1137 4297 1275 4350 alius
1303 4296 1516 4350 diverso
1546 4303 1784 4364 tempore
1814 4294 1970 4349 scisci

525 4389 678 4443 Fecit
704 4390 770 4442 ad
792 4387 1073 4443 ecclesiam
1102 4386 1315 4440 Domini
1340 4386 1406 4439 de
1430 4400 1579 4439 more
1602 4385 1904 4447 dicandam,

528 4477 695 4546 Cujus
726 4476 864 4530 forte
896 4491 1031 4545 puer
1062 4475 1275 4529 mortali
1309 4483 1460 4543 peste
1492 4476 1794 4540 subactus,l

528 4569 771 4621 Mortuus
794 4582 860 4620 ex
888 4566 1035 4620 omni
1062 4568 1425 4621 membrorum
1451 4574 1606 4635 parte
1630 4568 1889 4621 remansit

530 4656 785 4726 Spiritus,
813 4666 1039 4725 excepto
1063 4658 1204 4726 quod
1231 4665 1449 4726 pectora
1476 4656 1615 4713 fessa
1645 4658 1913 4722 movebat,

528 4749 745 4820 Frigida
772 4750 861 4803 vix
889 4751 1032 4805 tenui
1059 4751 1338 4821 geminans
1363 4750 1593 4819 suspiria
1621 4748 1770 4813 ﬂatu,

528 4839 757 4896 Funeris
779 4843 1061 4910 exsequias
1086 4842 1171 4897 cui
1202 4849 1329 4895 tunc
1358 4857 1539 4896 coroes
1567 4841 1678 4911 ipse
1705 4842 1949 4910 parabat,

528 4928 595 4986 Et
620 4931 825 4988 loculus
843 4931 993 5000 juxta
1020 4934 1218 4997 stabat,
1247 4948 1353 5002 quo
1378 4948 1574 5001 corpus
1600 4932 1926 4987 humandum

528 5016 650 5076 Mox
680 5021 875 5087 fuerat,
905 5024 1027 5077 vitze
1053 5023 1308 5092 quoniam
1339 5037 1463 5090 spes
1491 5021 1635 5075 nulla
1665 5022 1914 5076 manebat
1942 5039 1953 5073 :

526 5110 635 5170 Pro
660 5128 767 5182 quo
792 5114 1096 5184 pontificem
1126 5113 1427 5183 laerymans
1453 5114 1557 5167 dux
1588 5112 1700 5180 ipse
1729 5114 1969 5182 rogabat,

530 5204 600 5261 L't
628 5207 940 5277 dignaretur
970 5221 1136 5275 puero
1166 5206 1486 5259 benedicere
1515 5213 1733 5274 prmsto,

606 5336 760 5395 Vers.
802 5340 960 5395 1163.

600 5465 626 5524 ᾗ
662 5452 805 5524 Idem
836 5455 962 5509 ibid.
998 5469 1115 5524 cap.
1151 5456 1202 5507 3.

600 5521 629 5562 δ
669 5523 943 5589 Mandras,
973 5526 1024 5578 id
1054 5519 1159 5591 est,
1189 5523 1534 5579 monasteria.
1566 5520 1683 5576 V'id.
1711 5519 1990 5591 Cangium.

603 5603 625 5663 ε
666 5593 828 5663 Deda,
860 5611 978 5663 cap.
1005 5595 1057 5649 4.

604 5661 629 5700 δ
666 5662 798 5718 Ibid.
832 5661 947 5736 cap.
978 5664 1031 5718 5.

1312 285 1373 339 Β.
1414 282 1475 337 F.
1510 278 1735 337 ALBINI
1779 276 1910 334 SEU
1949 271 2223 331 ALCUlNI
2261 267 2547 328 OPERUM
2586 265 2766 321 PARS
2806 264 2892 319 τι.

2107 393 2154 448 Α
2182 383 2356 451 Atque
2382 376 2827 451 precesDomino
2851 387 2950 443 pro
2975 369 3136 441 hujus
3163 366 3388 422 fundere
3413 364 3545 420 vita.

2140 4438 2191 4498 Β

3664 253 3766 311 836

2182 474 2292 528 Nec
2320 472 2462 542 quod
2496 470 2651 540 plena
2685 465 2806 519 ﬁdei
2841 463 3128 532 rogitabat,
3152 457 3276 527 jure
3306 455 3557 527 negabat,

2183 566 2281 619 Vir
2310 566 2431 635 pius
2459 570 2513 616 et
2540 561 2797 621 clemens,
2826 556 3010 611 statim
3041 553 3135 608 sed
3160 552 3341 607 visitat
3366 565 3592 619 :egrum,

2184 658 2253 711 Et
2280 655 2557 710 benedixit
2584 667 2732 713 eum,
2765 649 2978 704 rediens
3008 662 3073 701 ex
3107 659 3256 699 more
3285 643 3483 697 salutat
3514 659 3526 692 :

2188 748 2307 803 Mox
2341 745 2632 808 revalesce,
2662 758 2819 812 puer,
2847 740 3052 802 dicens,
3083 738 3334 804 viresque
3362 747 3597 788 resume.

2186 839 2316 894 Post
2343 841 2459 893 haec
2486 853 2608 891 cum
2639 833 2835 904 praesul
2864 831 2946 886 vel
2975 830 3083 884 dux
3113 828 3376 898 prandere
3402 825 3687 887 sedebant,

2188 930 2430 986 Postulat
2458 927 2705 982 infirmus
2731 924 2921 979 sitiens
2947 920 3047 975 sibi
3074 918 3265 990 pocula
3292 916 3444 980 ferri,

2188 1020 2283 1076 Cui
2313 1019 2572 1074 Dominus
2598 1016 2835 1085 gaudens
2859 1012 3000 1081 quod
3020 1009 3133 1078 jam
3163 1017 3348 1078 potare
3375 1006 3602 1068 valeret,

2190 1111 2310 1167 Mox
2342 1112 2564 1167 calicem
2594 1109 2707 1163 vini
2737 1106 3079 1161 benedictum
3110 1118 3138 1155 a
3167 1098 3398 1170 prtesule
3424 1098 3599 1163 misit;

2193 1199 2263 1259 Ut
2287 1203 2357 1256 bl‘.
2382 1203 2422 1255 it
2446 1202 2609 1263 hunc,
2633 1198 2815 1253 statim
2841 1209 3004 1249 sanus
3024 1192 3278 1251 surrexit,
3308 1199 3364 1244 et
3388 1189 3518 1254 ibat,

2191 1293 2521 1360 Intravitqwe
2546 1292 2761 1345 domum
2788 1292 2895 1356 quo
2918 1286 3024 1339 dux
3051 1293 3107 1339 et
3130 1281 3322 1351 praesul
3351 1282 3600 1337 edebant.

2192 1383 2432 1451 Cumque
2457 1382 2560 1435 illis
2582 1382 2768 1435 bibere
2792 1386 2846 1433 et
2871 1377 3011 1431 vesci
3041 1389 3099 1430 se
3124 1373 3258 1429 velle
3282 1371 3547 1443 profatur,

2193 1471 2351 1528 Potat
2378 1471 2595 1539 editque
2620 1470 2813 1525 sezlens
2837 1467 2990 1521 laetus
3019 1464 3327 1519 lretantibus
3357 1460 3485 1524 illis,

2195 1562 2323 1620 Post
2351 1565 2466 1618 htcc
2495 1570 2549 1616 et
2577 1560 2761 1615 multis
2790 1558 3005 1613 vivebat
3034 1570 3220 1625 sospes
3249 1554 3302 1608 in
3333 1551 3511 1606 annis.

2274 1665 2297 1694 ο
2324 1653 2395 1707 At
2436 1664 2649 1723 quoque
2691 1647 2887 1721 pmsul
2931 1648 3035 1703 iter
3076 1660 3174 1715 per
3208 1642 3498 1715 quamdam
3534 1639 3780 1695 cursibus

3508 1729 3711 1802 [aptam

2198 1856 2478 1912 Planitiem
2505 1852 2700 1921 campi,
2729 1865 2850 1906 cum
2879 1847 3024 1904 clero
3050 1844 3217 1917 gessit
3238 1849 3521 1914 equester;

2200 1940 2351 2002 Tunc
2370 1944 2594 2012 juvenes
2621 1941 2810 1996 ardent
2833 1954 2993 1994 cursu
3016 1935 3340 1991 contendere
3362 1945 3641 2001 equorum,

2203 2035 2309 2091 Sed
2340 2036 2458 2105 pius
2488 2034 2714 2087 antistes
2743 2029 2915 2083 vetuit
2944 2024 3251 2095 specialiter
3276 2038 3443 2078 unum

2202 2126 2280 2181 Ex
2313 2125 2495 2190 sociis,
2526 2124 2652 2177 ludo
2681 2136 2749 2175 ne
2781 2134 2840 2174 se
2868 2118 3119 2173 misceret
3147 2115 3312 2169 inani.

2199 2215 2292 2271 Ille
2321 2224 2501 2269 tamen
2532 2220 2718 2268 contra
2747 2209 2972 2265 vetitum
3003 2205 3305 2276 petulanter
3334 2202 3579 2258 habenas

2204 2307 2395 2371 Solvit,
2425 2318 2563 2373 equo
2588 2302 2782 2365 fidens,
2814 2298 3157 2365 mediumque
3182 2294 3418 2364 erumpit
3445 2294 3500 2347 in
3524 2302 3734 2360 aequor;

2204 2397 2346 2469 Ergo
2371 2410 2561 2453 cavum
2587 2392 2853 2463 quoddam
2880 2390 3009 2444 dum
3040 2387 3280 2442 fervidus
3307 2385 3395 2439 ille
3418 2382 3658 2439 caballus

2205 2481 2480 2551 Transilit,
2507 2493 2562 2539 et
2585 2483 2761 2538 valido
2776 2480 2992 2550 juvenis
3016 2478 3297 2534 conamine
3321 2476 3505 2546 lapsus

2203 2577 2262 2633 In
2296 2576 2526 2647 lapidem
2557 2573 2774 2639 cecidit,
2808 2572 2897 2640 qui
2933 2570 3071 2625 forte
3100 2567 3323 2637 mqualis
3352 2579 3528 2621 arenae

2205 2668 2260 2723 In
2295 2666 2471 2722 medio
2497 2664 2671 2733 campi
2701 2662 2856 2716 latuit
2890 2661 2989 2716 sub
3017 2660 3221 2728 cespite
3252 2665 3450 2718 tectus.

2207 2758 2317 2812 Nec
2343 2757 2480 2826 lapis
2508 2754 2644 2809 alter
2670 2761 2789 2807 erat
2818 2766 3010 2822 campo
3041 2758 3286 2819 repertus
3316 2748 3371 2802 in
3401 2747 3525 2811 illo;

2208 2844 2343 2907 Iluic
2368 2858 2529 2921 caput
2554 2856 2715 2918 atque
2742 2859 2961 2901 manum
2987 2855 3117 2898 casu
3145 2840 3342 2897 collisit
3366 2839 3584 2901 acerbo,

2207 2942 2440 2997 Verticis
2463 2948 2519 2995 et
2541 2938 2698 2993 solvit
2721 2936 3020 3005 iuncturas,
3051 2940 3214 3002 atque
3238 2930 3465 2987 cerebro

2131 3069 2178 3134 ο
2210 3035 2497 3102 Quassaw,
2529 3030 2739 3086 cunctis
2761 3027 2933 3097 jacuit
2954 3027 3067 3097 jam
3094 3022 3341 3078 sensibus
3369 3033 3560 3091 expers
3591 3034 3606 3073 :

2209 3126 2266 3134 _,
2421 3123 2452 3134 .-
2567 3120 2581 3134 ι
2777 3128 2788 3134 -
2917 3124 2928 3134 ι
3006 3117 3109 3134 μιν.-
3151 3112 3384 3134 --.μ--..2-
3416 3111 3524 3134 ..11Δ

2208 3126 2275 3179 Ει
2298 3120 2649 3180 moribundus
2678 3128 2795 3174 erat
2823 3124 2970 3173 motu
3001 3117 3116 3171 sine
3145 3112 3389 3182 corporis
3416 3111 3547 3165 ullo.

2210 3213 2447 3283 Septima
2478 3224 2670 3279 nempe
2698 3208 2800 3262 fuit
2827 3216 2956 3261 tunc
2982 3205 3196 3261 circiter
3226 3204 3360 3258 bora
3390 3201 3521 3265 diei,

2210 3301 2659 3369 Semianimisque
2687 3300 2906 3353 domum
2934 3292 3097 3353 sociis
3124 3293 3370 3349 defertur
3398 3291 3468 3346 ab
3493 3291 3643 3360 ipsis.

2208 3390 2277 3445 At
2302 3390 2428 3460 vigil
2457 3390 2510 3443 in
2537 3388 2789 3460 precibus
2816 3387 3094 3457 perstabat
3120 3392 3277 3439 nocte
3304 3382 3585 3444 sacerdos;

2210 3480 2367 3536 Venit
2390 3480 2454 3534 ad
2483 3480 2757 3535 inﬁrmum
2785 3479 2962 3547 primo
2987 3476 3081 3532 sed
3107 3489 3267 3531 mane
3292 3486 3565 3535 reversus,

2209 3570 2566 3641 lmpositaque
2591 3585 2750 3624 manu
2780 3568 2938 3637 capiti
2967 3566 3243 3622 benedixit
3266 3564 3537 3619 eumdem.

2209 3660 2385 3731 Atque
2411 3660 2556 3714 illum
2584 3660 2801 3729 proprio
2825 3658 3156 3729 compellans
3183 3658 3400 3712 nomine
3423 3654 3650 3719 clamat;

2209 3750 2352 3821 Ergo
2379 3751 2526 3822 gravi
2556 3750 2722 3804 veluti
2751 3750 2815 3804 de
2846 3763 3037 3804 somno
3064 3756 3311 3819 surgeret
3341 3747 3451 3811 ille,

2213 3840 2509 3897 Ilecludens
2537 3841 2721 3897 oculos
2750 3841 2896 3895 Patri
2928 3841 3204 3910 respondit
3233 3849 3435 3903 amato,

2210 3933 2598 4002 Convaluitque
2623 3933 2750 3996 cito,
2782 3932 3041 3987 recreatis
3067 3932 3292 3993 viribus,
3321 3940 3484 3999 atque

2211 4024 2343 4079 Cras
2369 4026 2631 4095 equitavit
2655 4040 2822 4080 ovans
2848 4039 2976 4079 caro
3004 4040 3125 4079 cum
3153 4025 3380 4094 praesule
3406 4038 3655 4095 pergens.

2214 4116 2376 4174 Multa
2405 4117 2526 4183 alia,
2558 4125 2618 4171 ut
2649 4113 2912 4179 referunt,
2945 4116 3033 4171 hic
3064 4114 3191 4170 fecit
3220 4116 3372 4186 signa
3399 4113 3651 4175 Joannes,

2215 4207 2341 4273 Quae
2368 4207 2526 4261 modo
2556 4222 2661 4262 non
2690 4206 2848 4261 libuit
2873 4206 3158 4260 brevitatis
3178 4204 3301 4273 jure
3331 4205 3538 4259 referri.

2212 4297 2456 4351 Diximus
2485 4296 2574 4351 hic
2605 4303 2833 4359 tantum,
2864 4297 3042 4365 posuit
3069 4310 3190 4363 quae
3218 4294 3360 4349 Beda
3388 4295 3640 4365 magister

2214 4388 2552 4442 lndubitante
2580 4386 2704 4451 fide,
2733 4395 2922 4441 texens
2949 4385 3017 4439 ab
3041 4386 3251 4455 origine
3276 4384 3447 4455 prima

2218 4479 2484 4533 Historico
2508 4476 2800 4546 Anglorum
2827 4485 3014 4547 gentes
3037 4484 3094 4530 et
3118 4482 3267 4546 gesta
3293 4474 3483 4528 relatu.

2218 4566 2508 4626 Consenuit
2530 4577 2816 4640 postquam
2841 4568 3098 4638 praefatus
3122 4567 3403 4637 episcopus
3432 4563 3537 4625 ille,

2220 4664 2370 4719 Tunc
2398 4656 2487 4717 alii
2516 4662 2703 4716 vivens
2731 4661 2911 4716 sedem
2944 4658 3213 4715 concessit
3240 4656 3479 4717 honoris,

2218 4753 2395 4824 Atque
2419 4752 2804 4807 monasterium
2831 4752 3023 4806 devoto
3046 4749 3210 4806 corde
3232 4747 3440 4819 petivit,

2220 4839 2659 4915 Condignamque
2689 4843 2799 4897 Deo
2828 4843 2994 4897 vitam
3024 4840 3309 4911 complevit
3340 4838 3552 4893 ibidem.

2214 4932 2450 5004 Juraquc
2478 4942 2606 4988 tunc
2637 4935 2850 4989 tandem
2882 4941 3039 4987 terra:
3066 4931 3351 5003 peregrina
3384 4928 3711 4998 relinquens,

2215 5026 2310 5081 Est
2335 5026 2521 5095 patria:
2545 5025 2794 5094 pr0prius
2821 5024 3025 5079 ccelesti
3059 5023 3297 5080 redditus
3324 5023 3497 5076 haeres
3527 5019 3572 5074 ί.

2291 5119 2315 5157 ε
2345 5116 2631 5187 Presbyter
2658 5115 2905 5186 egregius
2933 5116 3192 5169 successit
3218 5110 3341 5181 jure
3366 5106 3557 5166 Joanni

2218 5204 2518 5271 Wilfridus,
2549 5205 2723 5258 haeres
2752 5202 2895 5256 Patri
2926 5203 3270 5273 dignissimus
3300 5202 3463 5255 almo.

3375 5334 3528 5390 Vers.
3570 5332 3660 5387 l2l
3673 5331 3729 5387 ο.

2295 5460 2318 5519 9
2353 5447 2484 5503 Ibid.
2517 5458 2632 5519 cap.
2660 5448 2712 5503 6.

2296 5518 2315 5557 ί
2354 5519 2508 5572 Anno
2531 5518 2655 5572 72L

2294 5591 2319 5630 ⁸
2356 5590 2495 5659 Beda
2521 5589 2658 5642 Hist.
2687 5589 2841 5659 Angl.
2866 5606 2983 5658 cap.
3008 5588 3299 5655 3;'Mabill.
3328 5587 3454 5642 libr.
3485 5604 3551 5659 ξιξ
3570 5586 3809 5659 _Annal.,

2220 5675 2367 5715 num.
2401 5658 2501 5726 22;
2536 5669 2589 5713 et
2617 5676 2739 5714 επις.
2772 5656 2829 5714 in
2862 5656 3062 5715 Bened.
3094 5668 3234 5728 part.
3267 5675 3335 5723 ιι,
3364 5673 3487 5727 pag.
3520 5657 3639 5711 560.
3676 5656 3813 5709 Indo
