4062 6346
582 282 688 341 859
1401 274 1463 341 Β.
1502 286 1564 341 F.
1596 282 1821 341 ALBlNl
1852 280 1983 338 SEU
2022 278 2299 335 ALCUlNl
2337 276 2621 334 OPERUM
2661 276 2837 332 PARS
2874 276 2957 331 Vl.
3735 282 3827 340 8ὶο

582 399 809 469 Semper
833 398 960 454 dum
987 398 1142 465 vixit,
1170 392 1374 455 directo
1397 406 1481 455 est
1506 399 1643 453 calle
1667 406 1901 453 secutus.

582 505 609 533 ιι
643 492 811 563 Hujus
839 492 947 545 vita
976 492 1187 560 quidem
1219 490 1394 559 qualis
1424 490 1524 544 fuit
1553 497 1681 543 ante
1710 486 1972 556 magistri,

580 582 738 639 Claro
764 590 884 652 post
910 581 1114 637 obitum
1143 581 1295 650 signo
1318 589 1401 635 est
1427 578 1692 649 patefacta
1724 576 1926 632 salutis.

578 671 749 743 Eger
777 672 918 726 enim
947 670 1164 738 quidam
1193 669 1369 724 Patris
1397 670 1522 724 dum
1550 668 1783 738 cingitur
1810 664 1935 720 almi

580 762 883 830 Relliquiis,
911 761 1125 828 penitus
1148 767 1300 829 peste
1322 768 1403 814 est
1429 769 1648 813 sanatus
1674 760 1740 812 ab
1768 756 1875 810 illa.

651 850 727 907 Te
753 864 966 919 quoque
990 849 1168 903 Pierio
1195 856 1493 920 tangentes.
1522 849 1770 901 Balthere
1796 848 1844 911 b,
1873 845 2097 916 plectro,

576 943 643 997 Et
669 943 783 1006 tibi,
812 950 1019 1007 sancte,
1046 942 1221 995 locum
1250 942 1447 995 nosuis
1476 941 1529 993 in
1555 940 1800 994 versibus
1829 939 1991 992 istum

575 1030 735 1100 255
774 1030 1064 1100 Signantes
1098 1030 1352 1099 petimus,
1379 1030 1590 1100 placida
1625 1036 1682 1081 tu
1708 1035 1887 1082 mente
1916 1034 2116 1092 teneto,

573 1122 642 1175 Et
682 1134 806 1191 rege
832 1135 977 1174 nunc
1001 1128 1244 1174 nostram
1273 1119 1448 1189 pelagi
1471 1132 1567 1188 per
1595 1118 1792 1173 czerula
1820 1118 2065 1187 cymbam

578 1210 707 1265 lnde
732 1219 973 1264 monstra
999 1210 1185 1273 maris,
1213 1210 1521 1278 scopulosas
1545 1209 1686 1263 inter
1712 1216 1768 1262 et
1794 1209 1983 1269 undas,

573 1299 646 1355 Ut
671 1301 841 1369 possit
870 1308 1084 1371 portum
1106 1309 1331 1368 portans
1360 1300 1628 1369 attingere
1655 1308 1846 1352 tutum.

642 1391 738 1445 Est
769 1391 921 1445 locus
968 1389 1180 1444 undoso
1206 1388 1569 1443 circumdatus
1598 1388 1833 1456 undique
1860 1394 2044 1455 ponto,

570 1485 819 1556 Rupibus
842 1484 1128 1538 horrendis
1153 1492 1426 1553 praerupto
1452 1491 1505 1537 et
1537 1484 1777 1553 margine
1806 1491 2007 1551 septus,

571 1578 629 1633 In
660 1594 767 1647 quo
795 1578 1117 1647 bellipotens
1147 1585 1365 1631 terreno
1397 1576 1451 1630 in
1479 1591 1707 1643 corpore
1732 1575 1887 1629 miles

572 1670 782 1743 Saepius
802 1670 977 1723 aerias
1005 1667 1255 1723 vincebat
1283 1667 1533 1722 Balthere
1562 1675 1790 1731 turmas,

573 1761 703 1828 Quae
728 1762 828 1815 sibi
858 1760 1190 1815 multimodis
1213 1759 1501 1813 variabant
1525 1759 1663 1813 bella
1697 1758 1901 1827 ﬁguris.

570 1852 672 1919 Qui
705 1860 882 1905 tamen
908 1850 1206 1919 intrepidus
1228 1850 1443 1904 hostilia
1468 1854 1645 1904 castra
1675 1848 1867 1912 relisit,

571 1942 699 1995 Tela
727 1941 1107 2013 malignorum,
1144 1956 1359 2011 semper
1385 1940 1562 1995 erucis
1590 1955 1740 1993 arma
1771 1941 1926 1993 beate

567 2030 797 2101 Belliger
833 2046 1127 2101 Opponens,
1160 2031 1369 2099 galeam
1405 2038 1726 2098 scutumque
1752 2029 1894 2083 ﬁdei.

568 2123 666 2177 Vir
692 2124 812 2193 pius
843 2123 932 2176 ille
967 2123 1183 2192 quidem
1210 2122 1447 2191 quodam
1475 2122 1602 2175 dum
1633 2130 1876 2190 tempore
1898 2121 2044 2175 solus

564 2215 814 2269 Incubuit
839 2215 1111 2285 precibus,
1136 2215 1401 2269 meditans
1429 2215 1673 2270 cmlcstia
1704 2224 1910 2267 tantum
1943 2233 1955 2267 :

565 2304 891 2359 llorribilem
919 2306 1095 2359 subito
1123 2307 1407 2374 strepitum
1436 2305 1593 2359 simul
1625 2312 1785 2372 atque
1809 2303 2078 2372 fragorem

562 2398 804 2463 Audivit,
839 2398 1003 2452 veluti
1049 2398 1191 2468 vulgi
1230 2399 1565 2468 erumpentis
1618 2398 1671 2451 in
1708 2398 1907 2451 hostes.

567 2485 718 2541 Tunc
738 2488 917 2542 anima
947 2504 1011 2542 ex
1040 2489 1251 2557 superis
1291 2487 1567 2557 cujusdam
1603 2487 1836 2542 nubibus
1862 2486 1979 2556 ejus

563 2576 703 2631 Ante
722 2577 886 2646 pedes
910 2578 1129 2643 cecidit,
1166 2578 1336 2633 nimio
1365 2577 1677 2632 tremefacta
1704 2578 1896 2632 timore
1924 2594 1937 2642 ;

564 2669 734 2737 Quam
775 2686 900 2725 mox
927 2671 1083 2725 turba
1110 2671 1293 2725 minax
1324 2671 1529 2741 ingenti
1558 2672 1783 2725 horrore
1824 2678 2009 2725 secuta
2038 2678 2144 2737 est,

560 2760 694 2815 Cum
720 2762 885 2817 variis
916 2763 1169 2817 miseram
1204 2762 1380 2832 pmnis
1409 2771 1660 2832 torquere
1686 2761 1957 2816 volentum
1988 2779 2001 2814 :

559 2849 631 2905 At
651 2851 812 2908 Pater
838 2852 926 2907 ille
946 2854 1068 2921 pius
1096 2853 1321 2922 placidis
1349 2853 1685 2922 amplexibus
1714 2851 1857 2905 illam

556 2944 801 3013 Arripuit
831 2947 1059 3015 gremio,
1091 2947 1380 3015 statimque
1410 2946 1633 3015 inquirit
1660 2947 1727 2999 ab
1751 2946 1861 3010 illa,

558 3032 689 3098 Qua:
709 3042 872 3099 esset,
912 3049 1008 3089 cur
1032 3035 1265 3106 fugeret,
1315 3034 1521 3090 faceret
1562 3035 1646 3089 vel
1672 3051 1790 3106 qua:
1827 3036 2010 3090 mala?
2044 3026 2141 3090 Cui

1921 3128 2071 3200 [tunc

558 3210 852 3279 Respondit
883 3226 898 3265 :
934 3231 951 3263 ι
990 3213 1173 3268 Levita
1204 3214 1297 3279 fui,
1325 3216 1418 3270 sed
1444 3225 1624 3271 mento
1649 3218 1882 3286 maligna

557 3300 815 3354 Feminea
846 3303 1120 3371 amplexus
1149 3307 1397 3361 manibus
1431 3323 1547 3361 sum
1580 3318 1798 3377 pectora
1834 3318 2063 3375 tantum,

554 3388 625 3442 Et
654 3388 866 3458 culpam
889 3394 1077 3447 erubui
1104 3394 1287 3449 vivens
1315 3396 1370 3449 in
1400 3410 1566 3453 carne
1594 3399 1772 3455 fateri.

530 3477 711 3535 Nunc
741 3480 942 3537 idcirco
980 3483 1079 3538 feri
1114 3484 1264 3541 duris
1291 3487 1602 3546 incursibus
1628 3493 1811 3549 hostes

556 3553 660 3646 ger
685 3563 905 3627 triginta
928 3572 1040 3624 dies
1070 3588 1244 3626 meme
1274 3585 1523 3640 torquere
1546 3591 1863 3646 sequuntur.

556 3643 665 3698 Nec
690 3657 902 3716 captata
927 3650 1025 3718 fui,
1056 3656 1149 3709 sed
1186 3674 1287 3713 nec
1323 3676 1512 3718 secura
1539 3643 1795 3725 remansi.
1834 3693 1851 3725 ι

557 3732 707 3789 Tunc
733 3740 969 3795 terrebat
993 3758 1118 3798 eum
1142 3747 1382 3805 clamans
1407 3769 1475 3808 ex
1506 3757 1752 3815 hostibus
1778 3779 1916 3818 unus
1941 3784 1952 3795 ·

559 3845 578 3877 ι
615 3826 731 3882 Non
762 3831 919 3887 hodie
949 3835 1194 3908 effugies,
1224 3858 1322 3899 nec
1347 3846 1391 3900 si
1420 3852 1657 3906 tenearis
1687 3854 1740 3908 in
1768 3855 1907 3910 ulnis

552 3916 720 3983 Petri,
747 3924 840 3977 sed
869 3929 1092 3984 meritas
1119 3934 1359 4001 patieris,
1390 3941 1646 4008 pessime,
1676 3960 1881 4013 pmnas.
1930 3974 1943 3999 ι

553 4008 784 4066 Sanctus
813 4022 867 4067 at
886 4016 1122 4075 irascens
1144 4023 1286 4079 Petri
1315 4032 1558 4087 convicia
1586 4008 1831 4117 propter,

548 4100 675 4181 llam
696 4106 770 4158 ait
803 4125 815 4160 :
853 4126 871 4158 ‹
906 4108 1046 4165 Ecce
1070 4114 1247 4171 minor
1268 4120 1479 4177 meritis
1518 4140 1577 4195 su

624 4142 675 4156 νυ
696 4142 770 4158 ιυ-
803 4147 815 4160 ·
853 4142 870 4158 -
906 4142 1046 4165 mw
1070 4142 1479 4177 ιιιιυυνιυυτιιιε
1518 4142 1641 4198 sura
1669 4145 1873 4200 centies
1898 4148 1986 4201 illo

544 4191 795 4335 Erillfi'pe
817 4205 1111 4326 θρῗῗωίίθο
1137 4224 1155 4297 ξ
1172 4209 1285 4286 ιῗῖῗέἶι
1310 4212 1379 4287 {te
1408 4236 1609 4304 pietate
1635 4237 1896 4292 Tonantis

564 4304 659 4335 .J‘"
688 4306 715 4335 it
742 4306 855 4335 ρης-
884 4312 895 4331 l
984 4320 997 4328 ο
1055 4324 1103 4335 ,η
1130 4325 1140 4335 .
1196 4332 1203 4335 Α
1388 4334 1391 4335 ,

564 4304 895 4347 _.t|lllltl13ll3,,‘

580 4320 1014 4399 ξξ’¹¹³⁸ᾖ”“”¹¹³ἓιίὲιιίιὸ
1050 4324 1164 4387 tibi,
1192 4332 1313 4378 trux
1345 4334 1400 4380 ct
1433 4342 1573 4382 saeve
1602 4336 1855 4399 tyranne,

560 4392 859 4467 Γεέέλιιοιιίρ
897 4416 1136 4481 portabis
1164 4431 1284 4469 eam
1313 4418 1412 4471 sub
1438 4425 1641 4472 tartara
1666 4428 1862 4475 tecum.
1900 4443 1917 4473 ι

557 4496 707 4555 'l‘nnc
737 4504 857 4570 pius
891 4504 1228 4558 iuterventor
1250 4506 1413 4560 humo
1433 4510 1809 4575 prosternitur,
1835 4520 1996 4582 atque

557 4592 691 4646 Cum
714 4593 967 4663 lacrymis
998 4594 1225 4649 Domino
1248 4608 1348 4664 pro
1373 4597 1528 4665 culpa
1560 4598 1822 4668 supplicat
1845 4603 1953 4655 illa.

557 4682 667 4736 Nec
693 4684 841 4753 prius
870 4684 956 4738 ille
984 4701 1172 4754 preces
1202 4687 1414 4741 desistit
1441 4688 1666 4745 fundere
1693 4708 1900 4757 sacras,

557 4774 729 4840 Quam
753 4777 983 4846 propriis
1009 4778 1243 4832 animam
1271 4777 1402 4833 ferri
1434 4779 1659 4836 vidisset
1686 4782 1871 4838 ocellis

631 4911 782 4968 Vers.
826 4913 981 4968 1500.

631 5088 656 5150 fl
694 5076 891 5150 Mahill.
921 5079 955 5131 Ι.
984 5082 1075 5134 cit.
1108 5097 1231 5150 pag.
1264 5083 1380 5137 l00.

628 5147 655 5228 lt
690 5147 952 5203 Cunewlsi
977 5147 1427 5228 Lindisfarnensis
1448 5153 1681 5228 episcopi
1707 5173 1848 5211 anno
1874 5174 1978 5213 xvn
2004 5176 2139 5228 pon-

557 5216 821 5301 tificatus;
856 5221 1161 5301 regniyero
1197 5224 1446 5301 Eadberti
1480 5216 1963 5301 Northumbrormn
1995 5216 2138 5301 regis

560 5302 650 5339 xx.
694 5306 711 5374 ε
758 5287 863 5374 Vir
883 5289 1171 5374 Domininet
1199 5296 1820 5374 presbyter_Balthcrus,
1855 5301 1943 5369 qui
1972 5287 2136 5355 vitam

559 5357 989 5433 anoclroreticam
1016 5362 1066 5413 in
1095 5357 1441 5433 Tiningaham
1471 5368 1719 5429 duxerat,
1750 5357 1889 5422 viain
1918 5381 2136 5425 sancto-

562 5442 678 5509 rum
712 5426 929 5509 Patrum
957 5431 1229 5509 ingressus
1256 5426 1673 5509 cst,_migran;lo
1702 5426 1767 5491 ad
1792 5454 1914 5509 eum
1948 5442 2036 5509 qui
2082 5457 2139 5496 se

561 5495 875 5575 reformavit
909 5495 1297 5575 adjmaginem
1332 5506 1421 5575 lilii
1453 5495 1566 5571 sui,
1598 5508 1767 5575 pridie
1796 5495 1978 5564 Nonas
2001 5495 2140 5565 Mar-
2174 5550 2177 5553 -

562 5564 683 5629 tias,
719 5586 737 5642 ρ
775 5570 946 5638 inquit
977 5564 1244 5642 Turgotus
1289 5575 1340 5627 in
1379 5564 1633 5630 Libro'd'e
1673 5578 1909 5633 Ecclesia
1946 5581 2139 5635 Dunel-

562 5638 764 5709 triensi;
806 5652 859 5694 et
879 5638 1255 5709 «‘piidenfanno
1286 5643 1387 5696 756
1415 5661 1477 5698 ex
1510 5644 1815 5703 ilovedeno.
1847 5648 2055 5705 Colitur
2084 5653 2135 5706 in

564 5704 738 5762 Fastis
776 5704 1130 5770 Benelictinis
1157 5715 1241 5771 die
1267 5714 1335 5768 27
1363 5715 1491 5770 Nov.
1534 5717 1793 5784 Re’iquire
1819 5704 2137 5779 Duuelmuni

2188 398 2237 455 Α
2266 393 2438 448 Altius
2461 393 2729 466 angelicas
2749 395 2870 450 caeli
2898 408 3064 465 super
3086 402 3233 449 astra
3261 408 3359 465 per
3386 394 3559 451 ulnas.

2264 484 2368 540 Par
2398 500 2611 555 quoque
2628 487 2741 556 jam
2763 486 2931 541 veteri
2967 487 3559 556 signumqueazquahile
3583 490 3733 561 signo

2224 592 2229 597 ·
2262 573 2376 629 Hoc
2400 577 2464 631 de
2494 575 2655 631 Patre
2680 577 2769 646 pio
2791 577 2959 648 gessit
2982 577 3265 632 clementia
3300 578 3519 633 Christi.

2262 665 2394 720 Nam
2431 667 2576 721 velut
2609 680 2887 736 :equoreas
2912 668 3105 723 Petrus
3136 669 3444 724 calcaverat
3464 672 3658 735 undas,

2263 756 2352 811 Sic
2381 758 2507 812 huic
2539 758 2720 813 evenit
2747 776 2761 825 ;
2797 759 3049 830 gradiens
3076 776 3201 814 nam
3228 768 3474 831 tempore
3502 764 3730 832 quodam

2259 846 2427 917 Rupis
2463 848 2516 901 in
2542 848 2766 902 excelsa:
2786 859 3056 920 praerupto
3086 852 3349 921 margine,
3378 868 3507 907 casu

2258 936 2514 1009 Contigit,
2540 947 2597 993 ut
2620 940 2839 994 caderet
2865 957 2879 995 :
2914 942 3006 996 sed
3036 941 3286 997 ﬂuctibus
3312 943 3400 999 ille
3424 945 3648 999 marinis

2258 1027 2538 1095 Suil‘ultus,
2566 1031 2811 1101 graditur
2840 1031 2999 1088 siccis
3027 1048 3187 1104 super
3217 1050 3436 1104 aequora
3460 1035 3674 1104 plantis.

2256 1121 2323 1174 Et
2349 1137 2444 1175 ceu
2474 1139 2601 1177 rura
2637 1124 2733 1178 soli
2757 1134 3045 1194 premeret,
3072 1127 3150 1181 sic
3180 1128 3420 1182 ambulat
3446 1130 3638 1183 undis:

2254 1206 2370 1261 Jam
2400 1211 2503 1263 nisi
2535 1214 2676 1281 quod
2703 1213 2871 1268 levius
2893 1226 3207 1285 susceperat
3232 1219 3372 1272 unda
3413 1228 3675 1284 ruentem,

2254 1298 2423 1364 Quam
2446 1300 2489 1353 si
2517 1301 2652 1355 dura
2680 1303 2857 1357 virum
2880 1306 3219 1375 accepissent
3239 1324 3368 1362 arva
3404 1312 3705 1366 cadentem.

2254 1389 2389 1443 Dum
2417 1391 2545 1457 ruit,
2575 1394 2716 1459 unda
2741 1392 2879 1459 ﬂuit,
2904 1386 3062 1450 casm
3089 1412 3156 1451 ne
3182 1396 3399 1452 lazderet
3430 1400 3601 1453 illum.

2252 1478 2539 1536 Cressibus
2566 1497 2693 1535 arva
2720 1493 2957 1547 manent,
2985 1484 3135 1540 illum
3160 1501 3227 1540 ne
3253 1498 3521 1558 mergeret
3547 1505 3743 1559 aequor.

2250 1573 2503 1629 Ambulat
2528 1592 2656 1646 ergo
2686 1576 2825 1631 freto
2854 1577 3049 1643 solido,
3072 1594 3171 1635 ceu
3201 1580 3415 1635 tramite
3445 1588 3623 1644 terra},

2251 1664 2433 1717 Donec
2459 1665 2525 1719 ad
2553 1666 2874 1734 undivagam
2897 1678 3215 1737 pervenerat
3245 1670 3357 1739 ipse
3385 1672 3626 1726 carinam
3658 1692 3672 1727 :

2181 1730 2228 1791 θ
2255 1754 2426 1822 Quam
2455 1772 2579 1811 mox
2607 1760 2852 1813 ascendit
2879 1775 3072 1815 securo
3102 1761 3236 1814 calle
3259 1761 3529 1830 pedester.

2252 1845 2367 1899 Non
2400 1847 2451 1900 in
2484 1854 2632 1901 veste
2656 1848 2851 1917 liquor,
2883 1865 2989 1903 non
3016 1850 3187 1905 soccis
3215 1852 3447 1905 hzeserat
3476 1853 3684 1907 humor.

2252 1933 2403 2000 Quod
2433 1944 2624 1990 natura
2654 1947 2835 2007 negat,
2864 1938 2966 1993 hoc
2995 1940 3086 1993 dat
3113 1948 3202 1993 tua
3231 1943 3472 2008 dextera,
3502 1942 3729 2009 Christe,

2253 2024 2406 2079 Unda
2435 2034 2526 2079 tuo
2548 2025 2703 2094 jussu
2731 2020 2905 2097 pelagi
2934 2029 2992 2082 iit
3018 2030 3201 2099 pervia
3220 2030 3422 2099 justis:

2251 2115 2418 2170 Terra
2445 2118 2537 2171 sed
2559 2134 2589 2172 e
2616 2128 2807 2173 contra
2833 2120 3030 2175 vindex
3053 2121 3110 2175 fit
3141 2138 3340 2193 gurges
3361 2124 3579 2194 iniquis.

2251 2205 2449 2261 Suil‘ert
2482 2208 2584 2262 ista
2615 2209 2865 2275 humiles,
2906 2212 3030 2267 dum
3059 2214 3278 2268 devorat
3308 2215 3398 2270 illa
3429 2217 3706 2285 superbos.

2247 2294 2401 2350 Nunc
2428 2304 2477 2351 te
2500 2298 2592 2351 sed
2620 2300 2852 2367 petimus
2878 2302 3074 2367 devoti,
3108 2303 3360 2359 Balthere
3391 2316 3599 2371 sancte,

2249 2385 2319 2441 Ut
2339 2387 2477 2441 sicut
2504 2388 2640 2442 unda
2673 2399 2825 2445 tuum
2854 2393 3110 2461 portabat
3146 2395 3213 2449 ab
3244 2411 3460 2465 aequore
3485 2415 3696 2470 corpus,

2248 2474 2322 2528 Te
2348 2490 2537 2530 sanum
2566 2479 2786 2546 penitus
2813 2483 3083 2538 revehens
3113 2485 3181 2540 ad
3220 2486 3402 2540 littora
3430 2496 3556 2542 nota
3581 2507 3593 2542 :

2248 2563 2337 2619 Sic
2364 2567 2612 2636 precibus
2640 2578 2856 2626 nostras
2889 2574 3099 2629 animas
3124 2577 3351 2631 evadere
3380 2577 3575 2635 ﬂuctus

2246 2655 2542 2714 Mundanos
2579 2658 2765 2727 facias,
2797 2672 3121 2735 portumque
3149 2668 3353 2723 intrare
3383 2670 3590 2726 salutis.

2245 2746 2452 2802 Claruit
2481 2750 2565 2805 his
2585 2752 2748 2807 etiam
2777 2756 3101 2812 venerabilis
3130 2759 3274 2814 Echa
3305 2771 3325 2798 ο
3350 2761 3539 2816 diebus

2243 2838 2585 2898 Anachoreta
2612 2861 2786 2911 sacer,
2808 2850 2976 2904 eremi
2999 2861 3208 2905 secreta
3239 2861 3475 2920 secutus,
3614 2849 3618 2852 ⁴

2246 2932 2513 2991 Terrenos
2542 2937 2753 3010 fugiens
2774 2938 2889 3009 jam
2910 2957 3137 3012 corpore
3164 2953 3346 3000 castus
3376 2947 3625 3015 honores,

2248 3022 2321 3078 Ut
2351 3039 2475 3078 cum
2505 3041 2631 3095 rege
2654 3027 2765 3082 Deo
2794 3029 3043 3086 cwlestes
3072 3042 3256 3100 posset
3286 3035 3505 3090 habere.

2248 3111 2558 3182 Angelicatn
2586 3117 2746 3172 terris
2768 3118 2933 3173 vitam
2961 3120 3187 3178 devotus
3205 3126 3432 3194 agendo,

2246 3202 2409 3257 Multa
2446 3207 2747 3275 prophetali
2773 3211 3023 3278 prasdixit
3049 3222 3227 3269 mente
3255 3215 3453 3272 futura.

2244 3294 2320 3349 De
2346 3312 2451 3365 quo
2479 3297 2634 3366 plura
2662 3308 2807 3354 vetat
2833 3304 3046 3356 narrari
3079 3304 3230 3360 Musa
3258 3323 3543 3363 recurrens

2244 3384 2510 3443 Carminis
2538 3389 2604 3443 ad
2634 3388 2815 3455 finem,
2847 3393 3167 3463 propriique
3189 3396 3256 3450 ad
3288 3406 3437 3466 gesta
3468 3400 3740 3467 magistri;

2313 3498 2413 3565 Qui
2438 3510 2560 3569 post
2589 3502 2916 3573 Ecgbertum
2945 3508 3272 3563 venerandze
3298 3510 3528 3579 insignia
3559 3513 3695 3567 sedis

2243 3585 2511 3658 Suscepit,
2547 3592 2761 3660 sapiens
2786 3593 3064 3651 ZEIbertus
3088 3598 3116 3635 ἀ
3152 3600 3368 3654 nomine
3393 3603 3588 3657 dictus.

2242 3675 2337 3730 Vir
2362 3678 2533 3733 bonus
2563 3688 2617 3735 et
2660 3682 2858 3751 justus,
2914 3684 3116 3761 largus,
3153 3689 3292 3757 pius,
3326 3697 3488 3760 atque
3517 3692 3798 3763 benignus:

2240 3767 2527 3839 Catholica)
2559 3770 2681 3831 ﬁdei
2709 3772 2909 3843 fautor,
2937 3790 3258 3850 praeceptor,
3285 3790 3529 3846 amator;

2246 3868 2494 3922 rh:clesiae
2520 3877 2719 3934 rector,
2745 3870 2955 3935 doctor,
2985 3870 3258 3935 defensor,
3280 3872 3554 3937 alumnus,

2239 3958 2467 4013 Justitite
2501 3959 2696 4024 cultor,
2728 3960 2860 4031 legis
2886 3962 3034 4027 tuba,
3068 3978 3246 4033 praeco
3275 3964 3489 4029 salutis,

2242 4049 2375 4118 Spes
2397 4050 2640 4119 inopum,
2676 4053 3039 4123 orphanisque
3083 4063 3254 4123 pater,
3286 4056 3492 4111 solator
3542 4067 3796 4126 egentum.

2240 4140 2387 4195 Trux
2412 4142 2616 4211 rigidis,
2650 4142 2983 4213 blandusque
3019 4145 3194 4207 bonis,
3239 4147 3513 4215 durusque
3534 4147 3803 4218 superbis:

2240 4233 2419 4288 Fortis
2444 4235 2497 4288 in
2536 4235 2795 4301 adversis,
2828 4237 3047 4291 humilis
3076 4236 3175 4290 fuit
3204 4237 3368 4307 inque
3395 4240 3669 4294 secundis.

2241 4323 2417 4379 Mente
2442 4341 2629 4395 sagax,
2663 4342 2770 4380 non
2794 4342 2889 4381 ore
2912 4327 3104 4396 loquax
3135 4345 3148 4380 :
3182 4330 3277 4381 sed
3303 4338 3561 4385 strenuus
3588 4338 3725 4385 actu.

2241 4414 2335 4469 Cui
2360 4425 2623 4484 quantum
2654 4416 2826 4470 crevit
2849 4417 3107 4470 cumulati
3140 4419 3351 4473 culmen
3383 4419 3624 4483 honoris,

2166 4467 2219 4529 ι)
2245 4467 2870 4559 Ταὴιὶιιηήίιῆέῆέιὲίιέιὶὲιὲ
2890 4467 3026 4560 ἐξὲξ
3036 4467 3500 4578 ﬁdaﬁda—gi.

2242 4595 2317 4648 De
2346 4610 2454 4663 quo
2490 4594 2738 4649 versifico
2767 4595 2927 4664 paulo
2948 4596 3067 4664 plus
3103 4612 3327 4667 pergere
3356 4614 3546 4667 gressu

2244 4684 2521 4740 Euboriczc
2549 4701 2757 4740 mecum
2786 4686 2950 4741 libeat
2979 4688 3092 4751 tibi,
3119 4704 3322 4757 qureso,
3347 4688 3626 4756 juventus.

2244 4776 2342 4831 llic
2368 4778 2494 4846 quia
2517 4793 2656 4846 smpe
2680 4786 2800 4833 tuos
2828 4777 3059 4848 perfudit
3082 4788 3301 4834 nectare
3325 4795 3540 4842 sensus,

3398 4910 3555 4966 \‘ers.
3600 4911 3731 4965 1409

2243 5086 2514 5141 translatae
2538 5103 2662 5141 szec.
2692 5104 2767 5140 xi.
2796 5087 2937 5158 Lege.
2964 5088 3276 5141 Bollandnm
3304 5090 3368 5141 ad
3392 5089 3533 5142 diem
3563 5090 3598 5142 6
3628 5089 3813 5143 Martii.

2240 5160 2330 5211 ubi
2372 5158 2509 5211 situs
2537 5159 2849 5212 monasterii
2884 5176 2977 5213 seu
3002 5159 3170 5213 eremi
3202 5160 3258 5211 S.
3289 5159 3528 5214 Baltheri
3564 5161 3619 5214 in
3648 5160 3813 5212 Scotia

2242 5229 2538 5297 riéponitur.
2577 5228 2800 5282 MARILL.

2314 5310 2335 5335 ο
2378 5299 2455 5370 pe
2483 5298 2584 5351 isto
2621 5298 2765 5350 Eclta
2794 5300 3115 5353 anachoreta
3145 5301 3276 5354 nihil
3309 5300 3436 5354 alibi
3473 5301 3713 5370 reperire
3735 5312 3820 5368 po-

2242 5369 2336 5422 tui.
2376 5368 2603 5422 MARILL.

2313 5439 2338 5477 ἀ
2384 5437 2655 5490 Αἰιὸενιιιδ
2691 5439 2959 5507 episcopus
3014 5440 3275 5494 successit
3302 5456 3446 5494 anno
3473 5436 3619 5505 766';
3655 5440 3820 5496 Howe-

2242 5510 2343 5563 den
2373 5508 2565 5561 Annal.
2621 5517 2759 5577 part.
2813 5509 3002 5576 priori,
3063 5526 3183 5579 pag.
3215 5511 3339 5564 405.
3394 5511 3591 5566 Mabill.
3638 5507 3817 5563 Annal.

2241 5579 2362 5633 libr.
2394 5595 2543 5641 x-xrv,
2572 5579 2808 5657 filling”
2843 5588 2897 5631 et
2933 5580 3014 5657 l2,
3047 5582 3179 5657 obiit
3208 5598 3350 5634 anno
3388 5583 3509 5657 780.
3538 5580 3820 5657 lilemliiiy;

2242 5666 2366 5713 xxv,
2407 5665 2552 5702 num.
2588 5650 2669 5701 ll.
2706 5648 2836 5702 Vide
2881 5651 3043 5704 etiam
3082 5652 3347 5705 Alfot'tum
3383 5653 3447 5705 ad
3481 5667 3687 5706 annum
3732 5648 3823 5700 ’ῖΒῦ

2240 5733 2289 5775 et
2321 5722 2442 5773 767.
