4062 6346
304 353 404 410 841

306 466 561 526 lielliﬂuo
581 464 764 522 dulces
795 472 1049 521 eructans
1072 475 1296 536 pectore
1324 480 1537 531 succos,

307 557 477 627 Quem
507 572 630 611 mox
654 572 685 609 a
712 556 900 625 primis
930 557 1071 611 ratio
1092 556 1456 627 pulcherrima
1479 555 1632 610 cunis

306 649 599 721 Corripuit,
630 664 813 704 rerum
842 664 1219 720 summamque
1246 649 1477 704 vehebat
1505 649 1560 703 in
1589 662 1792 711 arcem,

305 741 574 799 Doctrina:
596 741 839 813 pandens
859 741 937 796 illi
965 750 1176 798 secreta
1213 741 1433 811 sophiae.

306 832 407 891 Hic
430 833 533 889 fuit
557 847 688 904 ergo
723 834 859 888 satis
885 833 1046 889 claris
1071 832 1405 905 genitoribus
1429 839 1601 897 ortus,

306 931 387 988 Ex
414 944 643 1001 quorum
675 944 805 984 cura
827 929 1020 984 studiis
1047 943 1170 983 mox
1197 927 1433 982 traditur
1466 926 1644 991 almis,

306 1023 482 1093 Atque
504 1019 839 1076 monasterio
863 1019 1158 1089 puerilibus
1187 1018 1393 1073 inditur
1421 1018 1601 1083 annis,

308 1111 570 1169 Sensibus
596 1120 657 1166 ut
684 1110 891 1180 fragilis
917 1109 1088 1165 sacris
1117 1109 1452 1165 adolesceret
1474 1116 1626 1163 aetas.

308 1202 384 1259 De
406 1219 573 1273 puero
593 1217 694 1257 nec
722 1217 876 1257 cassa
903 1200 1003 1255 fuit
1029 1215 1153 1270 spes
1177 1207 1328 1254 tanta
1356 1205 1661 1269 parentum.

306 1294 427 1351 Jam
455 1310 589 1365 puer
616 1294 869 1365 egregius
899 1292 1180 1348 crescebat
1207 1305 1436 1361 corpore
1464 1298 1746 1360 quantum,

305 1386 529 1459 Ingenio
557 1396 765 1441 tantum
795 1386 1054 1441 librorum
1074 1383 1411 1455 proﬁciebat.

308 1477 404 1535 Sic
429 1479 637 1534 meritis
668 1493 921 1535 crescens
947 1478 1105 1532 annis
1129 1485 1186 1532 et
1209 1483 1393 1531 mente
1419 1474 1622 1545 sagaci,

302 1568 430 1626 Jam
454 1570 613 1625 levita
637 1586 794 1627 sacer
820 1570 1089 1641 condigno
1121 1577 1205 1625 est
1229 1569 1422 1624 ordine
1445 1568 1642 1624 factus.

302 1661 465 1718 Hunc
483 1663 623 1719 bene
645 1663 771 1718 dum
792 1662 918 1717 felix
970 1663 1288 1718 adolescens
1334 1662 1503 1733 gessit
1534 1662 1820 1727 honorem,

300 1751 440 1809 Jura
466 1754 755 1809 sacerdotii
783 1751 999 1821 juvenis
1023 1753 1263 1821 suscepit
1289 1754 1589 1807 honestus:

212 1868 217 1915 ς
300 1844 595 1901 Cresceret
614 1852 675 1898 ut
703 1844 977 1916 gradibus,
1010 1844 1221 1899 meritis
1250 1844 1341 1913 qui
1369 1852 1618 1899 creverat
1636 1841 1814 1896 almis.

376 1936 548 2008 256
573 1935 726 1991 Tunc
745 1936 866 2005 pius
886 1943 942 1990 et
970 1936 1212 2007 prudens
1232 1934 1423 1990 doctor
1449 1934 1609 1990 simul
1630 1942 1793 2004 atque
1818 1947 1905 1988 sa-

1058 2036 1059 2039 ‘
1136 2010 1145 2016 ’
1586 2024 1830 2098 [cerdos,

299 2121 670 2193 Pontiﬁcique
694 2138 879 2180 comes
904 2122 1135 2194 Ecgbert
1170 2121 1492 2191 coniunctus
1521 2121 1770 2184 adhaesit,

299 2214 411 2274 Cui
440 2228 654 2285 quoque
678 2214 975 2285 sanguineo
1005 2214 1183 2270 fuerat
1205 2214 1322 2284 jam
1345 2212 1469 2282 jure
1494 2212 1848 2284 pr0pinquus.

301 2307 352 2364 Δ
380 2322 495 2378 quo
521 2305 775 2361 defensor
797 2306 943 2361 clero
969 2307 1281 2362 decernitur
1300 2306 1471 2372 omni,

304 2401 381 2457 Et
411 2400 572 2456 simul
602 2400 868 2456 Euborica
888 2400 1175 2471 praefertur
1196 2401 1249 2454 in
1277 2400 1409 2455 urbe
1437 2400 1716 2471 magister.

304 2492 408 2548 Ille
433 2492 526 2546 ubi
552 2490 780 2547 diversis
811 2491 1047 2546 sitientia
1073 2492 1238 2546 corda
1264 2490 1481 2546 fluentis

307 2584 588 2639 Doctrina:
613 2590 666 2637 et
684 2583 839 2636 vario
866 2582 1171 2637 studiorum
1200 2596 1325 2637 rore
1348 2581 1561 2652 rigabat
1590 2600 1604 2634 :

307 2667 414 2729 His
440 2672 575 2728 dans
611 2674 979 2744 grammatica:
1004 2674 1235 2729 rationis
1263 2674 1513 2744 gnaviter
1535 2681 1707 2739 artes,

306 2763 431 2819 Illis
458 2764 745 2819 rhetorica:
771 2762 1058 2819 infundens
1084 2764 1404 2818 refluamina
1432 2762 1627 2833 linguae
1657 2780 1673 2818 :

304 2856 441 2913 Illos
460 2858 691 2929 jur’idica
735 2856 951 2912 curavit
987 2865 1108 2913 cote
1135 2857 1329 2927 polire,

307 2946 446 3004 Illos
472 2946 649 3003 Aonio
674 2948 856 3003 docuit
894 2948 1219 3003 concinuere
1257 2956 1459 3015 cantu;

310 3037 590 3095 Castalida
622 3038 908 3093 instituens
938 3037 1070 3092 alios
1097 3042 1355 3093 resanare
1376 3038 1575 3105 cicuta,

311 3126 385 3183 Et
408 3127 541 3199 juga
562 3126 819 3181 Parnassi
845 3126 1032 3198 lyricis
1050 3141 1372 3197 percurrere
1394 3128 1612 3199 plantis.

311 3223 419 3279 Ast
460 3221 595 3277 alios
626 3218 1032 3292 fecitprzefatus
1070 3236 1230 3276 nosse
1255 3221 1514 3293 magister

312 3312 676 3371 Harmoniam
704 3312 850 3378 caeli,
881 3312 1010 3367 solis
1039 3312 1288 3382 lunaeque
1314 3312 1550 3380 labores,

314 3408 573 3477 Quinque
592 3405 700 3476 poli
726 3420 917 3471 zonas,
938 3405 1181 3460 errantia
1209 3405 1389 3460 sidera
1416 3412 1643 3475 septem,

311 3501 609 3559 Astrorum
633 3498 799 3568 leges,
822 3506 992 3564 ortus,
1024 3498 1183 3553 simul
1204 3507 1367 3568 atque
1392 3513 1655 3555 recessus.

313 3594 520 3650 Aerios
550 3602 728 3647 motus
746 3590 943 3661 pelagi,
976 3597 1240 3660 terraeque
1266 3596 1578 3652 tremorem,

315 3688 560 3743 Naturas
583 3686 886 3749 hominum,
908 3682 1193 3754 pecudum,
1219 3682 1605 3759 volucrumque
1645 3681 1909 3749 ferarum,

316 3780 584 3838 Diversas
605 3776 817 3833 numeri
843 3775 1074 3846 species,
1100 3773 1389 3844 variasque
1412 3775 1632 3846 ﬁguras.

315 3871 693 3940 Paschalique
717 3868 866 3924 dedit
884 3867 1144 3923 solemnia
1171 3874 1319 3922 certa
1342 3883 1588 3933 recursu,

317 3966 560 4022 Maxime
590 3963 883 4034 Scriptura:
905 3962 1147 4031 pandens
1171 3963 1428 4033 mysteria
1449 3977 1639 4017 sacrae.

242 4074 253 4085 ’
317 4059 463 4114 Nam
494 4057 642 4113 rudis
664 4064 719 4111 et
746 4055 945 4110 veteris
970 4052 1106 4125 legis
1128 4052 1386 4124 patefecit
1413 4055 1686 4125 abyssum.

315 4148 527 4205 lndolis
556 4147 787 4219 egregia:
805 4144 1034 4214 juvenes
1054 4159 1405 4216 quoscunque
1429 4146 1666 4211 videbat,

317 4243 441 4298 llos
467 4243 571 4297 sibi
599 4238 900 4313 conjunxit,
932 4238 1137 4307 docuit,
1158 4241 1405 4307 nutrivit,
1445 4238 1648 4297 amavit
1672 4259 1687 4309 ;

317 4335 670 4405 Quapropter
692 4334 878 4404 plures
904 4349 1003 4406 per
1031 4348 1186 4389 sacra
1213 4332 1489 4388 volumina
1514 4334 1705 4389 doctor

318 4426 633 4498 Discipulos
667 4428 878 4493 habuit,
909 4426 1139 4482 diversis
1166 4426 1383 4482 artibus
1408 4434 1618 4483 auctos.

317 4516 445 4573 Non
478 4517 643 4572 semel
667 4527 920 4574 externas
937 4518 1224 4588 peregrino
1251 4518 1468 4573 tramite
1493 4525 1668 4574 terras

315 4609 447 4666 1am
480 4611 786 4681 peragravit
805 4624 995 4675 ovans,
1020 4609 1221 4677 sophiae
1246 4609 1511 4665 deductus
1530 4626 1754 4677 amore;

317 4700 384 4757 Si
420 4700 552 4770 quid
573 4699 713 4756 forte
740 4700 867 4754 novi
896 4698 1158 4754 librorum
1186 4712 1282 4753 seu
1310 4699 1633 4766 studiorum,

316 4793 485 4865 Quod
515 4809 700 4849 secum
730 4793 899 4850 ferret
919 4793 1082 4849 terris
1120 4794 1384 4863 reperiret
1415 4794 1472 4849 in
1496 4794 1622 4851 illis.

315 4887 428 4942 Hic
453 4901 672 4957 quoque
698 4885 1015 4942 Romuleam
1040 4886 1187 4940 venit
1208 4887 1434 4943 devotus
1462 4889 1529 4943 ad
1562 4890 1771 4955 urbem,

316 4982 495 5037 Dives
521 4996 709 5037 amore
728 4981 846 5045 Dei,
875 4981 983 5038 late
1010 4982 1128 5038 loca
1158 4991 1348 5040 sancta
1367 5000 1685 5058 peragrans.

396 5115 560 5172 Vers.
604 5115 764 5173 1458.

394 5250 784 5342 ῗλεέξίῖιζςξς
818 5251 1587 5342 θξθ,ι⁵ὲςξγίι19,ἓιεε.ίξ,ίριθμῑε³ε
1634 5274 1770 5342 νέες
1787 5260 1923 5342 Nar-

312 5322 808 5388 thanumbrorum,
845 5323 911 5377 de
932 5338 1039 5392 quo
1072 5323 1206 5377 Ven.
1238 5323 1403 5391 Beda,
1433 5322 1554 5381 libr.
1588 5344 1627 5383 ιι
1656 5322 1795 5386 Hist.
1823 5333 1925 5388 Ec.

1183 5403 1405 5467 narrat:
1455 5416 1473 5448 ι
1507 5398 1815 5467 Baptizatus
1843 5411 1927 5458 est

312 5395 463 5451 cles.
506 5393 685 5464 Angl.,
899 5380 985 5455 η,
1025 5380 1057 5446 h

310 5474 514 5521 autem
556 5464 831 5590 éEduinus
876 5464 993 5535 rex)
1050 5464 1280 5520 Eboraci
1338 5467 1425 5522 die
1460 5464 1650 5525 sancto
1703 5471 1924 5529 Pascha:

310 5535 551 5590 nridiel
590 5551 719 5590 uum
746 5535 1010 5590 Aprilium
1053 5534 1201 5590 (627)
1230 5536 1283 5590 in
1316 5538 1545 5590 ecclesia
1571 5543 1742 5590 sancti
1772 5543 1920 5590 Ρριιιί

309 5536 509 5609 pridie
529 5534 719 5609 lduum
746 5534 1010 5609 Aprilium
1053 5534 1283 5609 (627)in
1302 5538 1545 5609 ecclesia
1571 5543 1744 5596 sancti
1772 5543 1921 5598 Petri

312 5606 588 5678 apostoli,
617 5622 781 5676 quam
819 5606 1261 5680 ibidemipse'de
1300 5607 1466 5680 ligno,
1520 5628 1642 5666 cum
1688 5616 1925 5670 catechi-

311 5677 574 5743 zaretur,
609 5686 773 5747 atque
802 5677 869 5731 ad
892 5677 1297 5746 percipiendum
1345 5677 1608 5750 baptisma
1657 5683 1922 5742 imbuere-

312 5760 446 5813 tur,
482 5750 646 5804 citato
694 5762 858 5819 opere
913 5750 1234 5803 construxit.
1276 5771 1293 5802 ι
1336 5749 1461 5807 llaéc
1499 5753 1655 5809 Bedae
1683 5758 1924 5814 narratio

315 5820 622 5876 difﬁculter
678 5818 799 5873 cum
833 5818 934 5873 ista
973 5820 1143 5874 nostri
1208 5831 1377 5892 poeta:
1431 5825 1789 5894 combinatur,
1815 5829 1919 5886 nisi

650 5964 651 5967 η
740 5912 1013 5972 Parnm.
1060 5910 1162 5972 Cl.

1100 344 1428 404 causam.
1448 324 1537 390 -ζ-
1565 346 1655 403 nr:
1690 342 1959 405 PONTIF.
1998 342 2089 398 ET
2122 340 2224 397 ss.
2258 340 2455 398 ECCL.
2487 338 2775 396 monac.

1914 463 1967 524 Α
1992 456 2121 512 lnde
2141 457 2361 511 domum
2390 455 2625 521 rediens,
2651 471 2681 509 a
2705 452 2922 524 regibus
2948 462 3107 522 atque
3133 451 3368 507 tribunis

1990 548 2193 604 Doctor
2229 548 2528 603 honoriﬁce
2557 562 2800 603 summus
2823 555 3106 615 susceptus
3130 545 3329 615 ubique
3350 550 3454 601 est.

3466 331 3572 392 842

1997 640 2065 698 Ut
2083 648 2208 712 pote
2233 656 2394 711 quem
2421 641 2604 711 magni
2632 656 2791 711 reges
2819 640 3055 694 retinere
3091 638 3364 705 volebant,

1994 733 2096 801 Qui
2124 748 2221 789 sua
2253 749 2379 788 rura
2403 732 2576 789 fluens
2606 735 2788 789 divino
2815 749 2939 789 rore
2966 734 3186 801 rigaret.

1991 827 2075 882 Ad
2109 826 2212 883 sibi
2244 828 2337 883 sed
2362 843 2661 898 properans
2696 828 2965 899 praeﬁnita
2991 828 3132 884 facta
3160 828 3440 899 magister,

1993 916 2352 987 Dispensante
2379 917 2515 985 Deo,
2539 919 2731 989 patria:
2759 920 3040 989 prodesse,
3063 919 3291 975 redibat.

1997 1012 2134 1068 Nam
2160 1014 2410 1085 proprias
2445 1022 2728 1085 postquam
2760 1014 2936 1070 fuerat
2966 1016 3175 1071 delatus
3202 1016 3254 1069 in
3277 1030 3423 1082 oras,

1996 1105 2118 1161 Mox
2148 1107 2475 1176 pastoralem
2504 1108 2814 1177 compulsus
2844 1123 3057 1163 sumere
3086 1124 3294 1175 curam,

1996 1197 2241 1254 Efﬁcitur
2267 1216 2533 1265 summus,
2562 1200 2762 1271 populo
2794 1201 3082 1271 rogitante,
3116 1202 3370 1257 sacerdos

1997 1288 2352 1360 Ofﬁciumque
2383 1292 2497 1346 suis
2523 1292 2734 1347 meritis
2754 1293 3107 1347 decoraverat
3132 1293 3308 1359 almis,

1998 1381 2217 1441 Ordinis
2252 1392 2418 1454 atque
2446 1386 2622 1440 bonus
2658 1393 2953 1457 pastorque
2980 1394 3233 1456 repertus
3262 1387 3463 1457 ubique
3481 1392 3589 1447 est.

1998 1473 2247 1545 Namque
2277 1476 2535 1531 tuebatur
2560 1477 2802 1531 divinum
2829 1486 3019 1533 cautus
3042 1479 3203 1546 ovile,

2000 1566 2123 1626 Ulla
2149 1583 2217 1623 ex
2245 1578 2401 1638 parte
2439 1569 2598 1640 lupus
2626 1570 2830 1626 Christi
2860 1588 2929 1627 ne
2951 1572 3171 1628 laederet
3198 1588 3388 1645 agnos,

1996 1658 2094 1714 Ille
2128 1660 2325 1730 quibus
2352 1662 2494 1717 sacri
2525 1663 2819 1732 praestabat
2843 1662 3041 1732 pabula
3072 1664 3265 1731 verbi;

2001 1749 2081 1805 Ne
2107 1750 2226 1807 sitis
2253 1762 2418 1822 atque
2444 1751 2616 1808 fames
2638 1752 2749 1807 ullo
2775 1761 2998 1809 vexaret
3020 1755 3235 1810 acerbo.

1928 1818 1979 1881 Β
2006 1842 2083 1897 De
2103 1818 2373 1914 gregche
2400 1854 2650 1901 errantes
2677 1846 2847 1900 eremi
2877 1860 2973 1916 per
2994 1846 3147 1901 devia
3177 1856 3346 1903 vasta:

2008 1933 2092 1989 Ad
2131 1934 2345 1989 Domini
2385 1936 2571 1991 caulas
2605 1936 2848 1992 humeris
2874 1938 3166 1993 revehebat
3192 1939 3418 1996 amicis:

2006 2025 2372 2097 Nolentesque
2397 2029 2547 2098 sequi
2577 2028 2792 2099 placido
2819 2044 3070 2084 sermone
3099 2038 3383 2086 vocantem

2006 2118 2325 2190 Insequitur
2348 2118 2490 2189 juris
2520 2122 2823 2178 terroribus
2849 2131 3011 2192 atque
3042 2122 3285 2195 flagellis.

2007 2209 2121 2267 Nec
2147 2213 2260 2282 regi
2287 2221 2380 2266 aut
2402 2211 2630 2268 ducibus
2652 2214 2831 2283 justus
2857 2216 3113 2283 parcebat
3143 2215 3364 2285 iniquis.

2007 2301 2119 2358 Sed
2138 2318 2315 2373 neque
2344 2304 2604 2371 decrevit,
2635 2320 2889 2360 curarum
2918 2292 3156 2376 pondera
3179 2318 3422 2379 propter,

2007 2391 2323 2463 Scripturas
2348 2393 2565 2451 fervens
2604 2396 2870 2451 industria
2896 2398 3077 2468 prisca
3099 2398 3311 2470 legendi
3336 2418 3355 2453 :

2006 2483 2211 2541 Factus
2223 2494 2536 2556 utrumque,
2554 2502 2722 2559 sagax
2737 2488 2948 2555 doctor,
2972 2490 3094 2559 pius
3116 2498 3279 2559 atque
3304 2490 3562 2549 sacerdos
3583 2507 3601 2558 ;

2008 2575 2271 2633 Sensibus
2299 2578 2401 2633 hos
2438 2594 2664 2651 augens,
2696 2579 2817 2635 illos
2842 2588 2898 2633 et
2922 2581 3165 2636 moribus
3191 2596 3412 2638 ornans.

2009 2665 2123 2723 Nec
2142 2667 2304 2723 Pater
2330 2669 2625 2724 adveniens
2652 2671 2706 2728 in
2740 2679 2946 2725 tantum
2973 2672 3188 2726 culmen
3216 2672 3459 2738 honoris,

2011 2761 2457 2840 Vestibusatque
2486 2763 2624 2818 cibis
2653 2772 2893 2818 veterem
2918 2772 3226 2819 mutaverat
3252 2777 3450 2818 usum:

2010 2852 2280 2909 Deliciosa
2317 2855 2480 2910 nimis
2502 2854 2739 2926 fugiens,
2769 2864 2871 2911 nec
2893 2856 3017 2911 vilia
3046 2858 3201 2913 valde

2013 2942 2264 2999 Sectatus
2290 2944 2491 3013 fuerat,
2517 2948 2699 3003 medio
2727 2948 3098 3005 moderamine
3119 2952 3380 3021 gaudens.

2013 3034 2126 3091 Nec
2154 3036 2334 3093 minus
2360 3038 2570 3095 interea
2594 3040 2750 3095 vario
2778 3050 3099 3100 ornamenta
3125 3044 3340 3110 decore,

1935 3172 1985 3238 ο
2012 3125 2234 3182 Addidit
2272 3127 2535 3197 ecclesiis,
2565 3129 2694 3188 ﬁdei
2718 3131 2931 3188 fervore
2957 3135 3214 3205 repletus.

2012 3217 2256 3289 Namque
2285 3228 2345 3275 ut
2369 3219 2692 3291 bellipotens
2720 3226 2951 3294 sumpsit
2974 3227 3317 3297 baptismatis
3336 3231 3536 3290 undam

2010 3307 2185 3364 Edvin
2218 3326 2313 3366 rex
2343 3324 2392 3378 ι,
2421 3312 2619 3382 praesul
2643 3316 2904 3387 grandem
2941 3328 3321 3377 construxerat
3342 3338 3516 3390 aram,

2014 3399 2175 3457 Texit
2197 3412 2253 3459 et
2279 3412 2524 3476 argento,
2556 3409 2786 3479 gemmis
2824 3410 2987 3472 simtu
3018 3400 3257 3486 undique
3281 3425 3337 3471 et
3362 3432 3521 3486 auro,

2011 3491 2189 3563 Atque
2218 3496 2420 3551 dicavit
2441 3512 2561 3553 eam
2588 3499 2763 3557 sancti
2789 3502 2889 3557 sub
2918 3504 3139 3559 nomine
3167 3504 3319 3560 Pauli

2012 3581 2264 3638 Doctoris
2295 3585 2504 3650 mundi,
2535 3586 2764 3647 nimium
2791 3604 2954 3658 quem
2984 3591 3176 3648 doctor
3201 3595 3441 3651 amabat.

2015 3675 2132 3732 Hoc
2158 3677 2331 3732 altare
2356 3676 2535 3733 farum
2561 3679 2590 3718 ι)
2621 3695 2784 3750 supra
2816 3684 3173 3752 suspenderat
3200 3686 3397 3758 altum,

2016 3766 2123 3836 Qui
2147 3776 2296 3824 tenet
2322 3769 2604 3827 ordinibus
2630 3772 2731 3828 tria
2759 3773 2985 3844 grandia
3013 3791 3143 3832 vasa
3165 3779 3427 3835 novenis:

2015 3858 2085 3913 Et
2106 3858 2336 3915 sublime
2361 3861 2539 3919 crucis
2574 3861 2830 3920 vexillum
2857 3866 3033 3925 erexit
3060 3867 3130 3922 ad
3164 3883 3336 3934 aram,

2015 3950 2085 4006 Et
2112 3959 2285 4007 totum
2314 3953 2447 4011 texit
2470 3956 2724 4025 pretiosis
2759 3957 2917 4020 valde
2952 3961 3206 4018 metallis.

2015 4044 2211 4102 Omnia
2231 4061 2427 4118 magna
2452 4048 2607 4113 satis,
2634 4049 2860 4118 pulchro
2888 4051 3164 4114 molimine
3192 4061 3426 4123 structa,

2016 4135 2351 4209 Argentique
2370 4140 2512 4195 meri
2540 4150 2895 4211 compensant
2920 4148 3163 4214 pondera
3189 4147 3382 4208 multa.

2018 4230 2121 4286 Ast
2144 4232 2317 4288 altare
2338 4233 2484 4291 aliud
2509 4232 2659 4301 fecit,
2692 4238 2909 4296 vestivit
2936 4247 2993 4295 et
3020 4240 3151 4297 illud

2019 4320 2257 4394 Argento
2280 4340 2437 4396 puro,
2468 4327 2724 4398 pretiosis
2753 4337 2918 4401 atque
2946 4332 3145 4405 lapillis
3173 4350 3190 4390 :

2021 4413 2457 4505 biartyribusque
2478 4420 2736 4491 crucique
2761 4423 2922 4485 simul
2950 4426 3298 4486 dedicaverat
3325 4432 3524 4505 ipsum.

1946 4537 2004 4601 Β
2024 4504 2194 4565 Iussit
2217 4515 2278 4564 ut
2297 4510 2499 4582 obryzo
2523 4527 2633 4574 non
2658 4515 2813 4584 parvi
2841 4519 3097 4586 ponderis
3123 4538 3258 4581 auro

2022 4599 2273 4671 Ampulla
2298 4601 2475 4671 major
2502 4603 2678 4671 ﬁeret,
2711 4622 2820 4676 qua
2841 4610 2967 4669 vina
2996 4616 3252 4672 sacerdos

2021 4691 2295 4753 Funderet
2320 4694 2377 4750 in
2413 4695 2656 4764 calicem,
2694 4700 2958 4759 solemnia
2982 4719 3143 4761 sacra
3170 4708 3471 4769 celebrans.

2093 4800 2196 4858 Ast
2221 4817 2362 4859 nova
2389 4804 2630 4862 basilicae
2658 4808 2812 4863 mirae
2838 4818 3115 4868 structura
3143 4816 3333 4880 diebus

2024 4892 2280 4951 Praesulis
2305 4894 2468 4965 hujus
2488 4904 2608 4952 erat
2624 4894 2739 4965 jam
2767 4909 2964 4970 coepta,
2997 4916 3236 4975 peracta,
3260 4921 3498 4973 sacrata.

2026 4988 2153 5044 Haec
2169 4989 2331 5044 nimis
2356 4989 2465 5045 alta
2495 4990 2687 5046 domus
2710 4992 2896 5061 solidis
2934 4997 3154 5055 suffulta
3180 5003 3469 5075 columnis,

3177 5137 3334 5196 Vers.
3380 5143 3539 5199 1580.

2028 5262 2599 5347 transpositisnverbis
2658 5266 2735 5323 ita
2777 5269 3076 5347 intelligas,
3125 5278 3270 5347 quod
3314 5278 3486 5335 Edvin
3517 5296 3613 5339 rex

2027 5336 2288 5420 gnra‘ndem
2317 5350 2347 5389 e
2378 5336 2527 5420 ligno
2549 5344 2919 5420 construxerit
2950 5336 3159 5412 “mm;
3206 5363 3369 5420 quam
3416 5336 3617 5420 prarsul

2029 5404 2309 5460 2Elbertus
2330 5404 2451 5476 post
2489 5408 2759 5480 integrum
2810 5415 3024 5469 demum
3062 5404 3316 5473 saecul'um
3370 5404 3620 5480 milia};

2026 5485 2208 5601 gemo,
2263 5492 2397 5532 auro
2448 5482 2801 5552 gemmisque,
2854 5494 3016 5554 atque
3041 5488 3109 5545 ob
3146 5503 3385 5544 amorem
3440 5495 3617 5551 sancti

2070 5546 2199 5601 auh.
2237 5556 2444 5601 mutato
2476 5552 2632 5601 titulo
2656 5556 2828 5601 sancti
2859 5555 3023 5601 Petri-
3074 5558 3218 5601 illam
3253 5560 3394 5601 illine
3422 5564 3615 5601 hnnnﬁ

2070 5546 2199 5624 atrii,
2237 5546 2632 5624 mu_tato_:ti_tulo
2656 5546 2829 5609 sancti
2856 5546 3025 5621 Petri,
3072 5558 3221 5614 illam
3251 5560 3395 5617 illius
3422 5546 3618 5624 honoln'i

2027 5619 2379 5761 dggics'gzrit.
2432 5619 2566 5681 Vide
2600 5624 2667 5679 de
2718 5625 2822 5679 hoc
2884 5619 3019 5696 rege
3057 5629 3212 5698 plura
3262 5647 3429 5702 supra
3465 5619 3615 5699 vers;

2100 5763 2125 5804 ι)
2170 5761 2391 5821 Forum.
2422 5763 2479 5817 id
2500 5772 2585 5820 est
2611 5766 3015 5824 candelabrum.

3133 5926 3213 5985 27
