4062 6346
281 326 388 383 849

1345 324 1813 384 DlDASCALlCA.
1856 354 1924 364 --
1962 322 2442 378 GRAMMATICA.

289 452 3540 496 mm

1149 552 1992 705 OPUSCULUM
2078 584 2673 742 PRIMUM.

1368 850 2423 959 GRAMMATICA
2447 912 2484 951 .

629 1143 790 1217 235
831 1140 1145 1198 nomen
1180 1136 1535 1193 PBEVIUM.

358 1271 932 1346 Praesens0pusculum
946 1285 1012 1346 ex_
1034 1268 1158 1346 bino
1172 1267 1380 1346 dialogo
1391 1272 1606 1346 constat
1621 1280 1636 1329 ;
1655 1264 1741 1346 pri
1749 1278 1868 1345 mus

286 1338 759 1417 intermagistrum
794 1350 863 1417 et_
883 1338 1331 1417 discipulos,_qui.
1349 1338 1503 1405 quasi
1540 1338 1869 1417 prteliniina-

287 1404 661 1474 risinstructio
681 1423 767 1469 est
801 1413 866 1467 ad
897 1404 1079 1465 veram
1108 1404 1427 1478 sapientiam
1462 1404 1866 1478 acquirendam,

287 1490 354 1543 ad
381 1503 542 1556 quam
567 1502 665 1556 per
690 1484 1117 1556 grammaticam,
1143 1476 1489 1556 rhetoricam,
1508 1476 1867 1556 dialecticam,

287 1506 354 1543 30
418 1506 542 1542 nam
567 1506 665 1556 per
690 1506 1117 1556 gralllwaucam,
1144 1506 1489 1541 I‘llcwllwlu,
1508 1506 1863 1538 utalcuuwul,

286 1506 715 1628 aritlmeticam,
732 1553 1109 1628 geometriam,
1138 1549 1399 1604 musicam
1420 1555 1473 1601 et
1494 1547 1863 1628 astrologiam,

282 1630 449 1684 veluti
473 1644 571 1698 per
589 1618 787 1698 gradus
808 1621 1207 1698 ascendenduun
1243 1633 1374 1698 esse.
1392 1618 1867 1698 magis‘te‘rdocet-2

282 1708 446 1770 atque
461 1686 729 1770 i'deoliuic
756 1691 1169 1770 primo_di_alogo
1195 1692 1248 1743 in
1408 1686 1871 1770 msth‘risingenlsi

283 1756 581 1840 singularis
607 1767 729 1840 hate
758 1756 1448 1834 'prmmittitur'inscriptio:
1482 1757 1783 1828 Disputatio
1809 1756 1873 1811 de

280 1836 410 1894 verb
437 1836 785 1910 philosophia.
940 1904 963 1910 _
1164 1901 1178 1910 _
1270 1901 1285 1910 _
1366 1899 1379 1910 ,
1436 1907 1444 1910 _
1768 1897 1803 1910 γ,

353 1899 511 1964 Alter
559 1899 837 1977 dialogus,
874 1901 1215 1977 qui_proprie
1253 1901 1319 1955 de
1351 1899 1484 1977 Arte
1518 1899 1874 1969 grammatica

279 1988 389 2045 est,
436 1988 550 2033 tres
598 1971 761 2031 habét
826 1971 1259 2045 interlocutores,
1316 1971 1874 2045 magistrum_nempe

281 2038 532 2118 duosque
559 2061 779 2118 pueros,
822 2059 992 2118 unum
1017 2042 1309 2118 Saxonem,
1347 2038 1576 2118 alterum
1631 2038 1872 2118 Francof

282 2108 458 2175 nemf
476 2108 672 2185 Quanti
692 2108 838 2185 hanc
853 2112 1223 2185 beatiAlcuini
1248 2110 1663 2185 grammaticam
1685 2108 1874 2185 (ecerit

282 2178 521 2246 celebris
547 2184 923 2261 illeNotlterus
948 2183 1224 2261 Balbulus,
1251 2178 1337 2237 ἐι
1373 2182 1514 2261 illius
1538 2179 1605 2261 ad
1618 2178 1874 2261 Salomo-

286 2276 410 2316 nem
424 2274 582 2316 suum
599 2256 955 2332 discipulum,_
966 2263 1155 2332 postea
1168 2251 1601 2332 Constantiensis
1616 2250 1871 2332 Ecclesia:

285 2332 620 2401 episcopum,
641 2321 821 2401 verbis
843 2321 1293 2401 aastiinaripotest
1311 2340 1324 2378 :
1343 2342 1377 2401 λ
1406 2321 1869 2401 Albinum-inquit,

286 2390 451 2456 talem
472 2390 915 2469 ‘grammaticam
953 2390 1214 2469 condidit,
1250 2404 1323 2469 _ut
1343 2393 1580 2469 Donatus
1616 2390 1868 2446 Nicoma-

286 2473 445 2537 chus,
472 2461 778 2533 Dositbeus,
806 2476 860 2523 et
890 2476 1072 2522 noster
1094 2464 1402 2537 Priscianus
1430 2464 1483 2517 in
1511 2461 1873 2537 ejuscompa-

287 2532 499 2599 ratione
519 2540 653 2596 nihil
678 2532 800 2594 esse
824 2539 1106 2592 videantur
1129 2549 1175 2589 ο.
1208 2556 1226 2588 ι
1269 2536 1377 2590 Sed
1399 2536 1500 2589 hoc
1524 2532 1740 2602 quidem
1769 2532 1875 2587 elo-

286 2614 438 2685 gium
463 2611 685 2685 nimiunn
711 2617 823 2675 est;
879 2607 1050 2685 videri
1081 2615 1258 2661 tamen
1284 2607 1477 2675 possit,
1528 2604 1871 2685 hanc‘grarn-

284 2673 542 2740 7naticam
576 2682 783 2736 ratione
806 2673 1065 2740 methodi,
1096 2693 1201 2746 qua
1233 2673 1528 2746 tractatur,
1551 2673 1872 2746 multisalii‘s

285 2755 524 2809 utilitate
545 2760 838 2834 prastare;
863 2749 1006 2873 ιιι]οὰ
1026 2744 1290 2815 judicium
1304 2757 1388 2801 est
1412 2748 1471 2799 D.
1505 2744 1702 2811 Riveti,
1730 2744 1868 2799 llist.

288 2824 661 2873 Lir-Francim
688 2833 820 2873 tom.
848 2820 870 2873 l
922 2860 935 2873 .
966 2834 1089 2873 nae.
1123 2819 1247 2873 517.
1278 2833 1423 2871 num.
1448 2816 1536 2869 21.
1582 2814 1657 2869 De
1684 2817 1868 2871 eadem

286 2814 661 2881 Lit.Fran'ciae
688 2814 833 2876 tom.
848 2814 935 2882 IV,
966 2814 1089 2888 pag.
1123 2819 1247 2882 517,
1278 2833 1423 2871 num.
1448 2816 1536 2869 21.
1582 2814 1657 2869 De
1684 2817 1872 2888 eadem

286 2895 660 2965 grammatica,
678 2893 744 2947 de
762 2887 993 2965 egregiis
1020 2887 1279 2965 doctrinis
1302 2890 1355 2942 in
1382 2888 1472 2941 illa
1505 2888 1752 2965 repertis,
1781 2887 1871 2941 de»

286 2959 396 3036 que
405 2965 617 3021 duobus
633 2959 817 3034 pueris
831 2959 1046 3036 Sa'xone
1068 2959 1420 3036 et_Fran_cone
1436 2960 1653 3036 copiose
1673 2967 1726 3012 et
1740 2973 1870 3036 eru-

287 3027 400 3092 dite
433 3027 925 3091 comméntatusest
953 3031 1175 3086 illustris
1190 3030 1252 3085 D.
1275 3029 1427 3085 Joan.
1459 3027 1870 3084 Guilielmuslde

285 3107 510 3177 Berger,
533 3104 851 3177 eloquentia:
880 3102 1159 3177 professor
1176 3099 1588 3177 publicus,_bina_
1617 3099 1871 3177 disserta-

287 3170 437 3234 tione
460 3170 524 3231 de
539 3170 850 3229 Eruditione
869 3170 1098 3228 Saxonis
1120 3170 1379 3235 Cdrolini,
1396 3170 1755 3235 Vitembergaz
1778 3170 1871 3225 ha-

289 3249 406 3304 bita
433 3262 579 3302 anno
603 3246 770 3310 17-11;
802 3244 956 3312 cujus
986 3243 1192 3312 copiam
1215 3242 1349 3312 mihi
1380 3241 1507 3296 fecit
1532 3241 1618 3294 vir
1635 3241 1871 3296 celeber-

286 3320 461 3375 rimus
476 3327 638 3388 atque
661 3318 731 3372 ob
753 3310 1081 3388 singularem
1096 3310 1417 3388 eruditionis
1430 3312 1643 3388 copiam
1682 3313 1869 3388 claris-

288 3335 461 3375 rtmus
476 3331 638 3388 atque
661 3331 731 3372 on
753 3332 836 3370 sm
876 3331 1643 3380 maremeruumomscoplam
1682 3331 1867 3366 Clal'lS-

288 3390 460 3445 simus
498 3388 561 3442 D.
601 3387 802 3443 Christ.
832 3331 1109 3456 ﬁdolphus
1131 3383 1373 3439 Klotzius
1401 3383 1514 3451 regi
1545 3381 1813 3438 Borussize
1837 3397 1867 3437 a

288 3460 536 3516 consiliis
559 3458 768 3514 aulicis.
951 3526 963 3528 _
1095 3527 1098 3528 ν
1585 3523 1599 3528 ,
1683 3518 1693 3528 .

361 3530 577 3586 Primus
605 3530 708 3585 hoc
745 3526 1061 3596 opusculum
1087 3527 1141 3580 in
1172 3526 1443 3596 publicum
1467 3518 1721 3593 produxit
1767 3515 1871 3571 Ca-

361 3542 577 3586 Primus
605 3542 708 3585 noc
745 3543 778 3583 ο
817 3542 1061 3583 uscuium
1087 3543 1141 3580 in
1172 3542 1443 3596 pumicum
1467 3542 1721 3593 pronum
1767 3542 1867 3571 ωι-

286 3603 462 3657 nisius
500 3608 630 3656 tom.
687 3600 730 3655 ν
778 3542 929 3653 Eect.
982 3598 1200 3666 Antiq.,
1252 3612 1373 3666 pag.
1423 3597 1639 3666 988__et_
1690 3602 1867 3666 δίζηαι,

286 3683 347 3747 et
364 3673 507 3747 apud
537 3672 800 3747 Basnage.
836 3678 967 3747 tom.
1001 3668 1070 3734 ll,
1120 3658 1270 3738 part:
1293 3658 1352 3730 ιζ
1366 3681 1503 3747 pag..
1540 3663 1663 3717 506.
1715 3658 1869 3747 Post-

290 3728 558 3799 hac'illud
583 3728 899 3798 Collectioui
938 3728 1182 3810 veterum
1224 3728 1696 3810 grammaticorum
1746 3728 1871 3810 ξιξε-

286 3815 444 3876 schii,
474 3829 595 3883 quae
614 3828 756 3868 anno
779 3809 916 3883 160.5
940 3809 1194 3883 Hanovige
1216 3799 1435 3883 prodiit,
1469 3807 1729 3883 insertum
1745 3799 1865 3883 fuit.

359 3869 459 3939 llic
492 3869 643 3938 ‘vero
714 3884 854 3937 hanc
891 3880 1034 3936 beati
1096 3869 1308 3933 Alcuini
1338 3869 1771 3952 grammaticam
1794 3869 1871 3951 ad

286 3956 447 4012 codd.
508 3971 640 4010 mss.
683 3952 1078 4007 vetustissimos
1131 3958 1186 4003 et
1240 3942 1457 4019 optimae
1492 3956 1634 4019 notge
1670 3942 1875 3997 Frisin—

325 4041 513 4081 ensem
535 4034 591 4081 et
617 4025 676 4079 S.
708 4021 1047 4097 AEmmerami
1086 4016 1374 4097 diligenter
1416 4016 1756 4097 emendatam
1782 4027 1875 4097 ex-

325 4042 513 4081 εηεθω
535 4042 591 4081 ει
618 4042 676 4079 b.
721 4042 1047 4079 bmmel'auu
1091 4042 1374 4090 umgemcr
1416 4042 1756 4073 ellzcuuutum
1782 4042 1875 4066 σλ-

286 4042 561 4160 lszibemus,
605 4094 834 4151 sublatis
883 4091 1131 4162 plurimis
1165 4090 1394 4162 mendis,
1422 4087 1757 4162 expletisque
1797 4083 1875 4137 la-

285 4168 444 4223 cunis
466 4166 522 4220 in
551 4166 786 4221 editione
813 4161 1219 4229 DJQuercetani
1246 4161 1603 4221 exstantibus,
1622 4172 1741 4229 qua:
1759 4169 1875 4207 om-

286 4238 400 4304 nia,
422 4253 575 4295 more
600 4244 803 4299 nostro,
829 4228 990 4306 hisj]
1014 4232 1184 4303 signis
1204 4231 1458 4286 conclusa
1484 4228 1871 4300 significamus.

624 4346 1041 4410 DISCIPULI.
1087 4344 1518 4407 MAGISTER.

358 4451 694 4506 DISCIPULUS.
724 4448 1062 4511 Audivimus,
1081 4463 1115 4503 o
1141 4446 1452 4502 doctissime
1465 4445 1755 4515 magister!
1782 4459 1878 4499 say

285 4542 410 4613 pius
428 4550 481 4597 te
501 4542 767 4609 dicentem
793 4539 937 4609 quod
961 4538 1299 4608 philosophia
1325 4545 1469 4593 esset
1498 4537 1739 4593 omnium
1763 4536 1875 4591 vir-

284 4640 467 4687 tutum
497 4631 795 4703 magistra,
830 4638 886 4685 et
912 4630 1028 4684 hazc
1066 4629 1181 4685 sola
1216 4630 1410 4684 fuisset
1442 4645 1563 4699 quae
1588 4629 1731 4683 inter
1764 4643 1876 4684 om-

287 4740 388 4781 nes
409 4725 593 4781 saeculi
621 4725 833 4780 divitias
862 4737 1134 4792 nunquam
1160 4722 1415 4777 miserum
1443 4720 1875 4791 sepossidentem

288 4821 617 4891 reliquisset.
696 4819 938 4875 lncitasti
987 4834 1126 4883 nos,
1177 4827 1237 4872 ut
1287 4832 1416 4872 vere
1458 4816 1691 4871 fatemur
1722 4856 1738 4882 ,
1788 4815 1875 4871 his

286 4916 452 4972 dictis
498 4915 567 4970 ad
619 4922 729 4969 tam
778 4913 1092 4969 excellentis
1141 4911 1412 4967 felicitatis
1456 4910 1872 4980 indagationem,

283 5009 430 5065 scire
460 5008 739 5078 cupientes
778 5022 897 5076 qua:
927 5014 1071 5061 esset
1118 5004 1279 5073 hujus
1309 5003 1609 5072 magisterii
1641 5017 1869 5066 summa,

282 5101 374 5156 vel
432 5101 628 5172 quibus
693 5102 949 5171 gradibus
1005 5098 1223 5154 ascendi
1286 5097 1550 5167 potuisset
1601 5097 1669 5150 ad
1727 5110 1867 5150 eam.

1889 1135 1944 1195 Α
1968 1136 2221 1200 occurrit,
2270 1138 2579 1195 discernere
2604 1140 2812 1195 valent:
2872 1151 3132 1197 caeterum
3156 1145 3273 1199 sine
3301 1145 3439 1201 lucis
3465 1161 3554 1203 acr-

1968 1243 2125 1283 cessu
2155 1230 2207 1283 in
2236 1231 2474 1286 tenebris
2511 1247 2732 1287 manere
2753 1234 3096 1289 notissimum
3124 1244 3229 1291 est.
3274 1236 3366 1293 Sic
3388 1240 3559 1293 animi

1968 1320 2123 1389 vigor
2145 1322 2488 1390 acceptabilis
2511 1331 2593 1377 est
2619 1325 2915 1395 sapientiae,
2941 1326 2986 1379 si
3010 1326 3115 1381 erit
3143 1328 3236 1396 qui
3274 1344 3398 1383 eum
3428 1330 3551 1384 illu-

1971 1416 2144 1464 strare
2172 1411 2409 1481 incipiat.
2449 1444 2518 1453 —
2564 1413 2862 1470 MAGISTER.
2919 1416 3064 1470 Bene
3102 1417 3390 1486 siquidem,
3430 1420 3551 1487 ﬁlii,

1972 1503 2428 1570 comparationem
2474 1506 2756 1561 oculorum
2794 1516 2846 1562 et
2875 1508 3039 1561 animi
3070 1510 3389 1578 protulistis.
3443 1510 3553 1567 Sed

1971 1592 2557 1687 quiilluminatfmnem
2576 1598 2836 1653 hominem
2864 1602 3146 1656 venientem
3170 1603 3225 1657 in
3250 1592 3388 1658 hunc
3412 1622 3559 1660 mun-

1971 1680 2098 1735 dum
2124 1681 2303 1754 (Joan.
2338 1680 2375 1750 f,
2407 1686 2483 1758 9),
2532 1688 2797 1745 illuminet
2826 1700 3037 1746 mentes
3065 1702 3297 1759 vestras,
3328 1703 3387 1749 ut
3415 1696 3470 1750 in
3491 1708 3561 1751 ea

1972 1774 2236 1843 proﬁcere
2286 1777 2507 1834 valeatis
2546 1780 2907 1851 philosophia,
2964 1801 3085 1854 quae
3142 1802 3440 1857 nunquam,
3498 1795 3564 1844 ut

1974 1866 2205 1934 dixistis,
2230 1869 2433 1926 deserit
2457 1873 2839 1942 possidentem.

2044 1979 2154 2036 DIS.
2199 1980 2430 2048 Scimus,
2463 1986 2740 2055 magister,
2772 1988 2973 2042 scimus
3000 1989 3303 2045 certissime
3324 1972 3469 2061 quod
3491 1993 3560 2047 ab

1973 2086 2039 2128 eo
2064 2073 2444 2143 postulandum
2468 2085 2552 2130 est
2575 2077 2665 2145 qui
2696 2078 2788 2132 dat
2815 2077 3099 2134 aﬁluenter
3120 2091 3174 2136 et
3203 2081 3335 2135 nulli
3364 2082 3561 2153 impro-

1971 2177 2148 2236 perat.
2183 2166 2291 2221 Nos
2327 2176 2507 2223 tamen
2536 2170 2760 2225 morulis
2787 2171 3112 2239 quibusdam
3142 2173 3443 2229 instruendi
3473 2189 3567 2229 su-

1972 2273 2114 2325 mus,
2166 2266 2221 2312 et
2248 2260 2402 2328 quasi
2432 2259 2633 2315 inﬁrmi
2664 2262 2902 2317 tardiore
2930 2279 3122 2333 gressu
3145 2264 3395 2332 ducendi,
3430 2281 3564 2335 quo-

1971 2362 2142 2417 usque
2172 2348 2374 2418 aliquid
2410 2348 2747 2407 fortitudinis
2773 2363 3049 2410 accrescat
3074 2357 3128 2411 in
3153 2358 3327 2413 nobis.
3380 2358 3571 2429 Ignem.

1975 2438 2243 2508 siquidem
2294 2441 2430 2496 silex
2483 2445 2812 2501 naturaliter
2856 2446 3019 2503 habet
3042 2449 3096 2503 in
3147 2466 3220 2515 se,
3275 2453 3369 2522 qui
3426 2452 3577 2511 solet

1976 2532 2125 2586 exire
2155 2533 2219 2587 ad
2243 2532 2400 2588 ictus.
2457 2534 2715 2593 Naturale
2753 2538 2935 2608 itaque
2957 2548 3039 2596 est
3063 2543 3337 2599 mentibus
3364 2546 3571 2600 huma-

1972 2623 2059 2678 nis
2106 2624 2343 2679 scientiae
2370 2625 2569 2691 lumen,
2622 2628 2716 2683 sed
2742 2629 2849 2683 nisi
2879 2632 3071 2685 crebra
3119 2633 3356 2689 doctoris
3387 2636 3576 2691 inten—

1971 2718 2119 2772 tione
2147 2720 2477 2787 excutiréur,
2528 2722 2581 2776 in
2611 2739 2668 2777 se
2692 2726 2844 2793 quasi
2887 2726 3119 2779 scintilla
3150 2727 3203 2781 in
3234 2728 3384 2783 silice
3414 2729 3569 2785 latet.

1970 2840 2041 2849 -
2069 2810 2207 2867 MAG.
2248 2811 2342 2866 Est
2363 2814 2611 2882 equidem
2640 2816 2799 2871 facile
2826 2819 2967 2872 viam
2998 2820 3153 2874 vobis
3181 2821 3568 2881 demonstrare

1970 2904 2267 2973 sapientim,
2299 2906 2345 2960 si
2368 2922 2486 2961 eam
2539 2911 2909 2965 tantummodo
2939 2920 3158 2983 pr0pter
3184 2914 3372 2979 Deum,
3410 2915 3564 2987 [pro-

1970 3005 2093 3065 pter
2121 3010 2301 3062 rerum
2331 2998 2657 3072 scientiam],
2719 3011 2939 3071 propter
2998 3004 3294 3073 puritatem
3322 3008 3558 3073 animm,

1969 3097 2191 3156 prapter
2226 3089 2512 3144 veritatem
2558 3095 3009 3162 cognoscendam,
3042 3096 3206 3151 etiam
3236 3106 3289 3152 et
3342 3108 3565 3170 propter

1972 3178 2205 3247 seipsam
2235 3179 2499 3250 diligatis;
2537 3190 2592 3237 et
2622 3196 2729 3236 non
2761 3193 2983 3252 propter
3012 3186 3305 3242 humanam
3327 3188 3565 3259 laudem,

1970 3268 2055 3323 vel
2082 3270 2316 3328 honores
2344 3272 2545 3338 saeculi,
2577 3273 2662 3327 vel
2679 3274 2842 3329 etiam
2875 3276 3191 3332 divitiarum
3222 3279 3441 3337 fallaces
3473 3298 3572 3337 νος

1970 3361 2222 3430 luptates,
2281 3378 2403 3433 qua:
2453 3365 2632 3419 omnia
2675 3366 2841 3437 266
2878 3376 3083 3436 quanto
3118 3369 3239 3439 plus
3288 3382 3568 3438 amantur,

1970 3455 2625 3538 tantolongius’aberrare
2653 3457 2860 3513 faciunt
2887 3476 2919 3513 a
2940 3476 3072 3516 vero
3100 3462 3565 3526 scientlmlumine

1970 3544 2074 3599 ista
2088 3554 2422 3613 quaerentes:
2450 3548 2597 3602 velut
2625 3549 2809 3603 ebrius
2827 3552 3066 3617 domum,
3092 3567 3198 3620 quo
3224 3553 3444 3607 tramite
3475 3569 3566 3607 re-

1970 3642 2235 3700 vertatur,
2264 3636 2496 3706 ignorat.

1986 3742 1987 3745 ‘
2044 3726 2157 3781 Dis.
2197 3727 2455 3781 Fatemur
2494 3729 2702 3785 scilicet
2757 3746 2855 3786 nos
2885 3733 3274 3791 beatitudinem
3306 3753 3517 3795 amasse
3546 3756 3566 3797 :

1894 3844 1941 3908 ο
1974 3818 2068 3908 sed
2095 3819 2140 3872 si
2172 3834 2275 3887 qua
2322 3821 2494 3890 possit
2518 3821 2572 3874 in
2603 3823 2706 3877 hoc
2742 3823 2937 3878 saeculo
2963 3841 3085 3880 esse
3118 3827 3453 3898 ignoramus.
3493 3860 3567 3874 -ι

1977 3907 2116 3963 MAG.
2156 3908 2251 3962 Est
2274 3912 2419 3964 enim
2446 3913 2717 3967 mentibus
2744 3913 3023 3969 hominum
3051 3918 3166 3971 veri
3191 3919 3317 3973 boni
3343 3918 3567 3977 natura-

1974 3998 2099 4053 liter
2126 4001 2329 4056 inserta
2354 4002 2653 4072 cupiditas:
2701 4004 2794 4059 sed
2819 4006 2886 4059 ad
2935 4006 3067 4061 falsa
3110 4011 3354 4077 quaedam
3391 4012 3562 4082 pluri-

1977 4110 2094 4148 mos
2136 4110 2324 4149 eorum
2354 4096 2541 4150 devius
2574 4112 2729 4151 error
2772 4099 3010 4153 abducit.
3071 4100 3561 4174 Quorum‘qUidcm

1926 4230 1935 4239 .
1976 4186 2065 4239 alii
2094 4186 2383 4240 maximam
2412 4186 2725 4243 felicitatem
2756 4189 2959 4245 divitiis
3007 4192 3282 4249 abundare
3334 4197 3566 4254 credunt

1978 4275 2112 4347 [Αι.,
2139 4277 2464 4350 credentes],
2485 4279 2575 4339 alii
2606 4281 2901 4336 honoribus
2928 4284 3178 4351 gaudent,
3213 4285 3302 4341 alii
3325 4290 3564 4357 potentia

1975 4368 2441 4438 congratulantur,
2457 4369 2547 4424 alii
2573 4371 2937 4441 voluptatibus
2953 4374 3306 4441 delectantur,
3337 4380 3426 4433 alii
3443 4380 3529 4435 lau
3554 4410 3563 4420 -

1972 4458 2131 4513 dibus
2183 4458 2413 4517 inhiant.
2481 4460 2610 4528 Qum
2653 4462 2967 4534 diligentius
3004 4468 3343 4523 considerata
3390 4471 3563 4527 tantis

1974 4551 2316 4621 implicantur
2351 4554 2769 4620 calamitatibus,
2805 4565 2863 4611 ut
2894 4559 2984 4612 vix
3022 4561 3224 4630 aliquid
3270 4564 3568 4621 beatitudi-

1974 4645 2060 4699 nis
2100 4646 2300 4702 habere
2348 4647 2654 4702 videantur.
2720 4647 2843 4702 Haec
2886 4651 3030 4704 enim
3074 4653 3178 4707 sibi
3225 4656 3567 4714 somniantes

1975 4751 2159 4792 veram
2196 4737 2363 4808 aliqui
2407 4737 2724 4794 felicitatem
2752 4739 2868 4795 fore
2890 4743 3293 4809 cxistimant,et
3319 4748 3442 4803 dum
3470 4765 3568 4806 eos

1976 4830 2043 4885 ad
2072 4846 2260 4885 verum
2283 4832 2485 4885 bonum
2525 4831 2786 4885 naturalis
2839 4832 3067 4888 intentio
3096 4836 3266 4903 ducit,
3284 4839 3568 4911 multiplex

1976 4929 2155 4978 tamen
2177 4937 2334 4976 error
2356 4929 2577 4991 propter
2608 4921 2968 4990 ignorantiam
2993 4926 3229 4982 abducit.

2046 5012 2158 5067 DIS.
2224 5012 2356 5078 Quis
2403 5028 2594 5068 sanum
2641 5014 2854 5082 sapiens
2913 5016 3026 5072 inec
3081 5033 3201 5073 esse
3242 5022 3561 5077 transitoria

1975 5103 2227 5173 ignorat?
2266 5116 2451 5158 tamen
2493 5102 2653 5172 hujus
2678 5105 2802 5159 vita:
2851 5107 3117 5163 viatorem
3155 5112 3347 5165 horum
3396 5113 3571 5168 abun-

281 5191 447 5250 ditas
469 5192 637 5266 [enim
676 5193 870 5266 (Edit.,
896 5190 1117 5264 igitur)]
1158 5199 1346 5245 nostra
1382 5198 1565 5244 tenera
1592 5197 1696 5253 est,
1735 5196 1790 5243 et
1824 5196 1877 5244 te
1904 5194 1955 5256 D
1980 5195 2163 5250 dantia
2188 5193 2430 5263 adjuvari
2486 5196 2607 5264 quis
2646 5196 2895 5252 nesciat?
2946 5231 3016 5240 —
3071 5201 3210 5257 MAG.
3255 5201 3568 5260 Moderatus

282 5298 397 5342 nOn
461 5284 626 5341 dante
682 5287 959 5341 dexteram
1024 5284 1135 5339 sola
1192 5298 1414 5353 surgere
1467 5280 1602 5337 satis
1656 5280 1870 5335 inﬁrma

280 5386 393 5434 est.
461 5378 640 5433 Animi
687 5394 818 5434 vero
864 5376 1035 5432 nostri
1077 5383 1322 5430 naturam
1356 5390 1478 5430 esse
1523 5374 1874 5443 intelligimus

282 5469 555 5536 incorde,
594 5486 689 5525 seu
719 5469 1001 5525 oculorum
1051 5468 1104 5523 in
1136 5467 1329 5538 capite.
1394 5466 1548 5522 Oculi
1596 5466 1777 5536 itaque
1827 5465 1873 5521 si

280 5561 574 5632 splendore
624 5563 772 5628 solis,
819 5562 905 5617 vel
955 5561 1060 5616 alia
1108 5559 1351 5631 qualibet
1400 5559 1536 5614 lucis
1585 5558 1872 5628 praesentia

281 5664 688 5726 asperguntur,
733 5653 1236 5725 perspicacissime,
1290 5651 1551 5722 quidquid
1600 5651 1876 5712 obtutibus

365 5782 393 5814 ι
432 5768 651 5840 Pelius,
675 5776 807 5828 tom.
832 5766 858 5825 Ι
880 5765 1040 5824 Thes.
1064 5765 1351 5832 Anecdot.,
1390 5780 1515 5837 pag.
1538 5766 1592 5822 8.

1978 5301 2306 5342 eorumusus
2329 5287 2565 5357 adjuvat,
2583 5289 2780 5347 nimius
2804 5300 3013 5359 gravat.
3057 5292 3211 5348 Unde
3231 5294 3568 5364 philosophi-

1980 5396 2101 5435 cum
2128 5380 2257 5436 illud
2283 5380 2426 5434 valet
2448 5380 2714 5452 elogium:
2770 5381 2851 5435 Ne
2872 5384 2995 5454 quid
3026 5385 3200 5437 nimis.

1991 5513 1996 5517 .
2051 5473 2164 5528 DIS.
2206 5472 2402 5529 Notum
2431 5483 2535 5539 est,
2560 5474 2740 5529 omnia
2774 5474 2939 5527 nimia
2969 5489 3182 5529 nocere.
3241 5474 3348 5530 Sed
3387 5492 3564 5547 usque

1980 5567 2047 5621 ad
2070 5583 2228 5637 quem
2258 5568 2417 5622 ﬁnem
2450 5582 2636 5622 eorum
2650 5574 2752 5632 est,
2776 5580 2896 5635 quae
2915 5565 3073 5635 paulo
3098 5576 3224 5623 ante
3239 5570 3562 5639 numerasti,

1978 5658 2302 5714 abundantia
2334 5658 2604 5729 petenda?
2639 5688 2712 5699 —
2749 5656 2890 5712 MAG.
2940 5654 3209 5722 Quantum
3257 5661 3561 5724 necessitas
