  <div class='ocr_page' id='page_1' title='image "/cluster/home/n/w/nwhite01/storage/ocr_20150623/101/hvd.32044004824769/431.png"; bbox 0 0 4062 6346; ppageno 0'>
   <div class='ocr_carea' id='block_1_1' title="bbox 540 288 646 382">
    <p class='ocr_par' dir='ltr' id='par_1_1' title="bbox 540 288 646 382">
     <span class='ocr_line' id='line_1_1' title="bbox 540 288 646 382; baseline -0.028 0"><span class='ocrx_word' id='word_1_1' title='bbox 540 288 646 382; x_wconf 74' lang='lat' dir='ltr'><strong>an</strong></span> 
     </span>
    </p>
   </div>
   <div class='ocr_carea' id='block_1_2' title="bbox 1362 310 2978 384">
    <p class='ocr_par' dir='ltr' id='par_1_2' title="bbox 1362 310 2978 384">
     <span class='ocr_line' id='line_1_2' title="bbox 1362 310 2978 384; baseline 0.004 -7"><span class='ocrx_word' id='word_1_2' title='bbox 1362 324 1422 378; x_wconf 89' lang='grc' dir='ltr'><strong>Β.</strong></span> <span class='ocrx_word' id='word_1_3' title='bbox 1464 321 1526 378; x_wconf 87' lang='lat' dir='ltr'><strong>F.</strong></span> <span class='ocrx_word' id='word_1_4' title='bbox 1570 310 1798 381; x_wconf 76' lang='lat' dir='ltr'><strong>ALBINI</strong></span> <span class='ocrx_word' id='word_1_5' title='bbox 1832 322 1966 382; x_wconf 85' lang='lat' dir='ltr'><strong>SEU</strong></span> <span class='ocrx_word' id='word_1_6' title='bbox 2006 319 2283 383; x_wconf 75' lang='lat' dir='ltr'><strong>ALCUINI</strong></span> <span class='ocrx_word' id='word_1_7' title='bbox 2321 324 2609 384; x_wconf 84' lang='lat' dir='ltr'><strong>OPERUM</strong></span> <span class='ocrx_word' id='word_1_8' title='bbox 2648 325 2829 384; x_wconf 81' lang='lat' dir='ltr'><strong>PARS</strong></span> <span class='ocrx_word' id='word_1_9' title='bbox 2868 327 2978 383; x_wconf 83' lang='lat' dir='ltr'><strong>Vl].</strong></span> 
     </span>
    </p>
   </div>
   <div class='ocr_carea' id='block_1_3' title="bbox 3724 336 3828 393">
    <p class='ocr_par' dir='ltr' id='par_1_3' title="bbox 3724 336 3828 393">
     <span class='ocr_line' id='line_1_3' title="bbox 3724 336 3828 393; baseline 0 0"><span class='ocrx_word' id='word_1_10' title='bbox 3724 336 3828 393; x_wconf 66' lang='lat'><strong>852</strong></span> 
     </span>
    </p>
   </div>
   <div class='ocr_carea' id='block_1_4' title="bbox 537 430 3830 523">
    <p class='ocr_par' dir='ltr' id='par_1_4' title="bbox 537 430 3830 523">
     <span class='ocr_line' id='line_1_4' title="bbox 537 430 3830 523; baseline 0.012 -44"><span class='ocrx_word' id='word_1_11' title='bbox 537 430 791 513; x_wconf 61' lang='grc' dir='ltr'><strong>εδήςάιοίέ</strong></span> <span class='ocrx_word' id='word_1_12' title='bbox 836 440 1021 515; x_wconf 66' lang='lat' dir='ltr'><strong>exigit,</strong></span> <span class='ocrx_word' id='word_1_13' title='bbox 1071 442 1129 499; x_wconf 74' lang='lat' dir='ltr'><strong>et</strong></span> <span class='ocrx_word' id='word_1_14' title='bbox 1175 440 1437 514; x_wconf 75' lang='lat' dir='ltr'><strong>quantum</strong></span> <span class='ocrx_word' id='word_1_15' title='bbox 1479 444 1756 517; x_wconf 85' lang='lat' dir='ltr'><strong>sapientiae</strong></span> <span class='ocrx_word' id='word_1_16' title='bbox 1818 444 2392 517; x_wconf 64' lang='lat' dir='ltr'><strong>expostulatAtatem</strong></span> <span class='ocrx_word' id='word_1_17' title='bbox 2410 454 2645 501; x_wconf 84' lang='lat' dir='ltr'><strong>vestram</strong></span> <span class='ocrx_word' id='word_1_18' title='bbox 2671 446 3015 503; x_wconf 84' lang='lat' dir='ltr'><strong>infrainfima</strong></span> <span class='ocrx_word' id='word_1_19' title='bbox 3035 441 3577 520; x_wconf 70' lang='lat' dir='ltr'><strong>quzequedetmditis.</strong></span> <span class='ocrx_word' id='word_1_20' title='bbox 3618 448 3830 523; x_wconf 83' lang='lat' dir='ltr'><strong>Quanto</strong></span> 
     </span>
    </p>
   </div>
   <div class='ocr_carea' id='block_1_5' title="bbox 539 536 805 593">
    <p class='ocr_par' dir='ltr' id='par_1_5' title="bbox 539 536 805 593">
     <span class='ocr_line' id='line_1_5' title="bbox 539 536 805 593; baseline 0.004 -1"><span class='ocrx_word' id='word_1_21' title='bbox 539 536 805 593; x_wconf 80' lang='lat' dir='ltr'><strong>studium.</strong></span> 
     </span>
    </p>
   </div>
   <div class='ocr_carea' id='block_1_6' title="bbox 613 627 2133 703">
    <p class='ocr_par' dir='ltr' id='par_1_6' title="bbox 613 627 2133 703">
     <span class='ocr_line' id='line_1_6' title="bbox 613 627 2133 703; baseline 0.003 -19"><span class='ocrx_word' id='word_1_22' title='bbox 613 627 727 685; x_wconf 84' lang='lat' dir='ltr'><strong>DIS.</strong></span> <span class='ocrx_word' id='word_1_23' title='bbox 768 629 1143 687; x_wconf 82' lang='lat' dir='ltr'><strong>Perfectorum</strong></span> <span class='ocrx_word' id='word_1_24' title='bbox 1171 648 1293 688; x_wconf 88' lang='lat' dir='ltr'><strong>esse</strong></span> <span class='ocrx_word' id='word_1_25' title='bbox 1339 635 1669 690; x_wconf 77' lang='lat' dir='ltr'><strong>arbitramur</strong></span> <span class='ocrx_word' id='word_1_26' title='bbox 1711 627 2019 703; x_wconf 73' lang='lat' dir='ltr'><strong>huiusmodi</strong></span> <span class='ocrx_word' id='word_1_27' title='bbox 2046 648 2133 687; x_wconf 84' lang='lat' dir='ltr'><strong>ra-</strong></span> 
     </span>
    </p>
   </div>
   <div class='ocr_carea' id='block_1_7' title="bbox 538 723 2133 787">
    <p class='ocr_par' dir='ltr' id='par_1_7' title="bbox 538 723 2133 787">
     <span class='ocr_line' id='line_1_7' title="bbox 538 723 2133 787; baseline -0.001 -6"><span class='ocrx_word' id='word_1_28' title='bbox 538 724 707 783; x_wconf 82' lang='lat' dir='ltr'><strong>tionis</strong></span> <span class='ocrx_word' id='word_1_29' title='bbox 729 723 897 779; x_wconf 82' lang='lat' dir='ltr'><strong>frenis</strong></span> <span class='ocrx_word' id='word_1_30' title='bbox 921 725 1225 781; x_wconf 88' lang='lat' dir='ltr'><strong>animarum</strong></span> <span class='ocrx_word' id='word_1_31' title='bbox 1260 743 1451 783; x_wconf 85' lang='lat' dir='ltr'><strong>cursus</strong></span> <span class='ocrx_word' id='word_1_32' title='bbox 1473 742 1744 782; x_wconf 77' lang='lat' dir='ltr'><strong>coercere.</strong></span> <span class='ocrx_word' id='word_1_33' title='bbox 1771 757 1843 767; x_wconf 94' lang='lat'><strong>—</strong></span> <span class='ocrx_word' id='word_1_34' title='bbox 1869 726 2011 787; x_wconf 76' lang='lat' dir='ltr'><strong>MAG.</strong></span> <span class='ocrx_word' id='word_1_35' title='bbox 2048 724 2133 781; x_wconf 80' lang='lat' dir='ltr'><strong>Ad</strong></span> 
     </span>
    </p>
   </div>
   <div class='ocr_carea' id='block_1_8' title="bbox 538 817 2132 890">
    <p class='ocr_par' dir='ltr' id='par_1_8' title="bbox 538 817 2132 890">
     <span class='ocr_line' id='line_1_8' title="bbox 538 817 2132 890; baseline 0.005 -18"><span class='ocrx_word' id='word_1_36' title='bbox 538 817 682 873; x_wconf 90' lang='lat' dir='ltr'><strong>hanc</strong></span> <span class='ocrx_word' id='word_1_37' title='bbox 724 819 933 874; x_wconf 79' lang='lat' dir='ltr'><strong>scilicet</strong></span> <span class='ocrx_word' id='word_1_38' title='bbox 979 820 1391 889; x_wconf 82' lang='lat' dir='ltr'><strong>perfectionem.</strong></span> <span class='ocrx_word' id='word_1_39' title='bbox 1441 822 1569 877; x_wconf 83' lang='lat' dir='ltr'><strong>dum</strong></span> <span class='ocrx_word' id='word_1_40' title='bbox 1622 829 1754 885; x_wconf 56' lang='lat' dir='ltr'><strong>astas</strong></span> <span class='ocrx_word' id='word_1_41' title='bbox 1786 819 1969 890; x_wconf 73' lang='lat' dir='ltr'><strong>ﬂoret,</strong></span> <span class='ocrx_word' id='word_1_42' title='bbox 2004 822 2132 880; x_wconf 78' lang='lat' dir='ltr'><strong>dum</strong></span> 
     </span>
    </p>
   </div>
   <div class='ocr_carea' id='block_1_9' title="bbox 536 910 1536 981">
    <p class='ocr_par' dir='ltr' id='par_1_9' title="bbox 536 910 1536 981">
     <span class='ocr_line' id='line_1_9' title="bbox 536 910 1536 981; baseline 0.002 -18"><span class='ocrx_word' id='word_1_43' title='bbox 536 910 753 967; x_wconf 89' lang='lat' dir='ltr'><strong>animus</strong></span> <span class='ocrx_word' id='word_1_44' title='bbox 782 910 949 981; x_wconf 92' lang='lat' dir='ltr'><strong>viget,</strong></span> <span class='ocrx_word' id='word_1_45' title='bbox 976 926 1093 977; x_wconf 89' lang='lat' dir='ltr'><strong>vos,</strong></span> <span class='ocrx_word' id='word_1_46' title='bbox 1119 911 1237 977; x_wconf 77' lang='lat' dir='ltr'><strong>(iiii,</strong></span> <span class='ocrx_word' id='word_1_47' title='bbox 1261 914 1536 968; x_wconf 77' lang='lat' dir='ltr'><strong>cohortor.</strong></span> 
     </span>
    </p>
   </div>
   <div class='ocr_carea' id='block_1_10' title="bbox 605 1002 2129 1076">
    <p class='ocr_par' dir='ltr' id='par_1_10' title="bbox 605 1002 2129 1076">
     <span class='ocr_line' id='line_1_10' title="bbox 605 1002 2129 1076; baseline 0.003 -20"><span class='ocrx_word' id='word_1_48' title='bbox 605 1002 718 1059; x_wconf 81' lang='lat' dir='ltr'><strong>Dis.</strong></span> <span class='ocrx_word' id='word_1_49' title='bbox 770 1003 899 1067; x_wconf 91' lang='lat' dir='ltr'><strong>Duc,</strong></span> <span class='ocrx_word' id='word_1_50' title='bbox 935 1018 1053 1076; x_wconf 88' lang='lat' dir='ltr'><strong>age,</strong></span> <span class='ocrx_word' id='word_1_51' title='bbox 1087 1014 1141 1060; x_wconf 91' lang='lat' dir='ltr'><strong>et</strong></span> <span class='ocrx_word' id='word_1_52' title='bbox 1170 1006 1334 1061; x_wconf 90' lang='lat' dir='ltr'><strong>reduc</strong></span> <span class='ocrx_word' id='word_1_53' title='bbox 1364 1022 1461 1075; x_wconf 91' lang='lat' dir='ltr'><strong>per</strong></span> <span class='ocrx_word' id='word_1_54' title='bbox 1491 1007 1687 1061; x_wconf 68' lang='lat' dir='ltr'><strong>divinm</strong></span> <span class='ocrx_word' id='word_1_55' title='bbox 1730 1007 1849 1061; x_wconf 83' lang='lat' dir='ltr'><strong>vias</strong></span> <span class='ocrx_word' id='word_1_56' title='bbox 1878 1005 2129 1072; x_wconf 80' lang='lat' dir='ltr'><strong>rationis;</strong></span> 
     </span>
    </p>
   </div>
   <div class='ocr_carea' id='block_1_11' title="bbox 470 1093 2129 1169">
    <p class='ocr_par' dir='ltr' id='par_1_11' title="bbox 470 1093 2129 1169">
     <span class='ocr_line' id='line_1_11' title="bbox 470 1093 2129 1169; baseline 0.005 -24"><span class='ocrx_word' id='word_1_57' title='bbox 470 1134 473 1137; x_wconf 46' lang='grc' dir='ltr'><strong><em>λ</em></strong></span> <span class='ocrx_word' id='word_1_58' title='bbox 533 1100 591 1169; x_wconf 68' lang='lat' dir='ltr'><strong>et</strong></span> <span class='ocrx_word' id='word_1_59' title='bbox 615 1093 683 1165; x_wconf 80' lang='lat' dir='ltr'><strong>ad</strong></span> <span class='ocrx_word' id='word_1_60' title='bbox 730 1093 891 1163; x_wconf 78' lang='lat' dir='ltr'><strong>huius</strong></span> <span class='ocrx_word' id='word_1_61' title='bbox 940 1112 1201 1151; x_wconf 80' lang='lat' dir='ltr'><strong>cacumen</strong></span> <span class='ocrx_word' id='word_1_62' title='bbox 1251 1098 1603 1167; x_wconf 78' lang='lat' dir='ltr'><strong>perfectionis</strong></span> <span class='ocrx_word' id='word_1_63' title='bbox 1648 1096 1899 1154; x_wconf 80' lang='lat' dir='ltr'><strong>transfer.</strong></span> <span class='ocrx_word' id='word_1_64' title='bbox 1968 1097 2129 1165; x_wconf 89' lang='lat' dir='ltr'><strong>Nam,</strong></span> 
     </span>
    </p>
   </div>
   <div class='ocr_carea' id='block_1_12' title="bbox 531 1174 2124 1260">
    <p class='ocr_par' dir='ltr' id='par_1_12' title="bbox 531 1174 2124 1260">
     <span class='ocr_line' id='line_1_12' title="bbox 531 1174 2124 1260; baseline 0.005 -23"><span class='ocrx_word' id='word_1_65' title='bbox 531 1181 658 1260; x_wconf 78' lang='lat' dir='ltr'><strong>licet</strong></span> <span class='ocrx_word' id='word_1_66' title='bbox 683 1184 879 1255; x_wconf 84' lang='lat' dir='ltr'><strong>impari</strong></span> <span class='ocrx_word' id='word_1_67' title='bbox 905 1199 1121 1255; x_wconf 82' lang='lat' dir='ltr'><strong>gressu,</strong></span> <span class='ocrx_word' id='word_1_68' title='bbox 1162 1196 1219 1242; x_wconf 91' lang='lat' dir='ltr'><strong>te</strong></span> <span class='ocrx_word' id='word_1_69' title='bbox 1244 1174 1526 1249; x_wconf 84' lang='lat' dir='ltr'><strong>duetorem</strong></span> <span class='ocrx_word' id='word_1_70' title='bbox 1557 1191 1858 1260; x_wconf 84' lang='lat' dir='ltr'><strong>sequimur.</strong></span> <span class='ocrx_word' id='word_1_71' title='bbox 1888 1220 1959 1229; x_wconf 94' lang='lat'><strong>—</strong></span> <span class='ocrx_word' id='word_1_72' title='bbox 1982 1189 2124 1248; x_wconf 62' lang='lat' dir='ltr'><strong>Mss.</strong></span> 
     </span>
    </p>
   </div>
   <div class='ocr_carea' id='block_1_13' title="bbox 530 1256 2130 1351">
    <p class='ocr_par' dir='ltr' id='par_1_13' title="bbox 530 1256 2130 1351">
     <span class='ocr_line' id='line_1_13' title="bbox 530 1256 2130 1351; baseline 0.004 -21"><span class='ocrx_word' id='word_1_73' title='bbox 530 1256 672 1351; x_wconf 72' lang='lat' dir='ltr'><strong>Quid</strong></span> <span class='ocrx_word' id='word_1_74' title='bbox 711 1275 895 1347; x_wconf 83' lang='lat' dir='ltr'><strong>homo,</strong></span> <span class='ocrx_word' id='word_1_75' title='bbox 928 1278 1192 1334; x_wconf 85' lang='lat' dir='ltr'><strong>rationale</strong></span> <span class='ocrx_word' id='word_1_76' title='bbox 1214 1281 1435 1345; x_wconf 80' lang='lat' dir='ltr'><strong>animal,</strong></span> <span class='ocrx_word' id='word_1_77' title='bbox 1475 1256 1699 1337; x_wconf 72' lang='lat' dir='ltr'><strong>meliore</strong></span> <span class='ocrx_word' id='word_1_78' title='bbox 1723 1290 1878 1351; x_wconf 88' lang='lat' dir='ltr'><strong>parte</strong></span> <span class='ocrx_word' id='word_1_79' title='bbox 1906 1282 2130 1337; x_wconf 82' lang='lat' dir='ltr'><strong>immor—</strong></span> 
     </span>
    </p>
   </div>
   <div class='ocr_carea' id='block_1_14' title="bbox 529 1348 2128 1444">
    <p class='ocr_par' dir='ltr' id='par_1_14' title="bbox 529 1348 2128 1444">
     <span class='ocr_line' id='line_1_14' title="bbox 529 1348 2128 1444; baseline 0.006 -25"><span class='ocrx_word' id='word_1_80' title='bbox 529 1348 670 1431; x_wconf 76' lang='lat' dir='ltr'><strong>talis,</strong></span> <span class='ocrx_word' id='word_1_81' title='bbox 723 1369 802 1437; x_wconf 87' lang='lat' dir='ltr'><strong>tui</strong></span> <span class='ocrx_word' id='word_1_82' title='bbox 853 1368 1164 1427; x_wconf 85' lang='lat' dir='ltr'><strong>Conditoris</strong></span> <span class='ocrx_word' id='word_1_83' title='bbox 1214 1372 1432 1443; x_wconf 80' lang='lat' dir='ltr'><strong>imago,</strong></span> <span class='ocrx_word' id='word_1_84' title='bbox 1473 1374 1603 1443; x_wconf 91' lang='lat' dir='ltr'><strong>quid</strong></span> <span class='ocrx_word' id='word_1_85' title='bbox 1650 1348 1869 1444; x_wconf 82' lang='lat' dir='ltr'><strong>propria</strong></span> <span class='ocrx_word' id='word_1_86' title='bbox 1894 1373 2128 1443; x_wconf 82' lang='lat' dir='ltr'><strong>perdis?</strong></span> 
     </span>
    </p>
   </div>
   <div class='ocr_carea' id='block_1_15' title="bbox 528 1458 2125 1537">
    <p class='ocr_par' dir='ltr' id='par_1_15' title="bbox 528 1458 2125 1537">
     <span class='ocr_line' id='line_1_15' title="bbox 528 1458 2125 1537; baseline 0.006 -25"><span class='ocrx_word' id='word_1_87' title='bbox 528 1458 660 1529; x_wconf 66' lang='lat' dir='ltr'><strong>quid</strong></span> <span class='ocrx_word' id='word_1_88' title='bbox 684 1458 860 1515; x_wconf 88' lang='lat' dir='ltr'><strong>aliena</strong></span> <span class='ocrx_word' id='word_1_89' title='bbox 893 1462 1067 1532; x_wconf 84' lang='lat' dir='ltr'><strong>petis?</strong></span> <span class='ocrx_word' id='word_1_90' title='bbox 1120 1478 1219 1519; x_wconf 90' lang='lat' dir='ltr'><strong>cur</strong></span> <span class='ocrx_word' id='word_1_91' title='bbox 1253 1464 1453 1537; x_wconf 37' lang='lat' dir='ltr'><strong>intima,</strong></span> <span class='ocrx_word' id='word_1_92' title='bbox 1480 1464 1680 1535; x_wconf 65' lang='lat' dir='ltr'><strong>quieris</strong></span> <span class='ocrx_word' id='word_1_93' title='bbox 1703 1473 1759 1521; x_wconf 87' lang='lat' dir='ltr'><strong>et</strong></span> <span class='ocrx_word' id='word_1_94' title='bbox 1793 1480 2004 1520; x_wconf 90' lang='lat' dir='ltr'><strong>summa</strong></span> <span class='ocrx_word' id='word_1_95' title='bbox 2033 1479 2125 1521; x_wconf 85' lang='lat' dir='ltr'><strong>re-</strong></span> 
     </span>
    </p>
   </div>
   <div class='ocr_carea' id='block_1_16' title="bbox 528 1551 1744 1657">
    <p class='ocr_par' dir='ltr' id='par_1_16' title="bbox 528 1551 1744 1657">
     <span class='ocr_line' id='line_1_16' title="bbox 528 1551 1744 1657; baseline 0.013 -49"><span class='ocrx_word' id='word_1_96' title='bbox 528 1551 767 1626; x_wconf 80' lang='lat' dir='ltr'><strong>linquis?</strong></span> <span class='ocrx_word' id='word_1_97' title='bbox 1257 1651 1269 1657; x_wconf 63' lang='lat'><em>_</em></span> <span class='ocrx_word' id='word_1_98' title='bbox 1423 1651 1437 1657; x_wconf 72' lang='lat'>_</span> <span class='ocrx_word' id='word_1_99' title='bbox 1648 1651 1682 1657; x_wconf 42' lang='grc' dir='ltr'>η</span> <span class='ocrx_word' id='word_1_100' title='bbox 1698 1608 1744 1657; x_wconf 51' lang='grc' dir='ltr'><strong>θ</strong></span> 
     </span>
    </p>
   </div>
   <div class='ocr_carea' id='block_1_17' title="bbox 558 1645 2122 1722">
    <p class='ocr_par' dir='ltr' id='par_1_17' title="bbox 558 1645 2122 1722">
     <span class='ocr_line' id='line_1_17' title="bbox 558 1645 2122 1722; baseline 0.003 -20"><span class='ocrx_word' id='word_1_101' title='bbox 558 1710 563 1715; x_wconf 33' lang='grc'>,</span> <span class='ocrx_word' id='word_1_102' title='bbox 600 1645 715 1713; x_wconf 82' lang='lat' dir='ltr'><strong>Dis.</strong></span> <span class='ocrx_word' id='word_1_103' title='bbox 753 1648 885 1717; x_wconf 82' lang='lat' dir='ltr'><strong>Quae</strong></span> <span class='ocrx_word' id='word_1_104' title='bbox 916 1658 1043 1705; x_wconf 83' lang='lat' dir='ltr'><strong>sunt</strong></span> <span class='ocrx_word' id='word_1_105' title='bbox 1086 1651 1328 1722; x_wconf 84' lang='lat' dir='ltr'><strong>propria,</strong></span> <span class='ocrx_word' id='word_1_106' title='bbox 1356 1651 1439 1706; x_wconf 87' lang='lat' dir='ltr'><strong>vel</strong></span> <span class='ocrx_word' id='word_1_107' title='bbox 1464 1666 1584 1721; x_wconf 81' lang='lat' dir='ltr'><strong>quae</strong></span> <span class='ocrx_word' id='word_1_108' title='bbox 1613 1645 1791 1707; x_wconf 70' lang='lat' dir='ltr'><strong>alie&#39;na</strong></span> <span class='ocrx_word' id='word_1_109' title='bbox 1818 1652 1842 1705; x_wconf 84' lang='lat'><strong>?</strong></span> <span class='ocrx_word' id='word_1_110' title='bbox 1878 1680 1953 1693; x_wconf 89' lang='lat'><strong>-—</strong></span> <span class='ocrx_word' id='word_1_111' title='bbox 1979 1651 2122 1709; x_wconf 74' lang='lat' dir='ltr'><strong>MAG.</strong></span> 
     </span>
    </p>
   </div>
   <div class='ocr_carea' id='block_1_18' title="bbox 2235 538 3832 612">
    <p class='ocr_par' dir='ltr' id='par_1_18' title="bbox 2235 538 3832 612">
     <span class='ocr_line' id='line_1_18' title="bbox 2235 538 3832 612; baseline 0.007 -17"><span class='ocrx_word' id='word_1_112' title='bbox 2235 538 2428 599; x_wconf 86' lang='lat' dir='ltr'><strong>melius</strong></span> <span class='ocrx_word' id='word_1_113' title='bbox 2454 547 2536 595; x_wconf 88' lang='lat' dir='ltr'><strong>est</strong></span> <span class='ocrx_word' id='word_1_114' title='bbox 2562 540 2789 594; x_wconf 88' lang='lat' dir='ltr'><strong>interius</strong></span> <span class='ocrx_word' id='word_1_115' title='bbox 2812 542 3021 607; x_wconf 90' lang='lat' dir='ltr'><strong>ornari,</strong></span> <span class='ocrx_word' id='word_1_116' title='bbox 3073 558 3236 611; x_wconf 89' lang='lat' dir='ltr'><strong>quam</strong></span> <span class='ocrx_word' id='word_1_117' title='bbox 3290 546 3553 612; x_wconf 77' lang='lat' dir='ltr'><strong>exterius,</strong></span> <span class='ocrx_word' id='word_1_118' title='bbox 3594 549 3832 607; x_wconf 87' lang='lat' dir='ltr'><strong>animam</strong></span> 
     </span>
    </p>
   </div>
   <div class='ocr_carea' id='block_1_19' title="bbox 2232 631 3081 701">
    <p class='ocr_par' dir='ltr' id='par_1_19' title="bbox 2232 631 3081 701">
     <span class='ocr_line' id='line_1_19' title="bbox 2232 631 3081 701; baseline 0.004 -18"><span class='ocrx_word' id='word_1_119' title='bbox 2232 639 2549 699; x_wconf 89' lang='lat' dir='ltr'><strong>perpetuam</strong></span> <span class='ocrx_word' id='word_1_120' title='bbox 2581 631 2866 700; x_wconf 87' lang='lat' dir='ltr'><strong>splendore</strong></span> <span class='ocrx_word' id='word_1_121' title='bbox 2892 632 3081 701; x_wconf 89' lang='lat' dir='ltr'><strong>polire.</strong></span> 
     </span>
    </p>
   </div>
   <div class='ocr_carea' id='block_1_20' title="bbox 2304 718 3832 808">
    <p class='ocr_par' dir='ltr' id='par_1_20' title="bbox 2304 718 3832 808">
     <span class='ocr_line' id='line_1_20' title="bbox 2304 718 3832 808; baseline 0.01 -33"><span class='ocrx_word' id='word_1_122' title='bbox 2304 724 2465 795; x_wconf 78' lang='lat'><strong>267</strong></span> <span class='ocrx_word' id='word_1_123' title='bbox 2482 724 2591 779; x_wconf 85' lang='lat' dir='ltr'><strong>DIS.</strong></span> <span class='ocrx_word' id='word_1_124' title='bbox 2627 723 2757 790; x_wconf 59' lang='lat' dir='ltr'><strong>Quae</strong></span> <span class='ocrx_word' id='word_1_125' title='bbox 2775 733 2899 779; x_wconf 89' lang='lat' dir='ltr'><strong>sunt</strong></span> <span class='ocrx_word' id='word_1_126' title='bbox 2924 725 3117 781; x_wconf 72' lang='lat' dir='ltr'><strong>animze</strong></span> <span class='ocrx_word' id='word_1_127' title='bbox 3142 737 3460 783; x_wconf 88' lang='lat' dir='ltr'><strong>ornamenta</strong></span> <span class='ocrx_word' id='word_1_128' title='bbox 3480 718 3832 808; x_wconf 70' lang='lat' dir='ltr'><strong>[perpetua]?</strong></span> 
     </span>
    </p>
   </div>
   <div class='ocr_carea' id='block_1_21' title="bbox 2230 819 3832 892">
    <p class='ocr_par' dir='ltr' id='par_1_21' title="bbox 2230 819 3832 892">
     <span class='ocr_line' id='line_1_21' title="bbox 2230 819 3832 892; baseline 0.009 -20"><span class='ocrx_word' id='word_1_129' title='bbox 2230 832 2302 860; x_wconf 45' lang='lat' dir='ltr'><strong>es</strong></span> <span class='ocrx_word' id='word_1_130' title='bbox 2337 819 2476 876; x_wconf 69' lang='lat' dir='ltr'><strong>MAG.</strong></span> <span class='ocrx_word' id='word_1_131' title='bbox 2528 819 2712 874; x_wconf 86' lang='lat' dir='ltr'><strong>Primo</strong></span> <span class='ocrx_word' id='word_1_132' title='bbox 2738 820 2977 875; x_wconf 91' lang='lat' dir='ltr'><strong>omnium</strong></span> <span class='ocrx_word' id='word_1_133' title='bbox 3020 822 3307 892; x_wconf 89' lang='lat' dir='ltr'><strong>sapientia,</strong></span> <span class='ocrx_word' id='word_1_134' title='bbox 3354 826 3443 879; x_wconf 92' lang='lat' dir='ltr'><strong>cui</strong></span> <span class='ocrx_word' id='word_1_135' title='bbox 3471 842 3567 883; x_wconf 78' lang='lat' dir='ltr'><strong>vos</strong></span> <span class='ocrx_word' id='word_1_136' title='bbox 3592 829 3832 888; x_wconf 82' lang='lat' dir='ltr'><strong>maxime</strong></span> 
     </span>
    </p>
   </div>
   <div class='ocr_carea' id='block_1_22' title="bbox 2234 904 3197 984">
    <p class='ocr_par' dir='ltr' id='par_1_22' title="bbox 2234 904 3197 984">
     <span class='ocr_line' id='line_1_22' title="bbox 2234 904 3197 984; baseline 0.001 -19"><span class='ocrx_word' id='word_1_137' title='bbox 2234 904 2453 965; x_wconf 76' lang='lat' dir='ltr'><strong>studere</strong></span> <span class='ocrx_word' id='word_1_138' title='bbox 2476 912 2737 966; x_wconf 85' lang='lat' dir='ltr'><strong>cohortor</strong></span> <span class='ocrx_word' id='word_1_139' title='bbox 2764 910 2919 984; x_wconf 77' lang='lat' dir='ltr'><strong>[Ms.,</strong></span> <span class='ocrx_word' id='word_1_140' title='bbox 2951 912 3197 984; x_wconf 86' lang='lat' dir='ltr'><strong>suadeo].</strong></span> 
     </span>
    </p>
   </div>
   <div class='ocr_carea' id='block_1_23' title="bbox 2300 1004 3832 1082">
    <p class='ocr_par' dir='ltr' id='par_1_23' title="bbox 2300 1004 3832 1082">
     <span class='ocr_line' id='line_1_23' title="bbox 2300 1004 3832 1082; baseline 0.008 -24"><span class='ocrx_word' id='word_1_141' title='bbox 2300 1004 2415 1059; x_wconf 79' lang='lat' dir='ltr'><strong>Dis.</strong></span> <span class='ocrx_word' id='word_1_142' title='bbox 2456 1004 2604 1059; x_wconf 84' lang='lat' dir='ltr'><strong>Unde</strong></span> <span class='ocrx_word' id='word_1_143' title='bbox 2628 1006 2830 1059; x_wconf 89' lang='lat' dir='ltr'><strong>scimus</strong></span> <span class='ocrx_word' id='word_1_144' title='bbox 2858 1006 3180 1076; x_wconf 87' lang='lat' dir='ltr'><strong>sapientiam</strong></span> <span class='ocrx_word' id='word_1_145' title='bbox 3217 1023 3337 1063; x_wconf 88' lang='lat' dir='ltr'><strong>esse</strong></span> <span class='ocrx_word' id='word_1_146' title='bbox 3367 1016 3729 1082; x_wconf 73' lang='lat' dir='ltr'><strong>perpetuam?</strong></span> <span class='ocrx_word' id='word_1_147' title='bbox 3767 1016 3832 1071; x_wconf 90' lang='lat' dir='ltr'><strong>Et</strong></span> 
     </span>
    </p>
   </div>
   <div class='ocr_carea' id='block_1_24' title="bbox 2231 1097 3828 1179">
    <p class='ocr_par' dir='ltr' id='par_1_24' title="bbox 2231 1097 3828 1179">
     <span class='ocr_line' id='line_1_24' title="bbox 2231 1097 3828 1179; baseline 0.008 -25"><span class='ocrx_word' id='word_1_148' title='bbox 2231 1097 2277 1154; x_wconf 91' lang='lat' dir='ltr'><strong>si</strong></span> <span class='ocrx_word' id='word_1_149' title='bbox 2301 1099 2418 1153; x_wconf 68' lang='lat' dir='ltr'><strong>hmc</strong></span> <span class='ocrx_word' id='word_1_150' title='bbox 2439 1100 2619 1153; x_wconf 88' lang='lat' dir='ltr'><strong>omnia</strong></span> <span class='ocrx_word' id='word_1_151' title='bbox 2644 1109 2763 1169; x_wconf 81' lang='lat' dir='ltr'><strong>quae</strong></span> <span class='ocrx_word' id='word_1_152' title='bbox 2793 1107 2917 1155; x_wconf 87' lang='lat' dir='ltr'><strong>ante</strong></span> <span class='ocrx_word' id='word_1_153' title='bbox 2939 1102 3263 1170; x_wconf 85' lang='lat' dir='ltr'><strong>numerasti,</strong></span> <span class='ocrx_word' id='word_1_154' title='bbox 3316 1107 3632 1163; x_wconf 81' lang='lat' dir='ltr'><strong>transitoria</strong></span> <span class='ocrx_word' id='word_1_155' title='bbox 3684 1121 3828 1179; x_wconf 89' lang='lat' dir='ltr'><strong>sunt,</strong></span> 
     </span>
    </p>
   </div>
   <div class='ocr_carea' id='block_1_25' title="bbox 2230 1192 3830 1263">
    <p class='ocr_par' dir='ltr' id='par_1_25' title="bbox 2230 1192 3830 1263">
     <span class='ocr_line' id='line_1_25' title="bbox 2230 1192 3830 1263; baseline 0.01 -19"><span class='ocrx_word' id='word_1_156' title='bbox 2230 1204 2329 1244; x_wconf 91' lang='lat' dir='ltr'><strong>cur</strong></span> <span class='ocrx_word' id='word_1_157' title='bbox 2349 1205 2456 1245; x_wconf 93' lang='lat' dir='ltr'><strong>non</strong></span> <span class='ocrx_word' id='word_1_158' title='bbox 2485 1198 2539 1244; x_wconf 88' lang='lat' dir='ltr'><strong>et</strong></span> <span class='ocrx_word' id='word_1_159' title='bbox 2569 1192 2763 1246; x_wconf 87' lang='lat' dir='ltr'><strong>horum</strong></span> <span class='ocrx_word' id='word_1_160' title='bbox 2789 1192 3015 1248; x_wconf 89' lang='lat' dir='ltr'><strong>scientia</strong></span> <span class='ocrx_word' id='word_1_161' title='bbox 3048 1196 3386 1263; x_wconf 80' lang='lat' dir='ltr'><strong>pertransit?</strong></span> <span class='ocrx_word' id='word_1_162' title='bbox 3406 1230 3479 1240; x_wconf 89' lang='lat'>—</span> <span class='ocrx_word' id='word_1_163' title='bbox 3526 1200 3668 1259; x_wconf 72' lang='lat' dir='ltr'><strong>MAG.</strong></span> <span class='ocrx_word' id='word_1_164' title='bbox 3699 1202 3830 1260; x_wconf 78' lang='lat' dir='ltr'><strong>Ani-</strong></span> 
     </span>
    </p>
   </div>
   <div class='ocr_carea' id='block_1_26' title="bbox 2228 1270 3277 1365">
    <p class='ocr_par' dir='ltr' id='par_1_26' title="bbox 2228 1270 3277 1365">
     <span class='ocr_line' id='line_1_26' title="bbox 2228 1270 3277 1365; baseline 0.009 -31"><span class='ocrx_word' id='word_1_165' title='bbox 2228 1296 2373 1335; x_wconf 87' lang='lat' dir='ltr'><strong>mam</strong></span> <span class='ocrx_word' id='word_1_166' title='bbox 2410 1270 2617 1352; x_wconf 80' lang='lat' dir='ltr'><strong>putatis</strong></span> <span class='ocrx_word' id='word_1_167' title='bbox 2643 1299 2765 1339; x_wconf 88' lang='lat' dir='ltr'><strong>esse</strong></span> <span class='ocrx_word' id='word_1_168' title='bbox 2792 1288 3148 1357; x_wconf 88' lang='lat' dir='ltr'><strong>perpetuam?</strong></span> <span class='ocrx_word' id='word_1_169' title='bbox 3274 1360 3277 1365; x_wconf 16' lang='grc' dir='ltr'>ν</span> 
     </span>
    </p>
   </div>
   <div class='ocr_carea' id='block_1_27' title="bbox 2296 1369 3830 1445">
    <p class='ocr_par' dir='ltr' id='par_1_27' title="bbox 2296 1369 3830 1445">
     <span class='ocr_line' id='line_1_27' title="bbox 2296 1369 3830 1445; baseline 0.012 -20"><span class='ocrx_word' id='word_1_170' title='bbox 2296 1369 2411 1427; x_wconf 74' lang='grc' dir='ltr'><strong>Βιε.</strong></span> <span class='ocrx_word' id='word_1_171' title='bbox 2453 1370 2572 1427; x_wconf 84' lang='grc' dir='ltr'><strong>Νοιι</strong></span> <span class='ocrx_word' id='word_1_172' title='bbox 2622 1373 2798 1429; x_wconf 90' lang='lat' dir='ltr'><strong>solum</strong></span> <span class='ocrx_word' id='word_1_173' title='bbox 2848 1384 3103 1445; x_wconf 87' lang='lat' dir='ltr'><strong>putamus</strong></span> <span class='ocrx_word' id='word_1_174' title='bbox 3134 1418 3148 1444; x_wconf 96' lang='lat'><strong>,</strong></span> <span class='ocrx_word' id='word_1_175' title='bbox 3185 1380 3280 1436; x_wconf 90' lang='lat' dir='ltr'><strong>sed</strong></span> <span class='ocrx_word' id='word_1_176' title='bbox 3317 1382 3482 1437; x_wconf 88' lang='lat' dir='ltr'><strong>etiam</strong></span> <span class='ocrx_word' id='word_1_177' title='bbox 3523 1387 3830 1445; x_wconf 86' lang='lat' dir='ltr'><strong>certissime</strong></span> 
     </span>
    </p>
   </div>
   <div class='ocr_carea' id='block_1_28' title="bbox 2228 1460 3826 1548">
    <p class='ocr_par' dir='ltr' id='par_1_28' title="bbox 2228 1460 3826 1548">
     <span class='ocr_line' id='line_1_28' title="bbox 2228 1460 3826 1548; baseline 0.011 -31"><span class='ocrx_word' id='word_1_178' title='bbox 2228 1460 2447 1518; x_wconf 86' lang='lat' dir='ltr'><strong>scimus.</strong></span> <span class='ocrx_word' id='word_1_179' title='bbox 2488 1491 2560 1503; x_wconf 92' lang='lat'><strong>—</strong></span> <span class='ocrx_word' id='word_1_180' title='bbox 2596 1463 2738 1521; x_wconf 64' lang='lat' dir='ltr'><strong>Man.</strong></span> <span class='ocrx_word' id='word_1_181' title='bbox 2780 1465 2947 1523; x_wconf 83' lang='lat' dir='ltr'><strong>Estne</strong></span> <span class='ocrx_word' id='word_1_182' title='bbox 2996 1469 3263 1539; x_wconf 82' lang='lat' dir='ltr'><strong>sapientia</strong></span> <span class='ocrx_word' id='word_1_183' title='bbox 3294 1472 3459 1528; x_wconf 89' lang='lat' dir='ltr'><strong>decus</strong></span> <span class='ocrx_word' id='word_1_184' title='bbox 3488 1482 3544 1529; x_wconf 90' lang='lat' dir='ltr'><strong>et</strong></span> <span class='ocrx_word' id='word_1_185' title='bbox 3592 1477 3826 1548; x_wconf 86' lang='lat' dir='ltr'><strong>dignitas</strong></span> 
     </span>
    </p>
   </div>
   <div class='ocr_carea' id='block_1_29' title="bbox 2226 1553 3227 1643">
    <p class='ocr_par' dir='ltr' id='par_1_29' title="bbox 2226 1553 3227 1643">
     <span class='ocr_line' id='line_1_29' title="bbox 2226 1553 3227 1643; baseline 0.008 -33"><span class='ocrx_word' id='word_1_186' title='bbox 2226 1553 2467 1610; x_wconf 79' lang='lat' dir='ltr'><strong>animae?</strong></span> <span class='ocrx_word' id='word_1_187' title='bbox 2934 1630 2957 1643; x_wconf 11' lang='grc' dir='ltr'><strong>ἢ)</strong></span> <span class='ocrx_word' id='word_1_188' title='bbox 3225 1584 3227 1586; x_wconf 89' lang='grc'>·</span> 
     </span>
    </p>
   </div>
   <div class='ocr_carea' id='block_1_30' title="bbox 2294 1636 3826 1732">
    <p class='ocr_par' dir='ltr' id='par_1_30' title="bbox 2294 1636 3826 1732">
     <span class='ocr_line' id='line_1_30' title="bbox 2294 1636 3826 1732; baseline 0.01 -29"><span class='ocrx_word' id='word_1_189' title='bbox 2294 1648 2409 1703; x_wconf 81' lang='lat' dir='ltr'><strong>Dis.</strong></span> <span class='ocrx_word' id='word_1_190' title='bbox 2450 1647 2547 1703; x_wconf 87' lang='lat' dir='ltr'><strong>Est</strong></span> <span class='ocrx_word' id='word_1_191' title='bbox 2571 1664 2799 1706; x_wconf 89' lang='lat' dir='ltr'><strong>vere.—-</strong></span> <span class='ocrx_word' id='word_1_192' title='bbox 2832 1650 2883 1724; x_wconf 78' lang='grc' dir='ltr'><strong>[ει</strong></span> <span class='ocrx_word' id='word_1_193' title='bbox 2910 1636 3051 1709; x_wconf 54' lang='lat' dir='ltr'><strong>hinc.</strong></span> <span class='ocrx_word' id='word_1_194' title='bbox 3081 1654 3363 1721; x_wconf 81' lang='lat' dir='ltr'><strong>Quomodo</strong></span> <span class='ocrx_word' id='word_1_195' title='bbox 3375 1644 3583 1729; x_wconf 84' lang='lat' dir='ltr'><strong>absque</strong></span> <span class='ocrx_word' id='word_1_196' title='bbox 3608 1663 3826 1732; x_wconf 84' lang='lat' dir='ltr'><strong>sapien-</strong></span> 
     </span>
    </p>
   </div>
   <div class='ocr_carea' id='block_1_31' title="bbox 526 1736 3823 1824">
    <p class='ocr_par' dir='ltr' id='par_1_31' title="bbox 526 1736 3823 1824">
     <span class='ocr_line' id='line_1_31' title="bbox 526 1736 3823 1824; baseline 0.01 -31"><span class='ocrx_word' id='word_1_197' title='bbox 526 1738 882 1803; x_wconf 79' lang='lat' dir='ltr'><strong>Aliena&#39;sunt,</strong></span> <span class='ocrx_word' id='word_1_198' title='bbox 901 1757 1022 1811; x_wconf 67' lang='lat' dir='ltr'><strong>qua:</strong></span> <span class='ocrx_word' id='word_1_199' title='bbox 1047 1752 1203 1797; x_wconf 78' lang='lat' dir='ltr'><strong>extra</strong></span> <span class='ocrx_word' id='word_1_200' title='bbox 1217 1751 1557 1813; x_wconf 66' lang='lat' dir='ltr'><strong>quaeruntur,</strong></span> <span class='ocrx_word' id='word_1_201' title='bbox 1586 1752 1646 1797; x_wconf 90' lang='lat' dir='ltr'><strong>ut</strong></span> <span class='ocrx_word' id='word_1_202' title='bbox 1667 1743 1979 1798; x_wconf 85' lang='lat' dir='ltr'><strong>divitiarum</strong></span> <span class='ocrx_word' id='word_1_203' title='bbox 1997 1760 2126 1800; x_wconf 91' lang='lat' dir='ltr'><strong>eon-</strong></span> <span class='ocrx_word' id='word_1_204' title='bbox 2155 1810 2202 1824; x_wconf 79' lang='lat'>__</span> <span class='ocrx_word' id='word_1_205' title='bbox 2225 1736 2324 1805; x_wconf 58' lang='lat' dir='ltr'><strong>tia,</strong></span> <span class='ocrx_word' id='word_1_206' title='bbox 2354 1742 2549 1796; x_wconf 60' lang='lat' dir='ltr'><strong>decore</strong></span> <span class='ocrx_word' id='word_1_207' title='bbox 2595 1750 2695 1797; x_wconf 73' lang='lat' dir='ltr'><strong>SUO</strong></span> <span class='ocrx_word' id='word_1_208' title='bbox 2714 1785 2727 1808; x_wconf 67' lang='grc' dir='ltr'><strong><em>ν</em></strong></span> <span class='ocrx_word' id='word_1_209' title='bbox 2766 1746 2947 1799; x_wconf 63' lang='lat' dir='ltr'><strong>anima</strong></span> <span class='ocrx_word' id='word_1_210' title='bbox 2977 1744 3207 1802; x_wconf 70' lang='grc' dir='ltr'><strong>Γθιῖείίθΐ</strong></span> <span class='ocrx_word' id='word_1_211' title='bbox 3238 1751 3445 1818; x_wconf 63' lang='grc' dir='ltr'><strong>ῐδοιθτίι</strong></span> <span class='ocrx_word' id='word_1_212' title='bbox 3480 1762 3602 1808; x_wconf 62' lang='lat' dir='ltr'><strong>esse</strong></span> <span class='ocrx_word' id='word_1_213' title='bbox 3635 1766 3823 1824; x_wconf 69' lang='grc' dir='ltr'><strong>ρεφε-</strong></span> 
     </span>
    </p>
   </div>
   <div class='ocr_carea' id='block_1_32' title="bbox 524 1810 3823 1917">
    <p class='ocr_par' dir='ltr' id='par_1_32' title="bbox 524 1810 3823 1917">
     <span class='ocr_line' id='line_1_32' title="bbox 524 1810 3823 1917; baseline 0.005 -32"><span class='ocrx_word' id='word_1_214' title='bbox 524 1833 801 1904; x_wconf 87' lang='lat' dir='ltr'><strong>gregatio:</strong></span> <span class='ocrx_word' id='word_1_215' title='bbox 832 1810 997 1900; x_wconf 86' lang='lat' dir='ltr'><strong>intra,</strong></span> <span class='ocrx_word' id='word_1_216' title='bbox 1029 1810 1306 1904; x_wconf 65' lang='lat' dir='ltr'><strong>sapientiae</strong></span> <span class='ocrx_word' id='word_1_217' title='bbox 1322 1836 1505 1893; x_wconf 88' lang='lat' dir='ltr'><strong>decus.</strong></span> <span class='ocrx_word' id='word_1_218' title='bbox 1559 1836 1729 1907; x_wconf 83' lang='lat' dir='ltr'><strong>Igitur</strong></span> <span class='ocrx_word' id='word_1_219' title='bbox 1761 1845 1839 1904; x_wconf 91' lang='lat' dir='ltr'><strong>tu,</strong></span> <span class='ocrx_word' id='word_1_220' title='bbox 1862 1854 1896 1894; x_wconf 92' lang='grc' dir='ltr'>ο</span> <span class='ocrx_word' id='word_1_221' title='bbox 1926 1839 2120 1894; x_wconf 88' lang='lat' dir='ltr'><strong>homo!</strong></span> <span class='ocrx_word' id='word_1_222' title='bbox 2155 1810 2204 1873; x_wconf 76' lang='grc' dir='ltr'><strong>Β</strong></span> <span class='ocrx_word' id='word_1_223' title='bbox 2233 1832 2364 1886; x_wconf 89' lang='lat' dir='ltr'><strong>tua?</strong></span> <span class='ocrx_word' id='word_1_224' title='bbox 2394 1831 2590 1917; x_wconf 81' lang='lat' dir='ltr'><strong>Nonne</strong></span> <span class='ocrx_word' id='word_1_225' title='bbox 2621 1836 2827 1905; x_wconf 88' lang='lat' dir='ltr'><strong>absque</strong></span> <span class='ocrx_word' id='word_1_226' title='bbox 2854 1838 3064 1893; x_wconf 88' lang='lat' dir='ltr'><strong>ratione</strong></span> <span class='ocrx_word' id='word_1_227' title='bbox 3090 1846 3193 1905; x_wconf 88' lang='lat' dir='ltr'><strong>est,</strong></span> <span class='ocrx_word' id='word_1_228' title='bbox 3222 1842 3459 1897; x_wconf 66' lang='lat' dir='ltr'><strong>animum</strong></span> <span class='ocrx_word' id='word_1_229' title='bbox 3488 1844 3693 1917; x_wconf 85' lang='lat' dir='ltr'><strong>absque</strong></span> <span class='ocrx_word' id='word_1_230' title='bbox 3734 1848 3823 1904; x_wconf 63' lang='lat' dir='ltr'><strong>den.</strong></span> 
     </span>
    </p>
   </div>
   <div class='ocr_carea' id='block_1_33' title="bbox 523 1927 2124 2007">
    <p class='ocr_par' dir='ltr' id='par_1_33' title="bbox 523 1927 2124 2007">
     <span class='ocr_line' id='line_1_33' title="bbox 523 1927 2124 2007; baseline 0.004 -24"><span class='ocrx_word' id='word_1_231' title='bbox 523 1927 572 1983; x_wconf 89' lang='lat' dir='ltr'><strong>si</strong></span> <span class='ocrx_word' id='word_1_232' title='bbox 599 1928 674 2007; x_wconf 82' lang='lat' dir='ltr'><strong>tui</strong></span> <span class='ocrx_word' id='word_1_233' title='bbox 690 1928 858 1998; x_wconf 91' lang='lat' dir='ltr'><strong>ipsius</strong></span> <span class='ocrx_word' id='word_1_234' title='bbox 882 1944 1105 2007; x_wconf 84' lang='lat' dir='ltr'><strong>compos</strong></span> <span class='ocrx_word' id='word_1_235' title='bbox 1127 1932 1260 1997; x_wconf 89' lang='lat' dir='ltr'><strong>eris,</strong></span> <span class='ocrx_word' id='word_1_236' title='bbox 1285 1934 1590 2003; x_wconf 90' lang='lat' dir='ltr'><strong>possidebis</strong></span> <span class='ocrx_word' id='word_1_237' title='bbox 1608 1935 1751 2003; x_wconf 88' lang='lat' dir='ltr'><strong>quod</strong></span> <span class='ocrx_word' id='word_1_238' title='bbox 1773 1950 1875 1990; x_wconf 92' lang='lat' dir='ltr'><strong>nec</strong></span> <span class='ocrx_word' id='word_1_239' title='bbox 1886 1951 2124 2005; x_wconf 89' lang='lat' dir='ltr'><strong>unquam</strong></span> 
     </span>
    </p>
   </div>
   <div class='ocr_carea' id='block_1_34' title="bbox 522 2000 2118 2089">
    <p class='ocr_par' dir='ltr' id='par_1_34' title="bbox 522 2000 2118 2089">
     <span class='ocr_line' id='line_1_34' title="bbox 522 2000 2118 2089; baseline 0.007 -15"><span class='ocrx_word' id='word_1_240' title='bbox 522 2000 773 2087; x_wconf 82' lang='lat' dir='ltr'><strong>amittere</strong></span> <span class='ocrx_word' id='word_1_241' title='bbox 801 2000 1030 2089; x_wconf 77' lang='lat' dir='ltr'><strong>dolebis,</strong></span> <span class='ocrx_word' id='word_1_242' title='bbox 1053 2040 1153 2080; x_wconf 89' lang='lat' dir='ltr'><strong>nec</strong></span> <span class='ocrx_word' id='word_1_243' title='bbox 1170 2025 1277 2080; x_wconf 87' lang='lat' dir='ltr'><strong>ulla</strong></span> <span class='ocrx_word' id='word_1_244' title='bbox 1287 2000 1399 2082; x_wconf 73' lang='lat' dir='ltr'><strong>tibi</strong></span> <span class='ocrx_word' id='word_1_245' title='bbox 1424 2000 1640 2083; x_wconf 78' lang='lat' dir='ltr'><strong>fortuna</strong></span> <span class='ocrx_word' id='word_1_246' title='bbox 1668 2028 1884 2085; x_wconf 86' lang='lat' dir='ltr'><strong>auferre</strong></span> <span class='ocrx_word' id='word_1_247' title='bbox 1899 2030 2118 2085; x_wconf 86' lang='lat' dir='ltr'><strong>valebit.</strong></span> 
     </span>
    </p>
   </div>
   <div class='ocr_carea' id='block_1_35' title="bbox 522 2096 2123 2193">
    <p class='ocr_par' dir='ltr' id='par_1_35' title="bbox 522 2096 2123 2193">
     <span class='ocr_line' id='line_1_35' title="bbox 522 2096 2123 2193; baseline 0.009 -27"><span class='ocrx_word' id='word_1_248' title='bbox 522 2096 665 2180; x_wconf 84' lang='lat' dir='ltr'><strong>Quid</strong></span> <span class='ocrx_word' id='word_1_249' title='bbox 692 2096 876 2193; x_wconf 80' lang='lat' dir='ltr'><strong>igitur,</strong></span> <span class='ocrx_word' id='word_1_250' title='bbox 907 2132 940 2172; x_wconf 90' lang='grc' dir='ltr'>ο</span> <span class='ocrx_word' id='word_1_251' title='bbox 972 2118 1251 2185; x_wconf 86' lang='lat' dir='ltr'><strong>mortales,</strong></span> <span class='ocrx_word' id='word_1_252' title='bbox 1277 2128 1432 2177; x_wconf 83' lang='lat' dir='ltr'><strong>extra</strong></span> <span class='ocrx_word' id='word_1_253' title='bbox 1458 2123 1673 2191; x_wconf 79' lang='lat' dir='ltr'><strong>petitis,</strong></span> <span class='ocrx_word' id='word_1_254' title='bbox 1694 2124 1825 2180; x_wconf 89' lang='lat' dir='ltr'><strong>dum</strong></span> <span class='ocrx_word' id='word_1_255' title='bbox 1849 2125 1993 2180; x_wconf 77' lang='lat' dir='ltr'><strong>intra</strong></span> <span class='ocrx_word' id='word_1_256' title='bbox 2021 2125 2123 2180; x_wconf 83' lang='lat' dir='ltr'><strong>ha-</strong></span> 
     </span>
    </p>
   </div>
   <div class='ocr_carea' id='block_1_36' title="bbox 520 2202 1899 2289">
    <p class='ocr_par' dir='ltr' id='par_1_36' title="bbox 520 2202 1899 2289">
     <span class='ocr_line' id='line_1_36' title="bbox 520 2202 1899 2289; baseline 0.009 -30"><span class='ocrx_word' id='word_1_257' title='bbox 520 2202 664 2261; x_wconf 84' lang='lat' dir='ltr'><strong>betis</strong></span> <span class='ocrx_word' id='word_1_258' title='bbox 686 2209 831 2289; x_wconf 83' lang='lat' dir='ltr'><strong>quod</strong></span> <span class='ocrx_word' id='word_1_259' title='bbox 863 2210 1110 2278; x_wconf 67' lang='lat' dir='ltr'><strong>quiet-itis</strong></span> <span class='ocrx_word' id='word_1_260' title='bbox 1136 2212 1160 2264; x_wconf 91' lang='lat'><strong>?</strong></span> <span class='ocrx_word' id='word_1_261' title='bbox 1614 2276 1619 2281; x_wconf 4' lang='lat' dir='ltr'><strong>Q</strong></span> <span class='ocrx_word' id='word_1_262' title='bbox 1896 2288 1899 2289; x_wconf 16' lang='grc' dir='ltr'><em>ν</em></span> 
     </span>
    </p>
   </div>
   <div class='ocr_carea' id='block_1_37' title="bbox 592 2278 2121 2377">
    <p class='ocr_par' dir='ltr' id='par_1_37' title="bbox 592 2278 2121 2377">
     <span class='ocr_line' id='line_1_37' title="bbox 592 2278 2121 2377; baseline 0.006 -25"><span class='ocrx_word' id='word_1_263' title='bbox 592 2284 709 2377; x_wconf 82' lang='lat' dir='ltr'><strong>Dis.</strong></span> <span class='ocrx_word' id='word_1_264' title='bbox 749 2278 1087 2377; x_wconf 75' lang='lat' dir='ltr'><strong>Felicitatem</strong></span> <span class='ocrx_word' id='word_1_265' title='bbox 1111 2303 1425 2371; x_wconf 64' lang='lat' dir='ltr'><strong>quaerimus.</strong></span> <span class='ocrx_word' id='word_1_266' title='bbox 1466 2334 1537 2344; x_wconf 87' lang='lat'><strong>—-</strong></span> <span class='ocrx_word' id='word_1_267' title='bbox 1573 2278 1713 2361; x_wconf 66' lang='lat' dir='ltr'><strong>MAG.</strong></span> <span class='ocrx_word' id='word_1_268' title='bbox 1750 2288 1899 2360; x_wconf 84' lang='lat' dir='ltr'><strong>Bene</strong></span> <span class='ocrx_word' id='word_1_269' title='bbox 1922 2307 2121 2377; x_wconf 65' lang='lat' dir='ltr'><strong>qumri-</strong></span> 
     </span>
    </p>
   </div>
   <div class='ocr_carea' id='block_1_38' title="bbox 518 2372 2120 2469">
    <p class='ocr_par' dir='ltr' id='par_1_38' title="bbox 518 2372 2120 2469">
     <span class='ocr_line' id='line_1_38' title="bbox 518 2372 2120 2469; baseline 0.007 -27"><span class='ocrx_word' id='word_1_270' title='bbox 518 2374 615 2469; x_wconf 61' lang='lat' dir='ltr'><strong>tis,</strong></span> <span class='ocrx_word' id='word_1_271' title='bbox 648 2372 694 2443; x_wconf 89' lang='lat' dir='ltr'><strong>si</strong></span> <span class='ocrx_word' id='word_1_272' title='bbox 714 2374 1030 2469; x_wconf 85' lang='lat' dir='ltr'><strong>manentem</strong></span> <span class='ocrx_word' id='word_1_273' title='bbox 1057 2395 1324 2463; x_wconf 67' lang='lat' dir='ltr'><strong>quaeritis,</strong></span> <span class='ocrx_word' id='word_1_274' title='bbox 1377 2404 1432 2450; x_wconf 90' lang='lat' dir='ltr'><strong>et</strong></span> <span class='ocrx_word' id='word_1_275' title='bbox 1457 2413 1560 2452; x_wconf 88' lang='lat' dir='ltr'><strong>non</strong></span> <span class='ocrx_word' id='word_1_276' title='bbox 1586 2396 1900 2468; x_wconf 75' lang='lat' dir='ltr'><strong>fugientem.</strong></span> <span class='ocrx_word' id='word_1_277' title='bbox 1958 2398 2120 2454; x_wconf 82' lang='lat' dir='ltr'><strong>Vide-</strong></span> 
     </span>
    </p>
   </div>
   <div class='ocr_carea' id='block_1_39' title="bbox 519 2464 2119 2559">
    <p class='ocr_par' dir='ltr' id='par_1_39' title="bbox 519 2464 2119 2559">
     <span class='ocr_line' id='line_1_39' title="bbox 519 2464 2119 2559; baseline 0.008 -29"><span class='ocrx_word' id='word_1_278' title='bbox 519 2464 595 2532; x_wconf 81' lang='lat' dir='ltr'><strong>tis</strong></span> <span class='ocrx_word' id='word_1_279' title='bbox 646 2464 808 2559; x_wconf 84' lang='lat' dir='ltr'><strong>quam</strong></span> <span class='ocrx_word' id='word_1_280' title='bbox 867 2466 1053 2559; x_wconf 84' lang='lat' dir='ltr'><strong>multis</strong></span> <span class='ocrx_word' id='word_1_281' title='bbox 1104 2484 1557 2559; x_wconf 87' lang='lat' dir='ltr'><strong>amaritudinibus</strong></span> <span class='ocrx_word' id='word_1_282' title='bbox 1618 2464 1830 2541; x_wconf 76' lang='lat' dir='ltr'><strong>terrena</strong></span> <span class='ocrx_word' id='word_1_283' title='bbox 1886 2485 2119 2553; x_wconf 76' lang='lat' dir='ltr'><strong>felicitas</strong></span> 
     </span>
    </p>
   </div>
   <div class='ocr_carea' id='block_1_40' title="bbox 519 2554 2117 2645">
    <p class='ocr_par' dir='ltr' id='par_1_40' title="bbox 519 2554 2117 2645">
     <span class='ocr_line' id='line_1_40' title="bbox 519 2554 2117 2645; baseline 0.007 -23"><span class='ocrx_word' id='word_1_284' title='bbox 519 2554 741 2645; x_wconf 72' lang='lat' dir='ltr'><strong>aspersa</strong></span> <span class='ocrx_word' id='word_1_285' title='bbox 766 2577 871 2638; x_wconf 88' lang='lat' dir='ltr'><strong>est,</strong></span> <span class='ocrx_word' id='word_1_286' title='bbox 917 2556 1039 2642; x_wconf 63' lang='lat' dir='ltr'><strong>quae</strong></span> <span class='ocrx_word' id='word_1_287' title='bbox 1084 2568 1221 2627; x_wconf 84' lang='lat' dir='ltr'><strong>nulli</strong></span> <span class='ocrx_word' id='word_1_288' title='bbox 1271 2556 1355 2629; x_wconf 88' lang='lat' dir='ltr'><strong>vel</strong></span> <span class='ocrx_word' id='word_1_289' title='bbox 1404 2583 1516 2630; x_wconf 89' lang='lat' dir='ltr'><strong>tota</strong></span> <span class='ocrx_word' id='word_1_290' title='bbox 1538 2576 1847 2645; x_wconf 87' lang='lat' dir='ltr'><strong>proveniet,</strong></span> <span class='ocrx_word' id='word_1_291' title='bbox 1895 2578 1980 2632; x_wconf 89' lang='lat' dir='ltr'><strong>vel</strong></span> <span class='ocrx_word' id='word_1_292' title='bbox 2012 2577 2117 2633; x_wconf 79' lang='lat' dir='ltr'><strong>tida</strong></span> 
     </span>
    </p>
   </div>
   <div class='ocr_carea' id='block_1_41' title="bbox 515 2640 2115 2737">
    <p class='ocr_par' dir='ltr' id='par_1_41' title="bbox 515 2640 2115 2737">
     <span class='ocr_line' id='line_1_41' title="bbox 515 2640 2115 2737; baseline 0.009 -27"><span class='ocrx_word' id='word_1_293' title='bbox 515 2640 817 2727; x_wconf 75' lang='lat' dir='ltr'><strong>pcrmanet,</strong></span> <span class='ocrx_word' id='word_1_294' title='bbox 868 2640 995 2733; x_wconf 83' lang='lat' dir='ltr'><strong>quia</strong></span> <span class='ocrx_word' id='word_1_295' title='bbox 1020 2663 1095 2717; x_wconf 91' lang='lat' dir='ltr'><strong>nil</strong></span> <span class='ocrx_word' id='word_1_296' title='bbox 1122 2679 1230 2718; x_wconf 92' lang='lat' dir='ltr'><strong>non</strong></span> <span class='ocrx_word' id='word_1_297' title='bbox 1270 2640 1830 2737; x_wconf 70' lang='lat' dir='ltr'><strong>mutabileprzesentis</strong></span> <span class='ocrx_word' id='word_1_298' title='bbox 1861 2668 1985 2724; x_wconf 70' lang='lat' dir='ltr'><strong>vita:</strong></span> <span class='ocrx_word' id='word_1_299' title='bbox 2034 2669 2115 2725; x_wconf 81' lang='lat' dir='ltr'><strong>in-</strong></span> 
     </span>
    </p>
   </div>
   <div class='ocr_carea' id='block_1_42' title="bbox 516 2742 2113 2824">
    <p class='ocr_par' dir='ltr' id='par_1_42' title="bbox 516 2742 2113 2824">
     <span class='ocr_line' id='line_1_42' title="bbox 516 2742 2113 2824; baseline 0.009 -23"><span class='ocrx_word' id='word_1_300' title='bbox 516 2742 693 2803; x_wconf 79' lang='lat' dir='ltr'><strong>veniri</strong></span> <span class='ocrx_word' id='word_1_301' title='bbox 728 2748 926 2820; x_wconf 88' lang='lat' dir='ltr'><strong>potest.</strong></span> <span class='ocrx_word' id='word_1_302' title='bbox 1002 2744 1151 2821; x_wconf 20' lang='lat' dir='ltr'><strong>Quid,</strong></span> <span class='ocrx_word' id='word_1_303' title='bbox 1190 2756 1472 2824; x_wconf 84' lang='lat' dir='ltr'><strong>pulchrius</strong></span> <span class='ocrx_word' id='word_1_304' title='bbox 1519 2758 1681 2813; x_wconf 87' lang='lat' dir='ltr'><strong>luce?</strong></span> <span class='ocrx_word' id='word_1_305' title='bbox 1727 2768 1781 2814; x_wconf 91' lang='lat' dir='ltr'><strong>et</strong></span> <span class='ocrx_word' id='word_1_306' title='bbox 1820 2760 1935 2814; x_wconf 83' lang='lat' dir='ltr'><strong>haec</strong></span> <span class='ocrx_word' id='word_1_307' title='bbox 1958 2769 2113 2817; x_wconf 89' lang='lat' dir='ltr'><strong>tene-</strong></span> 
     </span>
    </p>
   </div>
   <div class='ocr_carea' id='block_1_43' title="bbox 513 2830 2112 2918">
    <p class='ocr_par' dir='ltr' id='par_1_43' title="bbox 513 2830 2112 2918">
     <span class='ocr_line' id='line_1_43' title="bbox 513 2830 2112 2918; baseline 0.008 -23"><span class='ocrx_word' id='word_1_308' title='bbox 513 2830 631 2896; x_wconf 77' lang='lat' dir='ltr'><strong>bris</strong></span> <span class='ocrx_word' id='word_1_309' title='bbox 659 2830 1077 2901; x_wconf 86' lang='lat' dir='ltr'><strong>succedentibus</strong></span> <span class='ocrx_word' id='word_1_310' title='bbox 1127 2847 1460 2903; x_wconf 85' lang='lat' dir='ltr'><strong>obfuscatur.</strong></span> <span class='ocrx_word' id='word_1_311' title='bbox 1504 2849 1643 2918; x_wconf 83' lang='lat' dir='ltr'><strong>Quid</strong></span> <span class='ocrx_word' id='word_1_312' title='bbox 1684 2849 1908 2907; x_wconf 84' lang='lat' dir='ltr'><strong>ﬂoribus</strong></span> <span class='ocrx_word' id='word_1_313' title='bbox 1941 2868 2112 2907; x_wconf 90' lang='lat' dir='ltr'><strong>venu-</strong></span> 
     </span>
    </p>
   </div>
   <div class='ocr_carea' id='block_1_44' title="bbox 512 2930 2115 3015">
    <p class='ocr_par' dir='ltr' id='par_1_44' title="bbox 512 2930 2115 3015">
     <span class='ocr_line' id='line_1_44' title="bbox 512 2930 2115 3015; baseline 0.007 -25"><span class='ocrx_word' id='word_1_314' title='bbox 512 2931 653 2990; x_wconf 71' lang='lat' dir='ltr'><strong>otius</strong></span> <span class='ocrx_word' id='word_1_315' title='bbox 685 2930 923 2991; x_wconf 56' lang='lat' dir='ltr'><strong>aestatis?</strong></span> <span class='ocrx_word' id='word_1_316' title='bbox 964 2939 1058 3008; x_wconf 91' lang='lat' dir='ltr'><strong>qui</strong></span> <span class='ocrx_word' id='word_1_317' title='bbox 1081 2948 1262 2995; x_wconf 88' lang='lat' dir='ltr'><strong>tamen</strong></span> <span class='ocrx_word' id='word_1_318' title='bbox 1310 2941 1632 2998; x_wconf 87' lang='lat' dir='ltr'><strong>hiemalibus</strong></span> <span class='ocrx_word' id='word_1_319' title='bbox 1656 2942 1977 3015; x_wconf 65' lang='lat' dir='ltr'><strong>frigoribus</strong></span> <span class='ocrx_word' id='word_1_320' title='bbox 2018 2960 2115 3014; x_wconf 82' lang='lat' dir='ltr'><strong>pe-</strong></span> 
     </span>
    </p>
   </div>
   <div class='ocr_carea' id='block_1_45' title="bbox 512 3018 2110 3111">
    <p class='ocr_par' dir='ltr' id='par_1_45' title="bbox 512 3018 2110 3111">
     <span class='ocr_line' id='line_1_45' title="bbox 512 3018 2110 3111; baseline 0.008 -28"><span class='ocrx_word' id='word_1_321' title='bbox 512 3036 693 3084; x_wconf 84' lang='lat' dir='ltr'><strong>reunt.</strong></span> <span class='ocrx_word' id='word_1_322' title='bbox 747 3018 888 3096; x_wconf 84' lang='lat' dir='ltr'><strong>Quid</strong></span> <span class='ocrx_word' id='word_1_323' title='bbox 916 3030 1090 3087; x_wconf 89' lang='lat' dir='ltr'><strong>salute</strong></span> <span class='ocrx_word' id='word_1_324' title='bbox 1117 3034 1363 3104; x_wconf 89' lang='lat' dir='ltr'><strong>corporis</strong></span> <span class='ocrx_word' id='word_1_325' title='bbox 1407 3037 1679 3111; x_wconf 80' lang='lat' dir='ltr'><strong>suavius?</strong></span> <span class='ocrx_word' id='word_1_326' title='bbox 1720 3047 1775 3092; x_wconf 91' lang='lat' dir='ltr'><strong>et</strong></span> <span class='ocrx_word' id='word_1_327' title='bbox 1805 3039 1930 3109; x_wconf 83' lang='lat' dir='ltr'><strong>quis</strong></span> <span class='ocrx_word' id='word_1_328' title='bbox 1968 3039 2110 3095; x_wconf 84' lang='lat' dir='ltr'><strong>hanc</strong></span> 
     </span>
    </p>
   </div>
   <div class='ocr_carea' id='block_1_46' title="bbox 509 3120 2107 3202">
    <p class='ocr_par' dir='ltr' id='par_1_46' title="bbox 509 3120 2107 3202">
     <span class='ocr_line' id='line_1_46' title="bbox 509 3120 2107 3202; baseline 0.008 -27"><span class='ocrx_word' id='word_1_329' title='bbox 509 3120 827 3202; x_wconf 81' lang='lat' dir='ltr'><strong>perpetuam</strong></span> <span class='ocrx_word' id='word_1_330' title='bbox 852 3124 1054 3182; x_wconf 87' lang='lat' dir='ltr'><strong>habere</strong></span> <span class='ocrx_word' id='word_1_331' title='bbox 1082 3127 1345 3183; x_wconf 79' lang='lat' dir='ltr'><strong>confidit?</strong></span> <span class='ocrx_word' id='word_1_332' title='bbox 1391 3128 1530 3196; x_wconf 85' lang='lat' dir='ltr'><strong>Quid</strong></span> <span class='ocrx_word' id='word_1_333' title='bbox 1554 3132 1841 3202; x_wconf 84' lang='lat' dir='ltr'><strong>tranquilla</strong></span> <span class='ocrx_word' id='word_1_334' title='bbox 1863 3148 1998 3202; x_wconf 91' lang='lat' dir='ltr'><strong>pace</strong></span> <span class='ocrx_word' id='word_1_335' title='bbox 2018 3131 2107 3201; x_wconf 87' lang='lat' dir='ltr'><strong>ju-</strong></span> 
     </span>
    </p>
   </div>
   <div class='ocr_carea' id='block_1_47' title="bbox 511 3196 2105 3291">
    <p class='ocr_par' dir='ltr' id='par_1_47' title="bbox 511 3196 2105 3291">
     <span class='ocr_line' id='line_1_47' title="bbox 511 3196 2105 3291; baseline 0.009 -24"><span class='ocrx_word' id='word_1_336' title='bbox 511 3196 856 3291; x_wconf 25' lang='lat' dir='ltr'><strong>cundiusilet</strong></span> <span class='ocrx_word' id='word_1_337' title='bbox 895 3223 1076 3272; x_wconf 90' lang='lat' dir='ltr'><strong>tamen</strong></span> <span class='ocrx_word' id='word_1_338' title='bbox 1112 3234 1255 3290; x_wconf 68' lang='lat' dir='ltr'><strong>saepe</strong></span> <span class='ocrx_word' id='word_1_339' title='bbox 1283 3220 1400 3276; x_wconf 80' lang='lat' dir='ltr'><strong>haec</strong></span> <span class='ocrx_word' id='word_1_340' title='bbox 1422 3222 1566 3276; x_wconf 89' lang='lat' dir='ltr'><strong>tristi</strong></span> <span class='ocrx_word' id='word_1_341' title='bbox 1597 3222 1995 3280; x_wconf 86' lang='lat' dir='ltr'><strong>discordiarum</strong></span> <span class='ocrx_word' id='word_1_342' title='bbox 2017 3223 2105 3281; x_wconf 89' lang='lat' dir='ltr'><strong>fo-</strong></span> 
     </span>
    </p>
   </div>
   <div class='ocr_carea' id='block_1_48' title="bbox 512 3292 939 3364">
    <p class='ocr_par' dir='ltr' id='par_1_48' title="bbox 512 3292 939 3364">
     <span class='ocr_line' id='line_1_48' title="bbox 512 3292 939 3364; baseline 0.014 -6"><span class='ocrx_word' id='word_1_343' title='bbox 512 3292 645 3360; x_wconf 88' lang='lat' dir='ltr'><strong>mite</strong></span> <span class='ocrx_word' id='word_1_344' title='bbox 670 3294 939 3364; x_wconf 78' lang='lat' dir='ltr'><strong>irritatur.</strong></span> 
     </span>
    </p>
   </div>
   <div class='ocr_carea' id='block_1_49' title="bbox 581 3399 2106 3481">
    <p class='ocr_par' dir='ltr' id='par_1_49' title="bbox 581 3399 2106 3481">
     <span class='ocr_line' id='line_1_49' title="bbox 581 3399 2106 3481; baseline 0.012 -27"><span class='ocrx_word' id='word_1_345' title='bbox 581 3399 697 3457; x_wconf 80' lang='lat' dir='ltr'><strong>Dis.</strong></span> <span class='ocrx_word' id='word_1_346' title='bbox 736 3401 865 3481; x_wconf 77' lang='lat' dir='ltr'><strong>Haec</strong></span> <span class='ocrx_word' id='word_1_347' title='bbox 887 3406 1068 3461; x_wconf 90' lang='lat' dir='ltr'><strong>omnia</strong></span> <span class='ocrx_word' id='word_1_348' title='bbox 1090 3422 1170 3463; x_wconf 75' lang='lat' dir='ltr'><strong>snc</strong></span> <span class='ocrx_word' id='word_1_349' title='bbox 1187 3424 1247 3464; x_wconf 89' lang='lat' dir='ltr'><strong>se</strong></span> <span class='ocrx_word' id='word_1_350' title='bbox 1270 3411 1493 3475; x_wconf 89' lang='lat' dir='ltr'><strong>habere,</strong></span> <span class='ocrx_word' id='word_1_351' title='bbox 1528 3412 1844 3479; x_wconf 46' lang='lat' dir='ltr'><strong>sieut‘dicis,</strong></span> <span class='ocrx_word' id='word_1_352' title='bbox 1876 3429 1984 3474; x_wconf 90' lang='lat' dir='ltr'><strong>non</strong></span> <span class='ocrx_word' id='word_1_353' title='bbox 2007 3419 2106 3472; x_wconf 53' lang='lat' dir='ltr'><strong>du¢</strong></span> 
     </span>
    </p>
   </div>
   <div class='ocr_carea' id='block_1_50' title="bbox 508 3476 2105 3575">
    <p class='ocr_par' dir='ltr' id='par_1_50' title="bbox 508 3476 2105 3575">
     <span class='ocr_line' id='line_1_50' title="bbox 508 3476 2105 3575; baseline 0.009 -28"><span class='ocrx_word' id='word_1_354' title='bbox 508 3476 763 3575; x_wconf 77' lang='lat' dir='ltr'><strong>bitamus.</strong></span> <span class='ocrx_word' id='word_1_355' title='bbox 820 3476 926 3554; x_wconf 88' lang='lat' dir='ltr'><strong>Sed</strong></span> <span class='ocrx_word' id='word_1_356' title='bbox 962 3514 1223 3571; x_wconf 90' lang='lat' dir='ltr'><strong>quorsum</strong></span> <span class='ocrx_word' id='word_1_357' title='bbox 1254 3501 1389 3556; x_wconf 87' lang='lat' dir='ltr'><strong>ista?</strong></span> <span class='ocrx_word' id='word_1_358' title='bbox 1414 3533 1487 3544; x_wconf 95' lang='lat'><strong>—</strong></span> <span class='ocrx_word' id='word_1_359' title='bbox 1511 3502 1652 3559; x_wconf 78' lang='lat' dir='ltr'><strong>MAG.</strong></span> <span class='ocrx_word' id='word_1_360' title='bbox 1688 3502 1759 3559; x_wconf 88' lang='lat' dir='ltr'><strong>Ut</strong></span> <span class='ocrx_word' id='word_1_361' title='bbox 1784 3476 1851 3560; x_wconf 65' lang='lat' dir='ltr'><strong>ei:</strong></span> <span class='ocrx_word' id='word_1_362' title='bbox 1879 3506 2105 3575; x_wconf 88' lang='lat' dir='ltr'><strong>majori-</strong></span> 
     </span>
    </p>
   </div>
   <div class='ocr_carea' id='block_1_51' title="bbox 507 3568 1244 3659">
    <p class='ocr_par' dir='ltr' id='par_1_51' title="bbox 507 3568 1244 3659">
     <span class='ocr_line' id='line_1_51' title="bbox 507 3568 1244 3659; baseline 0.014 -21"><span class='ocrx_word' id='word_1_363' title='bbox 507 3583 612 3639; x_wconf 89' lang='lat' dir='ltr'><strong>bus</strong></span> <span class='ocrx_word' id='word_1_364' title='bbox 640 3568 851 3642; x_wconf 84' lang='lat' dir='ltr'><strong>minora</strong></span> <span class='ocrx_word' id='word_1_365' title='bbox 882 3593 1244 3659; x_wconf 84' lang='lat' dir='ltr'><strong>cognoscatis.</strong></span> 
     </span>
    </p>
   </div>
   <div class='ocr_carea' id='block_1_52' title="bbox 579 3675 2101 3765">
    <p class='ocr_par' dir='ltr' id='par_1_52' title="bbox 579 3675 2101 3765">
     <span class='ocr_line' id='line_1_52' title="bbox 579 3675 2101 3765; baseline 0.014 -35"><span class='ocrx_word' id='word_1_366' title='bbox 579 3675 696 3733; x_wconf 82' lang='lat' dir='ltr'><strong>Dis.</strong></span> <span class='ocrx_word' id='word_1_367' title='bbox 739 3678 983 3747; x_wconf 90' lang='lat' dir='ltr'><strong>Quonam</strong></span> <span class='ocrx_word' id='word_1_368' title='bbox 1012 3684 1204 3740; x_wconf 89' lang='lat' dir='ltr'><strong>modo?</strong></span> <span class='ocrx_word' id='word_1_369' title='bbox 1226 3716 1296 3741; x_wconf 49' lang='grc' dir='ltr'><strong>έ-</strong></span> <span class='ocrx_word' id='word_1_370' title='bbox 1324 3685 1471 3744; x_wconf 68' lang='lat' dir='ltr'><strong>Mss.</strong></span> <span class='ocrx_word' id='word_1_371' title='bbox 1498 3688 1556 3743; x_wconf 90' lang='lat' dir='ltr'><strong>Si</strong></span> <span class='ocrx_word' id='word_1_372' title='bbox 1586 3690 1783 3746; x_wconf 77' lang='lat' dir='ltr'><strong>ccelum</strong></span> <span class='ocrx_word' id='word_1_373' title='bbox 1838 3699 2101 3765; x_wconf 86' lang='lat' dir='ltr'><strong>terraque</strong></span> 
     </span>
    </p>
   </div>
   <div class='ocr_carea' id='block_1_53' title="bbox 506 3756 2098 3865">
    <p class='ocr_par' dir='ltr' id='par_1_53' title="bbox 506 3756 2098 3865">
     <span class='ocr_line' id='line_1_53' title="bbox 506 3756 2098 3865; baseline 0.012 -41"><span class='ocrx_word' id='word_1_374' title='bbox 506 3756 624 3825; x_wconf 63' lang='lat' dir='ltr'><strong>suis</strong></span> <span class='ocrx_word' id='word_1_375' title='bbox 646 3783 861 3842; x_wconf 89' lang='lat' dir='ltr'><strong>semper</strong></span> <span class='ocrx_word' id='word_1_376' title='bbox 878 3774 1339 3834; x_wconf 86' lang='lat' dir='ltr'><strong>vicissitudinibus</strong></span> <span class='ocrx_word' id='word_1_377' title='bbox 1363 3786 1960 3865; x_wconf 28' lang='lat' dir='ltr'><strong>mutanturtgeneralis</strong></span> <span class='ocrx_word' id='word_1_378' title='bbox 1979 3804 2098 3843; x_wconf 75' lang='lat' dir='ltr'><strong>om-</strong></span> 
     </span>
    </p>
   </div>
   <div class='ocr_carea' id='block_1_54' title="bbox 504 3860 2099 3953">
    <p class='ocr_par' dir='ltr' id='par_1_54' title="bbox 504 3860 2099 3953">
     <span class='ocr_line' id='line_1_54' title="bbox 504 3860 2099 3953; baseline 0.011 -37"><span class='ocrx_word' id='word_1_379' title='bbox 504 3860 657 3943; x_wconf 82' lang='lat' dir='ltr'><strong>nium</strong></span> <span class='ocrx_word' id='word_1_380' title='bbox 711 3863 1063 3941; x_wconf 88' lang='lat' dir='ltr'><strong>[mortalium]</strong></span> <span class='ocrx_word' id='word_1_381' title='bbox 1120 3870 1465 3939; x_wconf 89' lang='lat' dir='ltr'><strong>pulchritudo</strong></span> <span class='ocrx_word' id='word_1_382' title='bbox 1488 3883 1544 3929; x_wconf 85' lang='lat' dir='ltr'><strong>et</strong></span> <span class='ocrx_word' id='word_1_383' title='bbox 1590 3860 1831 3953; x_wconf 60' lang='lat' dir='ltr'><strong>utilitas;</strong></span> <span class='ocrx_word' id='word_1_384' title='bbox 1895 3886 2099 3948; x_wconf 90' lang='lat' dir='ltr'><strong>quanto</strong></span> 
     </span>
    </p>
   </div>
   <div class='ocr_carea' id='block_1_55' title="bbox 508 3940 2094 4031">
    <p class='ocr_par' dir='ltr' id='par_1_55' title="bbox 508 3940 2094 4031">
     <span class='ocr_line' id='line_1_55' title="bbox 508 3940 2094 4031; baseline 0.012 -25"><span class='ocrx_word' id='word_1_385' title='bbox 508 3940 677 4023; x_wconf 81' lang='lat' dir='ltr'><strong>magis</strong></span> <span class='ocrx_word' id='word_1_386' title='bbox 732 3954 1017 4024; x_wconf 84' lang='lat' dir='ltr'><strong>cujuslibet</strong></span> <span class='ocrx_word' id='word_1_387' title='bbox 1048 3940 1138 4014; x_wconf 76' lang='lat' dir='ltr'><strong>rei</strong></span> <span class='ocrx_word' id='word_1_388' title='bbox 1172 3964 1425 4031; x_wconf 89' lang='lat' dir='ltr'><strong>specialis</strong></span> <span class='ocrx_word' id='word_1_389' title='bbox 1466 3947 1753 4020; x_wconf 81' lang='lat' dir='ltr'><strong>delectatio</strong></span> <span class='ocrx_word' id='word_1_390' title='bbox 1780 3970 2094 4025; x_wconf 88' lang='lat' dir='ltr'><strong>transitoria</strong></span> 
     </span>
    </p>
   </div>
   <div class='ocr_carea' id='block_1_56' title="bbox 502 4052 2099 4132">
    <p class='ocr_par' dir='ltr' id='par_1_56' title="bbox 502 4052 2099 4132">
     <span class='ocr_line' id='line_1_56' title="bbox 502 4052 2099 4132; baseline 0.013 -33"><span class='ocrx_word' id='word_1_391' title='bbox 502 4057 626 4100; x_wconf 87' lang='lat' dir='ltr'><strong>esse</strong></span> <span class='ocrx_word' id='word_1_392' title='bbox 657 4063 876 4105; x_wconf 88' lang='lat' dir='ltr'><strong>necesse</strong></span> <span class='ocrx_word' id='word_1_393' title='bbox 904 4052 1022 4106; x_wconf 87' lang='lat' dir='ltr'><strong>est?</strong></span> <span class='ocrx_word' id='word_1_394' title='bbox 1072 4052 1139 4106; x_wconf 87' lang='lat' dir='ltr'><strong>Et</strong></span> <span class='ocrx_word' id='word_1_395' title='bbox 1172 4069 1270 4109; x_wconf 91' lang='lat' dir='ltr'><strong>cur</strong></span> <span class='ocrx_word' id='word_1_396' title='bbox 1302 4070 1365 4109; x_wconf 94' lang='lat' dir='ltr'><strong>ea</strong></span> <span class='ocrx_word' id='word_1_397' title='bbox 1403 4058 1573 4111; x_wconf 89' lang='lat' dir='ltr'><strong>amari</strong></span> <span class='ocrx_word' id='word_1_398' title='bbox 1600 4059 1797 4113; x_wconf 83' lang='lat' dir='ltr'><strong>debent</strong></span> <span class='ocrx_word' id='word_1_399' title='bbox 1822 4077 1945 4131; x_wconf 86' lang='lat' dir='ltr'><strong>quae</strong></span> <span class='ocrx_word' id='word_1_400' title='bbox 1974 4079 2099 4132; x_wconf 73' lang='lat' dir='ltr'><strong>pel-</strong></span> 
     </span>
    </p>
   </div>
   <div class='ocr_carea' id='block_1_57' title="bbox 502 4143 2098 4224">
    <p class='ocr_par' dir='ltr' id='par_1_57' title="bbox 502 4143 2098 4224">
     <span class='ocr_line' id='line_1_57' title="bbox 502 4143 2098 4224; baseline 0.014 -36"><span class='ocrx_word' id='word_1_401' title='bbox 502 4150 726 4199; x_wconf 84' lang='lat' dir='ltr'><strong>manere</strong></span> <span class='ocrx_word' id='word_1_402' title='bbox 758 4144 1064 4212; x_wconf 85' lang='lat' dir='ltr'><strong>nequeunt?</strong></span> <span class='ocrx_word' id='word_1_403' title='bbox 1117 4143 1257 4211; x_wconf 86' lang='lat' dir='ltr'><strong>Quid</strong></span> <span class='ocrx_word' id='word_1_404' title='bbox 1306 4161 1403 4201; x_wconf 78' lang='lat' dir='ltr'><strong>vos</strong></span> <span class='ocrx_word' id='word_1_405' title='bbox 1441 4148 1686 4204; x_wconf 80' lang='lat' dir='ltr'><strong>homines</strong></span> <span class='ocrx_word' id='word_1_406' title='bbox 1727 4152 1790 4205; x_wconf 89' lang='lat' dir='ltr'><strong>de</strong></span> <span class='ocrx_word' id='word_1_407' title='bbox 1837 4151 2098 4224; x_wconf 74' lang='lat' dir='ltr'><strong>[nominis</strong></span> 
     </span>
    </p>
   </div>
   <div class='ocr_carea' id='block_1_58' title="bbox 505 4226 2096 4313">
    <p class='ocr_par' dir='ltr' id='par_1_58' title="bbox 505 4226 2096 4313">
     <span class='ocr_line' id='line_1_58' title="bbox 505 4226 2096 4313; baseline 0.015 -34"><span class='ocrx_word' id='word_1_408' title='bbox 505 4226 704 4311; x_wconf 79' lang='lat' dir='ltr'><strong>(Edit.,</strong></span> <span class='ocrx_word' id='word_1_409' title='bbox 726 4230 1018 4306; x_wconf 89' lang='lat' dir='ltr'><strong>hominis)]</strong></span> <span class='ocrx_word' id='word_1_410' title='bbox 1048 4234 1227 4303; x_wconf 89' lang='lat' dir='ltr'><strong>laude,</strong></span> <span class='ocrx_word' id='word_1_411' title='bbox 1256 4238 1321 4294; x_wconf 90' lang='lat' dir='ltr'><strong>de</strong></span> <span class='ocrx_word' id='word_1_412' title='bbox 1351 4240 1576 4294; x_wconf 87' lang='lat' dir='ltr'><strong>honoris</strong></span> <span class='ocrx_word' id='word_1_413' title='bbox 1598 4242 1882 4313; x_wconf 82' lang='lat' dir='ltr'><strong>dignitate,</strong></span> <span class='ocrx_word' id='word_1_414' title='bbox 1924 4249 1990 4302; x_wconf 88' lang='lat' dir='ltr'><strong>de</strong></span> <span class='ocrx_word' id='word_1_415' title='bbox 2017 4248 2096 4302; x_wconf 89' lang='lat' dir='ltr'><strong>di-</strong></span> 
     </span>
    </p>
   </div>
   <div class='ocr_carea' id='block_1_59' title="bbox 502 4318 2094 4404">
    <p class='ocr_par' dir='ltr' id='par_1_59' title="bbox 502 4318 2094 4404">
     <span class='ocr_line' id='line_1_59' title="bbox 502 4318 2094 4404; baseline 0.015 -33"><span class='ocrx_word' id='word_1_416' title='bbox 502 4318 761 4375; x_wconf 88' lang='lat' dir='ltr'><strong>vitiarum</strong></span> <span class='ocrx_word' id='word_1_417' title='bbox 790 4328 1203 4397; x_wconf 81' lang='lat' dir='ltr'><strong>congregatione</strong></span> <span class='ocrx_word' id='word_1_418' title='bbox 1224 4331 1507 4401; x_wconf 82' lang='lat' dir='ltr'><strong>cogitatis?</strong></span> <span class='ocrx_word' id='word_1_419' title='bbox 1560 4332 1791 4404; x_wconf 82' lang='lat' dir='ltr'><strong>chistis</strong></span> <span class='ocrx_word' id='word_1_420' title='bbox 1814 4335 1986 4393; x_wconf 70' lang='lat' dir='ltr'><strong>Croesi</strong></span> <span class='ocrx_word' id='word_1_421' title='bbox 2014 4340 2094 4394; x_wconf 88' lang='lat' dir='ltr'><strong>di-</strong></span> 
     </span>
    </p>
   </div>
   <div class='ocr_carea' id='block_1_60' title="bbox 501 4409 2091 4503">
    <p class='ocr_par' dir='ltr' id='par_1_60' title="bbox 501 4409 2091 4503">
     <span class='ocr_line' id='line_1_60' title="bbox 501 4409 2091 4503; baseline 0.015 -40"><span class='ocrx_word' id='word_1_422' title='bbox 501 4409 684 4476; x_wconf 88' lang='lat' dir='ltr'><strong>vitias,</strong></span> <span class='ocrx_word' id='word_1_423' title='bbox 706 4412 997 4471; x_wconf 83' lang='lat' dir='ltr'><strong>Alexandri</strong></span> <span class='ocrx_word' id='word_1_424' title='bbox 1020 4417 1237 4483; x_wconf 82' lang='lat' dir='ltr'><strong>famam,</strong></span> <span class='ocrx_word' id='word_1_425' title='bbox 1274 4422 1514 4503; x_wconf 68' lang='lat' dir='ltr'><strong>Pompeii</strong></span> <span class='ocrx_word' id='word_1_426' title='bbox 1539 4427 1838 4484; x_wconf 88' lang='lat' dir='ltr'><strong>honorem?</strong></span> <span class='ocrx_word' id='word_1_427' title='bbox 1867 4432 1933 4485; x_wconf 85' lang='lat' dir='ltr'><strong>Et</strong></span> <span class='ocrx_word' id='word_1_428' title='bbox 1961 4434 2091 4503; x_wconf 89' lang='lat' dir='ltr'><strong>quid</strong></span> 
     </span>
    </p>
   </div>
   <div class='ocr_carea' id='block_1_61' title="bbox 2228 1907 3822 2006">
    <p class='ocr_par' dir='ltr' id='par_1_61' title="bbox 2228 1907 3822 2006">
     <span class='ocr_line' id='line_1_61' title="bbox 2228 1907 3822 2006; baseline 0.011 -29"><span class='ocrx_word' id='word_1_429' title='bbox 2228 1937 2355 1977; x_wconf 87' lang='lat' dir='ltr'><strong>core</strong></span> <span class='ocrx_word' id='word_1_430' title='bbox 2384 1907 2437 1977; x_wconf 84' lang='lat' dir='ltr'><strong>et</strong></span> <span class='ocrx_word' id='word_1_431' title='bbox 2462 1914 2726 1995; x_wconf 81' lang='lat' dir='ltr'><strong>dignitate</strong></span> <span class='ocrx_word' id='word_1_432' title='bbox 2768 1943 2865 1982; x_wconf 89' lang='lat' dir='ltr'><strong>sua</strong></span> <span class='ocrx_word' id='word_1_433' title='bbox 2898 1944 3019 1985; x_wconf 88' lang='lat' dir='ltr'><strong>esse</strong></span> <span class='ocrx_word' id='word_1_434' title='bbox 3054 1934 3439 2006; x_wconf 82' lang='lat' dir='ltr'><strong>perpetuam?]</strong></span> <span class='ocrx_word' id='word_1_435' title='bbox 3474 1907 3822 2006; x_wconf 75' lang='lat' dir='ltr'><strong>Consequens</strong></span> 
     </span>
    </p>
   </div>
   <div class='ocr_carea' id='block_1_62' title="bbox 2226 2014 3822 2094">
    <p class='ocr_par' dir='ltr' id='par_1_62' title="bbox 2226 2014 3822 2094">
     <span class='ocr_line' id='line_1_62' title="bbox 2226 2014 3822 2094; baseline 0.011 -26"><span class='ocrx_word' id='word_1_436' title='bbox 2226 2014 2442 2070; x_wconf 82' lang='lat' dir='ltr'><strong>videtur</strong></span> <span class='ocrx_word' id='word_1_437' title='bbox 2476 2027 2763 2088; x_wconf 89' lang='lat' dir='ltr'><strong>utramque</strong></span> <span class='ocrx_word' id='word_1_438' title='bbox 2794 2034 2915 2077; x_wconf 87' lang='lat' dir='ltr'><strong>esse</strong></span> <span class='ocrx_word' id='word_1_439' title='bbox 2943 2034 3282 2094; x_wconf 88' lang='lat' dir='ltr'><strong>perpetuam,</strong></span> <span class='ocrx_word' id='word_1_440' title='bbox 3348 2027 3586 2083; x_wconf 88' lang='lat' dir='ltr'><strong>animam</strong></span> <span class='ocrx_word' id='word_1_441' title='bbox 3618 2029 3822 2086; x_wconf 82' lang='lat' dir='ltr'><strong>scilicet</strong></span> 
     </span>
    </p>
   </div>
   <div class='ocr_carea' id='block_1_63' title="bbox 2226 2112 3819 2193">
    <p class='ocr_par' dir='ltr' id='par_1_63' title="bbox 2226 2112 3819 2193">
     <span class='ocr_line' id='line_1_63' title="bbox 2226 2112 3819 2193; baseline 0.011 -31"><span class='ocrx_word' id='word_1_442' title='bbox 2226 2116 2282 2163; x_wconf 88' lang='lat' dir='ltr'><strong>et</strong></span> <span class='ocrx_word' id='word_1_443' title='bbox 2304 2112 2647 2181; x_wconf 85' lang='lat' dir='ltr'><strong>sapientiam.</strong></span> <span class='ocrx_word' id='word_1_444' title='bbox 2692 2114 2973 2171; x_wconf 81' lang='lat' dir='ltr'><strong>Videtisne</strong></span> <span class='ocrx_word' id='word_1_445' title='bbox 2998 2118 3241 2188; x_wconf 85' lang='lat' dir='ltr'><strong>quolibet</strong></span> <span class='ocrx_word' id='word_1_446' title='bbox 3263 2120 3391 2176; x_wconf 78' lang='lat' dir='ltr'><strong>caSu</strong></span> <span class='ocrx_word' id='word_1_447' title='bbox 3421 2123 3722 2193; x_wconf 57' lang='lat' dir='ltr'><strong>saepissime</strong></span> <span class='ocrx_word' id='word_1_448' title='bbox 3747 2125 3819 2179; x_wconf 87' lang='lat' dir='ltr'><strong>di-</strong></span> 
     </span>
    </p>
   </div>
   <div class='ocr_carea' id='block_1_64' title="bbox 2224 2198 3818 2278">
    <p class='ocr_par' dir='ltr' id='par_1_64' title="bbox 2224 2198 3818 2278">
     <span class='ocr_line' id='line_1_64' title="bbox 2224 2198 3818 2278; baseline 0.014 -25"><span class='ocrx_word' id='word_1_449' title='bbox 2224 2198 2391 2256; x_wconf 87' lang='lat' dir='ltr'><strong>vitias</strong></span> <span class='ocrx_word' id='word_1_450' title='bbox 2436 2203 2729 2261; x_wconf 88' lang='lat' dir='ltr'><strong>habentem</strong></span> <span class='ocrx_word' id='word_1_451' title='bbox 2760 2204 3032 2278; x_wconf 89' lang='lat' dir='ltr'><strong>deserere,</strong></span> <span class='ocrx_word' id='word_1_452' title='bbox 3072 2220 3126 2267; x_wconf 83' lang='lat' dir='ltr'><strong>et</strong></span> <span class='ocrx_word' id='word_1_453' title='bbox 3150 2228 3340 2269; x_wconf 87' lang='lat' dir='ltr'><strong>omnes</strong></span> <span class='ocrx_word' id='word_1_454' title='bbox 3380 2215 3564 2271; x_wconf 85' lang='lat' dir='ltr'><strong>saeculi</strong></span> <span class='ocrx_word' id='word_1_455' title='bbox 3587 2215 3818 2275; x_wconf 72' lang='lat' dir='ltr'><strong>honores</strong></span> 
     </span>
    </p>
   </div>
   <div class='ocr_carea' id='block_1_65' title="bbox 2223 2296 2727 2356">
    <p class='ocr_par' dir='ltr' id='par_1_65' title="bbox 2223 2296 2727 2356">
     <span class='ocr_line' id='line_1_65' title="bbox 2223 2296 2727 2356; baseline 0.012 -6"><span class='ocrx_word' id='word_1_456' title='bbox 2223 2296 2500 2353; x_wconf 88' lang='lat' dir='ltr'><strong>multoties</strong></span> <span class='ocrx_word' id='word_1_457' title='bbox 2520 2301 2727 2356; x_wconf 86' lang='lat' dir='ltr'><strong>minui?</strong></span> 
     </span>
    </p>
   </div>
   <div class='ocr_carea' id='block_1_66' title="bbox 2294 2384 3815 2473">
    <p class='ocr_par' dir='ltr' id='par_1_66' title="bbox 2294 2384 3815 2473">
     <span class='ocr_line' id='line_1_66' title="bbox 2294 2384 3815 2473; baseline 0.011 -30"><span class='ocrx_word' id='word_1_458' title='bbox 2294 2384 2407 2444; x_wconf 82' lang='lat' dir='ltr'><strong>Dis.</strong></span> <span class='ocrx_word' id='word_1_459' title='bbox 2451 2392 2712 2449; x_wconf 78' lang='lat' dir='ltr'><strong>Videmus</strong></span> <span class='ocrx_word' id='word_1_460' title='bbox 2743 2396 2927 2466; x_wconf 88' lang='lat' dir='ltr'><strong>itaque</strong></span> <span class='ocrx_word' id='word_1_461' title='bbox 2953 2405 3013 2451; x_wconf 89' lang='lat' dir='ltr'><strong>ut</strong></span> <span class='ocrx_word' id='word_1_462' title='bbox 3035 2414 3102 2454; x_wconf 93' lang='lat' dir='ltr'><strong>ne</strong></span> <span class='ocrx_word' id='word_1_463' title='bbox 3126 2399 3277 2470; x_wconf 79' lang='lat' dir='ltr'><strong>regni</strong></span> <span class='ocrx_word' id='word_1_464' title='bbox 3323 2401 3539 2472; x_wconf 87' lang='lat' dir='ltr'><strong>quidem</strong></span> <span class='ocrx_word' id='word_1_465' title='bbox 3577 2398 3815 2473; x_wconf 81' lang='lat' dir='ltr'><strong>potentia</strong></span> 
     </span>
    </p>
   </div>
   <div class='ocr_carea' id='block_1_67' title="bbox 2218 2474 3815 2565">
    <p class='ocr_par' dir='ltr' id='par_1_67' title="bbox 2218 2474 3815 2565">
     <span class='ocr_line' id='line_1_67' title="bbox 2218 2474 3815 2565; baseline 0.013 -30"><span class='ocrx_word' id='word_1_466' title='bbox 2218 2474 2477 2551; x_wconf 78' lang='lat' dir='ltr'><strong>perduret</strong></span> <span class='ocrx_word' id='word_1_467' title='bbox 2511 2482 2663 2557; x_wconf 84' lang='lat' dir='ltr'><strong>[Ms.,</strong></span> <span class='ocrx_word' id='word_1_468' title='bbox 2714 2489 2792 2543; x_wconf 92' lang='lat' dir='ltr'><strong>uti</strong></span> <span class='ocrx_word' id='word_1_469' title='bbox 2814 2490 3116 2565; x_wconf 87' lang='lat' dir='ltr'><strong>perdurat].</strong></span> <span class='ocrx_word' id='word_1_470' title='bbox 3145 2524 3217 2533; x_wconf 94' lang='lat'><strong>—</strong></span> <span class='ocrx_word' id='word_1_471' title='bbox 3243 2493 3385 2552; x_wconf 78' lang='lat' dir='ltr'><strong>MAG.</strong></span> <span class='ocrx_word' id='word_1_472' title='bbox 3428 2496 3567 2565; x_wconf 87' lang='lat' dir='ltr'><strong>Quid</strong></span> <span class='ocrx_word' id='word_1_473' title='bbox 3618 2494 3815 2556; x_wconf 73' lang='lat' dir='ltr'><strong>divitiae</strong></span> 
     </span>
    </p>
   </div>
   <div class='ocr_carea' id='block_1_68' title="bbox 2220 2574 2668 2646">
    <p class='ocr_par' dir='ltr' id='par_1_68' title="bbox 2220 2574 2668 2646">
     <span class='ocr_line' id='line_1_68' title="bbox 2220 2574 2668 2646; baseline 0.011 -18"><span class='ocrx_word' id='word_1_474' title='bbox 2220 2574 2341 2631; x_wconf 89' lang='lat' dir='ltr'><strong>sine</strong></span> <span class='ocrx_word' id='word_1_475' title='bbox 2367 2578 2668 2646; x_wconf 84' lang='lat' dir='ltr'><strong>sapientia?</strong></span> 
     </span>
    </p>
   </div>
   <div class='ocr_carea' id='block_1_69' title="bbox 2290 2668 3810 2747">
    <p class='ocr_par' dir='ltr' id='par_1_69' title="bbox 2290 2668 3810 2747">
     <span class='ocr_line' id='line_1_69' title="bbox 2290 2668 3810 2747; baseline 0.011 -25"><span class='ocrx_word' id='word_1_476' title='bbox 2290 2668 2402 2724; x_wconf 79' lang='lat' dir='ltr'><strong>Dis.</strong></span> <span class='ocrx_word' id='word_1_477' title='bbox 2438 2668 2591 2738; x_wconf 89' lang='lat' dir='ltr'><strong>Quod</strong></span> <span class='ocrx_word' id='word_1_478' title='bbox 2614 2687 2811 2744; x_wconf 88' lang='lat' dir='ltr'><strong>corpus</strong></span> <span class='ocrx_word' id='word_1_479' title='bbox 2834 2676 2953 2732; x_wconf 90' lang='lat' dir='ltr'><strong>sine</strong></span> <span class='ocrx_word' id='word_1_480' title='bbox 2978 2677 3181 2747; x_wconf 89' lang='lat' dir='ltr'><strong>anima,</strong></span> <span class='ocrx_word' id='word_1_481' title='bbox 3207 2677 3501 2739; x_wconf 89' lang='lat' dir='ltr'><strong>Salomone</strong></span> <span class='ocrx_word' id='word_1_482' title='bbox 3555 2683 3767 2741; x_wconf 74' lang='lat' dir='ltr'><strong>dicente</strong></span> <span class='ocrx_word' id='word_1_483' title='bbox 3797 2705 3810 2739; x_wconf 89' lang='lat'>:</span> 
     </span>
    </p>
   </div>
   <div class='ocr_carea' id='block_1_70' title="bbox 2223 2758 3813 2848">
    <p class='ocr_par' dir='ltr' id='par_1_70' title="bbox 2223 2758 3813 2848">
     <span class='ocr_line' id='line_1_70' title="bbox 2223 2758 3813 2848; baseline 0.013 -34"><span class='ocrx_word' id='word_1_484' title='bbox 2223 2758 2364 2828; x_wconf 83' lang='lat' dir='ltr'><strong>Quid</strong></span> <span class='ocrx_word' id='word_1_485' title='bbox 2402 2776 2621 2834; x_wconf 82' lang='lat' dir='ltr'><strong>prosunt</strong></span> <span class='ocrx_word' id='word_1_486' title='bbox 2661 2768 2861 2825; x_wconf 77' lang='lat' dir='ltr'><strong>divitia:</strong></span> <span class='ocrx_word' id='word_1_487' title='bbox 2901 2771 3082 2837; x_wconf 80' lang='lat' dir='ltr'><strong>stulto,</strong></span> <span class='ocrx_word' id='word_1_488' title='bbox 3132 2790 3251 2829; x_wconf 85' lang='lat' dir='ltr'><strong>cum</strong></span> <span class='ocrx_word' id='word_1_489' title='bbox 3305 2778 3621 2848; x_wconf 82' lang='lat' dir='ltr'><strong>sapientiam</strong></span> <span class='ocrx_word' id='word_1_490' title='bbox 3650 2796 3813 2835; x_wconf 80' lang='lat' dir='ltr'><strong>emere</strong></span> 
     </span>
    </p>
   </div>
   <div class='ocr_carea' id='block_1_71' title="bbox 2218 2854 3811 2937">
    <p class='ocr_par' dir='ltr' id='par_1_71' title="bbox 2218 2854 3811 2937">
     <span class='ocr_line' id='line_1_71' title="bbox 2218 2854 3811 2937; baseline 0.013 -28"><span class='ocrx_word' id='word_1_491' title='bbox 2218 2871 2323 2910; x_wconf 87' lang='lat' dir='ltr'><strong>non</strong></span> <span class='ocrx_word' id='word_1_492' title='bbox 2350 2861 2513 2928; x_wconf 81' lang='lat' dir='ltr'><strong>possit</strong></span> <span class='ocrx_word' id='word_1_493' title='bbox 2571 2859 2753 2933; x_wconf 89' lang='lat' dir='ltr'><strong>(Prov.</strong></span> <span class='ocrx_word' id='word_1_494' title='bbox 2793 2880 2929 2931; x_wconf 75' lang='lat' dir='ltr'><strong>xvn,</strong></span> <span class='ocrx_word' id='word_1_495' title='bbox 2960 2854 3103 2937; x_wconf 76' lang='lat'><strong>16)?</strong></span> <span class='ocrx_word' id='word_1_496' title='bbox 3137 2898 3209 2910; x_wconf 90' lang='lat'><strong>—-</strong></span> <span class='ocrx_word' id='word_1_497' title='bbox 3246 2868 3388 2925; x_wconf 59' lang='grc' dir='ltr'><strong>Μία.</strong></span> <span class='ocrx_word' id='word_1_498' title='bbox 3452 2870 3646 2927; x_wconf 86' lang='lat' dir='ltr'><strong>Nonne</strong></span> <span class='ocrx_word' id='word_1_499' title='bbox 3699 2874 3811 2928; x_wconf 77' lang='lat' dir='ltr'><strong>haec</strong></span> 
     </span>
    </p>
   </div>
   <div class='ocr_carea' id='block_1_72' title="bbox 2218 2953 3812 3033">
    <p class='ocr_par' dir='ltr' id='par_1_72' title="bbox 2218 2953 3812 3033">
     <span class='ocr_line' id='line_1_72' title="bbox 2218 2953 3812 3033; baseline 0.013 -31"><span class='ocrx_word' id='word_1_500' title='bbox 2218 2955 2320 3033; x_wconf 59' lang='lat' dir='ltr'><strong>est,</strong></span> <span class='ocrx_word' id='word_1_501' title='bbox 2370 2965 2491 3020; x_wconf 71' lang='lat' dir='ltr'><strong>qua:</strong></span> <span class='ocrx_word' id='word_1_502' title='bbox 2540 2953 2799 3010; x_wconf 89' lang='lat' dir='ltr'><strong>humilem</strong></span> <span class='ocrx_word' id='word_1_503' title='bbox 2831 2958 3077 3026; x_wconf 79' lang='lat' dir='ltr'><strong>exaltat,</strong></span> <span class='ocrx_word' id='word_1_504' title='bbox 3124 2969 3179 3015; x_wconf 91' lang='lat' dir='ltr'><strong>et</strong></span> <span class='ocrx_word' id='word_1_505' title='bbox 3236 2962 3400 3033; x_wconf 81' lang='lat' dir='ltr'><strong>erigit</strong></span> <span class='ocrx_word' id='word_1_506' title='bbox 3455 2964 3523 3019; x_wconf 87' lang='lat' dir='ltr'><strong>de</strong></span> <span class='ocrx_word' id='word_1_507' title='bbox 3573 2974 3812 3022; x_wconf 84' lang='lat' dir='ltr'><strong>stercore</strong></span> 
     </span>
    </p>
   </div>
   <div class='ocr_carea' id='block_1_73' title="bbox 2214 3018 3807 3128">
    <p class='ocr_par' dir='ltr' id='par_1_73' title="bbox 2214 3018 3807 3128">
     <span class='ocr_line' id='line_1_73' title="bbox 2214 3018 3807 3128; baseline 0.011 -33"><span class='ocrx_word' id='word_1_508' title='bbox 2214 3018 2532 3112; x_wconf 53' lang='lat' dir='ltr'><strong>pauperem,</strong></span> <span class='ocrx_word' id='word_1_509' title='bbox 2561 3054 2619 3100; x_wconf 91' lang='lat' dir='ltr'><strong>ut</strong></span> <span class='ocrx_word' id='word_1_510' title='bbox 2644 3048 2829 3104; x_wconf 89' lang='lat' dir='ltr'><strong>sedeat</strong></span> <span class='ocrx_word' id='word_1_511' title='bbox 2855 3066 2981 3113; x_wconf 81' lang='lat' dir='ltr'><strong>cum</strong></span> <span class='ocrx_word' id='word_1_512' title='bbox 3005 3052 3362 3125; x_wconf 86' lang='lat' dir='ltr'><strong>principibus,</strong></span> <span class='ocrx_word' id='word_1_513' title='bbox 3394 3064 3449 3110; x_wconf 87' lang='lat' dir='ltr'><strong>et</strong></span> <span class='ocrx_word' id='word_1_514' title='bbox 3485 3056 3683 3113; x_wconf 88' lang='lat' dir='ltr'><strong>solium</strong></span> <span class='ocrx_word' id='word_1_515' title='bbox 3700 3055 3807 3128; x_wconf 84' lang='lat' dir='ltr'><strong>glo-</strong></span> 
     </span>
    </p>
   </div>
   <div class='ocr_carea' id='block_1_74' title="bbox 2215 3133 2562 3192">
    <p class='ocr_par' dir='ltr' id='par_1_74' title="bbox 2215 3133 2562 3192">
     <span class='ocr_line' id='line_1_74' title="bbox 2215 3133 2562 3192; baseline 0.012 -5"><span class='ocrx_word' id='word_1_516' title='bbox 2215 3133 2312 3188; x_wconf 64' lang='lat' dir='ltr'><strong>ria:</strong></span> <span class='ocrx_word' id='word_1_517' title='bbox 2332 3143 2514 3192; x_wconf 87' lang='lat' dir='ltr'><strong>teneat</strong></span> <span class='ocrx_word' id='word_1_518' title='bbox 2539 3138 2562 3191; x_wconf 91' lang='lat'><strong>?</strong></span> 
     </span>
    </p>
   </div>
   <div class='ocr_carea' id='block_1_75' title="bbox 2208 3228 3800 3313">
    <p class='ocr_par' dir='ltr' id='par_1_75' title="bbox 2208 3228 3800 3313">
     <span class='ocr_line' id='line_1_75' title="bbox 2208 3228 3800 3313; baseline 0.013 -31"><span class='ocrx_word' id='word_1_519' title='bbox 2208 3248 2211 3249; x_wconf 49' lang='grc' dir='ltr'><em>ν</em></span> <span class='ocrx_word' id='word_1_520' title='bbox 2285 3228 2399 3286; x_wconf 80' lang='lat' dir='ltr'><strong>Dis.</strong></span> <span class='ocrx_word' id='word_1_521' title='bbox 2440 3232 2538 3291; x_wconf 88' lang='lat' dir='ltr'><strong>Est</strong></span> <span class='ocrx_word' id='word_1_522' title='bbox 2570 3235 2808 3304; x_wconf 90' lang='lat' dir='ltr'><strong>quidem,</strong></span> <span class='ocrx_word' id='word_1_523' title='bbox 2848 3238 2942 3293; x_wconf 89' lang='lat' dir='ltr'><strong>sed</strong></span> <span class='ocrx_word' id='word_1_524' title='bbox 2972 3254 3134 3309; x_wconf 88' lang='lat' dir='ltr'><strong>quam</strong></span> <span class='ocrx_word' id='word_1_525' title='bbox 3167 3243 3414 3313; x_wconf 89' lang='lat' dir='ltr'><strong>speciosa</strong></span> <span class='ocrx_word' id='word_1_526' title='bbox 3441 3245 3495 3299; x_wconf 90' lang='lat' dir='ltr'><strong>in</strong></span> <span class='ocrx_word' id='word_1_527' title='bbox 3536 3245 3800 3309; x_wconf 82' lang='lat' dir='ltr'><strong>habendo,</strong></span> 
     </span>
    </p>
   </div>
   <div class='ocr_carea' id='block_1_76' title="bbox 2212 3321 3805 3401">
    <p class='ocr_par' dir='ltr' id='par_1_76' title="bbox 2212 3321 3805 3401">
     <span class='ocr_line' id='line_1_76' title="bbox 2212 3321 3805 3401; baseline 0.011 -26"><span class='ocrx_word' id='word_1_528' title='bbox 2212 3328 2323 3376; x_wconf 88' lang='lat' dir='ltr'><strong>tam</strong></span> <span class='ocrx_word' id='word_1_529' title='bbox 2349 3321 2620 3380; x_wconf 88' lang='lat' dir='ltr'><strong>laboriosa</strong></span> <span class='ocrx_word' id='word_1_530' title='bbox 2663 3326 2717 3381; x_wconf 93' lang='lat' dir='ltr'><strong>in</strong></span> <span class='ocrx_word' id='word_1_531' title='bbox 2774 3331 3123 3398; x_wconf 90' lang='lat' dir='ltr'><strong>acquirendo.</strong></span> <span class='ocrx_word' id='word_1_532' title='bbox 3164 3363 3235 3374; x_wconf 91' lang='lat'><strong><em>—-</em></strong></span> <span class='ocrx_word' id='word_1_533' title='bbox 3280 3334 3421 3389; x_wconf 60' lang='lat' dir='ltr'><strong>Man.</strong></span> <span class='ocrx_word' id='word_1_534' title='bbox 3472 3336 3606 3401; x_wconf 83' lang='lat' dir='ltr'><strong>Quis</strong></span> <span class='ocrx_word' id='word_1_535' title='bbox 3654 3328 3805 3399; x_wconf 57' lang='lat' dir='ltr'><strong>mites</strong></span> 
     </span>
    </p>
   </div>
   <div class='ocr_carea' id='block_1_77' title="bbox 2211 3415 3803 3499">
    <p class='ocr_par' dir='ltr' id='par_1_77' title="bbox 2211 3415 3803 3499">
     <span class='ocr_line' id='line_1_77' title="bbox 2211 3415 3803 3499; baseline 0.01 -31"><span class='ocrx_word' id='word_1_536' title='bbox 2211 3415 2329 3470; x_wconf 86' lang='lat' dir='ltr'><strong>sine</strong></span> <span class='ocrx_word' id='word_1_537' title='bbox 2379 3420 2678 3474; x_wconf 85' lang='lat' dir='ltr'><strong>certamine</strong></span> <span class='ocrx_word' id='word_1_538' title='bbox 2707 3424 3093 3479; x_wconf 86' lang='lat' dir='ltr'><strong>coronabitur?</strong></span> <span class='ocrx_word' id='word_1_539' title='bbox 3149 3426 3281 3493; x_wconf 88' lang='lat' dir='ltr'><strong>Quis</strong></span> <span class='ocrx_word' id='word_1_540' title='bbox 3308 3429 3547 3499; x_wconf 84' lang='lat' dir='ltr'><strong>agricola</strong></span> <span class='ocrx_word' id='word_1_541' title='bbox 3578 3431 3696 3484; x_wconf 87' lang='lat' dir='ltr'><strong>sine</strong></span> <span class='ocrx_word' id='word_1_542' title='bbox 3730 3430 3803 3484; x_wconf 81' lang='lat' dir='ltr'><strong>la-</strong></span> 
     </span>
    </p>
   </div>
   <div class='ocr_carea' id='block_1_78' title="bbox 2208 3496 3805 3590">
    <p class='ocr_par' dir='ltr' id='par_1_78' title="bbox 2208 3496 3805 3590">
     <span class='ocr_line' id='line_1_78' title="bbox 2208 3496 3805 3590; baseline 0.011 -29"><span class='ocrx_word' id='word_1_543' title='bbox 2208 3506 2341 3562; x_wconf 90' lang='lat' dir='ltr'><strong>bore</strong></span> <span class='ocrx_word' id='word_1_544' title='bbox 2365 3496 2603 3564; x_wconf 78' lang='lat' dir='ltr'><strong>abundat</strong></span> <span class='ocrx_word' id='word_1_545' title='bbox 2627 3514 2896 3581; x_wconf 89' lang='lat' dir='ltr'><strong>panibus?</strong></span> <span class='ocrx_word' id='word_1_546' title='bbox 2931 3515 3120 3572; x_wconf 86' lang='lat' dir='ltr'><strong>Nonne</strong></span> <span class='ocrx_word' id='word_1_547' title='bbox 3141 3528 3295 3575; x_wconf 87' lang='lat' dir='ltr'><strong>vetus</strong></span> <span class='ocrx_word' id='word_1_548' title='bbox 3320 3522 3688 3590; x_wconf 70' lang='lat' dir='ltr'><strong>proverbium,</strong></span> <span class='ocrx_word' id='word_1_549' title='bbox 3723 3540 3805 3579; x_wconf 87' lang='lat' dir='ltr'><strong>ra-</strong></span> 
     </span>
    </p>
   </div>
   <div class='ocr_carea' id='block_1_79' title="bbox 2208 3597 3805 3673">
    <p class='ocr_par' dir='ltr' id='par_1_79' title="bbox 2208 3597 3805 3673">
     <span class='ocr_line' id='line_1_79' title="bbox 2208 3597 3805 3673; baseline 0.012 -22"><span class='ocrx_word' id='word_1_550' title='bbox 2208 3597 2358 3654; x_wconf 86' lang='lat' dir='ltr'><strong>dices</strong></span> <span class='ocrx_word' id='word_1_551' title='bbox 2387 3599 2694 3657; x_wconf 87' lang='lat' dir='ltr'><strong>litterarum</strong></span> <span class='ocrx_word' id='word_1_552' title='bbox 2718 3620 2835 3661; x_wconf 86' lang='lat' dir='ltr'><strong>esse</strong></span> <span class='ocrx_word' id='word_1_553' title='bbox 2863 3621 3098 3673; x_wconf 83' lang='lat' dir='ltr'><strong>amaras,</strong></span> <span class='ocrx_word' id='word_1_554' title='bbox 3135 3609 3342 3667; x_wconf 84' lang='lat' dir='ltr'><strong>fructus</strong></span> <span class='ocrx_word' id='word_1_555' title='bbox 3363 3622 3543 3667; x_wconf 78' lang='lat' dir='ltr'><strong>autent</strong></span> <span class='ocrx_word' id='word_1_556' title='bbox 3576 3614 3805 3670; x_wconf 78' lang='lat' dir='ltr'><strong>dulces?</strong></span> 
     </span>
    </p>
   </div>
   <div class='ocr_carea' id='block_1_80' title="bbox 2204 3688 3802 3770">
    <p class='ocr_par' dir='ltr' id='par_1_80' title="bbox 2204 3688 3802 3770">
     <span class='ocr_line' id='line_1_80' title="bbox 2204 3688 3802 3770; baseline 0.013 -27"><span class='ocrx_word' id='word_1_557' title='bbox 2204 3688 2373 3757; x_wconf 83' lang='lat' dir='ltr'><strong>Igitur</strong></span> <span class='ocrx_word' id='word_1_558' title='bbox 2424 3701 2480 3747; x_wconf 87' lang='lat' dir='ltr'><strong>ot</strong></span> <span class='ocrx_word' id='word_1_559' title='bbox 2534 3704 2720 3749; x_wconf 87' lang='lat' dir='ltr'><strong>noster</strong></span> <span class='ocrx_word' id='word_1_560' title='bbox 2777 3708 2962 3753; x_wconf 89' lang='lat' dir='ltr'><strong>orator</strong></span> <span class='ocrx_word' id='word_1_561' title='bbox 3009 3700 3063 3753; x_wconf 87' lang='lat' dir='ltr'><strong>in</strong></span> <span class='ocrx_word' id='word_1_562' title='bbox 3106 3701 3277 3770; x_wconf 82' lang='lat' dir='ltr'><strong>Epist.</strong></span> <span class='ocrx_word' id='word_1_563' title='bbox 3332 3706 3399 3759; x_wconf 89' lang='lat' dir='ltr'><strong>ad</strong></span> <span class='ocrx_word' id='word_1_564' title='bbox 3448 3706 3614 3761; x_wconf 83' lang='lat' dir='ltr'><strong>Hebr.</strong></span> <span class='ocrx_word' id='word_1_565' title='bbox 3660 3706 3802 3763; x_wconf 88' lang='lat' dir='ltr'><strong>idem</strong></span> 
     </span>
    </p>
   </div>
   <div class='ocr_carea' id='block_1_81' title="bbox 2202 3782 3799 3871">
    <p class='ocr_par' dir='ltr' id='par_1_81' title="bbox 2202 3782 3799 3871">
     <span class='ocr_line' id='line_1_81' title="bbox 2202 3782 3799 3871; baseline 0.013 -32"><span class='ocrx_word' id='word_1_566' title='bbox 2202 3782 2418 3857; x_wconf 85' lang='lat' dir='ltr'><strong>probat.</strong></span> <span class='ocrx_word' id='word_1_567' title='bbox 2493 3787 2682 3845; x_wconf 91' lang='lat' dir='ltr'><strong>Omnis</strong></span> <span class='ocrx_word' id='word_1_568' title='bbox 2724 3793 2941 3862; x_wconf 84' lang='lat' dir='ltr'><strong>quidem</strong></span> <span class='ocrx_word' id='word_1_569' title='bbox 2991 3797 3275 3869; x_wconf 80' lang='lat' dir='ltr'><strong>disciplina</strong></span> <span class='ocrx_word' id='word_1_570' title='bbox 3326 3801 3381 3854; x_wconf 87' lang='lat' dir='ltr'><strong>in</strong></span> <span class='ocrx_word' id='word_1_571' title='bbox 3408 3804 3664 3871; x_wconf 59' lang='lat' dir='ltr'><strong>praesenti</strong></span> <span class='ocrx_word' id='word_1_572' title='bbox 3692 3819 3799 3858; x_wconf 87' lang='lat' dir='ltr'><strong>non</strong></span> 
     </span>
    </p>
   </div>
   <div class='ocr_carea' id='block_1_82' title="bbox 2202 3878 3802 3969">
    <p class='ocr_par' dir='ltr' id='par_1_82' title="bbox 2202 3878 3802 3969">
     <span class='ocr_line' id='line_1_82' title="bbox 2202 3878 3802 3969; baseline 0.013 -38"><span class='ocrx_word' id='word_1_573' title='bbox 2202 3878 2420 3935; x_wconf 80' lang='lat' dir='ltr'><strong>videtur</strong></span> <span class='ocrx_word' id='word_1_574' title='bbox 2445 3896 2563 3937; x_wconf 90' lang='lat' dir='ltr'><strong>esse</strong></span> <span class='ocrx_word' id='word_1_575' title='bbox 2604 3886 2781 3954; x_wconf 84' lang='lat' dir='ltr'><strong>gaudii</strong></span> <span class='ocrx_word' id='word_1_576' title='bbox 2812 3890 2904 3942; x_wconf 83' lang='lat' dir='ltr'><strong>sed</strong></span> <span class='ocrx_word' id='word_1_577' title='bbox 2936 3892 3227 3957; x_wconf 76' lang='lat' dir='ltr'><strong>maeroris;</strong></span> <span class='ocrx_word' id='word_1_578' title='bbox 3275 3902 3462 3963; x_wconf 85' lang='lat' dir='ltr'><strong>postea</strong></span> <span class='ocrx_word' id='word_1_579' title='bbox 3490 3896 3666 3969; x_wconf 82' lang='lat' dir='ltr'><strong>[vero]</strong></span> <span class='ocrx_word' id='word_1_580' title='bbox 3708 3914 3802 3968; x_wconf 86' lang='lat' dir='ltr'><strong>pa-</strong></span> 
     </span>
    </p>
   </div>
   <div class='ocr_carea' id='block_1_83' title="bbox 2201 3973 3797 4061">
    <p class='ocr_par' dir='ltr' id='par_1_83' title="bbox 2201 3973 3797 4061">
     <span class='ocr_line' id='line_1_83' title="bbox 2201 3973 3797 4061; baseline 0.013 -36"><span class='ocrx_word' id='word_1_581' title='bbox 2201 3973 2537 4029; x_wconf 88' lang='lat' dir='ltr'><strong>catissimum</strong></span> <span class='ocrx_word' id='word_1_582' title='bbox 2563 3974 2798 4033; x_wconf 88' lang='lat' dir='ltr'><strong>fructum</strong></span> <span class='ocrx_word' id='word_1_583' title='bbox 2828 3984 3142 4041; x_wconf 77' lang='lat' dir='ltr'><strong>exercitatis</strong></span> <span class='ocrx_word' id='word_1_584' title='bbox 3178 3988 3231 4041; x_wconf 92' lang='lat' dir='ltr'><strong>in</strong></span> <span class='ocrx_word' id='word_1_585' title='bbox 3259 4004 3321 4042; x_wconf 89' lang='lat' dir='ltr'><strong>ea</strong></span> <span class='ocrx_word' id='word_1_586' title='bbox 3369 3988 3526 4044; x_wconf 77' lang='lat' dir='ltr'><strong>affert</strong></span> <span class='ocrx_word' id='word_1_587' title='bbox 3550 3992 3797 4061; x_wconf 49' lang='lat' dir='ltr'><strong>justitiam</strong></span> 
     </span>
    </p>
   </div>
   <div class='ocr_carea' id='block_1_84' title="bbox 2273 4066 3799 4151">
    <p class='ocr_par' dir='ltr' id='par_1_84' title="bbox 2273 4066 3799 4151">
     <span class='ocr_line' id='line_1_84' title="bbox 2273 4066 3799 4151; baseline 0.013 -32"><span class='ocrx_word' id='word_1_588' title='bbox 2273 4066 2385 4122; x_wconf 84' lang='lat' dir='ltr'><strong>DIS.</strong></span> <span class='ocrx_word' id='word_1_589' title='bbox 2429 4067 2565 4134; x_wconf 89' lang='lat' dir='ltr'><strong>Duc,</strong></span> <span class='ocrx_word' id='word_1_590' title='bbox 2636 4087 2754 4141; x_wconf 82' lang='lat' dir='ltr'><strong>age,</strong></span> <span class='ocrx_word' id='word_1_591' title='bbox 2805 4090 2913 4143; x_wconf 90' lang='lat' dir='ltr'><strong>quo</strong></span> <span class='ocrx_word' id='word_1_592' title='bbox 2965 4076 3167 4144; x_wconf 73' lang='lat' dir='ltr'><strong>libeat&#39;,</strong></span> <span class='ocrx_word' id='word_1_593' title='bbox 3221 4082 3501 4150; x_wconf 90' lang='lat' dir='ltr'><strong>sequimur</strong></span> <span class='ocrx_word' id='word_1_594' title='bbox 3548 4084 3799 4151; x_wconf 86' lang='lat' dir='ltr'><strong>libenter,</strong></span> 
     </span>
    </p>
   </div>
   <div class='ocr_carea' id='block_1_85' title="bbox 2199 4157 3803 4251">
    <p class='ocr_par' dir='ltr' id='par_1_85' title="bbox 2199 4157 3803 4251">
     <span class='ocr_line' id='line_1_85' title="bbox 2199 4157 3803 4251; baseline 0.014 -41"><span class='ocrx_word' id='word_1_595' title='bbox 2199 4157 2325 4227; x_wconf 86' lang='lat' dir='ltr'><strong>quia</strong></span> <span class='ocrx_word' id='word_1_596' title='bbox 2361 4175 2482 4229; x_wconf 81' lang='lat' dir='ltr'><strong>spes</strong></span> <span class='ocrx_word' id='word_1_597' title='bbox 2529 4165 2738 4232; x_wconf 60' lang='lat' dir='ltr'><strong>prieniii</strong></span> <span class='ocrx_word' id='word_1_598' title='bbox 2793 4165 2931 4221; x_wconf 91' lang='lat' dir='ltr'><strong>solet</strong></span> <span class='ocrx_word' id='word_1_599' title='bbox 2987 4167 3231 4227; x_wconf 88' lang='lat' dir='ltr'><strong>laborem</strong></span> <span class='ocrx_word' id='word_1_600' title='bbox 3276 4175 3535 4251; x_wconf 72' lang='lat' dir='ltr'><strong>relevare.</strong></span> <span class='ocrx_word' id='word_1_601' title='bbox 3611 4176 3803 4233; x_wconf 85' lang='lat' dir='ltr'><strong>Omnis</strong></span> 
     </span>
    </p>
   </div>
   <div class='ocr_carea' id='block_1_86' title="bbox 2197 4238 3798 4337">
    <p class='ocr_par' dir='ltr' id='par_1_86' title="bbox 2197 4238 3798 4337">
     <span class='ocr_line' id='line_1_86' title="bbox 2197 4238 3798 4337; baseline 0.015 -36"><span class='ocrx_word' id='word_1_602' title='bbox 2197 4238 2396 4320; x_wconf 85' lang='lat' dir='ltr'><strong>quippe</strong></span> <span class='ocrx_word' id='word_1_603' title='bbox 2448 4255 2538 4323; x_wconf 90' lang='lat' dir='ltr'><strong>qui</strong></span> <span class='ocrx_word' id='word_1_604' title='bbox 2591 4252 2733 4322; x_wconf 86' lang='lat' dir='ltr'><strong>arat,</strong></span> <span class='ocrx_word' id='word_1_605' title='bbox 2785 4259 2837 4313; x_wconf 90' lang='lat' dir='ltr'><strong>in</strong></span> <span class='ocrx_word' id='word_1_606' title='bbox 2874 4276 2967 4329; x_wconf 84' lang='lat' dir='ltr'><strong>spe</strong></span> <span class='ocrx_word' id='word_1_607' title='bbox 3016 4268 3135 4319; x_wconf 88' lang='lat' dir='ltr'><strong>arat</strong></span> <span class='ocrx_word' id='word_1_608' title='bbox 3179 4240 3515 4337; x_wconf 68' lang='lat' dir='ltr'><strong>percipiendi</strong></span> <span class='ocrx_word' id='word_1_609' title='bbox 3570 4258 3798 4325; x_wconf 75' lang='lat' dir='ltr'><strong>fructus.</strong></span> 
     </span>
    </p>
   </div>
   <div class='ocr_carea' id='block_1_87' title="bbox 2196 4341 3800 4432">
    <p class='ocr_par' dir='ltr' id='par_1_87' title="bbox 2196 4341 3800 4432">
     <span class='ocr_line' id='line_1_87' title="bbox 2196 4341 3800 4432; baseline 0.016 -38"><span class='ocrx_word' id='word_1_610' title='bbox 2196 4341 2394 4397; x_wconf 89' lang='lat' dir='ltr'><strong>Fertur</strong></span> <span class='ocrx_word' id='word_1_611' title='bbox 2441 4346 2646 4416; x_wconf 88' lang='lat' dir='ltr'><strong>itaque,</strong></span> <span class='ocrx_word' id='word_1_612' title='bbox 2700 4351 2825 4405; x_wconf 83' lang='lat' dir='ltr'><strong>dum</strong></span> <span class='ocrx_word' id='word_1_613' title='bbox 2855 4353 3122 4425; x_wconf 76' lang='lat' dir='ltr'><strong>Diogenes</strong></span> <span class='ocrx_word' id='word_1_614' title='bbox 3154 4374 3380 4430; x_wconf 85' lang='lat' dir='ltr'><strong>magnus</strong></span> <span class='ocrx_word' id='word_1_615' title='bbox 3412 4361 3500 4415; x_wconf 83' lang='lat' dir='ltr'><strong>ille</strong></span> <span class='ocrx_word' id='word_1_616' title='bbox 3556 4363 3800 4432; x_wconf 81' lang='lat' dir='ltr'><strong>philoso-</strong></span> 
     </span>
    </p>
   </div>
   <div class='ocr_carea' id='block_1_88' title="bbox 2193 4434 3797 4525">
    <p class='ocr_par' dir='ltr' id='par_1_88' title="bbox 2193 4434 3797 4525">
     <span class='ocr_line' id='line_1_88' title="bbox 2193 4434 3797 4525; baseline 0.016 -39"><span class='ocrx_word' id='word_1_617' title='bbox 2193 4434 2335 4503; x_wconf 83' lang='lat' dir='ltr'><strong>phus</strong></span> <span class='ocrx_word' id='word_1_618' title='bbox 2386 4450 2576 4494; x_wconf 88' lang='lat' dir='ltr'><strong>omnes</strong></span> <span class='ocrx_word' id='word_1_619' title='bbox 2623 4458 2748 4497; x_wconf 88' lang='lat' dir='ltr'><strong>suos</strong></span> <span class='ocrx_word' id='word_1_620' title='bbox 2794 4460 2824 4499; x_wconf 89' lang='lat' dir='ltr'><strong>a</strong></span> <span class='ocrx_word' id='word_1_621' title='bbox 2869 4462 2925 4501; x_wconf 90' lang='lat' dir='ltr'><strong>se</strong></span> <span class='ocrx_word' id='word_1_622' title='bbox 2978 4452 3185 4520; x_wconf 76' lang='lat' dir='ltr'><strong>expulit</strong></span> <span class='ocrx_word' id='word_1_623' title='bbox 3231 4454 3522 4525; x_wconf 74' lang='lat' dir='ltr'><strong>discipulos</strong></span> <span class='ocrx_word' id='word_1_624' title='bbox 3571 4456 3797 4511; x_wconf 88' lang='lat' dir='ltr'><strong>dicens:</strong></span> 
     </span>
    </p>
   </div>
   <div class='ocr_carea' id='block_1_89' title="bbox 502 4500 3797 4624">
    <p class='ocr_par' dir='ltr' id='par_1_89' title="bbox 502 4500 3797 4624">
     <span class='ocr_line' id='line_1_89' title="bbox 1978 4500 3795 4525; baseline 0.012 -35"><span class='ocrx_word' id='word_1_625' title='bbox 1978 4500 1992 4503; x_wconf 86' lang='lat'>_</span> <span class='ocrx_word' id='word_1_626' title='bbox 2195 4500 2211 4503; x_wconf 94' lang='lat'>_</span> <span class='ocrx_word' id='word_1_627' title='bbox 3233 4500 3522 4525; x_wconf 53' lang='grc' dir='ltr'><strong>.--ωτωνυ</strong></span> <span class='ocrx_word' id='word_1_628' title='bbox 3572 4500 3757 4511; x_wconf 59' lang='grc' dir='ltr'><strong>νην..-</strong></span> <span class='ocrx_word' id='word_1_629' title='bbox 3781 4500 3795 4511; x_wconf 96' lang='grc'><em>.</em></span> 
     </span>
     <span class='ocr_line' id='line_1_90' title="bbox 502 4500 3797 4624; baseline 0.015 -70"><span class='ocrx_word' id='word_1_630' title='bbox 502 4502 621 4557; x_wconf 69' lang='lat' dir='ltr'><strong>haec</strong></span> <span class='ocrx_word' id='word_1_631' title='bbox 655 4504 909 4571; x_wconf 88' lang='lat' dir='ltr'><strong>perituris</strong></span> <span class='ocrx_word' id='word_1_632' title='bbox 944 4500 1305 4578; x_wconf 68' lang='lat' dir='ltr'><strong>proderunt?</strong></span> <span class='ocrx_word' id='word_1_633' title='bbox 1330 4515 1456 4569; x_wconf 91' lang='lat' dir='ltr'><strong>dum</strong></span> <span class='ocrx_word' id='word_1_634' title='bbox 1485 4518 1712 4587; x_wconf 86' lang='lat' dir='ltr'><strong>quisque</strong></span> <span class='ocrx_word' id='word_1_635' title='bbox 1750 4521 1960 4577; x_wconf 91' lang='lat' dir='ltr'><strong>illorum</strong></span> <span class='ocrx_word' id='word_1_636' title='bbox 1991 4526 2091 4578; x_wconf 89' lang='lat' dir='ltr'><strong>im-</strong></span> <span class='ocrx_word' id='word_1_637' title='bbox 2118 4550 2170 4611; x_wconf 71' lang='grc' dir='ltr'>ο</span> <span class='ocrx_word' id='word_1_638' title='bbox 2196 4524 2291 4589; x_wconf 63' lang='lat' dir='ltr'><strong>lte,‘</strong></span> <span class='ocrx_word' id='word_1_639' title='bbox 2339 4532 2564 4600; x_wconf 76' lang='lat' dir='ltr'><strong>quaerite</strong></span> <span class='ocrx_word' id='word_1_640' title='bbox 2617 4535 2771 4591; x_wconf 85' lang='lat' dir='ltr'><strong>vobis</strong></span> <span class='ocrx_word' id='word_1_641' title='bbox 2825 4541 3175 4611; x_wconf 80' lang='lat' dir='ltr'><strong>magistrum,</strong></span> <span class='ocrx_word' id='word_1_642' title='bbox 3228 4562 3328 4613; x_wconf 79' lang='lat' dir='ltr'><strong>ego</strong></span> <span class='ocrx_word' id='word_1_643' title='bbox 3381 4563 3510 4603; x_wconf 79' lang='lat' dir='ltr'><strong>vero</strong></span> <span class='ocrx_word' id='word_1_644' title='bbox 3569 4548 3797 4624; x_wconf 82' lang='lat' dir='ltr'><strong>[inveni]</strong></span> 
     </span>
     <span class='ocr_line' id='line_1_91' title="bbox 502 4601 2326 4624; baseline 0 0"><span class='ocrx_word' id='word_1_645' title='bbox 502 4601 713 4624; x_wconf 60' lang='lat' dir='ltr'><strong>nanis-nn</strong></span> <span class='ocrx_word' id='word_1_646' title='bbox 745 4604 919 4624; x_wconf 62' lang='lat' dir='ltr'><strong>mhn‘n</strong></span> <span class='ocrx_word' id='word_1_647' title='bbox 958 4614 1074 4624; x_wconf 56' lang='grc' dir='ltr'><strong>,κη-..ι</strong></span> <span class='ocrx_word' id='word_1_648' title='bbox 1102 4618 1286 4624; x_wconf 66' lang='lat'><strong>._.-__.-</strong></span> <span class='ocrx_word' id='word_1_649' title='bbox 1327 4609 1504 4624; x_wconf 30' lang='grc' dir='ltr'><strong>..Μυκη</strong></span> <span class='ocrx_word' id='word_1_650' title='bbox 1626 4610 1640 4624; x_wconf 77' lang='grc' dir='ltr'><strong>ι</strong></span> <span class='ocrx_word' id='word_1_651' title='bbox 1677 4613 1691 4624; x_wconf 74' lang='grc' dir='ltr'><strong>ε</strong></span> <span class='ocrx_word' id='word_1_652' title='bbox 1870 4616 1879 4624; x_wconf 94' lang='grc'><em>.</em></span> <span class='ocrx_word' id='word_1_653' title='bbox 2260 4620 2290 4624; x_wconf 86' lang='grc'><strong>--</strong></span> <span class='ocrx_word' id='word_1_654' title='bbox 2320 4623 2326 4624; x_wconf 60' lang='lat'><strong><em>,</em></strong></span> 
     </span>
    </p>
   </div>
   <div class='ocr_carea' id='block_1_90' title="bbox 500 4601 2087 4685">
    <p class='ocr_par' dir='ltr' id='par_1_90' title="bbox 500 4601 2087 4685">
     <span class='ocr_line' id='line_1_92' title="bbox 500 4601 2087 4685; baseline 0.018 -41"><span class='ocrx_word' id='word_1_655' title='bbox 500 4601 717 4678; x_wconf 74' lang='lat' dir='ltr'><strong>matura</strong></span> <span class='ocrx_word' id='word_1_656' title='bbox 744 4604 919 4653; x_wconf 87' lang='lat' dir='ltr'><strong>morte</strong></span> <span class='ocrx_word' id='word_1_657' title='bbox 954 4614 1078 4654; x_wconf 91' lang='lat' dir='ltr'><strong>cum</strong></span> <span class='ocrx_word' id='word_1_658' title='bbox 1102 4618 1293 4674; x_wconf 85' lang='lat' dir='ltr'><strong>magno</strong></span> <span class='ocrx_word' id='word_1_659' title='bbox 1319 4609 1598 4675; x_wconf 67' lang='lat' dir='ltr'><strong>quiesitam</strong></span> <span class='ocrx_word' id='word_1_660' title='bbox 1626 4610 1810 4669; x_wconf 81' lang='lat' dir='ltr'><strong>labore</strong></span> <span class='ocrx_word' id='word_1_661' title='bbox 1835 4616 1940 4669; x_wconf 72' lang='lat' dir='ltr'><strong>cite</strong></span> <span class='ocrx_word' id='word_1_662' title='bbox 1961 4624 2087 4685; x_wconf 88' lang='lat' dir='ltr'><strong>per-</strong></span> 
     </span>
    </p>
   </div>
   <div class='ocr_carea' id='block_1_91' title="bbox 498 4670 2087 4776">
    <p class='ocr_par' dir='ltr' id='par_1_91' title="bbox 498 4670 2087 4776">
     <span class='ocr_line' id='line_1_93' title="bbox 498 4670 2087 4776; baseline 0.018 -40"><span class='ocrx_word' id='word_1_663' title='bbox 498 4670 637 4771; x_wconf 66' lang='lat' dir='ltr'><strong>didit</strong></span> <span class='ocrx_word' id='word_1_664' title='bbox 673 4686 922 4757; x_wconf 89' lang='lat' dir='ltr'><strong>gloriam,</strong></span> <span class='ocrx_word' id='word_1_665' title='bbox 967 4670 1267 4765; x_wconf 75' lang='lat' dir='ltr'><strong>minuitque</strong></span> <span class='ocrx_word' id='word_1_666' title='bbox 1311 4670 1708 4767; x_wconf 77' lang='lat' dir='ltr'><strong>quodammodo</strong></span> <span class='ocrx_word' id='word_1_667' title='bbox 1737 4670 1976 4776; x_wconf 60' lang='lat' dir='ltr'><strong>propria;</strong></span> <span class='ocrx_word' id='word_1_668' title='bbox 2002 4710 2087 4767; x_wconf 80' lang='lat' dir='ltr'><strong>in-</strong></span> 
     </span>
    </p>
   </div>
   <div class='ocr_carea' id='block_1_92' title="bbox 495 4766 2085 4865">
    <p class='ocr_par' dir='ltr' id='par_1_92' title="bbox 495 4766 2085 4865">
     <span class='ocr_line' id='line_1_94' title="bbox 495 4766 2085 4865; baseline 0.019 -39"><span class='ocrx_word' id='word_1_669' title='bbox 495 4766 807 4861; x_wconf 64' lang='lat' dir='ltr'><strong>iegriiatem</strong></span> <span class='ocrx_word' id='word_1_670' title='bbox 841 4781 1079 4839; x_wconf 70' lang='lat' dir='ltr'><strong>scientiae</strong></span> <span class='ocrx_word' id='word_1_671' title='bbox 1108 4784 1253 4856; x_wconf 68' lang='grc' dir='ltr'><strong>[Μεη</strong></span> <span class='ocrx_word' id='word_1_672' title='bbox 1267 4789 1541 4865; x_wconf 68' lang='lat' dir='ltr'><strong>justitize],</strong></span> <span class='ocrx_word' id='word_1_673' title='bbox 1564 4796 1656 4863; x_wconf 90' lang='lat' dir='ltr'><strong>qui</strong></span> <span class='ocrx_word' id='word_1_674' title='bbox 1683 4766 1753 4849; x_wconf 67' lang='lat' dir='ltr'><strong>cii</strong></span> <span class='ocrx_word' id='word_1_675' title='bbox 1763 4766 1955 4855; x_wconf 72' lang='lat' dir='ltr'><strong>alienis</strong></span> <span class='ocrx_word' id='word_1_676' title='bbox 1981 4802 2085 4857; x_wconf 89' lang='lat' dir='ltr'><strong>sibi</strong></span> 
     </span>
    </p>
   </div>
   <div class='ocr_carea' id='block_1_93' title="bbox 494 4856 2088 4961">
    <p class='ocr_par' dir='ltr' id='par_1_93' title="bbox 494 4856 2088 4961">
     <span class='ocr_line' id='line_1_95' title="bbox 494 4856 2088 4961; baseline 0.017 -39"><span class='ocrx_word' id='word_1_677' title='bbox 494 4856 854 4926; x_wconf 61' lang='lat' dir='ltr'><strong>sermunculis</strong></span> <span class='ocrx_word' id='word_1_678' title='bbox 873 4872 1085 4931; x_wconf 89' lang='lat' dir='ltr'><strong>laudem</strong></span> <span class='ocrx_word' id='word_1_679' title='bbox 1112 4856 1325 4948; x_wconf 69' lang='lat' dir='ltr'><strong>qumrit.</strong></span> <span class='ocrx_word' id='word_1_680' title='bbox 1369 4856 1515 4950; x_wconf 80' lang='lat' dir='ltr'><strong>Quid</strong></span> <span class='ocrx_word' id='word_1_681' title='bbox 1528 4856 1601 4941; x_wconf 75' lang='lat' dir='ltr'><strong>de</strong></span> <span class='ocrx_word' id='word_1_682' title='bbox 1622 4888 1827 4945; x_wconf 82' lang='lat' dir='ltr'><strong>divitiis</strong></span> <span class='ocrx_word' id='word_1_683' title='bbox 1858 4907 2088 4961; x_wconf 88' lang='lat' dir='ltr'><strong>congre-</strong></span> 
     </span>
    </p>
   </div>
   <div class='ocr_carea' id='block_1_94' title="bbox 493 4959 2085 5043">
    <p class='ocr_par' dir='ltr' id='par_1_94' title="bbox 493 4959 2085 5043">
     <span class='ocr_line' id='line_1_96' title="bbox 493 4959 2085 5043; baseline 0.019 -32"><span class='ocrx_word' id='word_1_684' title='bbox 493 4959 687 5041; x_wconf 79' lang='lat' dir='ltr'><strong>gandis</strong></span> <span class='ocrx_word' id='word_1_685' title='bbox 715 4963 961 5029; x_wconf 89' lang='lat' dir='ltr'><strong>studetis,</strong></span> <span class='ocrx_word' id='word_1_686' title='bbox 1008 4984 1129 5038; x_wconf 77' lang='lat' dir='ltr'><strong>quae</strong></span> <span class='ocrx_word' id='word_1_687' title='bbox 1157 4972 1243 5026; x_wconf 90' lang='lat' dir='ltr'><strong>vel</strong></span> <span class='ocrx_word' id='word_1_688' title='bbox 1270 4973 1547 5043; x_wconf 90' lang='lat' dir='ltr'><strong>deserunt,</strong></span> <span class='ocrx_word' id='word_1_689' title='bbox 1603 4980 1687 5035; x_wconf 88' lang='lat' dir='ltr'><strong>vel</strong></span> <span class='ocrx_word' id='word_1_690' title='bbox 1726 4959 2085 5041; x_wconf 75' lang='lat' dir='ltr'><strong>deseruntur?</strong></span> 
     </span>
    </p>
   </div>
   <div class='ocr_carea' id='block_1_95' title="bbox 493 5052 2082 5152">
    <p class='ocr_par' dir='ltr' id='par_1_95' title="bbox 493 5052 2082 5152">
     <span class='ocr_line' id='line_1_97' title="bbox 493 5052 2082 5152; baseline 0.02 -47"><span class='ocrx_word' id='word_1_691' title='bbox 493 5066 615 5121; x_wconf 72' lang='lat' dir='ltr'><strong>qua:</strong></span> <span class='ocrx_word' id='word_1_692' title='bbox 640 5052 966 5152; x_wconf 65' lang='lat' dir='ltr'><strong>eiiundendo</strong></span> <span class='ocrx_word' id='word_1_693' title='bbox 993 5077 1155 5132; x_wconf 88' lang='lat' dir='ltr'><strong>quam</strong></span> <span class='ocrx_word' id='word_1_694' title='bbox 1184 5070 1452 5129; x_wconf 83' lang='lat' dir='ltr'><strong>servando</strong></span> <span class='ocrx_word' id='word_1_695' title='bbox 1488 5072 1682 5129; x_wconf 86' lang='lat' dir='ltr'><strong>melius</strong></span> <span class='ocrx_word' id='word_1_696' title='bbox 1726 5077 1897 5133; x_wconf 91' lang='lat' dir='ltr'><strong>ditant</strong></span> <span class='ocrx_word' id='word_1_697' title='bbox 1929 5079 2082 5152; x_wconf 83' lang='lat' dir='ltr'><strong>[Ms.,</strong></span> 
     </span>
    </p>
   </div>
   <div class='ocr_carea' id='block_1_96' title="bbox 490 5143 2084 5242">
    <p class='ocr_par' dir='ltr' id='par_1_96' title="bbox 490 5143 2084 5242">
     <span class='ocr_line' id='line_1_98' title="bbox 490 5143 2084 5242; baseline 0.021 -47"><span class='ocrx_word' id='word_1_698' title='bbox 490 5143 741 5225; x_wconf 78' lang='lat' dir='ltr'><strong>nitent]?</strong></span> <span class='ocrx_word' id='word_1_699' title='bbox 797 5146 1077 5219; x_wconf 90' lang='lat' dir='ltr'><strong>Siquidem</strong></span> <span class='ocrx_word' id='word_1_700' title='bbox 1124 5157 1353 5211; x_wconf 89' lang='lat' dir='ltr'><strong>avaritia</strong></span> <span class='ocrx_word' id='word_1_701' title='bbox 1414 5161 1649 5225; x_wconf 88' lang='lat' dir='ltr'><strong>odiosos,</strong></span> <span class='ocrx_word' id='word_1_702' title='bbox 1695 5166 1873 5224; x_wconf 88' lang='lat' dir='ltr'><strong>claros</strong></span> <span class='ocrx_word' id='word_1_703' title='bbox 1917 5143 2084 5242; x_wconf 38' lang='lat' dir='ltr'><strong>largi;-</strong></span> 
     </span>
    </p>
   </div>
   <div class='ocr_carea' id='block_1_97' title="bbox 491 5236 2084 5325">
    <p class='ocr_par' dir='ltr' id='par_1_97' title="bbox 491 5236 2084 5325">
     <span class='ocr_line' id='line_1_99' title="bbox 491 5236 2084 5325; baseline 0.022 -37"><span class='ocrx_word' id='word_1_704' title='bbox 491 5242 578 5319; x_wconf 83' lang='lat' dir='ltr'><strong>tas</strong></span> <span class='ocrx_word' id='word_1_705' title='bbox 598 5236 749 5294; x_wconf 87' lang='lat' dir='ltr'><strong>facit.</strong></span> <span class='ocrx_word' id='word_1_706' title='bbox 795 5240 1036 5309; x_wconf 89' lang='lat' dir='ltr'><strong>Quarum</strong></span> <span class='ocrx_word' id='word_1_707' title='bbox 1066 5248 1397 5306; x_wconf 88' lang='lat' dir='ltr'><strong>abundantia</strong></span> <span class='ocrx_word' id='word_1_708' title='bbox 1420 5258 1633 5312; x_wconf 87' lang='lat' dir='ltr'><strong>nonnisi</strong></span> <span class='ocrx_word' id='word_1_709' title='bbox 1664 5273 1727 5315; x_wconf 81' lang='lat' dir='ltr'><strong>ex</strong></span> <span class='ocrx_word' id='word_1_710' title='bbox 1743 5262 1971 5320; x_wconf 90' lang='lat' dir='ltr'><strong>aliorum</strong></span> <span class='ocrx_word' id='word_1_711' title='bbox 2002 5268 2084 5325; x_wconf 84' lang='lat' dir='ltr'><strong>in-</strong></span> 
     </span>
    </p>
   </div>
   <div class='ocr_carea' id='block_1_98' title="bbox 491 5320 2084 5420">
    <p class='ocr_par' dir='ltr' id='par_1_98' title="bbox 491 5320 2084 5420">
     <span class='ocr_line' id='line_1_100' title="bbox 491 5320 2084 5420; baseline 0.023 -41"><span class='ocrx_word' id='word_1_712' title='bbox 491 5324 727 5398; x_wconf 87' lang='lat' dir='ltr'><strong>digentia</strong></span> <span class='ocrx_word' id='word_1_713' title='bbox 759 5330 912 5403; x_wconf 81' lang='lat' dir='ltr'><strong>[Ms.,</strong></span> <span class='ocrx_word' id='word_1_714' title='bbox 962 5336 1314 5415; x_wconf 87' lang='lat' dir='ltr'><strong>indulgentia]</strong></span> <span class='ocrx_word' id='word_1_715' title='bbox 1345 5350 1673 5419; x_wconf 88' lang='lat' dir='ltr'><strong>congeritur.</strong></span> <span class='ocrx_word' id='word_1_716' title='bbox 1729 5354 1867 5420; x_wconf 83' lang='lat' dir='ltr'><strong>Quid</strong></span> <span class='ocrx_word' id='word_1_717' title='bbox 1910 5320 2084 5415; x_wconf 76' lang='lat' dir='ltr'><strong>hono-</strong></span> 
     </span>
    </p>
   </div>
   <div class='ocr_carea' id='block_1_99' title="bbox 490 5419 2079 5505">
    <p class='ocr_par' dir='ltr' id='par_1_99' title="bbox 490 5419 2079 5505">
     <span class='ocr_line' id='line_1_101' title="bbox 490 5419 2079 5505; baseline 0.022 -34"><span class='ocrx_word' id='word_1_718' title='bbox 490 5433 581 5500; x_wconf 78' lang='lat' dir='ltr'><strong>res</strong></span> <span class='ocrx_word' id='word_1_719' title='bbox 599 5419 833 5478; x_wconf 89' lang='lat' dir='ltr'><strong>fomenta</strong></span> <span class='ocrx_word' id='word_1_720' title='bbox 855 5429 1120 5497; x_wconf 65' lang='lat' dir='ltr'><strong>superbia:</strong></span> <span class='ocrx_word' id='word_1_721' title='bbox 1147 5436 1425 5502; x_wconf 82' lang='lat' dir='ltr'><strong>quaeritis?</strong></span> <span class='ocrx_word' id='word_1_722' title='bbox 1468 5438 1655 5495; x_wconf 91' lang='lat' dir='ltr'><strong>Nonne</strong></span> <span class='ocrx_word' id='word_1_723' title='bbox 1682 5460 1823 5499; x_wconf 90' lang='lat' dir='ltr'><strong>unus</strong></span> <span class='ocrx_word' id='word_1_724' title='bbox 1853 5458 1936 5502; x_wconf 91' lang='lat' dir='ltr'><strong>est</strong></span> <span class='ocrx_word' id='word_1_725' title='bbox 1960 5464 2079 5505; x_wconf 89' lang='lat' dir='ltr'><strong>om-</strong></span> 
     </span>
    </p>
   </div>
   <div class='ocr_carea' id='block_1_100' title="bbox 490 5511 2082 5598">
    <p class='ocr_par' dir='ltr' id='par_1_100' title="bbox 490 5511 2082 5598">
     <span class='ocr_line' id='line_1_102' title="bbox 490 5511 2082 5598; baseline 0.022 -35"><span class='ocrx_word' id='word_1_726' title='bbox 490 5511 643 5598; x_wconf 84' lang='lat' dir='ltr'><strong>nium</strong></span> <span class='ocrx_word' id='word_1_727' title='bbox 664 5514 857 5572; x_wconf 86' lang='lat' dir='ltr'><strong>Pater?</strong></span> <span class='ocrx_word' id='word_1_728' title='bbox 902 5519 968 5575; x_wconf 87' lang='lat' dir='ltr'><strong>Et</strong></span> <span class='ocrx_word' id='word_1_729' title='bbox 995 5537 1093 5577; x_wconf 92' lang='lat' dir='ltr'><strong>cur</strong></span> <span class='ocrx_word' id='word_1_730' title='bbox 1121 5526 1370 5596; x_wconf 85' lang='lat' dir='ltr'><strong>injuriam</strong></span> <span class='ocrx_word' id='word_1_731' title='bbox 1395 5528 1573 5586; x_wconf 79' lang='lat' dir='ltr'><strong>facitis</strong></span> <span class='ocrx_word' id='word_1_732' title='bbox 1596 5534 1869 5591; x_wconf 80' lang='lat' dir='ltr'><strong>Conditori</strong></span> <span class='ocrx_word' id='word_1_733' title='bbox 1902 5552 2082 5598; x_wconf 84' lang='lat' dir='ltr'><strong>vestro</strong></span> 
     </span>
    </p>
   </div>
   <div class='ocr_carea' id='block_1_101' title="bbox 489 5586 2082 5697">
    <p class='ocr_par' dir='ltr' id='par_1_101' title="bbox 489 5586 2082 5697">
     <span class='ocr_line' id='line_1_103' title="bbox 489 5586 2082 5697; baseline 0.021 -43"><span class='ocrx_word' id='word_1_734' title='bbox 489 5586 674 5681; x_wconf 46' lang='lat' dir='ltr'><strong>pejora</strong></span> <span class='ocrx_word' id='word_1_735' title='bbox 699 5610 943 5675; x_wconf 89' lang='lat' dir='ltr'><strong>amando,</strong></span> <span class='ocrx_word' id='word_1_736' title='bbox 977 5621 1031 5667; x_wconf 90' lang='lat' dir='ltr'><strong>et</strong></span> <span class='ocrx_word' id='word_1_737' title='bbox 1053 5586 1279 5672; x_wconf 77' lang='lat' dir='ltr'><strong>meliora</strong></span> <span class='ocrx_word' id='word_1_738' title='bbox 1292 5621 1623 5677; x_wconf 87' lang='lat' dir='ltr'><strong>amittendo?</strong></span> <span class='ocrx_word' id='word_1_739' title='bbox 1668 5624 1759 5680; x_wconf 91' lang='lat' dir='ltr'><strong>llle</strong></span> <span class='ocrx_word' id='word_1_740' title='bbox 1790 5644 1958 5697; x_wconf 86' lang='lat' dir='ltr'><strong>genus</strong></span> <span class='ocrx_word' id='word_1_741' title='bbox 1984 5632 2082 5687; x_wconf 87' lang='lat' dir='ltr'><strong>hu-</strong></span> 
     </span>
    </p>
   </div>
   <div class='ocr_carea' id='block_1_102' title="bbox 493 5702 2083 5797">
    <p class='ocr_par' dir='ltr' id='par_1_102' title="bbox 493 5702 2083 5797">
     <span class='ocr_line' id='line_1_104' title="bbox 493 5702 2083 5797; baseline 0.025 -54"><span class='ocrx_word' id='word_1_742' title='bbox 493 5704 714 5749; x_wconf 86' lang='lat' dir='ltr'><strong>manum</strong></span> <span class='ocrx_word' id='word_1_743' title='bbox 746 5702 975 5757; x_wconf 86' lang='lat' dir='ltr'><strong>terrenis</strong></span> <span class='ocrx_word' id='word_1_744' title='bbox 1003 5707 1256 5764; x_wconf 90' lang='lat' dir='ltr'><strong>omnibus</strong></span> <span class='ocrx_word' id='word_1_745' title='bbox 1280 5719 1540 5779; x_wconf 63' lang='lat' dir='ltr'><strong>praestare</strong></span> <span class='ocrx_word' id='word_1_746' title='bbox 1570 5715 1757 5784; x_wconf 87' lang='lat' dir='ltr'><strong>voluit,</strong></span> <span class='ocrx_word' id='word_1_747' title='bbox 1785 5735 1881 5776; x_wconf 89' lang='lat' dir='ltr'><strong>vos</strong></span> <span class='ocrx_word' id='word_1_748' title='bbox 1911 5723 2083 5797; x_wconf 86' lang='lat' dir='ltr'><strong>digni-</strong></span> 
     </span>
    </p>
   </div>
   <div class='ocr_carea' id='block_1_103' title="bbox 568 5804 1933 5906">
    <p class='ocr_par' dir='ltr' id='par_1_103' title="bbox 568 5804 1933 5906">
     <span class='ocr_line' id='line_1_105' title="bbox 568 5804 1933 5906; baseline 0.021 -44"><span class='ocrx_word' id='word_1_749' title='bbox 568 5814 598 5846; x_wconf 79' lang='grc' dir='ltr'>ι</span> <span class='ocrx_word' id='word_1_750' title='bbox 635 5804 762 5864; x_wconf 66' lang='lat' dir='ltr'><strong>Haec</strong></span> <span class='ocrx_word' id='word_1_751' title='bbox 785 5810 1035 5872; x_wconf 88' lang='lat' dir='ltr'><strong>restituta</strong></span> <span class='ocrx_word' id='word_1_752' title='bbox 1060 5828 1186 5875; x_wconf 87' lang='lat' dir='ltr'><strong>sunt</strong></span> <span class='ocrx_word' id='word_1_753' title='bbox 1208 5835 1275 5877; x_wconf 82' lang='lat' dir='ltr'><strong>ex</strong></span> <span class='ocrx_word' id='word_1_754' title='bbox 1304 5823 1423 5881; x_wconf 86' lang='lat' dir='ltr'><strong>cod.</strong></span> <span class='ocrx_word' id='word_1_755' title='bbox 1450 5841 1551 5884; x_wconf 89' lang='lat' dir='ltr'><strong>ms.</strong></span> <span class='ocrx_word' id='word_1_756' title='bbox 1582 5814 1933 5906; x_wconf 83' lang='lat' dir='ltr'><strong>Frisingensi.</strong></span> 
     </span>
    </p>
   </div>
   <div class='ocr_carea' id='block_1_104' title="bbox 2198 4620 3801 4708">
    <p class='ocr_par' dir='ltr' id='par_1_104' title="bbox 2198 4620 3801 4708">
     <span class='ocr_line' id='line_1_106' title="bbox 2198 4620 3801 4708; baseline 0.016 -35"><span class='ocrx_word' id='word_1_757' title='bbox 2198 4620 2353 4686; x_wconf 87' lang='lat' dir='ltr'><strong>mihi,</strong></span> <span class='ocrx_word' id='word_1_758' title='bbox 2381 4623 2427 4678; x_wconf 91' lang='lat' dir='ltr'><strong>ei</strong></span> <span class='ocrx_word' id='word_1_759' title='bbox 2478 4626 2622 4682; x_wconf 86' lang='lat' dir='ltr'><strong>solus</strong></span> <span class='ocrx_word' id='word_1_760' title='bbox 2650 4628 2803 4684; x_wconf 82' lang='lat' dir='ltr'><strong>Plato</strong></span> <span class='ocrx_word' id='word_1_761' title='bbox 2831 4634 3079 4701; x_wconf 72' lang='lat' dir='ltr'><strong>adbzesit,</strong></span> <span class='ocrx_word' id='word_1_762' title='bbox 3115 4646 3167 4691; x_wconf 89' lang='lat' dir='ltr'><strong>et</strong></span> <span class='ocrx_word' id='word_1_763' title='bbox 3191 4640 3422 4708; x_wconf 86' lang='lat' dir='ltr'><strong>quadam</strong></span> <span class='ocrx_word' id='word_1_764' title='bbox 3458 4642 3544 4696; x_wconf 81' lang='lat' dir='ltr'><strong>die</strong></span> <span class='ocrx_word' id='word_1_765' title='bbox 3572 4643 3801 4699; x_wconf 81' lang='lat' dir='ltr'><strong>Intuleri-</strong></span> 
     </span>
    </p>
   </div>
   <div class='ocr_carea' id='block_1_105' title="bbox 2197 4712 3795 4799">
    <p class='ocr_par' dir='ltr' id='par_1_105' title="bbox 2197 4712 3795 4799">
     <span class='ocr_line' id='line_1_107' title="bbox 2197 4712 3795 4799; baseline 0.018 -34"><span class='ocrx_word' id='word_1_766' title='bbox 2197 4712 2273 4766; x_wconf 85' lang='lat' dir='ltr'><strong>tis</strong></span> <span class='ocrx_word' id='word_1_767' title='bbox 2298 4715 2523 4781; x_wconf 76' lang='lat' dir='ltr'><strong>pedibus</strong></span> <span class='ocrx_word' id='word_1_768' title='bbox 2549 4734 2710 4787; x_wconf 86' lang='lat' dir='ltr'><strong>super</strong></span> <span class='ocrx_word' id='word_1_769' title='bbox 2738 4734 3076 4779; x_wconf 78' lang='lat' dir='ltr'><strong>exstructum</strong></span> <span class='ocrx_word' id='word_1_770' title='bbox 3120 4730 3363 4799; x_wconf 76' lang='lat' dir='ltr'><strong>magistri</strong></span> <span class='ocrx_word' id='word_1_771' title='bbox 3404 4732 3661 4788; x_wconf 84' lang='lat' dir='ltr'><strong>lectulum</strong></span> <span class='ocrx_word' id='word_1_772' title='bbox 3698 4752 3795 4792; x_wconf 86' lang='lat' dir='ltr'><strong>cu-</strong></span> 
     </span>
    </p>
   </div>
   <div class='ocr_carea' id='block_1_106' title="bbox 2197 4807 3800 4891">
    <p class='ocr_par' dir='ltr' id='par_1_106' title="bbox 2197 4807 3800 4891">
     <span class='ocr_line' id='line_1_108' title="bbox 2197 4807 3800 4891; baseline 0.016 -32"><span class='ocrx_word' id='word_1_773' title='bbox 2197 4807 2369 4860; x_wconf 76' lang='lat' dir='ltr'><strong>Currit</strong></span> <span class='ocrx_word' id='word_1_774' title='bbox 2402 4809 2641 4865; x_wconf 58' lang='lat' dir='ltr'><strong>assidere</strong></span> <span class='ocrx_word' id='word_1_775' title='bbox 2666 4812 2895 4881; x_wconf 90' lang='lat' dir='ltr'><strong>doctori,</strong></span> <span class='ocrx_word' id='word_1_776' title='bbox 2926 4811 3084 4887; x_wconf 82' lang='lat' dir='ltr'><strong>quem</strong></span> <span class='ocrx_word' id='word_1_777' title='bbox 3111 4820 3372 4891; x_wconf 82' lang='lat' dir='ltr'><strong>Diogenes</strong></span> <span class='ocrx_word' id='word_1_778' title='bbox 3406 4824 3603 4879; x_wconf 87' lang='lat' dir='ltr'><strong>baculo</strong></span> <span class='ocrx_word' id='word_1_779' title='bbox 3630 4825 3800 4884; x_wconf 81' lang='lat' dir='ltr'><strong>ferire</strong></span> 
     </span>
    </p>
   </div>
   <div class='ocr_carea' id='block_1_107' title="bbox 2196 4899 3792 4990">
    <p class='ocr_par' dir='ltr' id='par_1_107' title="bbox 2196 4899 3792 4990">
     <span class='ocr_line' id='line_1_109' title="bbox 2196 4899 3792 4990; baseline 0.016 -40"><span class='ocrx_word' id='word_1_780' title='bbox 2196 4899 2581 4969; x_wconf 86' lang='lat' dir='ltr'><strong>minitabatur;</strong></span> <span class='ocrx_word' id='word_1_781' title='bbox 2629 4907 2714 4960; x_wconf 91' lang='lat' dir='ltr'><strong>cui</strong></span> <span class='ocrx_word' id='word_1_782' title='bbox 2766 4924 2901 4976; x_wconf 84' lang='lat' dir='ltr'><strong>puer</strong></span> <span class='ocrx_word' id='word_1_783' title='bbox 2957 4912 3214 4968; x_wconf 87' lang='lat' dir='ltr'><strong>inclinato</strong></span> <span class='ocrx_word' id='word_1_784' title='bbox 3262 4916 3437 4985; x_wconf 86' lang='lat' dir='ltr'><strong>capite</strong></span> <span class='ocrx_word' id='word_1_785' title='bbox 3480 4921 3792 4990; x_wconf 82' lang='lat' dir='ltr'><strong>respondit:</strong></span> 
     </span>
    </p>
   </div>
   <div class='ocr_carea' id='block_1_108' title="bbox 2196 4992 3793 5084">
    <p class='ocr_par' dir='ltr' id='par_1_108' title="bbox 2196 4992 3793 5084">
     <span class='ocr_line' id='line_1_110' title="bbox 2196 4992 3793 5084; baseline 0.015 -39"><span class='ocrx_word' id='word_1_786' title='bbox 2196 4992 2386 5049; x_wconf 91' lang='lat' dir='ltr'><strong>Nullus</strong></span> <span class='ocrx_word' id='word_1_787' title='bbox 2428 5005 2642 5052; x_wconf 82' lang='lat' dir='ltr'><strong>esttam</strong></span> <span class='ocrx_word' id='word_1_788' title='bbox 2671 5000 2838 5057; x_wconf 90' lang='lat' dir='ltr'><strong>durus</strong></span> <span class='ocrx_word' id='word_1_789' title='bbox 2865 5004 3111 5071; x_wconf 89' lang='lat' dir='ltr'><strong>baculus,</strong></span> <span class='ocrx_word' id='word_1_790' title='bbox 3156 5009 3246 5075; x_wconf 91' lang='lat' dir='ltr'><strong>qui</strong></span> <span class='ocrx_word' id='word_1_791' title='bbox 3294 5024 3380 5063; x_wconf 80' lang='lat' dir='ltr'><strong>inc</strong></span> <span class='ocrx_word' id='word_1_792' title='bbox 3425 5026 3455 5064; x_wconf 91' lang='lat' dir='ltr'><strong>a</strong></span> <span class='ocrx_word' id='word_1_793' title='bbox 3489 5017 3583 5066; x_wconf 90' lang='lat' dir='ltr'><strong>tuo</strong></span> <span class='ocrx_word' id='word_1_794' title='bbox 3607 5029 3793 5084; x_wconf 77' lang='lat' dir='ltr'><strong>segre-</strong></span> 
     </span>
    </p>
   </div>
   <div class='ocr_carea' id='block_1_109' title="bbox 2195 5088 3795 5173">
    <p class='ocr_par' dir='ltr' id='par_1_109' title="bbox 2195 5088 3795 5173">
     <span class='ocr_line' id='line_1_111' title="bbox 2195 5088 3795 5173; baseline 0.015 -34"><span class='ocrx_word' id='word_1_795' title='bbox 2195 5100 2325 5155; x_wconf 81' lang='lat' dir='ltr'><strong>gare</strong></span> <span class='ocrx_word' id='word_1_796' title='bbox 2355 5088 2525 5156; x_wconf 88' lang='lat' dir='ltr'><strong>possit</strong></span> <span class='ocrx_word' id='word_1_797' title='bbox 2556 5090 2742 5147; x_wconf 90' lang='lat' dir='ltr'><strong>latere.</strong></span> <span class='ocrx_word' id='word_1_798' title='bbox 2818 5094 2889 5148; x_wconf 84' lang='lat' dir='ltr'><strong>At</strong></span> <span class='ocrx_word' id='word_1_799' title='bbox 2922 5095 2965 5149; x_wconf 88' lang='lat' dir='ltr'><strong>si</strong></span> <span class='ocrx_word' id='word_1_800' title='bbox 3008 5095 3159 5168; x_wconf 74' lang='grc' dir='ltr'><strong>[Με.,</strong></span> <span class='ocrx_word' id='word_1_801' title='bbox 3191 5098 3247 5154; x_wconf 87' lang='lat' dir='ltr'><strong>Si</strong></span> <span class='ocrx_word' id='word_1_802' title='bbox 3278 5102 3430 5173; x_wconf 87' lang='lat' dir='ltr'><strong>ergo]</strong></span> <span class='ocrx_word' id='word_1_803' title='bbox 3488 5103 3579 5158; x_wconf 89' lang='lat' dir='ltr'><strong>ille</strong></span> <span class='ocrx_word' id='word_1_804' title='bbox 3606 5121 3795 5163; x_wconf 85' lang='lat' dir='ltr'><strong>amore</strong></span> 
     </span>
    </p>
   </div>
   <div class='ocr_carea' id='block_1_110' title="bbox 2195 5178 3793 5267">
    <p class='ocr_par' dir='ltr' id='par_1_110' title="bbox 2195 5178 3793 5267">
     <span class='ocr_line' id='line_1_112' title="bbox 2195 5178 3793 5267; baseline 0.016 -36"><span class='ocrx_word' id='word_1_805' title='bbox 2195 5178 2471 5234; x_wconf 68' lang='lat' dir='ltr'><strong>saecularis</strong></span> <span class='ocrx_word' id='word_1_806' title='bbox 2509 5183 2786 5251; x_wconf 59' lang='lat' dir='ltr'><strong>sapientiae</strong></span> <span class='ocrx_word' id='word_1_807' title='bbox 2812 5185 3066 5257; x_wconf 83' lang='lat' dir='ltr'><strong>flagrans,</strong></span> <span class='ocrx_word' id='word_1_808' title='bbox 3106 5192 3343 5248; x_wconf 80' lang='lat' dir='ltr'><strong>caelestis</strong></span> <span class='ocrx_word' id='word_1_809' title='bbox 3367 5210 3519 5260; x_wconf 86' lang='lat' dir='ltr'><strong>vero,</strong></span> <span class='ocrx_word' id='word_1_810' title='bbox 3559 5213 3679 5267; x_wconf 64' lang='lat' dir='ltr'><strong>quae</strong></span> <span class='ocrx_word' id='word_1_811' title='bbox 3717 5200 3793 5255; x_wconf 87' lang='lat' dir='ltr'><strong>ad</strong></span> 
     </span>
    </p>
   </div>
   <div class='ocr_carea' id='block_1_111' title="bbox 2191 5270 3793 5352">
    <p class='ocr_par' dir='ltr' id='par_1_111' title="bbox 2191 5270 3793 5352">
     <span class='ocr_line' id='line_1_113' title="bbox 2191 5270 3793 5352; baseline 0.017 -30"><span class='ocrx_word' id='word_1_812' title='bbox 2191 5270 2358 5324; x_wconf 88' lang='lat' dir='ltr'><strong>vitam</strong></span> <span class='ocrx_word' id='word_1_813' title='bbox 2387 5273 2891 5347; x_wconf 71' lang='lat' dir='ltr'><strong>ducitperl‘retuam,</strong></span> <span class='ocrx_word' id='word_1_814' title='bbox 2950 5283 3190 5352; x_wconf 84' lang='lat' dir='ltr'><strong>ignarus,</strong></span> <span class='ocrx_word' id='word_1_815' title='bbox 3230 5287 3307 5341; x_wconf 87' lang='lat' dir='ltr'><strong>sic</strong></span> <span class='ocrx_word' id='word_1_816' title='bbox 3358 5290 3616 5347; x_wconf 87' lang='lat' dir='ltr'><strong>ardenter</strong></span> <span class='ocrx_word' id='word_1_817' title='bbox 3673 5309 3793 5348; x_wconf 85' lang='lat' dir='ltr'><strong>ma-</strong></span> 
     </span>
    </p>
   </div>
   <div class='ocr_carea' id='block_1_112' title="bbox 2189 5362 3793 5453">
    <p class='ocr_par' dir='ltr' id='par_1_112' title="bbox 2189 5362 3793 5453">
     <span class='ocr_line' id='line_1_114' title="bbox 2189 5362 3793 5453; baseline 0.017 -37"><span class='ocrx_word' id='word_1_818' title='bbox 2189 5362 2417 5434; x_wconf 86' lang='lat' dir='ltr'><strong>gistrum</strong></span> <span class='ocrx_word' id='word_1_819' title='bbox 2444 5370 2595 5438; x_wconf 88' lang='lat' dir='ltr'><strong>sequi</strong></span> <span class='ocrx_word' id='word_1_820' title='bbox 2617 5373 2959 5442; x_wconf 81' lang='lat' dir='ltr'><strong>persistebat,</strong></span> <span class='ocrx_word' id='word_1_821' title='bbox 2986 5388 3189 5446; x_wconf 86' lang='lat' dir='ltr'><strong>quanto</strong></span> <span class='ocrx_word' id='word_1_822' title='bbox 3211 5384 3381 5452; x_wconf 83' lang='lat' dir='ltr'><strong>magis</strong></span> <span class='ocrx_word' id='word_1_823' title='bbox 3406 5402 3504 5440; x_wconf 88' lang='lat' dir='ltr'><strong>nos</strong></span> <span class='ocrx_word' id='word_1_824' title='bbox 3533 5396 3643 5453; x_wconf 85' lang='lat' dir='ltr'><strong>tua,</strong></span> <span class='ocrx_word' id='word_1_825' title='bbox 3676 5406 3793 5443; x_wconf 86' lang='lat' dir='ltr'><strong>ma-</strong></span> 
     </span>
    </p>
   </div>
   <div class='ocr_carea' id='block_1_113' title="bbox 2188 5455 3787 5549">
    <p class='ocr_par' dir='ltr' id='par_1_113' title="bbox 2188 5455 3787 5549">
     <span class='ocr_line' id='line_1_115' title="bbox 2188 5455 3787 5549; baseline 0.018 -42"><span class='ocrx_word' id='word_1_826' title='bbox 2188 5455 2379 5524; x_wconf 89' lang='lat' dir='ltr'><strong>gister,</strong></span> <span class='ocrx_word' id='word_1_827' title='bbox 2432 5459 2821 5529; x_wconf 80' lang='lat' dir='ltr'><strong>ingredientem</strong></span> <span class='ocrx_word' id='word_1_828' title='bbox 2848 5467 2930 5520; x_wconf 81' lang='lat' dir='ltr'><strong>vel</strong></span> <span class='ocrx_word' id='word_1_829' title='bbox 2978 5472 3342 5538; x_wconf 79' lang='lat' dir='ltr'><strong>egredientem</strong></span> <span class='ocrx_word' id='word_1_830' title='bbox 3388 5480 3611 5549; x_wconf 81' lang='lat' dir='ltr'><strong>vestigia</strong></span> <span class='ocrx_word' id='word_1_831' title='bbox 3633 5481 3787 5548; x_wconf 86' lang='lat' dir='ltr'><strong>sequi</strong></span> 
     </span>
    </p>
   </div>
   <div class='ocr_carea' id='block_1_114' title="bbox 2188 5546 3783 5644">
    <p class='ocr_par' dir='ltr' id='par_1_114' title="bbox 2188 5546 3783 5644">
     <span class='ocr_line' id='line_1_116' title="bbox 2188 5546 3783 5644; baseline 0.016 -44"><span class='ocrx_word' id='word_1_832' title='bbox 2188 5546 2468 5612; x_wconf 81' lang='lat' dir='ltr'><strong>debemus,</strong></span> <span class='ocrx_word' id='word_1_833' title='bbox 2494 5554 2583 5621; x_wconf 77' lang='lat' dir='ltr'><strong>qui</strong></span> <span class='ocrx_word' id='word_1_834' title='bbox 2613 5571 2717 5609; x_wconf 88' lang='lat' dir='ltr'><strong>non</strong></span> <span class='ocrx_word' id='word_1_835' title='bbox 2750 5558 2921 5612; x_wconf 86' lang='lat' dir='ltr'><strong>solum</strong></span> <span class='ocrx_word' id='word_1_836' title='bbox 2951 5560 3216 5619; x_wconf 85' lang='lat' dir='ltr'><strong>litterario</strong></span> <span class='ocrx_word' id='word_1_837' title='bbox 3254 5566 3403 5637; x_wconf 77' lang='lat' dir='ltr'><strong>[Ms.,</strong></span> <span class='ocrx_word' id='word_1_838' title='bbox 3435 5546 3783 5644; x_wconf 78' lang='lat' dir='ltr'><strong>litteratoria]</strong></span> 
     </span>
    </p>
   </div>
   <div class='ocr_carea' id='block_1_115' title="bbox 2188 5639 3784 5727">
    <p class='ocr_par' dir='ltr' id='par_1_115' title="bbox 2188 5639 3784 5727">
     <span class='ocr_line' id='line_1_117' title="bbox 2188 5639 3784 5727; baseline 0.017 -35"><span class='ocrx_word' id='word_1_839' title='bbox 2188 5652 2288 5694; x_wconf 91' lang='lat' dir='ltr'><strong>nos</strong></span> <span class='ocrx_word' id='word_1_840' title='bbox 2310 5639 2609 5699; x_wconf 90' lang='lat' dir='ltr'><strong>liberalium</strong></span> <span class='ocrx_word' id='word_1_841' title='bbox 2633 5650 2931 5705; x_wconf 85' lang='lat' dir='ltr'><strong>studiorum</strong></span> <span class='ocrx_word' id='word_1_842' title='bbox 2966 5654 3160 5710; x_wconf 83' lang='lat' dir='ltr'><strong>itinere</strong></span> <span class='ocrx_word' id='word_1_843' title='bbox 3211 5658 3410 5714; x_wconf 88' lang='lat' dir='ltr'><strong>ducere</strong></span> <span class='ocrx_word' id='word_1_844' title='bbox 3464 5664 3625 5727; x_wconf 89' lang='lat' dir='ltr'><strong>nosti,</strong></span> <span class='ocrx_word' id='word_1_845' title='bbox 3686 5663 3784 5719; x_wconf 90' lang='lat' dir='ltr'><strong>sed</strong></span> 
     </span>
    </p>
   </div>
   <div class='ocr_carea' id='block_1_116' title="bbox 2187 5732 3784 5817">
    <p class='ocr_par' dir='ltr' id='par_1_116' title="bbox 2187 5732 3784 5817">
     <span class='ocr_line' id='line_1_118' title="bbox 2187 5732 3784 5817; baseline 0.017 -31"><span class='ocrx_word' id='word_1_846' title='bbox 2187 5732 2353 5788; x_wconf 87' lang='lat' dir='ltr'><strong>etiam</strong></span> <span class='ocrx_word' id='word_1_847' title='bbox 2366 5735 2620 5796; x_wconf 88' lang='lat' dir='ltr'><strong>meliores</strong></span> <span class='ocrx_word' id='word_1_848' title='bbox 2634 5742 2835 5813; x_wconf 81' lang='lat' dir='ltr'><strong>sophiae</strong></span> <span class='ocrx_word' id='word_1_849' title='bbox 2862 5746 2998 5814; x_wconf 84' lang='lat' dir='ltr'><strong>vias,</strong></span> <span class='ocrx_word' id='word_1_850' title='bbox 3019 5764 3139 5817; x_wconf 66' lang='lat' dir='ltr'><strong>qua:</strong></span> <span class='ocrx_word' id='word_1_851' title='bbox 3158 5752 3229 5807; x_wconf 84' lang='lat' dir='ltr'><strong>ad</strong></span> <span class='ocrx_word' id='word_1_852' title='bbox 3248 5752 3416 5806; x_wconf 77' lang='lat' dir='ltr'><strong>vitam</strong></span> <span class='ocrx_word' id='word_1_853' title='bbox 3448 5754 3597 5810; x_wconf 74' lang='lat' dir='ltr'><strong>ducit</strong></span> <span class='ocrx_word' id='word_1_854' title='bbox 3620 5761 3784 5812; x_wconf 69' lang='lat' dir='ltr'><strong>atter-</strong></span> 
     </span>
    </p>
   </div>
  </div>
