4062 6346
338 270 447 381 ὼ

1400 268 1892 397 ¹ρέιᾺδίλιΑἰιίίιΑ.
1930 345 2005 409 τ
2038 274 2517 385 emunirica.

3514 326 3621 387 εει

336 445 467 493 nam
526 404 809 503 [plectere]
837 430 1076 502 puteris?
1105 460 1183 495 -γ
1209 408 1358 491 κω.
1387 432 1579 489 Divina
1605 448 1704 490 nos
1723 445 1922 502 prisce-
2027 438 2243 507 metica,
2296 443 2647 510 geometrica,
2703 414 2909 497 musica
2938 449 2992 498 et
3029 442 3339 515 astrologia.
3395 443 3501 501 Per
3518 446 3621 503 hos

337 524 430 581 dat
448 522 645 593 gratia,
675 530 730 577 et
759 522 814 576 in
838 522 1119 591 thesauros
1149 524 1411 595 spiritalis
1441 525 1670 583 deducat
1713 525 1925 595 sapieu-
2026 533 2172 587 enim
2224 533 2533 604 philosophi
2560 550 2657 591 sua
2686 535 3059 591 contriverunt
3105 536 3218 592 otia
3264 545 3427 607 atque
3453 553 3620 611 nego-

338 613 448 678 tite,
496 612 549 667 in
596 628 703 683 qua
733 613 929 669 divinae
948 615 1213 671 ubertatis
1245 615 1396 673 fonte
1444 617 1701 673 inebriari
1732 614 1927 687 [possi-

337 700 450 775 tis],
480 712 540 757 ut
563 703 705 769 sitin
730 704 883 759 vobis
909 704 1027 761 fons
1059 722 1211 776 aqua:
1233 708 1476 779 salientis
1498 708 1551 783 in
1574 708 1740 767 vitam
1768 716 1927 764 aeter-

336 813 486 867 nam.
542 794 651 863 Sed
678 797 803 871 quia
833 797 1092 868 Apostolo
1113 801 1460 877 praecipiente
1513 800 1769 871 legimus:
1801 800 1928 856 0m-

338 890 429 953 nia
458 896 644 959 vestra
668 889 909 959 honesta
933 906 1055 953 cum
1101 892 1292 948 ordine
1317 892 1470 959 fiant,
1517 908 1613 948 vos
1634 902 1733 963 per
1761 902 1928 962 quoss-

338 982 463 1053 dam
498 983 823 1049 eruditionis
875 986 1076 1055 gradus
1128 986 1196 1041 ab
1250 986 1597 1045 inferioribus
1654 987 1723 1042 ad
1769 996 1928 1055 supe-

336 1077 485 1146 riora
531 1091 652 1143 esse
701 1075 979 1139 ducendos
1026 1092 1171 1145 reor,
1218 1079 1391 1135 donec
1445 1094 1636 1149 pennae
1664 1079 1928 1137 Virtutum

335 1168 599 1239 paulatim
627 1179 979 1239 accrescant,,
1004 1172 1200 1242 quibus
1231 1172 1299 1228 ad
1327 1172 1521 1229 altiora
1559 1172 1680 1243 puri
1707 1171 1928 1227 :etheris

337 1261 670 1333 spectamina
730 1261 977 1327 volantes
1043 1246 1225 1321 dicere
1271 1262 1554 1318 valeatis:
1621 1261 1929 1329 Introduxit

336 1365 432 1405 nos
463 1368 553 1429 rex
579 1352 635 1405 in
658 1351 875 1407 cellaria
905 1368 1024 1421 sua,
1054 1353 1435 1410 exsultabimus
1466 1362 1516 1409 et
1545 1352 1845 1409 letabimur
1870 1353 1928 1407 in

337 1442 616 1521 eislqant.
642 1462 681 1511 1,
710 1446 786 1516 '5).
1158 1496 1165 1505 .
1690 1510 1693 1513 λ

406 1535 520 1592 DIS.
546 1536 624 1592 Da
646 1538 948 1605 dexteram,
970 1540 1254 1611 magister,
1278 1546 1334 1596 et
1354 1554 1454 1596 nos
1473 1541 1542 1596 ab
1563 1540 1730 1595 humo
1756 1538 1928 1608 impe-

334 1629 497 1699 ritiae
514 1631 696 1697 ,eleva,
748 1640 803 1687 et
849 1633 903 1687 in
928 1634 1128 1702 gradus
1156 1634 1362 1704 sophia:
1390 1650 1489 1690 nos
1516 1641 1695 1690 tecum
1725 1632 1930 1688 consti-

335 1730 449 1789 tue,
478 1723 534 1778 in
568 1724 767 1794 quibus
798 1732 850 1779 te
873 1740 939 1779 ex
966 1741 1179 1780 morum
1208 1726 1469 1797 dignitate
1488 1768 1502 1793 ,
1540 1741 1608 1781 ex
1632 1726 1928 1781 verborum

2028 624 2125 679 tia.
2180 624 2252 680 lis
2280 641 2516 697 namque
2543 627 2857 685 consulibus
2903 628 3163 685 clariores
3189 628 3386 696 eti‘ecti,
3429 630 3497 686 iis
3535 646 3626 687 re-

2029 718 2186 789 gibus
2233 717 2560 777 celebriores
2593 762 2611 787 ,
2665 722 2734 777 iis
2786 721 3035 778 videlicet
3089 730 3295 778 aeterna
3352 723 3618 778 memoria

2032 808 2372 867 laudabiles:
2423 812 2492 867 iis
2540 828 2755 883 quoque
2803 814 2976 869 sancti
3021 822 3076 869 et
3119 814 3368 870 catholici
3424 826 3625 870 nostra:

2031 899 2156 959 ﬁdei
2186 902 2435 959 doctores
2464 913 2520 959 et
2544 905 2857 961 defensores
2884 907 3136 961 omnibus
3159 907 3540 962 haeresiarchis
3567 907 3627 964 in

2033 996 2472 1054 contentionibus
2482 996 2713 1067 publicis
2725 1010 2937 1067 semper
2952 998 3262 1068 superiores
3275 999 3624 1055 exstiterunt.

2103 1084 2209 1139 Per
2235 1086 2333 1141 has
2360 1103 2511 1152 vero,
2537 1087 2631 1141 filii
2657 1089 2987 1155 charissimi,
3040 1090 3262 1146 semitas
3290 1098 3470 1145 vestra
3500 1092 3632 1159 qud-

2033 1176 2165 1233 tidie
2182 1186 2367 1233 currat
2378 1180 2763 1246 adolescentia,
2789 1182 2961 1237 donec
2974 1170 3267 1251 perfectior
3290 1192 3423 1239 tetas
3434 1192 3492 1238 et
3512 1182 3634 1239 ani-

2035 1286 2159 1339 mus
2185 1284 2351 1331 sensti
2377 1274 2654 1343 robustior
2685 1276 2752 1329 ad
2783 1274 3018 1331 culmina
3046 1282 3357 1330 sanctarum
3384 1274 3631 1345 Scriptu-

2036 1380 2219 1425 rarum
2235 1366 2533 1439 perveniat.
2558 1366 2835 1433 Quatenus
2854 1368 2980 1423 hinc
2994 1368 3118 1423 inde
3131 1368 3326 1423 armati
3351 1382 3491 1422 verae
3504 1367 3630 1423 fidei

2036 1456 2351 1514 defensores
2376 1467 2431 1513 et
2455 1458 3030 1527 veritatiuassertor'es
3056 1458 3383 1515 omnimodis
3407 1458 3633 1514 invinci-

2033 1552 2173 1609 blles
2202 1552 2516 1608 efficiamini
2547 1565 2596 1606 ι.

2037 1686 2281 1761 SAXO,
2316 1630 2660 1762 F‘RANCO,
2705 1668 3139 1763 DlSCIPULI;
3193 1682 3629 1751 MAGISTER.

331 1819 569 1876 veritate
615 1821 812 1889 saepius
859 1822 1160 1876 consistere
1208 1824 1567 1893 agnovimds,
1609 1836 1716 1891 quo
1744 1830 1798 1876 te
1839 1836 1929 1876 re—

2094 1806 2349 1887 ‘Fuerunt
2376 1808 2430 1862 in
2458 1809 2644 1864 schola
2666 1807 2846 1864 Albini
2876 1810 3122 1881 magistri
3154 1809 3260 1865 duo
3286 1811 3464 1880 pueri,
3489 1826 3631 1866 unus

331 1927 459 1967 rum
497 1913 637 1968 ratio
668 1914 1045 1983 pulcherrima
1080 1917 1148 1973 a’b
1180 1919 1403 1972 ineunte
1429 1957 1443 1981 ,
1488 1922 1548 1968 ut
1587 1913 1925 1980 audivimus,

334 2010 500 2061 aetate
536 2006 830 2074 perduxit;
887 2015 943 2060 et
1006 2008 1052 2062 si
1090 2009 1321 2078 poeticis
1358 2005 1486 2064 licet
1515 2018 1677 2062 aures
1711 2016 1928 2061 accom—

337 2096 564 2152 modare
616 2096 855 2165 fabulis,
916 2100 1075 2158 nobis
1120 2118 1230 2159 non
1280 2106 1641 2174 incongruum
1693 2103 1927 2168 videtur,

336 2188 482 2259 quod
535 2197 816 2257 asserunt,
854 2192 1039 2260 epulas
1091 2188 1319 2251 deorum
1369 2204 1492 2251 esse
1545 2195 1817 2250 rationes.
1858 2202 1931 2237 -'—

340 2277 478 2334 MAG.
517 2277 748 2347 Verius,
781 2297 814 2337 ο
851 2282 981 2337 ﬁlii!
1026 2285 1209 2341 dicere
1237 2288 1509 2355 potestis,
1532 2284 1771 2343 rationes
1809 2292 1932 2341 esse

339 2370 660 2442 angelorum
685 2374 891 2442 cibum,
923 2374 1229 2434 animarum
1255 2378 1530 2448 decorem,
1555 2374 1718 2450 quam
1744 2380 1930 2452 epulas

340 2464 590 2521 deorum.
1208 2508 1211 2511 .

413 2555 528 2610 Dis.
572 2555 803 2628 Quoquo
822 2561 985 2615 modo
1014 2560 1130 2617 haec
1157 2560 1263 2618 dici
1292 2563 1543 2633 debeant,
1576 2564 1783 2637 primos
1808 2579 1931 2635 pre-

340 2661 534 2704 camur
562 2651 721 2706 nobis
766 2653 1048 2723 sapientiae
1075 2648 1290 2711 ostendi
1321 2657 1537 2727 gradus,
1587 2665 1649 2713 ut
1695 2655 1808 2711 Deo
1836 2651 1931 2713 do-

340 2748 508 2797 nante
544 2746 600 2796 et
629 2750 681 2795 te
727 2742 991 2800 edocente
1023 2742 1093 2801 ah
1132 2742 1482 2803 inferioribus
1529 2746 1597 2802 ad
1646 2736 1929 2818 superiora

337 2835 623 2904 pervenire
664 2838 966 2894 valeamus.
1013 2870 1086 2881 ——
1136 2836 1277 2899 me.
1325 2840 1599 2912 Legimus,
1634 2838 1926 2895 Salomone

343 2925 587 2994 ticente,
622 2945 721 3001 per
749 2946 911 3001 quem
940 2932 1058 3017 ipsa
1088 2948 1147 3017 se
1190 2933 1393 3015 cecinit
1422 2932 1745 3007 [Sapientia]
1776 2952 1791 2991 :
1832 2932 1932 2989 Sa-

340 3019 539 3088 pientia
585 3021 867 3091 aediﬁcavit
938 3010 1045 3078 sibi
1088 3012 1336 3092 domum,
1399 3027 1594 3080 excidit
1659 3026 1930 3080 columnas

341 3104 538 3182 septem
580 3106 763 3184 (Prov.
794 3126 869 3182 rx,
897 3110 971 3185 l).
998 3114 1127 3184 Qua:
1156 3113 1423 3172 sententia
1446 3116 1573 3172 licet
1599 3114 1666 3172 ad
1691 3108 1931 3195 divinam

339 3205 611 3276 pertineat
658 3208 1020 3277 sapientiam,
1055 3214 1174 3277 qua:
1213 3207 1316 3263 sibi
1368 3206 1423 3264 in
1472 3216 1630 3264 utero
1677 3200 1929 3278 virginali

344 3284 585 3366 domum,
610 3296 665 3355 id
695 3292 779 3355 est
824 3316 1039 3374 corpus,
1090 3302 1397 3366 aedificavit,
1429 3301 1571 3357 hanc
1612 3306 1666 3356 et
1719 3310 1930 3372 septem

342 3382 501 3444 donis
550 3388 723 3446 sancti
754 3390 993 3463 Spiritus
1036 3392 1381 3448 confirmavit
1425 3411 1438 3445 :
1482 3392 1568 3447 vel
1596 3388 1927 3462 Ecclesiam',

343 3494 465 3549 quae
497 3489 582 3535 est
628 3482 819 3537 domus
844 3484 979 3548 Dei,
1020 3484 1224 3538 eisdem
1264 3483 1421 3538 donis
1460 3482 1815 3552 illuminavit;
1848 3493 1933 3539 ta-

344 3564 469 3628 men
492 3575 755 3644 sapientia
964 3564 1267 3632 liberalium
1288 3576 1594 3632 litterarum
1620 3585 1825 3645 septem
1846 3592 1933 3632 co-

342 3663 544 3720 lumnis
563 3664 951 3734 confirmatur;
1002 3684 1103 3723 nec
1130 3660 1289 3723 aliter
1324 3668 1391 3723 ad
1416 3665 1717 3737 perfectam
1740 3684 1929 3739 quem-

337 3756 471 3812 ribet
496 3758 715 3816 deducit
749 3762 1056 3828 scientiam,
1079 3763 1184 3818 nisi
1205 3763 1291 3819 his
1317 3764 1523 3833 septem
1549 3763 1818 3819 columnis
1843 3764 1931 3820 vel

339 3847 505 3903 etiam
528 3844 786 3920 gradibus
815 3853 1106 3909 exaltetur.

409 3935 525 3994 DIS.
568 3940 808 3997 Tandem
836 3944 1127 4015 aliquando
1148 3930 1324 4016 pande
1347 3938 1491 4017 quod
1516 3948 1840 4019 promisisti],
1876 3936 1931 4004 et

336 4032 561 4102 propter
600 4026 947 4104 fragilitatem
978 4046 1179 4092 nostrae
1217 4032 1392 4095 aetatis
1447 4034 1546 4095 nos
1590 4032 1932 4111 mollioribus

339 4122 521 4197 incipe
547 4127 768 4196 lactare,
798 4139 858 4185 ut
883 4131 951 4187 ad
974 4114 1248 4198 solidiore,
1279 4141 1558 4189 crescente
1588 4142 1769 4201 aetate,
1799 4122 1934 4190 faci-

332 4215 443 4275 lius
462 4216 863 4289 perveniamus.
895 4256 969 4266 —
989 4208 1130 4282 Iliae.
1162 4212 1350 4283 Divina
1372 4212 1735 4297 praeveniente
1766 4216 1933 4287 etiam

335 4319 394 4367 et
416 4310 732 4381 perficiente
763 4306 938 4387 gratia
984 4306 1181 4374 faciam
1217 4306 1363 4390 quod
1389 4322 1641 4393 rogastis,
1671 4321 1933 4392 vobisque

337 4394 408 4460 ad
433 4404 727 4461 videndum
747 4400 1027 4466 ostendam
1056 4410 1207 4484 [Msa
1238 4400 1555 4486 ostendero]
1577 4422 1783 4483 septem
1812 4410 1933 4483 phi-

334 4494 598 4567 losophia:
620 4501 843 4570 gradus,
872 4516 969 4573 per
992 4505 1321 4574 eosdemque
1346 4486 1457 4561 lleo
1477 4498 1713 4561 donante
1737 4498 1792 4560 et
1821 4507 1931 4561 vita

336 4585 479 4644 comi
491 4597 540 4643 te
556 4582 653 4659 pro
668 4588 977 4647 nostrarum
999 4595 1246 4662 portione
1268 4584 1464 4650 virium
1478 4611 1646 4665 penes
1670 4597 1932 4667 temporis

333 4672 391 4737 et
417 4682 595 4738 relatis
622 4686 1090 4755 opportunitatem
1122 4688 1190 4742 ad
1219 4670 1537 4743 sublimiora
1581 4687 1929 4759 speculativa:

336 4775 581 4829 scientiae
609 4774 903 4834 deduXero.

408 4865 523 4923 DIS.
566 4870 680 4926 Duc
728 4874 893 4928 etiam
913 4915 927 4941 ,
958 4874 1061 4930 duc
1091 4883 1146 4929 et
1177 4866 1393 4929 tandem
1426 4874 1719 4945 aliquando
1754 4875 1820 4931 de
1846 4875 1931 4931 ni-

334 4954 467 5018 dulo
496 4956 726 5034 ignaviae
770 4968 825 5023 in
858 4985 1038 5024 ramos
1087 4969 1182 5025 tibi
1229 4985 1262 5025 a
1296 4970 1406 5025 Deo
1455 4970 1595 5025 data:
1651 4962 1932 5041 sapientim

333 5064 633 5122 compone;
666 5058 807 5115 unde
835 5042 1055 5133 aliquod,
1084 5048 1331 5116 veritatis
1360 5058 1543 5116 lumen
1574 5077 1800 5117 cernere
1828 5079 1925 5117 va-

334 5145 547 5205 leamus
582 5169 594 5204 :
628 5160 682 5207 et
711 5168 849 5223 quos
888 5154 1047 5209 toties
1076 5152 1399 5231 promisisti,
1430 5154 1683 5226 Septenos
1710 5142 1930 5213 theoraJ

332 5234 492 5298 éticas
514 5242 643 5315 [Ms.
677 5244 953 5320 forastice]
981 5234 1278 5319 disciplinae
1296 5248 1495 5320 gradus
1509 5236 1929 5327 nobisostende.

328 5362 411 5375 —
446 5330 587 5391 ΜΑϐ.
630 5336 768 5393 Sunt
814 5340 979 5410 igitur
1017 5340 1237 5411 gradus,
1293 5355 1429 5412 quos
1462 5322 1720 5413 quintilis,
1745 5351 1798 5397 et
1826 5344 1933 5398 uti-

332 5439 467 5480 nam
518 5435 627 5482 tam
684 5431 936 5486 ardentes
985 5429 1104 5486 sitis
1132 5447 1343 5502 semper
1402 5433 1469 5486 ad
1510 5418 1932 5503 [ascendendum

335 5517 537 5589 (Edit.,
564 5520 902 5596 discendum)
930 5524 949 5598 ]
981 5566 995 5591 ,
1046 5541 1210 5595 quam
1251 5527 1453 5615 curiosi
1485 5527 1643 5581 modo
1680 5528 1810 5583 estis
1865 5520 1935 5585 ad

332 5611 659 5671 Videndum:
688 5618 1066 5690 grammatica,
1085 5614 1357 5677 rhetorica
1387 5608 1739 5697 [dialectica],
1765 5626 1935 5681 arith—
1980 5622 1994 5636 ⁹

2034 1901 2268 1983 graneo,
2305 1902 2441 1956 alter
2474 1902 2639 1967 Saxo,
2659 1902 2750 1972 qui
2781 1903 3091 1973 nuperrime
3123 1902 3331 1973 spineta
3357 1918 3629 1972 gramma-

2034 1995 2156 2049 ticre
2185 1994 2471 2049 densitatis
2500 1986 2831 2063 irruperunt.
2897 1992 3237 2069 Quapropter
3269 1993 3468 2064 placuit
3523 1992 3633 2049 illis

2033 2074 2239 2161 paucas
2259 2084 2506 2161 litteralis
2537 2083 2692 2158 [Ms.,
2721 2085 2913 2154 paucis
2942 2083 3215 2158 litterulis]
3258 2084 3495 2145 scientiae
3543 2098 3633 2138 re-

2034 2178 2192 2249 gulas
2223 2177 2499 2232 memoriae
2524 2192 2688 2245 causa
2713 2192 2812 2248 per
2834 2176 3291 2248 interrogationes
3317 2185 3372 2231 et
3411 2189 3635 2245 respon-

2036 2271 2219 2330 siones
2246 2284 2557 2341 excerpere.

2084 2363 2178 2435 _At
2196 2364 2348 2437 prior
2371 2362 2588 2419 illorum
2621 2362 2835 2418 Franco
2863 2362 2998 2418 dixit
3029 2361 3264 2417 Saxoni:
3316 2360 3435 2425 Eia,
3464 2358 3634 2424 Saxo,
3716 2362 3717 2365 “

1982 2505 1987 2511 .
2034 2470 2126 2531 me
2150 2456 2523 2528 interrogante
2541 2456 2831 2529 responde,
2860 2456 2999 2527 quia
3026 2464 3082 2510 tu
3108 2454 3332 2526 majoris
3353 2469 3413 2509 es
3436 2452 3631 2508 aetatis.

2035 2547 2149 2621 Ego
2162 2560 2261 2604 xw
2285 2565 2589 2615 annorum;
2622 2559 2682 2604 tu
2705 2558 2766 2605 ut
2787 2565 2916 2605 reor
2941 2565 3032 2605 xv.
3088 2548 3172 2604 Ad
3212 2548 3328 2603 htec
3353 2546 3498 2609 Saxo
3550 2560 3637 2601 re-

2035 2640 2288 2708 spondit:
2344 2630 2598 2707 Faciam;
2628 2641 2702 2696 ita
2726 2651 2926 2705 tamen,
2954 2649 3015 2695 ut
3042 2641 3087 2695 si
3111 2640 3242 2710 quid
3264 2638 3425 2694 altius
3454 2638 3522 2692 sit
3554 2637 3639 2692 in-

2037 2732 2542 2807 terrogandumnel
2562 2750 2628 2789 ex
2648 2733 3020 2804 philosophica
3044 2731 3331 2803 disciplina
3354 2728 3636 2801 proferen-

2037 2822 2191 2899 dum,
2222 2824 2383 2880 liceat
2405 2825 2726 2897 magistrum
2748 2826 3106 2895 interrogare.

2108 2916 2193 2973 Ad
2219 2917 2335 2974 haec
2363 2919 2656 2990 magister:
2698 2918 2901 2985 Placet,
2935 2918 3055 2985 filii,
3086 2917 3386 2988 propositio
3415 2924 3596 2979 vestra
3612 2934 3631 2977 ηε

2038 3014 2095 3081 et
2120 3006 2293 3079 libens
2315 3025 2495 3077 annuo
2518 3010 3041 3081 vestraesagacitati.
3119 3009 3186 3063 Et
3209 3009 3445 3079 primum
3472 3009 3638 3065 dicite

2038 3102 2182 3156 unde
2206 3101 2486 3175 [primum]
2511 3113 2751 3158 vestram
2780 3104 3191 3159 convenientius
3215 3102 3636 3173 disputationem

1961 3189 2012 3256 C
2041 3211 2164 3269 esse
2188 3197 2533 3267 arbitramini
2563 3197 2966 3267 incipiendam?

2064 3290 2224 3357 “Dis.
2268 3289 2441 3358 Unde,
2487 3291 2703 3346 domine
2742 3292 3022 3360 magister,
3071 3291 3176 3347 nisi
3231 3305 3262 3344 a
3310 3289 3527 3345 littera?
3564 3317 3689 3359 —4.

2040 3384 2181 3441 Man.
2217 3385 2360 3441 Bene
2387 3384 2749 3451 arbitramini,
2805 3385 2853 3440 si
2883 3400 2991 3441 non
3029 3383 3399 3455 philosophiae
3433 3396 3638 3436 memo-

2040 3478 2180 3532 riam
2205 3475 2367 3549 paulo
2392 3477 2545 3547 prius
2564 3476 2832 3539 fecissetis
2873 3475 3023 3548 [Ms.,
3060 3473 3421 3545 fecissemus].
3482 3471 3638 3528 Unde

2039 3585 2072 3643 a
2109 3583 2261 3635 voce,
2316 3569 2473 3639 cujus
2498 3584 2663 3624 causa
2692 3569 2888 3626 litterae
2928 3576 3055 3625 sunt
3082 3569 3338 3634 inventae,
3374 3566 3637 3622 inchoan-

2039 3660 2164 3716 dam
2186 3659 2614 3730 disputationem
2637 3667 2850 3719 constat
2886 3659 3041 3733 [Ms.,
3068 3658 3318 3731 censeo]:
3350 3657 3435 3714 vel
3464 3656 3639 3728 magis

2038 3754 2217 3829 primo
2270 3755 2519 3837 omnium
2557 3753 3006 3826 interrogandum
3057 3762 3174 3819 est,
3216 3751 3413 3822 quibus
3461 3748 3639 3804 modis

1959 3867 1971 3891 ο
2037 3855 2255 3903 constet
2288 3850 2583 3919 disputatio
2611 3849 2635 3904 ’ἲ

2042 3998 2047 3999 ,
2109 3939 2221 3996 Dis.
2264 3940 2332 3996 Et
2363 3957 2394 4009 a
2437 3949 2513 4007 te,
2564 3942 2848 4013 magister,
2897 3941 3213 4012 suppliciter
3238 3946 3492 4009 rogamus
3534 3946 3635 3992 ex-

2037 4032 2186 4107 poni.
2259 4031 2395 4088 Nam
2447 4047 2549 4089 nos
2597 4035 2809 4090 nescire
2850 4035 3174 4090 confitemur
3215 4032 3413 4104 quibus
3458 4030 3635 4086 modis

2038 4133 2255 4191 constet
2275 4127 2589 4196 disputatio.
2627 4157 2697 4168 -
2733 4126 2874 4184 MAG.
2936 4127 3063 4182 Tria
3118 4132 3245 4182 sunt
3270 4124 3467 4195 quibus
3516 4137 3635 4177 om~

2039 4219 2127 4283 nis
2174 4218 2462 4285 collocutio
2514 4219 2915 4290 disputatioque
2952 4220 3252 4291 perficitur,
3306 4233 3417 4284 res,
3470 4215 3633 4272 intel-

2039 4314 2231 4393 lectus,
2259 4330 2440 4375 voces.
2513 4315 2621 4372 Res
2666 4325 2816 4382 sunt,
2845 4333 2965 4387 quae
3006 4316 3171 4370 animi
3225 4316 3435 4370 ratione
3460 4313 3636 4384 perci-

2036 4407 2238 4475 pimus.
2314 4407 2644 4475 Intellectus,
2691 4409 2887 4479 quibus
2933 4423 3022 4462 res
3069 4407 3215 4476 ipsas
3274 4405 3630 4461 addiscimus.

2040 4498 2236 4566 Voces,
2261 4500 2458 4570 quibus
2470 4516 2557 4555 res
2578 4500 2879 4555 intellectas
2892 4515 2989 4569 pro
2997 4498 3248 4562 ferimus;
3276 4494 3430 4565 cujus
3444 4511 3630 4564 causa,

2038 4598 2100 4647 ut
2121 4590 2357 4647 diximus
2382 4590 2775 4665 [Ms.,utprius
2796 4590 2956 4664 dixi],
2986 4588 3181 4645 litterae
3214 4590 3447 4645 inventae
3482 4596 3627 4644 sunt.

2108 4682 2228 4737 DIS.
2272 4683 2379 4739 Sed
2418 4684 2544 4753 quia
2575 4682 2960 4752 disputationis
2997 4682 3186 4737 modos
3226 4680 3431 4746 dixisti,
3482 4679 3633 4735 vocis

2036 4773 2372 4851 differentias
2399 4784 2734 4846 utexponas,
2766 4789 3076 4844 precamur.
3108 4805 3181 4815 —
3205 4774 3346 4831 Msa.
3387 4774 3633 4841 Quatuor

2036 4877 2165 4925 sunt
2186 4869 2501 4925 differentiae
2542 4868 2726 4923 vocis:
2780 4868 3086 4935 articulata,
3134 4868 3517 4933 inarticulata;
3544 4867 3632 4921 lit-

2042 4972 2238 5031 terata,
2266 4963 2564 5017 illitterata.
2590 4960 3021 5041 Articulataest,
3052 4977 3172 5036 qua:
3196 4961 3439 5035 copulata
3469 4968 3633 5028 atque

2042 5063 2323 5110 coarctata
2352 5069 2476 5108 cum
2520 5038 2681 5108 sensu
2705 5038 3004 5124 profertur,
3030 5062 3119 5109 ut:
3170 5054 3332 5108 Arma
3360 5053 3633 5122 virumque

2043 5165 2197 5204 cano.
2230 5186 2244 5201 .
2274 5186 2288 5200 .
2304 5146 2672 5213 lnarticulata,
2693 5163 2812 5217 qua:
2835 5163 2865 5200 a
2889 5147 3035 5203 nullo
3060 5162 3221 5202 sensu
3246 5132 3629 5215 proficiscitur,

2041 5246 2105 5293 ut
2125 5232 2648 5309 crepitus,-mugitus.
2724 5235 3006 5302 Litterata,
3049 5230 3167 5306 (tum
3210 5233 3374 5290 scribi
3402 5226 3627 5304 potest;

2043 5333 2345 5398 illitterata,
2382 5347 2503 5402 qua:
2529 5332 2692 5388 scribi
2718 5348 2824 5387 non
2860 5338 3058 5402 potest.

2116 5424 2229 5480 Dis.
2273 5423 2424 5485 Unde
2466 5424 2612 5480 dicta
2636 5422 3035 5479 VOX?-—MAG.
3079 5421 3123 5474 Α
3169 5418 3431 5475 vocando.
3488 5420 3631 5476 Ecce

2044 5518 2257 5575 habetis
2273 5534 2394 5589 qua:
2414 5514 2977 5588 interrogastis.gNnnc
2989 5530 3021 5569 a
3042 5514 3222 5569 littera
3238 5514 3483 5585 incipite,
3510 5513 3628 5571 filii.

2044 5678 2083 5697 ,ὴ
2115 5627 2351 5685 anco.
2396 5627 2492 5683 Dic
2512 5627 2655 5707 Saxo
2673 5626 2843 5697 prior,
2875 5625 3016 5680 unde
3046 5624 3226 5679 littera
3247 5625 3319 5680 sit
3338 5625 3526 5681 dicta?
3559 5655 3632 5668 —

415 5739 438 5765 α
469 5720 679 5816 'lncod".
714 5734 975 5816 ins.“Reg.
1000 5733 1290 5816 l’arisiensi
1320 5732 1566 5806 sequenti
1590 5726 1810 5811 Dialogo
1832 5740 1924 5799 hic
1956 5742 2253 5816 praefigitur
2300 5743 2519 5799 titulus:
2553 5742 2761 5799 Alcuim‘
2826 5740 3174 5813 Opusculum,
3212 5744 3355 5816 quod
3415 5756 3632 5803 vocatur

335 5794 731 5890 Euc/ziridiurn,
763 5794 985 5876 feliciter
1004 5806 1201 5878 incipit.
