4062 6346
480 240 588 297 855

1300 239 1361 292 Β.
1399 237 1460 292 ιτ.
1500 234 1730 292 ALBINI
1770 234 1903 292 SEU
1940 230 2220 291 ALCUINI
2257 228 2549 290 OPERUM
2584 230 2768 288 PARS
2805 228 2916 287 VII.

3654 234 3764 293 856

477 351 645 409 Saxo.
690 351 761 408 Ut
786 366 931 419 reor,
958 351 1137 408 littera
1160 357 1242 408 est
1268 351 1423 421 quasi
1448 350 1694 423 legitera,
1733 351 1858 422 quia
1883 348 2064 421 legen—
2091 355 2143 415 Α
2167 362 2291 404 cum
2330 348 2385 403 in
2431 345 2699 418 principio
2719 344 2939 418 syllabae
2977 344 3098 401 aliis
3132 346 3413 405 vocalibus
3430 346 3762 422 junguntur.

477 444 624 500 tibus
664 445 768 499 iter
793 446 1019 513 praebet.

547 537 714 611 269
734 536 834 592 Fs.
868 538 945 593 Da
990 538 1359 594 deﬁnitionem
1401 555 1637 610 quoque.
1664 570 1737 581 —
1757 539 1923 594 Saxo.
1945 538 2067 593 Lit-

477 637 596 685 tera
622 639 707 684 est
725 644 852 699 pars
875 630 1096 685 minima
1126 630 1274 686 vocis
1296 631 1616 697 articulatm.

548 722 663 780 Dts.
699 723 874 780 Habet
896 733 974 789 et,
1013 726 1287 794 magister,
1332 725 1559 781 alteram
1587 725 1957 781 deﬁnitionem
1983 724 2070 779 lit-

474 816 631 871 tera?
653 846 726 857 —
748 815 886 871 Msa.
913 815 1103 881 Habet,
1157 817 1251 871 sed
1276 817 1329 870 in
1352 816 1604 871 eumdem
1630 817 1913 873 cadentem
1946 831 2069 871 sen-

473 925 614 965 sum.
664 909 868 965 Littera
897 919 981 965 est
1010 911 1306 975 individua,
1346 912 1471 981 quia
1517 914 1821 968 sententias
1849 913 1903 966 in
1940 927 2071 983 par-

472 1007 579 1066 tes,
600 1008 784 1071 partes
804 1001 858 1055 in
886 1001 1141 1072 syllabas,
1164 1001 1399 1072 syllabas
1425 1003 1479 1057 in
1509 1003 1722 1058 litteras
1750 1004 2063 1059 dividimus.

473 1090 699 1147 Litterae
728 1107 858 1147 vero
888 1092 1247 1147 indivisibiles
1277 1102 1424 1148 sunt.

541 1185 658 1243 Dis.
718 1188 873 1243 Unde
929 1189 1121 1244 litterae
1157 1190 1425 1245 elementa
1470 1191 1761 1246 dicuntur?
1805 1223 1876 1233 -—-
1920 1193 2063 1251 ΜΑο.

470 1276 611 1347 Quia
638 1279 781 1335 sicut
820 1280 1088 1336 elementa
1120 1284 1370 1337 coeuntia
1416 1299 1613 1353 corpus
1654 1284 1960 1354 perﬁciunt,
1988 1288 2068 1342 sic

472 1372 559 1427 ha:
578 1373 964 1443 conglutinata:
994 1374 1284 1430 litteralem
1316 1391 1506 1431 vocem
1535 1388 1884 1447 componunt.

544 1462 645 1518 Fa.
678 1463 1038 1538 Da,'collega,
1085 1467 1409 1529 divisione.
1450 1469 1773 1524 litterarum.
1800 1501 1872 1510 —
1898 1470 2063 1527 Saxo.

473 1556 611 1612 Sunt
634 1565 729 1611 aut
753 1559 965 1614 vocales
1012 1568 1105 1615 aut
1130 1572 1510 1618 consonantes.
1544 1563 1676 1619 Item
1708 1573 2068 1620 consonantes

471 1648 786 1704 dividuntur
806 1650 860 1705 in
890 1650 1244 1709 semivocales
1267 1662 1322 1709 et
1347 1662 1541 1711 mutas.
1716 1652 1727 1663 ⁸

2169 441 2241 497 Ut
2269 460 2282 494 :
2306 441 2498 511 janua,
2545 451 2707 506 uates,
2738 440 2913 511 jecur,
2943 443 3158 508 veritas,
3189 441 3379 511 Jonas,
3412 453 3612 500 uotum.
3668 447 3766 504 Vel

2166 535 2214 589 si
2242 535 2345 590 sibi
2399 536 2528 604 ipsis
2576 544 2998 605 anteponuntur,
3033 545 3137 591 ut:
3168 537 3334 604 Juno,
3390 541 3555 611 uirgo.
3597 542 3765 600 Fiunt

2170 641 2389 696 quoque
2411 626 2493 681 ha:
2516 626 2644 696 ipsa:
2673 627 2881 692 mediae,
2914 628 3129 698 quando
3156 647 3188 699 ν
3213 629 3415 686 Graeca:
3446 631 3652 687 vocalis
3674 648 3764 689 so-

2168 733 2299 772 num
2328 716 2528 773 habent
2556 716 2651 790 [ut
2678 718 2759 791 i],
2792 721 3009 790 quando
3047 729 3169 791 post
3197 740 3231 775 u
3258 722 3376 779 loco
3405 726 3761 781 consonantis

2167 809 2341 879 posita
2383 807 2403 881 [
2427 808 2555 874 Ed.,
2589 811 2779 880 posita:
2803 810 2823 883 ]
2856 821 3113 881 sequente
3134 814 3189 880 d,
3214 815 3301 870 vel
3325 832 3399 882 m,
3416 816 3504 871 vel
3527 835 3572 882 r,
3600 819 3687 873 vel
3714 828 3759 884 ι,

2168 901 2315 956 vela:
2342 915 2360 953 :
2403 901 2572 965 uideo,
2619 904 2743 969 vim,
2790 904 2972 969 uirtus,
3004 906 3211 974 vitium,
3255 909 3360 963 vix.
3416 907 3462 962 U
3505 911 3761 966 eumdem

2168 994 2333 1049 habet
2378 1010 2590 1061 sonum,
2622 995 2673 1050 id
2699 1004 2782 1052 est
2826 1014 2878 1067 ει,
2917 1013 3041 1053 cum
3084 1000 3226 1055 inter
3262 1018 3294 1071 q
3319 1009 3375 1056 et
3408 1003 3569 1058 aliam
3600 1020 3768 1060 voca-

2168 1085 2299 1151 lem,
2330 1086 2415 1141 vel
2442 1097 2564 1157 post
2586 1105 2618 1158 g
2645 1098 2700 1143 et
2735 1088 2895 1143 aliam
2947 1092 3189 1146 vocalem
3236 1093 3290 1147 in
3322 1095 3515 1152 eadem
3555 1097 3771 1169 syllaba

2170 1175 2588 1251 [constituitur],
2619 1188 2682 1235 ut
2714 1182 2999 1251 :quisque,
3031 1185 3243 1255 pingue,
3272 1186 3474 1258 lingua.
3506 1190 3603 1246 Est
3632 1207 3771 1261 quo-

2168 1283 2275 1339 que
2303 1270 2396 1325 ubi
2426 1270 2444 1324 i
2472 1286 2571 1341 pro
2599 1270 2808 1327 duabus
2835 1274 3055 1343 ponitur
3075 1281 3521 1345 consonantibus,
3551 1283 3644 1337 ubi
3677 1285 3765 1340 in-

2169 1369 2254 1415 ter
2277 1360 2413 1416 duas
2432 1346 2646 1418 vocales
2668 1366 2907 1434 ponitur,
2931 1376 2994 1422 ut
3019 1387 3031 1421 :
3064 1368 3248 1440 Troja,
3277 1371 3447 1443 Maja.
3478 1375 3522 1430 U
3549 1392 3769 1449 quoque

2169 1447 2289 1505 loco
2315 1450 2543 1522 duplicis
2569 1452 2854 1524 digamma:
2879 1456 2933 1509 in
2956 1457 3282 1527 quibusdam
3314 1461 3450 1519 locis
3472 1447 3766 1536 accipitur,

2169 1547 2230 1593 ut
2259 1541 2421 1611 cupii,
2466 1542 2646 1600 brevis
2672 1545 2725 1611 i;
2752 1545 2956 1617 Cupivi,
2993 1548 3153 1621 longa
3194 1552 3232 1605 i.
3274 1552 3341 1607 Et
3386 1556 3700 1630 ubicunque
3741 1579 3770 1617 υ

2168 1632 2287 1690 loco
2315 1637 2666 1693 consonantis
2695 1640 2936 1709 ponitur,
2981 1657 3198 1714 semper
3222 1661 3321 1716 pro
3363 1649 3640 1721 digamma
3670 1654 3768 1711 ba.

539 1739 959 1809 Fn..Rationem
985 1760 1124 1814 pone
1157 1746 1382 1816 singulis
1417 1748 1868 1804 divisionibus.—
1891 1749 2059 1807 Saxo.
2096 1713 2142 1772 Β
2167 1728 2344 1783 benda
2369 1738 2473 1785 εει·

470 1831 699 1888 Vocales
748 1848 844 1904 per
886 1851 944 1890 se
973 1836 1324 1906 proferuntur
1356 1848 1407 1893 et
1438 1852 1536 1909 per
1584 1857 1643 1895 se
1692 1841 1955 1913 syllabam
1987 1843 2068 1897 fa-

468 1922 640 1978 ciunt.
698 1924 1073 1983 Consonantes
1126 1945 1227 1985 nec
1273 1946 1370 1999 per
1404 1948 1462 1985 se
1491 1932 1630 1987 edici
1669 1944 1919 2003 possunt,
1964 1951 2067 1992 nec

465 2029 568 2084 per
591 2031 651 2072 se
684 2018 949 2089 syllabam
974 2020 1174 2076 facere.

537 2105 653 2162 Dis.
700 2108 1003 2176 Habentne,
1052 2112 1336 2182 magister,
1383 2113 1613 2168 alteram
1650 2116 1918 2171 rationem
1966 2132 2067 2172 cur

466 2197 816 2255 dividantur?
854 2233 927 2243 -—
978 2203 1119 2259 MAG.
1170 2205 1402 2259 Habent.
1468 2206 1695 2262 Vocales
1746 2218 1871 2263 sunt
1924 2210 2065 2265 sicut

465 2290 682 2356 animm,
717 2303 1083 2348 consonantes
1112 2296 1255 2349 sicut
1276 2311 1521 2365 corpora.
1550 2297 1744 2352 Anima
1770 2312 1900 2353 vero
1931 2308 1986 2355 et
2005 2315 2065 2355 se

466 2391 652 2437 movet
699 2392 755 2437 et
798 2400 1012 2455 corpus.
1059 2386 1266 2457 Corpus
1324 2404 1454 2442 vero
1501 2389 1779 2445 immobile
1816 2400 1902 2446 est
1946 2392 2065 2447 sine

466 2474 669 2528 anima.
722 2474 814 2531 Sic
853 2486 979 2532 sunt
1030 2488 1393 2534 consonantes
1434 2481 1551 2536 sine
1580 2482 1874 2537 vocalibus.
1926 2482 2063 2538 Nam

465 2564 630 2619 scribi
676 2577 903 2635 possunt
929 2583 1028 2637 per
1056 2582 1142 2633 se;
1183 2569 1321 2625 edici
1343 2586 1473 2626 vero
1498 2572 1585 2627 vel
1612 2582 1935 2644 potestatein.
1964 2575 2064 2629 ha-

465 2652 597 2711 bere
626 2657 744 2713 sine
779 2659 1058 2716 vocalibus
1099 2671 1393 2732 nequeunt.

535 2745 635 2801 Fu.
663 2747 816 2804 Unde
844 2750 1003 2806 dieue
1038 2750 1166 2806 sunt
1196 2754 1412 2809 vocales
1460 2763 1515 2809 et
1563 2760 1963 2815 consonantes?
1990 2791 2062 2803 —

463 2835 630 2894 Suo.
657 2840 887 2896 Vocales
934 2844 1095 2898 dicta:
1135 2854 1285 2911 sunt,
1317 2847 1444 2913 quia
1488 2862 1587 2917 per
1624 2864 1682 2903 se
1724 2865 1913 2905 vocem
1957 2852 2062 2907 im-

459 2928 645 2999 pleant
697 2933 842 2988 nulla
898 2936 1212 2992 adhaerente
1268 2948 1622 2995 consonante.
1682 2941 2059 3001 Consonantes

460 3030 668 3078 vocata:
716 3033 860 3091 sunt,
890 3028 1017 3096 quia
1049 3043 1146 3098 per
1172 3043 1230 3084 se
1257 3045 1366 3084 non
1394 3040 1612 3098 sonant,
1642 3033 1738 3088 sed
1778 3034 2057 3093 vocalibus

463 3124 784 3171 consonant.

532 3206 633 3261 Fit.
660 3207 799 3275 Quae
833 3218 917 3264 est
952 3210 1257 3268 differentia
1286 3215 1428 3271 inter
1463 3217 1817 3274 semivocales
1857 3229 1912 3275 et
1936 3236 2056 3275 mu-

461 3299 581 3352 tas?
607 3329 681 3342 ——
708 3298 874 3357 Saxo.
906 3302 1178 3369 Quantum
1221 3307 1368 3360 enim
1408 3324 1438 3362 a
1470 3309 1749 3365 vocalibus
1797 3327 2056 3383 superan-

458 3400 552 3445 tur
582 3393 962 3460 semivocales,
1019 3406 1227 3453 tantum
1258 3402 1608 3460 semivocales
1657 3417 1916 3476 superant
1936 3424 2055 3462 mu-

462 3493 567 3538 tas.
593 3482 729 3538 Nam
756 3501 786 3540 a
809 3487 1088 3544 vocalibus
1124 3490 1390 3562 incipiunt
1414 3503 1469 3550 et
1498 3496 1553 3551 in
1588 3513 1648 3553 se
1667 3498 1921 3555 desinunt
1954 3520 1967 3557 :
2001 3510 2055 3558 et

459 3574 652 3645 majori
676 3580 946 3648 euphonia
969 3592 1185 3649 sonant,
1228 3593 1285 3640 et
1313 3587 1507 3657 smpius
1533 3590 1797 3648 dictiones
1822 3595 2055 3651 semivo-

460 3666 668 3723 calibus
692 3684 855 3739 quam
886 3674 1075 3739 mutis,
1104 3683 1328 3745 propter
1356 3680 1706 3749 euphoniam,
1735 3685 1787 3739 id
1813 3696 1919 3752 est,
1958 3703 2051 3743 so-

458 3760 770 3827 ueritatem,
799 3762 1080 3821 ﬁniuntur.
1131 3766 1292 3824 Muta:
1320 3786 1449 3828 vero
1477 3788 1508 3826 a
1534 3788 1591 3829 se
1616 3775 1885 3847 incipiunt
1913 3789 1967 3835 et
1994 3782 2051 3839 in

459 3851 674 3909 vocales
699 3856 953 3912 desinunt
980 3867 1035 3914 et
1074 3860 1369 3918 deformius
1399 3875 1614 3921 sonant.

528 3943 628 3999 Fa.
662 3946 732 4001 Ut
755 3962 896 4014 reor,
940 3950 992 4003 in
1014 3950 1224 4008 Donato
1248 3954 1497 4026 legimus,
1538 3959 1642 4015 tria
1673 3963 1938 4021 accidisse
1966 3966 2053 4021 lit-

457 4036 594 4091 teris
618 4055 630 4091 :
660 4053 876 4107 nomen,
905 4040 1153 4112 ﬁguram,
1186 4053 1531 4114 potestatem.
1566 4051 1645 4107 De
1667 4055 1976 4112 nominibus
1996 4067 2051 4114 et

457 4125 646 4198 ﬁguris
674 4146 781 4185 non
816 4142 900 4188 est
933 4150 1070 4204 opus
1113 4136 1314 4205 dicere,
1347 4142 1442 4197 sed
1486 4143 1551 4198 de
1595 4152 1862 4214 potestate
1885 4148 2050 4204 velim

456 4218 632 4285 dicas,
648 4230 703 4275 et
732 4224 910 4292 primo
939 4227 1226 4283 vocalium.
1246 4262 1318 4271 —
1335 4231 1499 4290 Saxo.
1523 4233 1752 4291 Vocales
1766 4240 2051 4310 suntapud

460 4308 684 4366 Latinos
731 4315 988 4384 quinque.
1034 4318 1167 4374 Nam
1192 4322 1484 4391 ylitteram
1532 4336 1743 4383 sextam
1782 4308 2046 4400 vocalem,

458 4413 622 4454 causa
651 4399 962 4460 Griecorum
1004 4410 1304 4478 nominum,
1337 4430 1681 4487 assumpsere
1710 4421 1910 4489 Latini,
1943 4425 2049 4480 sic—
2077 4434 2126 4494 ι)

458 4495 519 4542 ut
544 4498 599 4543 et
626 4506 655 4542 z
680 4502 1088 4549 consonantem.
1131 4499 1320 4570 Itaque
1355 4505 1570 4561 vocales
1615 4517 1671 4563 et
1711 4526 1809 4580 per
1858 4528 1917 4568 se
1943 4555 1958 4581 ,
1989 4523 2050 4570 ut

459 4578 662 4633 dictum
707 4589 823 4665 est,
869 4581 1074 4639 faciunt
1116 4588 1380 4659 syllabas;
1440 4595 1626 4664 plenas
1662 4578 1878 4672 quoque
1921 4578 2049 4661 sola:

455 4670 646 4738 positae
673 4674 889 4744 explent
915 4685 1122 4746 partes;
1156 4680 1221 4746 Α,
1252 4693 1311 4738 ut
1338 4702 1353 4741 :

581 4784 623 4832 Α
639 4784 756 4834 mihi
777 4798 876 4837 non
900 4796 1101 4842 teneras
1121 4792 1305 4857 glacies
1320 4808 1459 4852 secet
1486 4814 1657 4867 aspera
1682 4804 1870 4867 plantas
1894 4808 1952 4859 ⁸3

456 4865 528 4934 Ε,
559 4876 671 4925 ut:

705 4987 893 5042 Sittens
914 4992 1059 5044 simul
1082 4996 1245 5049 ebibit
1266 5011 1481 5052 amnem.

451 5086 715 5157 0,ut:‘

583 5204 624 5256 0
648 5208 692 5257 si
716 5207 966 5263 Gallorum
992 5214 1146 5267 victor
1167 5229 1443 5276 remeasset
1467 5227 1516 5276 in
1541 5228 1719 5282 urbem
1746 5232 1760 5281 ι

454 5304 485 5359 I
508 5324 721 5381 quoque
744 5315 969 5372 verbum
998 5327 1120 5374 est:

578 5420 619 5484 Ι,
640 5422 812 5487 decus,
839 5427 1090 5480 inostrum
1111 5433 1399 5487 melioribus
1422 5444 1569 5491 utere
1594 5438 1707 5493 fatis
1726 5441 1756 5481 ιι
1778 5444 1792 5493 !

455 5519 560 5576 Sed
599 5523 699 5579 let
729 5527 774 5583 U
820 5537 1102 5589 transeunt
1150 5537 1206 5593 in
1245 5545 1666 5601 consonantium
1696 5557 2041 5623 potestatem,

524 5645 555 5730 ἶ
777 5659 810 5697 x
843 5643 981 5730 [32].,
1009 5647 1249 5730 49,31“
1278 5656 1373 5708 tibi
1399 5674 1461 5711 ne
1488 5668 1713 5730 teneras,
1742 5674 1847 5721 etc.

527 5704 555 5744 δ
583 5704 755 5787 Virg,
780 5704 1008 5789 νιᾸῐιιί.
1042 5704 1165 5778 ὅλϐ.

2240 1818 2341 1875 Fn.
2396 1820 2677 1879 Habentne
2722 1825 2916 1895 aliqua!
2959 1842 3027 1883 ex
3077 1834 3504 1890 consonantibus
3555 1837 3766 1908 aliquas

2169 1908 2474 1977 singulares
2494 1918 2829 1982 potestates?
2854 1948 2927 1959 ——
2958 1917 3126 1977 Suo.
3148 1921 3376 1979 Habent.
3407 1924 3594 1982 Primo
3621 1930 3762 1997 quod

2169 2015 2503 2071 unaquaeque
2525 2019 2680 2059 suam
2712 2007 2874 2063 habet
2903 2017 3248 2079 potestatem,
3289 2014 3433 2069 sicut
3474 2024 3531 2071 et
3568 2031 3763 2074 nomen

2167 2097 2224 2145 et
2261 2089 2525 2161 ﬁguram;
2552 2103 2677 2148 sunt
2701 2096 2899 2166 aliqua:
2924 2115 2991 2154 ex
3022 2100 3128 2155 illis
3157 2100 3395 2172 liquidae,
3425 2121 3547 2175 quae
3579 2116 3635 2161 et
3652 2109 3761 2164 vim

2168 2184 2585 2240 consonantium
2630 2188 2904 2245 amittunt.
2951 2190 3226 2248 Accentus
3257 2210 3476 2267 quoque
3521 2214 3664 2270 saepe
3705 2201 3759 2255 in

2166 2288 2329 2344 prosa
2354 2284 2588 2333 mutant.

2236 2366 2335 2422 Fa.
2367 2369 2495 2436 Quae
2530 2381 2657 2427 sunt
2685 2374 3060 2433 “laeti—Saxo.
3092 2378 3157 2445 L,
3185 2379 3252 2447 R,
3286 2380 3358 2447 Μ,
3395 2381 3461 2436 Ν.
3505 2382 3614 2440 Sed
3645 2383 3759 2441 etS

2165 2473 2382 2529 quoque
2409 2462 2702 2533 singularis
2729 2474 2811 2520 est
2854 2470 3156 2536 potestatis.
3202 2471 3247 2525 Η
3284 2488 3502 2544 quoque
3551 2477 3759 2547 aspira-

2164 2548 2329 2605 tionis
2355 2560 2502 2607 nota.
2548 2552 2594 2606 Χ
2623 2570 2753 2610 vero
2782 2565 2838 2611 et
2866 2557 2905 2611 Ζ
2936 2559 3179 2629 duplices
3212 2570 3357 2616 sunt.
3401 2562 3509 2619 Sed
3547 2565 3646 2621 has
3672 2581 3758 2620 ra-

2166 2640 2341 2697 tiones
2364 2647 2604 2700 metricae
2629 2648 2945 2713 subtilitatis
2967 2666 3087 2707 esse
3124 2668 3271 2721 reor,
3302 2655 3357 2708 in
3385 2656 3585 2725 quibus
3626 2672 3751 2713 nec-

2165 2734 2293 2792 dutn
2314 2739 2507 2794 eruditi
2542 2756 2749 2797 sumus.
2798 2743 2921 2800 Ideo
2952 2745 3061 2801 noli
3093 2762 3181 2802 me
3204 2748 3271 2803 de
3309 2748 3418 2805 illis
3449 2750 3570 2821 plus
3598 2751 3756 2808 inter-

2164 2843 2382 2901 rogare,
2412 2831 2506 2888 sed
2526 2832 2848 2892 festinemus
2876 2838 2945 2893 ad
2968 2838 3224 2910 syllabas.

2731 2969 2821 3025 DE
2860 2969 3195 3029 SYLLABA.

2087 3075 2136 3141 C
2243 3077 2340 3133 Fn.
2369 3079 2587 3151 Syllaba
2609 3082 2856 3152 quid?—
2882 3085 3047 3143 Saxo.
3089 3088 3204 3144 Vox
3226 3088 3478 3147 litteralis
3503 3094 3603 3147 sub
3647 3107 3755 3149 uno

2160 3181 2388 3227 accentu
2411 3182 2467 3227 et
2487 3189 2595 3229 uno
2619 3176 2814 3244 spiritu
2842 3179 3053 3247 prolata

2228 3263 2393 3334 270
2414 3263 2511 3318 Fn.
2540 3263 2683 3331 Quot
2704 3266 2898 3323 litteris
2928 3268 3065 3325 ﬁunt
3099 3270 3351 3342 syllabae?
3375 3299 3444 3315 -ιι
3468 3274 3640 3330 Suo.
3668 3274 3751 3331 Ab

2156 3369 2266 3409 una
2295 3355 2561 3426 incipiens
2582 3374 2755 3430 usque
2779 3361 2846 3416 ad
2868 3376 2963 3416 sex
2992 3380 3004 3416 :
3038 3379 3093 3429 a,
3117 3363 3200 3430 ab,
3227 3365 3342 3423 abs.
3370 3366 3539 3437 Mars,
3577 3376 3747 3434 stans.

2156 3445 2336 3516 stirps.

2226 3535 2325 3591 Fn.
2359 3536 2535 3593 Habet
2567 3540 2771 3611 syllaba
2801 3559 3022 3600 sensum
3049 3560 3149 3615 per
3182 3549 3278 3603 se?
3305 3547 3471 3606 Suo.
3502 3549 3615 3605 Non
3650 3551 3751 3606 hac

2154 3626 2268 3693 bet,
2296 3628 2401 3684 nisi
2436 3631 2596 3701 plena
2624 3632 2791 3690 dictio
2818 3652 2917 3706 per
2944 3653 3108 3693 unam
3138 3639 3397 3710 syllabam
3426 3650 3658 3709 constet,
3690 3650 3750 3698 ut

2154 3734 2266 3784 ars,
2295 3719 2383 3783 do,
2417 3723 2525 3789 dic,
2556 3733 2611 3779 et
2633 3724 2760 3779 alia.

2223 3811 2323 3866 Fn.
2348 3811 2579 3885 Syllaba:
2605 3820 3003 3887 quotaccidunt
3028 3821 3161 3895 [Al.,
3180 3825 3737 3899 accedunt]?—S.ixo.

2154 3903 2397 3972 Quatuor
2426 3925 2439 3961 :
2468 3916 2645 3977 tenor,
2672 3914 2919 3982 spiritus,
2958 3924 3191 3986 tempus,
3222 3934 3502 3974 numerus.
3540 3921 3741 3975 Accen-

2153 4003 2270 4062 tus;
2320 4007 2533 4065 acutus,
2582 4003 2784 4073 gravis,
2817 4006 3228 4075 circumﬂexus;
3264 4010 3316 4064 in
3355 4010 3587 4067 dictione
3624 4028 3749 4068 cer-

2154 4094 2263 4152 tus,
2315 4088 2520 4161 absque
2566 4093 2803 4150 dictione
2850 4097 3120 4166 incertus;
3176 4117 3282 4157 non
3335 4113 3513 4172 potest
3559 4114 3748 4162 tamen

2152 4183 2270 4238 sine
2317 4200 2383 4241 eo
2435 4202 2577 4244 esse.
2612 4189 2880 4261 Spiritus;
2934 4210 3095 4267 asper
3136 4197 3221 4254 vel
3269 4198 3425 4256 lenis.
3479 4199 3747 4273 Tempust

2151 4279 2235 4334 vel
2261 4297 2299 4336 ιι
2335 4280 2488 4355 [Με.ν
2516 4301 2684 4340 unum
2711 4287 2796 4343 vel
2830 4288 2980 4362 duo].
3013 4290 3281 4348 Numerus
3310 4294 3635 4351 litterarum.

2222 4370 2322 4425 Fa.
2350 4372 2631 4439 Quomodo
2654 4378 2818 4435 habet
2840 4380 3042 4451 syllaba
3066 4399 3232 4439 unum
3257 4395 3469 4455 tempus
3495 4387 3575 4443 vel
3599 4388 3755 4447 duo?

2151 4492 2222 4502 —
2248 4461 2414 4521 Suo.
2443 4466 2631 4524 Brevis
2655 4470 2862 4541 syllaba
2887 4488 3053 4528 unum
3081 4476 3267 4539 habet,
3296 4476 3452 4547 longa
3474 4478 3595 4534 duo.

2222 4553 2321 4611 Fs.
2366 4557 2646 4625 Quomodo
2695 4562 2832 4618 ﬁunt
2872 4565 3067 4621 breves
3116 4567 3201 4622 vel
3237 4568 3443 4638 longae?
3473 4600 3542 4610 --
3569 4569 3748 4629 Saxo.

2149 4644 2350 4704 Breves
2397 4648 2532 4705 ﬁunt
2578 4662 2775 4710 natura
2800 4664 2855 4711 et
2893 4664 3163 4726 potestate
3188 4670 3210 4698 ο
3246 4659 3441 4732 [longze
3469 4673 3666 4717 natura
3691 4672 3750 4720 et

2149 4741 2461 4815 positione].
2512 4744 2703 4801 Brevis
2748 4756 2832 4803 est
2883 4760 3102 4817 natura,
3137 4752 3268 4807 dum
3305 4755 3503 4825 raptim
3542 4757 3748 4814 vocalis

2149 4834 2501 4901 enuntiatur,
2551 4845 2654 4891 ut:
2684 4848 2852 4907 pater.
2901 4840 3108 4912 Longa,
3153 4841 3283 4898 dum
3331 4855 3571 4901 moratur
3612 4862 3747 4913 vox,

2148 4931 2209 4977 ut
2237 4934 2461 4979 :mater.
2502 4925 2594 4982 Vel
2640 4930 2767 4985 dum
2799 4930 2919 4987 dum
2960 4932 3177 4990 vocales
3220 4934 3275 4990 in
3305 4951 3466 4991 unam
3512 4952 3750 4993 concur-

2149 5022 2275 5068 runt
2307 5015 2587 5084 syllabam,
2634 5022 2780 5089 quod
2831 5022 3203 5096 diphthongon
3244 5036 3442 5081 vocant
3472 5041 3488 5080 :
3517 5034 3570 5083 et
3616 5036 3749 5083 sunt

2148 5105 2288 5161 tales
2311 5111 2729 5180 compositiones
2749 5114 2989 5185 quinque
3017 5135 3029 5171 :
3063 5134 3129 5182 te,
3154 5134 3229 5182 te;
3244 5136 3336 5184 au,
3358 5136 3447 5186 cu,
3472 5122 3540 5175 ei.

2216 5196 2315 5253 Fa.
2368 5199 2520 5257 Unde
2578 5203 2777 5260 dicitur
2830 5206 3514 5280 diphthongos?—Suo.
3568 5212 3748 5280 Quasi

2147 5286 2322 5345 dualis
2352 5306 2477 5346 vox.
2522 5291 2658 5349 Nam
2687 5297 2901 5367 quoties
2929 5299 3158 5355 duarum
3196 5303 3464 5359 vocalium
3492 5320 3656 5361 voces
3684 5307 3745 5363 in

2147 5395 2311 5435 unam
2335 5382 2599 5454 syllabam
2626 5394 2680 5441 et
2709 5387 2766 5442 in
2791 5404 2955 5445 unam
2984 5407 3174 5449 vocem
3201 5405 3417 5461 coeunt,
3450 5397 3748 5467 diphthon-

2052 5496 2055 5499 <
2145 5488 2243 5544 gos
2274 5474 2492 5531 dicitur.

2216 5565 2314 5621 Fa.
2357 5567 2499 5636 Quot
2521 5572 2698 5628 modis
2727 5572 2861 5629 ﬁunt
2886 5576 3106 5648 syllaba:
3134 5581 3401 5649 positione
3428 5582 3602 5655 longe
3622 5586 3648 5642 ἳ
3665 5614 3747 5632 —

2218 5694 2241 5722 ε
2267 5682 2398 5741 Cod.
2432 5702 2557 5755 ως..
2582 5689 2769 5747 Breves
2790 5693 2925 5762 [ium
2948 5676 3141 5756 natura
3168 5700 3451 5758 vocalium.
