4062 6346
168 5117 231 5145 Γ.

315 234 419 293 857

1416 234 1885 293 DIDASCALICA.
1925 264 1997 277 —
2034 232 2512 294 GRAMMATICA.

3466 238 3574 298 858

309 351 479 413 Saxo.
530 350 657 408 Sex.
700 350 837 408 Cum
876 359 1123 421 correpta
1166 352 1369 409 vocalis
1413 353 1468 408 in
1520 353 1653 410 duas
1695 353 1890 409 desinit
1916 358 1969 419 Α
1994 351 2133 409 MAG.
2160 353 2218 409 In
2246 371 2397 411 xxvx.
2428 353 2487 411 ln
2506 370 2717 423 vocem,
2750 355 2806 411 in
2834 355 3067 422 litteras,
3089 354 3146 411 in
3169 354 3420 427 syllabas,
3447 370 3577 427 pars

308 451 690 509 consonantes,
737 452 832 500 ut:
868 455 964 499 ast.
1011 444 1118 499 Aut
1161 445 1217 500 in
1251 461 1414 500 unam
1455 446 1737 516 duplicem,
1788 454 1887 500 ut:

1996 451 2095 509 tes,
2127 445 2414 514 dictiones,
2458 449 2753 514 orationes,
2784 448 3145 513 deﬁnitiones,
3174 450 3358 519 pedes,
3382 465 3577 508 accen-

309 536 440 593 dunt.
472 537 580 592 Aut
605 538 660 591 in
691 555 855 594 unam
880 540 1078 595 desinit
1113 550 1502 597 consonantem
1543 550 1598 597 et
1624 542 1895 612 excipitur
1993 544 2102 602 tus,
2133 539 2425 607 posituras,
2469 550 2645 606 notas,
2689 542 3086 612 orthographite
3116 541 3269 613 [Ms.,
3294 544 3578 615 orthogra-

309 632 379 687 ab
415 631 615 697 altera,
640 640 700 686 ut
728 650 741 685 :
767 650 912 687 arca.
940 633 1047 689 Aut
1088 636 1359 706 excipitur
1387 637 1453 690 ab
1472 653 1510 691 at
1537 637 1753 706 duplici,
1782 645 1841 691 ut
1872 655 1887 692 :

308 725 444 778 axis.
476 725 584 778 Aut
602 724 633 792 j
665 724 783 779 loco
828 728 1175 783 consonantis
1202 730 1397 799 posita,
1441 737 1539 784 ut:
1573 729 1753 799 Troja.
1783 729 1894 785 Aut

303 814 507 871 desinit
559 816 615 871 in
662 826 1049 874 consonantem
1096 819 1196 892 [et]
1232 821 1499 891 excipitur
1537 822 1605 876 ab
1643 822 1681 887 i,
1712 822 1795 877 vel
1830 839 1885 888 ιι,

306 908 427 965 loco
450 911 799 966 consonantis
820 913 1016 981 posita,
1043 922 1104 967 ut
1132 932 1144 967 :
1178 915 1401 980 advena,
1432 916 1665 985 adjutor.

378 999 478 1055 Fn.
519 1000 575 1055 Si
614 1000 748 1075 [Pro
775 1002 867 1075 an]
910 1019 1131 1060 necesse
1160 1012 1243 1060 est
1268 1021 1702 1075 unamquamque
1725 1007 1887 1078 sylla-

304 1092 429 1148 bam
475 1092 689 1163 longam
740 1110 860 1150 esse
898 1096 981 1151 vel
1024 1096 1281 1152 brevem?
1304 1128 1374 1137 —
1403 1097 1567 1152 Saxo.
1606 1096 1743 1152 Sunt
1784 1096 1890 1169 syl-

304 1182 440 1239 laba:
464 1183 606 1256 [quae
630 1186 904 1259 dicuntur]
930 1203 1265 1244 communes.
1299 1189 1429 1255 Qua:
1457 1190 1523 1244 ad
1544 1198 1730 1245 votum
1758 1206 1887 1261 poe-

303 1282 483 1330 tarum
524 1285 750 1346 possunt
776 1278 860 1333 vel
889 1278 1078 1335 breves
1108 1280 1193 1335 vel
1223 1274 1394 1353 longa:
1422 1296 1562 1339 esse.
1614 1282 1721 1339 Sed
1747 1285 1883 1352 haec,

301 1370 429 1439 quia
456 1371 523 1427 ad
550 1373 802 1428 metricos
826 1375 1119 1444 pertinent,
1147 1375 1538 1446 relinquamus.

372 1460 471 1516 Fn.
516 1462 682 1534 Magis
720 1464 1115 1538 interrogemus
1142 1468 1483 1538 magistrum,
1513 1484 1582 1525 ne
1612 1470 1784 1541 ignari
1814 1471 1887 1526 si-

300 1568 423 1609 mus
448 1555 606 1625 hujus
632 1572 847 1627 quoque
871 1560 1117 1615 rationis.

1992 627 2339 701 pbiam.....],
2368 630 2649 701 analogiae,
2687 632 3044 703 etymologiae,
3069 633 3295 704 glossas,
3324 635 3577 693 diﬁ'eren-

1993 719 2118 786 tias,
2143 722 2303 791 271
2343 722 2762 791 barbarismum,
2806 724 3194 791 soloecismum,
3230 727 3362 783 vitia
3416 728 3575 801 [κω

1991 813 2225 886 vitium],
2274 816 2704 887 metaplasmum,
2739 819 3039 885 schemata,
3087 826 3291 890 tropos,
3333 835 3572 890 prosam,

1987 914 2187 969 metra,
2218 906 2449 973 fabulas,
2470 909 2745 965 historias.

2059 1000 2169 1057 Dts.
2200 1002 2276 1057 De
2305 1003 2424 1058 istis
2463 1003 2706 1075 singulis,
2746 1014 3038 1076 antequam
3078 1007 3145 1063 ad
3186 1007 3422 1078 partium
3450 1016 3573 1064 ten-

1988 1100 2178 1155 damus
2206 1099 2649 1169 disputationem,
2693 1100 2926 1170 aliquam
2950 1102 3311 1172 cognitionem
3336 1103 3574 1158 edissere

1988 1191 2167 1256 nobis,
2206 1191 2486 1261 magister,
2524 1205 2623 1261 per
2662 1192 2871 1262 singula
2907 1208 3155 1248 currens.
3182 1193 3414 1249 —MAG.
3452 1192 3573 1249 Jam

1986 1282 2053 1336 de
2079 1297 2228 1346 voce,
2264 1281 2439 1336 littera
2465 1290 2520 1336 et
2544 1280 2746 1351 syllaba
2777 1282 2832 1336 in
2871 1284 3240 1352 superioribus
3288 1285 3571 1341 habuistis.

1984 1369 2158 1425 Dictio
2178 1379 2263 1426 est
2286 1388 2412 1441 pars
2439 1372 2665 1427 minima
2688 1374 2839 1429 vocis
2862 1382 3210 1441 construct'e,
3237 1375 3567 1447 plenumque

1986 1476 2203 1516 sensum
2253 1463 2523 1518 habentis.
2573 1463 2757 1521 Oraio
2796 1474 2880 1521 est
2922 1468 3193 1522 ordinatio
3237 1468 3571 1535 dictionum,

1986 1571 2276 1627 congruam
2318 1557 2642 1612 sententiam
2700 1559 3103 1631 perfectamque
3152 1562 3571 1617 demonstrans:

373 1645 485 1701 DIS.
517 1647 615 1703 Dic
659 1650 836 1715 nobis,
867 1652 1144 1722 magister,
1171 1669 1279 1723 qua
1319 1655 1531 1711 ratione
1565 1656 1649 1711 vel
1689 1659 1884 1727 quibus
1918 1718 1957 1727 _
1985 1656 2040 1701 et
2061 1656 2144 1702 est
2163 1647 2339 1702 oratio
2369 1648 2512 1702 dicta
2543 1650 2697 1719 quasi
2718 1651 2831 1706 oris
2857 1651 3016 1706 ratio.
3050 1652 3300 1722 Deﬁnitio
3343 1663 3428 1709 est
3446 1654 3569 1710 bre-

300 1738 475 1794 modis
498 1754 816 1796 communes
839 1752 1066 1812 possunt
1093 1758 1212 1800 esse
1238 1745 1491 1817 syllabae?
1509 1779 1582 1789 —
1608 1749 1747 1806 MAG.
1780 1751 1884 1806 No-

1986 1738 2069 1792 vis
2088 1739 2284 1803 oratio,
2314 1754 2753 1811 unamquamque
2784 1756 2899 1795 rem
2927 1744 3147 1812 propria
3178 1744 3574 1814 signiﬁcatione

295 1840 424 1882 vem
474 1828 650 1884 modis
702 1830 836 1885 ﬁunt
895 1833 1115 1903 syllabae
1169 1851 1505 1894 communes.
1563 1839 1888 1898 Communes

295 1927 444 1982 sum,
481 1935 603 1975 cum
629 1931 881 1993 correpta
910 1925 1112 1981 vocalis
1139 1928 1191 1981 in
1226 1930 1403 1984 medio
1433 1934 1600 1987 verbo
1621 1935 1890 2003 excipitur

294 2024 330 2066 a
350 2010 562 2068 duabus
605 2017 1045 2081 consonantibus,
1084 2033 1311 2088 quarum
1349 2022 1496 2091 prior
1524 2033 1672 2079 mnta
1702 2025 1888 2094 quteli-

293 2099 387 2157 bet
428 2109 531 2168 est,
580 2104 665 2158 vel
706 2106 1094 2175 fsemivocalis
1124 2129 1135 2163 :
1168 2115 1436 2181 posterior
1479 2115 1718 2184 liquida,
1769 2126 1829 2172 ut
1868 2136 1881 2171 :

297 2194 566 2264 Tenebrae,
596 2200 866 2269 pharetra,
900 2206 1094 2273 reﬂuit.
1125 2206 1254 2271 Aut,
1284 2224 1403 2263 cum
1432 2224 1681 2281 correpta
1723 2228 1886 2268 voca-

295 2285 365 2341 lis
410 2288 464 2343 in
503 2302 889 2348 consonantem
924 2296 1137 2362 desinit,
1184 2300 1453 2369 excipitur
1476 2301 1544 2355 ab
1586 2301 1641 2366 Ιι,
1671 2311 1728 2356 ιιι
1761 2320 1772 2355 :
1807 2304 1887 2356 vir

294 2379 527 2435 humilis.
563 2382 670 2437 Aut
712 2399 837 2440 cum
884 2388 1065 2458 aliqua
1108 2390 1312 2461 syllaba
1342 2393 1394 2447 in
1421 2393 1637 2450 brevem
1687 2396 1885 2452 des'nit

294 2474 557 2539 vocalem,
589 2485 643 2531 et
668 2480 939 2550 excipitur
968 2499 998 2537 a
1024 2484 1232 2541 duabus
1272 2491 1716 2553 consonantibus,
1751 2507 1885 2561 qua-

293 2578 416 2651 rum
440 2567 591 2636 prior
617 2578 776 2637 ests,
810 2580 904 2626 ut:
936 2574 1057 2628 alba
1091 2578 1423 2647 smaragdus.
1468 2578 1571 2634 Aut
1600 2596 1720 2635 cum
1763 2592 1886 2651 post

294 2650 509 2726 [pedem
529 2656 658 2728 (Ms.
706 2662 876 2731 pedes
906 2664 1064 2736 duos)
1106 2669 1423 2742 quemlibet]
1453 2688 1500 2725 ιι.
1526 2687 1556 2725 a
1586 2650 1775 2728 brevis
1794 2690 1880 2729 re-

291 2753 559 2810 manserit
582 2755 787 2826 syllaba
815 2758 883 2813 de
909 2760 1097 2827 verbo,
1118 2768 1178 2816 ut
1201 2780 1214 2815 :

415 2876 591 2930 Omnis
619 2881 773 2932 vincit
796 2894 953 2945 amor,
981 2889 1033 2935 et
1055 2898 1142 2934 nos
1164 2887 1395 2937 cedamus
1418 2890 1566 2937 amori
1589 2890 1616 2919 ⁸

1987 1826 2336 1894 concludens,
2363 1837 2424 1883 ut
2448 1847 2460 1882 :
2490 1830 2643 1883 homo
2672 1840 2747 1884 est
2786 1830 2985 1885 animal
3015 1833 3257 1897 mortale,
3288 1833 3572 1902 rationale,

1987 1922 2126 1976 risus
2170 1938 2358 1992 capax.
2395 1920 2546 1977 Scire
2590 1923 2757 1993 igitur
2800 1924 3009 1979 debetis
3056 1926 3201 1995 quod
3236 1926 3477 1981 deﬁnitio
3507 1926 3575 1983 ad

1986 2027 2176 2067 omnes
2206 2012 2521 2083 disciplinas
2541 2020 2597 2068 et
2620 2029 2706 2068 res
2731 2015 2988 2084 pertinet.
3015 2012 3117 2069 Pes
3140 2023 3222 2071 est
3245 2016 3575 2087 syllabarum

1986 2103 2304 2172 compositio
2327 2110 2383 2158 et
2414 2113 2717 2172 temporum
2742 2114 2893 2159 certa
2930 2106 3193 2162 dimensio
3222 2104 3375 2179 [Ms.,
3414 2108 3573 2162 dinu-

1986 2192 2257 2266 meratio].
2286 2194 2457 2249 Pedes
2482 2195 2636 2260 dicti,
2667 2211 2733 2250 eo
2760 2197 2904 2265 quod
2939 2197 3072 2267 ipsis
3102 2196 3253 2269 [Ms.,
3282 2214 3382 2269 per
3402 2198 3572 2273 ipsos]

1984 2294 2158 2340 metra
2195 2285 2490 2339 ambulent.
2544 2286 2802 2340 Accentus
2849 2296 2934 2342 est
2985 2295 3136 2343 certa
3170 2288 3258 2344 lex
3287 2298 3343 2344 et
3386 2291 3574 2362 regula

1984 2377 2053 2431 ad
2089 2377 2370 2431 levandam
2397 2384 2453 2432 ct
2479 2378 2946 2448 comprimendam
2992 2378 3275 2450 syllabam.
3309 2380 3575 2437 Positum

1985 2477 2110 2524 sunt
2139 2470 2323 2540 puncti
2352 2469 2421 2523 ad
2453 2470 2861 2541 distinguendos
2905 2487 3118 2529 sensus.
3155 2473 3314 2528 Nota:
3358 2483 3481 2529 sunt
3512 2475 3577 2531 ﬁ-

1984 2578 2133 2633 gura:
2175 2563 2441 2633 qutedam,
2474 2563 2559 2620 vel
2590 2565 2656 2618 ad
2683 2564 2982 2620 brevianda
3021 2566 3205 2631 verba,
3250 2567 3335 2622 vel
3384 2584 3576 2626 sensus

1984 2652 2366 2722 exprimendos
2395 2667 2410 2705 :
2444 2653 2528 2706 vel
2556 2654 2626 2708 ob
2657 2654 2901 2709 diversas
2926 2669 3123 2709 causas
3156 2656 3483 2719 cnnstitutte,
3514 2664 3576 2710 ut

1983 2745 2039 2798 in
2070 2744 2351 2815 Scriptura
2396 2759 2552 2799 sacra
2581 2743 2769 2800 obelus
2800 2760 2861 2799 -ς-
2894 2786 2908 2806 .
2946 2745 3032 2799 vel
3065 2746 3359 2800 asteriscus
3386 2747 3423 2799 ‘.
3473 2744 3576 2800 0r-

1982 2838 2297 2908 thographia
2343 2845 2429 2893 est
2453 2847 2600 2892 recta
2631 2838 2919 2907 scriptura,
2967 2848 3027 2892 ut
3053 2849 3183 2909 puta
3214 2839 3283 2893 ad
3312 2837 3574 2909 praeposi-

1984 2929 2061 2984 tio
2088 2928 2123 2981 d
2154 2929 2413 2998 accipiat;
2456 2927 2535 3000 [at
2562 2927 2959 3001 conjunctiot].
3004 2929 3266 3001 Analogia
3302 2938 3385 2985 est
3424 2931 3575 2986 simi-

286 2983 408 3092 Aut.
442 3000 566 3092 ίξξηη
617 3002 744 3057 pars
793 2989 973 3092 aliqua
1022 2991 1078 3045 in
1114 2992 1500 3092 _diph"_“_’"3"“
1546 2995 1743 3092 d_eSi"_i‘
1764 3038 1778 3061 ν
1801 3005 1883 3092 -θί
1914 3084 1948 3092 _
1983 2983 2115 3076 lium
2143 2983 2499 3090 comparatio,
2547 3028 2608 3074 ut
2655 2983 2863 3075 incerta
2891 2983 3057 3076 certis
3082 2983 3397 3091 probentur.
3441 3020 3575 3092 Ety-

286 3079 563 3151 excipitur
595 3097 627 3136 a
657 3082 829 3138 vocali
884 3086 1158 3155 sequentis
1202 3087 1374 3152 verbi,
1422 3095 1481 3141 ut
1512 3106 1525 3142 :
1558 3088 1757 3143 lnsulw
1790 3089 1880 3144 Ιο-
1903 3084 1949 3147 C

287 3172 451 3226 nio...
483 3172 593 3228 Aut
612 3189 732 3229 cum
764 3177 1080 3245 productam
1112 3179 1352 3234 vocalem
1395 3180 1449 3235 in
1493 3182 1680 3236 eodem
1710 3182 1879 3237 verbo

285 3277 416 3319 mox
438 3263 664 3321 alterius
687 3266 905 3337 syllaba:
939 3270 1185 3339 sequitur
1216 3271 1439 3337 vocalis,
1468 3281 1527 3327 ut
1555 3292 1567 3328 :
1600 3273 1744 3343 ﬁdei.
1769 3274 1881 3331 Aut

286 3369 414 3411 cum
453 3370 752 3424 pronomen
782 3357 963 3414 littera
992 3378 1019 3414 ε
1043 3364 1390 3419 terminatum
1421 3373 1521 3428 est,
1557 3375 1613 3421 et
1645 3382 1676 3422 a
1703 3366 1878 3423 vocali

288 3447 571 3516 sequentis
622 3449 774 3504 verbi
823 3451 1112 3520 excipitur,
1165 3461 1265 3509 ut:
1301 3457 1399 3510 hoc
1443 3465 1538 3511 est.
1596 3458 1704 3513 Aut
1755 3476 1880 3516 cum

287 3548 600 3611 correptam
641 3542 883 3598 vocalem
910 3544 964 3600 in
993 3560 1100 3600 una
1130 3556 1287 3617 parte
1319 3566 1346 3602 s
1371 3550 1567 3620 duplex
1612 3554 1876 3622 sequitur,

287 3640 353 3686 ut
379 3650 393 3687 :
423 3650 577 3702 gaza.
623 3632 756 3689 Item
801 3636 1095 3691 novissima
1137 3638 1342 3708 syllaba
1384 3641 1437 3694 in
1467 3650 1640 3697 metro
1669 3659 1883 3713 semper

286 3722 603 3779 indill‘erens
631 3734 713 3781 est
734 3766 750 3791 ,
784 3734 837 3781 et
863 3727 1127 3783 voluntati
1155 3738 1328 3799 poetae
1353 3731 1596 3801 subjecta
1638 3741 1739 3788 est.
1784 3734 1883 3791 Est

286 3831 525 3887 quoque,
571 3819 788 3888 quando
835 3818 889 3874 in
932 3822 1103 3876 tribus
1146 3823 1571 3878 consonantibus
1608 3825 1697 3889 ﬁt,
1732 3842 1881 3881 com-

286 3908 472 3962 munis
494 3908 722 3980 syllaba,
770 3911 897 3966 dum
925 3913 978 3967 in
1008 3914 1229 3969 brevem
1270 3916 1509 3972 vocalem
1550 3917 1751 3973 desinit
1773 3919 1881 3991 syl-

285 3997 413 4054 laba
450 4008 507 4055 et
532 4002 800 4073 excipitur
830 4004 898 4060 ab
916 4022 950 4087 ρ
977 4015 1237 4076 sequente
1280 4017 1428 4065 muta
1475 4018 1530 4065 et
1556 4010 1778 4081 liquida,
1821 4021 1883 4069 ut

286 4090 479 4148 Horat.
518 4110 532 4147 :

422 4184 714 4251 Linquimus
735 4191 890 4240 insani
912 4192 1134 4243 ridentes
1155 4195 1349 4256 premia
1368 4196 1544 4246 scribta
1568 4194 1617 4249 1³.

284 4288 510 4346 Plenius
548 4292 686 4360 haec,
707 4295 820 4350 vita
848 4297 1068 4365 comite,
1099 4299 1155 4354 in
1192 4300 1420 4355 metrica
1448 4301 1660 4356 ratione
1704 4301 1877 4368 vobis,

284 4382 409 4449 ﬁlii,
450 4396 847 4444 monstravero.

1981 3111 2209 3183 mologia
2256 3120 2342 3167 est
2369 3112 2524 3183 origo
2561 3119 2616 3166 et
2659 3112 2799 3165 ratio
2835 3111 3245 3178 vocabulorum,
3288 3120 3386 3167 ut:
3418 3128 3449 3167 a
3481 3128 3570 3168 re-

1981 3203 2156 3272 gendo
2198 3217 2317 3267 rex,
2363 3209 2418 3257 et
2459 3202 2527 3256 ab
2572 3202 2738 3257 humo
2779 3201 2940 3257 homo
2984 3203 3202 3258 dicitur.
3251 3202 3438 3258 Glossa
3487 3210 3573 3258 est

1979 3293 2140 3348 unius
2177 3293 2331 3348 verbi
2354 3292 2439 3347 vel
2466 3293 2703 3348 nominis
2737 3293 3136 3362 interpretatio,
3165 3301 3225 3349 ut
3258 3313 3272 3348 :
3305 3305 3477 3361 catus,
3513 3292 3571 3350 id

1980 3389 2086 3447 est,
2115 3381 2326 3438 doctus.
2357 3382 2673 3452 IIl/ferentia
2697 3390 2785 3437 est
2814 3383 3094 3439 distinctio
3119 3384 3349 3439 duarum
3379 3398 3566 3440 rerum

1980 3488 2106 3529 cum
2154 3474 2619 3543 interpretatione,
2661 3481 2724 3528 ut
2754 3491 2766 3527 :
2794 3489 2890 3528 rex
2937 3475 3158 3540 dicitur,
3208 3475 3334 3543 quia
3380 3476 3570 3531 mode-

1981 3574 2096 3621 stus
2139 3574 2250 3630 est;
2299 3574 2585 3636 tyrannus,
2614 3565 2743 3634 quia
2780 3563 3016 3619 crudelis
3042 3572 3146 3620 est.
3191 3563 3569 3621 Barbarismus

1980 3668 2063 3715 est
2088 3675 2197 3719 una
2223 3674 2351 3729 pars
2393 3658 2587 3713 vitiose
2640 3658 2804 3722 dicta,
2853 3666 2916 3713 ut
2946 3658 3165 3727 vulgare
3208 3658 3563 3728 proverbium

1980 3763 2109 3810 est:
2152 3754 2306 3809 malae
2346 3752 2560 3807 arboris
2606 3752 2749 3808 nodo
2801 3752 2977 3806 malus
3021 3766 3223 3807 cuneus
3247 3752 3569 3820 quaerendus

1982 3853 2084 3900 est.
2119 3843 2454 3898 Soloecismus
2500 3852 2584 3898 est
2613 3843 2790 3903 oratio
2819 3844 3013 3898 vitiose
3061 3844 3379 3913 composita.
3429 3840 3568 3897 Vitia

1982 3943 2131 4001 sunt,
2163 3951 2283 4006 qua:
2327 3935 2382 3989 in
2424 3935 2654 4004 eloquiis
2699 3949 2890 3989 cavere
2936 3935 3193 3990 debemus
3225 3942 3280 3989 et
3308 3942 3435 3989 sunt
3462 3950 3560 3990 vn.

1982 4027 2363 4099 Metaplasmus
2410 4035 2495 4083 est
2537 4027 2767 4082 metrica
2810 4026 3060 4092 licentia,
3109 4026 3191 4080 vel
3243 4027 3568 4083 necessitate

1981 4122 2262 4179 immutata
2306 4120 2493 4190 regula
2543 4119 2853 4175 locutionis.
2889 4118 3170 4176 Schemata
3224 4125 3350 4176 sunt
3402 4132 3565 4173 orna-

1981 4221 2167 4269 menta
2194 4212 2395 4283 eloquii
2424 4219 2479 4266 et
2516 4211 2752 4273 habitus,
2784 4210 2981 4279 quibus
3021 4210 3306 4266 sententia:
3324 4209 3568 4265 vestiun-

1981 4314 2091 4360 tur.
2137 4303 2340 4375 Tropus
2370 4311 2456 4359 est
2482 4302 2650 4358 dictio
2678 4300 2940 4362 translata
2965 4316 2996 4355 a
3026 4300 3247 4371 propria
3294 4298 3570 4371 signiﬁca-

1983 4397 2133 4453 tione
2159 4396 2227 4451 arl
2270 4412 2382 4453 non
2415 4396 2694 4467 propriam
2740 4394 3169 4458 similitudinem,
3217 4401 3444 4449 ornatus
3472 4406 3569 4449 ne-

363 4474 479 4531 D18.
507 4476 647 4544 Quid
685 4481 785 4544 vis,
821 4483 1099 4553 magister,
1141 4500 1209 4539 an
1238 4486 1304 4541 de
1331 4485 1558 4555 pedibus
1585 4495 1640 4542 et
1684 4502 1879 4544 accen-
1906 4463 1963 4524 Β
1985 4490 2326 4549 cessitatisve
2371 4463 2555 4551 causa.
2605 4485 2778 4541 Prosa
2825 4494 2910 4541 est
2946 4494 3094 4541 recta
3136 4484 3333 4541 locutio
3363 4486 3568 4556 absque

282 4567 439 4625 tibus
461 4570 705 4628 ordinem
743 4573 939 4629 Donati
979 4577 1225 4646 magistri
1266 4587 1553 4648 sequentes
1580 4581 1879 4652 interroge-

283 4660 452 4715 mus?
471 4688 543 4701 --
566 4660 703 4719 MAG.
734 4663 978 4735 Amplius
1012 4665 1168 4738 [Ms.,
1195 4668 1408 4740 Aptius]
1441 4670 1556 4725 haec
1585 4686 1801 4741 quoque
1824 4671 1880 4725 in

282 4750 381 4807 illa
404 4762 704 4811 metrorum
733 4757 1031 4813 subtilitate
1061 4759 1388 4830 intelligetis.
1438 4759 1572 4827 Quia
1602 4763 1767 4831 pedes
1795 4762 1881 4817 vel

278 4852 581 4910 accentus,
632 4847 737 4903 nisi
774 4863 840 4903 ex
886 4848 1137 4905 brevibus
1186 4851 1468 4923 longisque
1513 4853 1733 4923 syllabis
1782 4868 1880 4909 ne-

278 4945 497 5005 queunt
549 4939 795 5008 intelligi.
854 4940 1006 4997 Unde
1053 4942 1122 4997 ad
1163 4952 1347 5013 partes
1393 4960 1490 5001 vos
1534 4946 1876 5018 [convertite

276 5027 301 5100 (
324 5028 500 5095 Edit.,
529 5031 833 5103 convenite)
862 5032 904 5105 ].

359 5120 475 5177 D13.
507 5122 686 5189 Prius,
718 5124 765 5180 si
790 5125 1021 5196 placeat,
1047 5129 1325 5200 magister,
1353 5130 1496 5187 unde
1522 5133 1876 5202 grammatica

272 5212 361 5268 sit
381 5213 523 5268 dicta
550 5214 635 5269 vel
656 5218 797 5285 quod
843 5218 913 5272 sit
942 5217 1059 5285 ejus
1083 5219 1342 5288 ofﬁcium,
1385 5224 1561 5292 pande
1604 5225 1777 5279 nobis.
1805 5256 1878 5266 ——

273 5302 432 5359 ΜΑε.
462 5303 830 5363 Grammatica
854 5317 939 5364 est
958 5309 1207 5367 litteralis
1233 5312 1484 5379 scientia,
1506 5323 1559 5368 et
1585 5325 1668 5370 est
1693 5322 1876 5372 custos

271 5406 439 5452 recte
462 5397 712 5469 loquendi
740 5410 796 5456 et
823 5403 1129 5470 scribendi;
1167 5420 1287 5474 quae
1311 5416 1526 5462 constat
1553 5419 1767 5475 natura,
1792 5426 1879 5465 ra-

269 5490 461 5556 tione,
492 5493 838 5557 auctoritate,
862 5496 1270 5551 consuetudine.

365 5582 481 5640 Dts.
528 5585 587 5640 ln
641 5596 773 5656 quot
820 5588 1026 5657 species
1073 5589 1331 5646 dividitur
1378 5593 1766 5662 grammatica?
1807 5623 1879 5635 —-

418 5722 593 5795 νινε..
625 5739 663 5780 x
684 5723 821 5793 Ecl.,
852 5724 938 5783 69.

1890 5100 1941 5127 ’Ἴ

1986 4591 2163 4638 metro
2190 4590 2245 4638 et
2272 4597 2432 4637 versu
2461 4580 2780 4650 composita.
2827 4577 3001 4632 Metra
3022 4585 3213 4633 vocata
3256 4585 3402 4643 sunt,
3435 4577 3565 4646 quia

1984 4674 2151 4730 certis
2200 4672 2396 4743 pedum
2449 4672 2721 4728 mensuris
2775 4670 3153 4726 terminantur.
3209 4667 3433 4724 Fabula,
3479 4684 3569 4725 res

1984 4771 2111 4821 sunt
2141 4764 2281 4819 ﬁcta:
2310 4764 2529 4825 ludendi
2565 4778 2729 4817 causa
2770 4761 2853 4815 vel
2894 4760 3177 4830 cujuslibet
3215 4759 3568 4832 signiﬁcatio-

1983 4856 2090 4911 nis.
2140 4854 2379 4910 Historia
2427 4863 2510 4909 est
2556 4852 2798 4907 narratio
2844 4853 2925 4907 rei
2952 4860 3135 4921 gestae.
3182 4851 3323 4909 Ecce
3356 4851 3568 4907 habetis

1983 4948 2322 5006 deﬁnitiones
2350 4948 2544 5002 breves
2586 4944 2921 5016 singularum
2962 4945 3289 5017 specierum.
3319 4943 3472 5001 Nunc
3498 4943 3565 4998 ad
3644 4994 3645 4997 η

1981 5048 2167 5111 partes
2194 5039 2494 5095 convertite
2514 5052 2629 5093 vos.

2054 5148 2167 5203 Dts.
2209 5147 2492 5203 Faciemus
2520 5157 2580 5203 ut
2603 5147 2780 5219 jnbes.
2799 5147 3049 5207 Attamen
3079 5148 3413 5221 singularum
3440 5160 3566 5217 par-

1983 5240 2117 5293 tium
2167 5239 2530 5309 prolirietates
2576 5240 2728 5310 prius
2760 5240 2999 5296 breviter
3036 5249 3094 5295 nt
3132 5239 3336 5309 pandas
3382 5236 3563 5304 nobis,

1984 5329 2309 5400 ﬂagitamus.
2337 5331 2571 5394 —MAG.
2619 5330 2814 5402 Vestra
2859 5333 3145 5388 curiositas
3189 5331 3403 5386 modum
3455 5345 3565 5385 non

1982 5420 2167 5475 habet.
2214 5420 2446 5493 Ideoque
2500 5424 2716 5480 modum
2775 5424 3039 5483 manualis
3089 5421 3253 5483 libelli
3301 5420 3567 5477 excedere

1980 5510 2165 5569 vultis.
2212 5511 2496 5582 Proprium
2527 5515 2751 5586 nominis
2781 5523 2865 5569 est
2892 5513 3248 5570 substantiam
3278 5512 3362 5567 vel
3392 5510 3568 5582 quali—-

1979 5608 2146 5658 tatem
2168 5601 2253 5657 vel
2300 5606 2654 5675 quantitatem
2702 5607 3007 5678 signiﬁcare
3036 5624 3050 5660 :
3082 5613 3140 5663 et
3172 5606 3440 5678 uroprium
3478 5612 3567 5666 est

2053 5734 2082 5776 ι’
2106 5734 2319 5808 Horat,
2353 5757 2391 5809 ι,
2420 5756 2583 5798 serm.
2601 5742 2655 5809 5,
2680 5742 2765 5798 55.
