4062 6346
19 133 34 798 ι

513 255 631 359 ³859

1337 303 1400 358 Β.
1441 303 1502 358 F.
1544 279 1771 360 nam
1809 303 1941 362 seu
1975 272 2261 364 chUINI
2300 273 2584 363 opman
2617 261 2801 365 ὗΑιιε
2840 308 2944 364 vn.

3696 318 3803 374 860

511 395 844 488 piononnnis
876 394 977 486 pro
1003 395 1221 471 nomine
1247 407 1376 486 poni
1401 407 1620 488 proprio
1645 426 1700 472 et
1727 429 1905 474 certas
1935 419 2104 490 signi-
2135 411 2182 483 Ᾱ
2249 485 2252 496 Ι
2281 397 2379 474 Fu.
2413 399 2863 497 Appellativorum
2915 403 3123 495 species
3170 435 3303 496 quot
3345 430 3509 485 sunt?
3531 460 3607 472 —
3632 430 3800 494 Sno.

511 491 685 562 'ﬁcare
714 495 995 580 personas.
1059 503 1208 562 Verbi
1242 521 1374 563 vero
1415 510 1685 578 proprium
1719 518 1800 565 est
1838 511 2106 586 actionem

517 595 600 676 vel
641 589 946 672 passionem
988 599 1100 656 sive
1134 589 1425 672 utrumque
1455 618 1576 656 cum
1605 605 1780 660 modis
1817 612 1871 658 et
1903 614 2107 686 tempo-

517 681 668 747 ribus
693 688 1017 763 signiﬁcare.
1069 690 1353 774 Proprium
1401 693 1634 776 adverbii
1672 705 1754 750 est
1785 712 1911 752 cum
1939 681 2106 752 verbo

511 777 660 855 boni,
694 794 749 840 et
777 787 893 862 sine
922 804 988 844 eo
1027 767 1324 869 perlectam
1370 771 1824 862 signiﬁcationem
1867 783 1973 850 non
2008 796 2107 869 ba—

456 908 464 917 -
512 859 663 945 here,
696 869 754 933 ut
783 897 795 932 :
833 859 956 934 bene
986 865 1125 952 lego.
1169 859 1446 956 Participii
1483 881 1755 956 proprium
1781 895 1866 942 est
1894 865 2105 958 tempus

513 970 714 1042 habere
745 981 1015 1056 etlcasus;
1049 975 1170 1056 ideo
1201 992 1233 1032 a
1259 957 1582 1048 quibusdam
1612 989 1838 1054 verbum
1885 982 2104 1056 casuale

512 1051 726 1120 dicitur.
781 1041 1064 1148 Iit-oprium,
1095 1070 1499 1148 conjunctionis
1551 1081 1636 1127 est
1682 1089 1804 1128 cum
1849 1075 2102 1148 omnibus

509 1154 757 1226 partibus
788 1139 969 1240 modo
1005 1139 1315 1240 praeposita,
1358 1153 1518 1215 modo
1548 1164 1842 1233 postposita
1865 1163 2017 1234 jungi
2046 1141 2103 1219 et

509 1233 837 1318 conjungere
857 1259 1070 1328 partes.
1107 1233 1393 1328 Proprium
1421 1255 1806 1338 propositionis
1835 1264 1918 1311 est
1942 1265 2097 1312 ante-

507 1334 635 1411 poni
659 1322 968 1399 casualibus
999 1327 1214 1414 semper
1237 1323 1547 1412 separatim.
2125 1343 2129 1346 ’

1105 1479 1195 1534 DE
1229 1471 1506 1537 NONHNE.

576 1593 676 1668 lin.
732 1593 831 1669 Eia
873 1597 1000 1688 age,
1044 1611 1208 1688 Saxo,
1255 1593 1627 1700 ingrediantur
1676 1607 2098 1698 disputationem

2207 508 2386 586 Multa:
2411 520 2536 566 sunt
2561 531 2572 566 :
2601 513 2706 568 alia
2745 515 3072 592 corporalia,
3098 526 3158 573 ut
3188 519 3397 588 :Itomo,
3431 532 3598 590 terra,
3632 543 3800 583 mare.

2205 599 2323 655 Alia
2361 602 2738 680 incorporalia,
2767 615 2825 661 ut
2854 623 2868 660 :
2905 609 3092 678 pietas,
3124 610 3376 683 dignitas,
3399 615 3639 685 justitia.
3675 619 3802 676 Alia

2205 685 2544 766 principalia,
2576 706 2636 752 ut
2656 716 2828 765 mons,
2853 701 3052 757 schola.
3073 703 3194 758 Alia
3220 705 3540 775 derivativa,
3565 719 3623 764 ut
3645 730 3803 770 mon-

2205 797 2396 852 tanus,
2447 789 2809 847 scholasticus.
2864 792 2983 848 Alia
3028 799 3430 867 comparativa,
3477 810 3536 856 ut
3589 804 3802 873 fortior,

2205 875 2544 948 fortissimus.
2580 882 2696 937 Alia
2721 885 3142 953 denominativa,
3173 899 3232 944 ut
3255 903 3490 960 sanctus,
3517 899 3802 963 sanctitas;

2204 973 2733 1047 sapiens,sapientia.
2783 979 2904 1034 Alia
2929 982 3270 1052 diminutiva,
3310 995 3368 1040 ιιι
3396 1003 3504 1053 rex,
3563 991 3801 1061 regulus.

2201 1051 2320 1117 Alia
2343 1063 2686 1138 homonyma,
2712 1078 2770 1122 ut
2797 1087 2976 1142 nepos,
3019 1074 3182 1130 acies.
3225 1051 3346 1131 Alia
3380 1051 3706 1150 synonyma,
3738 1095 3801 1138 nt

2202 1155 2431 1228 gladius,
2453 1161 2614 1240 ensis,
2638 1179 2839 1218 mucro.
2871 1165 2990 1221 Alia
3016 1167 3302 1236 adjectiva,
3339 1187 3460 1242 quze
3488 1186 3716 1244 possunt
3741 1177 3803 1234 in

2201 1243 2359 1335 laude
2387 1252 2468 1306 vel
2513 1255 2908 1325 vituperatione
2949 1261 3097 1330 poni,
3131 1270 3190 1316 ut
3209 1263 3390 1332 justus
3425 1243 3604 1331 homo,
3647 1269 3800 1339 inju-

2200 1330 2311 1396 stas
2341 1343 2518 1400 homo.
2541 1346 2658 1427 Alia
2683 1349 2738 1402 in
2770 1351 2947 1406 medio
2968 1353 3166 1427 posita,
3197 1330 3255 1409 ut
3278 1374 3519 1427 magnus.
3552 1330 3801 1420 Dicimus

2199 1451 2419 1514 magnus
2453 1423 2764 1516 imperator,
2788 1450 2844 1518 et
2866 1423 3088 1515 magnus
3117 1423 3274 1502 latro.
3311 1423 3436 1504 Haec
3462 1458 3518 1504 et
3545 1454 3803 1509 acciden-

2199 1509 2275 1580 tia
2301 1521 2444 1598 Saepe
2470 1509 2624 1596 ﬁunt,
2657 1540 2715 1586 ut
2743 1513 2888 1604 niger
2914 1509 3122 1610 corvus,-
3169 1539 3338 1594 altum
3383 1559 3548 1597 mare.
3582 1544 3700 1599 Alia
3725 1547 3800 1604 ad

2203 1617 2428 1692 [aliquid
2451 1622 2592 1677 dicta
2624 1623 2815 1704 (Edit.,
2845 1626 2912 1680 ad
2935 1627 3102 1704 aliud)
3133 1629 3152 1702 ]
3184 1639 3241 1685 ut
3281 1631 3429 1700 ﬁlius
3466 1651 3668 1688 seruus.
3699 1635 3797 1690 Di-

508 1699 742 1761 nominis
776 1703 873 1777 per
898 1703 1142 1762 ordinem
1171 1749 1186 1775 ,
1227 1703 1281 1766 et
1310 1699 1543 1780 primum
1575 1711 1684 1776 dic,
1708 1711 1860 1792 .quid
1900 1713 1971 1766 sit
2001 1727 2096 1766 no-
2199 1711 2370 1765 cendo
2398 1713 2588 1796 [enim]
2616 1702 2785 1803 lilium
2815 1725 2870 1773 et
2897 1699 3150 1789 servum,
3177 1732 3388 1792 patrem
3420 1726 3798 1798 signiﬁcamus

509 1795 670 1852 men?
693 1830 764 1839 —
785 1793 951 1870 Saxo.
984 1787 1192 1857 Nomen
1220 1811 1306 1857 est
1330 1797 1458 1873 pars
1480 1787 1768 1876 oratiunis,
1797 1805 2093 1884 secundum
2126 1803 2173 1864 B
2199 1811 2253 1890 et
2299 1787 2595 1860 dominum.
2637 1799 2770 1890 Alia
2798 1812 2954 1879 quasi
2999 1813 3067 1867 ad
3107 1813 3340 1884 aliquid,
3373 1825 3433 1870 ut
3468 1818 3606 1886 dies,
3652 1837 3794 1890 nox,-

506 1883 909 1960 grammaticos,
961 1883 1080 1968 quae
1128 1894 1418 1964 unicuique
1453 1881 1800 1972 corporivel
1835 1898 1913 1952 rei
1944 1914 2094 1954 com-
2197 1883 2432 1964 deatera,
2463 1895 2699 1954 sinistra.
2728 1901 2862 1970 Nam
2907 1909 3158 1976 quamvis
3201 1925 3367 1964 unum
3399 1912 3596 1968 horum
3628 1914 3796 1970 inter-

501 1995 719 2036 munem
748 1973 834 2060 γει
871 1985 1147 2054 propriam
1187 1987 1507 2058 qualitatem
1549 1990 1866 2056 distribuit;
1915 2000 1971 2048 et
2009 2001 2095 2048 est
2195 1995 2304 2054 eat,
2332 1998 2510 2056 potest
2551 1999 2732 2046 tamen
2772 1993 3001 2050 alterum
3042 2014 3282 2054 manere.
3323 2000 3442 2057 Non
3471 2005 3554 2060 sic
3581 2005 3647 2060 de
3674 2005 3790 2064 ﬁlio

499 2071 696 2125 nomen
736 2071 940 2127 dictum
988 2075 1143 2144 quasi
1188 2086 1466 2156 notamen,
1521 2093 1585 2133 eo
1615 2081 1757 2148 quod
1788 2081 1891 2150 hoc
1936 2091 2091 2137 nota-

497 2176 620 2216 mus
661 2158 902 2234 sii'lgulas
953 2166 1284 2223 substantias
1317 2169 1400 2223 vel
1449 2184 1560 2253 res,
1596 2185 1932 2250 communes,
1982 2180 2041 2226 ut
2074 2189 2087 2226 :

499 2255 713 2325 Homo,
760 2251 1092 2341 disciplina;
1142 2266 1227 2320 vel
1279 2251 1546 2340 proprias,
1613 2278 1673 2324 ut
1727 2288 1740 2322 :
1806 2268 2088 2341 Virgilius,

500 2339 851 2407 arithmetica.
885 2353 1288 2427 [interrogemus
1333 2369 1514 2416 tamen
1533 2403 1548 2429 ,
1579 2378 1612 2417 o
1641 2361 1882 2430 Franco,
1913 2366 2090 2436 magi-

495 2451 671 2498 strum
700 2445 1126 2517 philosophicam
1155 2449 1524 2508 deﬁnitionem
1553 2455 1806 2524 nominis,
1849 2523 1854 2526 _
1886 2519 1891 2526 ι

569 2527 710 2590 MAG.
738 2534 942 2592 Nomen
985 2547 1070 2594 est
1109 2555 1214 2595 vox
1259 2542 1619 2614 signiﬁcativa
1649 2547 1946 2601 secundum
1975 2547 2090 2617 pla-

495 2624 686 2692 citum,
744 2627 862 2683 sine
909 2623 1174 2702 tempore,
1224 2617 1508 2690 deﬁnitum
1539 2636 1742 2708 aliquid
1778 2639 2089 2709 signiﬁcans

493 2723 549 2778 in
573 2725 927 2800 nominativo,
971 2743 1094 2784 cum
1133 2737 1209 2783 est
1255 2739 1353 2785 aut
1381 2748 1485 2786 non
1519 2742 1618 2798 est,
1648 2740 1710 2788 ut
1741 2747 1755 2787 :
1788 2734 1942 2788 Immo
1991 2742 2085 2801 est,

492 2815 648 2870 homo
694 2835 797 2873 non
827 2829 921 2874 est.
949 2801 1008 2875 In
1055 2820 1246 2898 [aliis]
1296 2825 1513 2880 casibus
1559 2824 1684 2882 licet
1708 2827 1876 2881 addas
1901 2835 1974 2880 est
2002 2826 2088 2882 vel

494 2923 598 2962 non
628 2917 723 2975 est,
755 2903 891 2964 nihil
919 2920 1102 2968 tamen
1132 2899 1354 2976 certum
1385 2917 1675 2988 signiﬁcat,
1705 2919 1748 2974 si
1779 2934 1887 2974 non
1915 2933 2085 2989 appo-

492 3015 590 3056 nas
619 3003 750 3073 quid
776 3004 846 3058 sit
870 3005 956 3060 vel
986 3007 1114 3076 quid
1146 3025 1254 3064 non
1278 3011 1470 3078 sit.HUt
1493 3029 1505 3065 :
1532 3013 1761 3086 hominis
1787 3023 1882 3080 est,
1911 3014 2086 3068 homi-

494 3092 574 3146 nis
607 3109 712 3146 non
741 3104 836 3148 est.
885 3094 1185 3172 Secundum
1226 3100 1503 3170 placitum,
1543 3104 1704 3176 idest
1736 3106 2085 3176 compositio-

492 3199 620 3239 nem
670 3186 1002 3258 singularum
1044 3192 1284 3262 gentium
1315 3202 1441 3248 sunt
1483 3196 1702 3250 nomina
1744 3198 1906 3268 272
1937 3213 2084 3254 eom-

491 3279 692 3348 posita,
750 3287 810 3334 ut
853 3283 1004 3352 quod.
1047 3282 1238 3338 Latine
1287 3285 1430 3348 dicis
1482 3301 1702 3355 aurum,
1753 3290 1858 3344 hoc
1896 3289 2084 3346 Graece

491 3373 696 3447 χρυσός
725 3371 942 3428 dicitur.
983 3371 1100 3430 Una
1131 3384 1216 3431 est
1243 3377 1549 3434 substantia
1567 3419 1582 3446 ,
1612 3381 1711 3435 sed
1743 3381 1956 3438 diversa"
1979 3397 2082 3439 no-

489 3462 656 3518 mina.

561 3559 660 3615 Fu.
690 3561 835 3629 Quot
865 3564 1120 3621 accidunt
1158 3567 1401 3623 nomini?
1426 3599 1498 3609 —
1521 3569 1686 3627 Saxo.
1721 3571 1850 3639 Sex,
1892 3588 2082 3629 secun-

487 3652 616 3709 dum
647 3653 952 3732 Donatum:
983 3656 1235 3727 qualitas,
1273 3663 1618 3732 comparatio,
1660 3681 1846 3734 genus,
1900 3681 2081 3721 nurne-

489 3762 602 3813 ηε,
630 3749 826 3818 ﬁgura,
852 3766 1029 3806 casus.
1055 3751 1366 3810 Secutndum
1407 3755 1766 3825 Priscianum,
1800 3761 2073 3831 quinque;

482 3839 607 3910 quia
636 3839 726 3895 ille
753 3841 1073 3910 qualitatem
1099 3853 1155 3899 et
1173 3848 1634 3917 comparationem
1666 3851 1848 3917 simul,
1880 3854 2076 3924 species

481 3931 800 3998 nominavit,
831 3935 958 4004 quia
981 3944 1108 3991 sunt
1134 3939 1318 3993 omnia
1339 3941 1556 3994 nomina
1591 3944 1819 4014 p‘mprite
1849 3945 2072 4014 speciei,

479 4022 566 4078 vel
601 4023 927 4094 appellatione
951 4042 969 4079 :
1000 4029 1308 4100 principalis
1341 4032 1426 4086 vel
1465 4033 1781 4089 derivativte.
1815 4035 2070 4106 Propriae,

479 4122 578 4168 ut:
608 4115 808 4172 Julius.
835 4117 1207 4190 Appellativae,
1255 4131 1316 4178 ιιι
1347 4141 1361 4179 :
1389 4123 1565 4180 Mons.
1607 4125 1946 4196 Principalis,
1971 4137 2030 4182 ut
2057 4147 2070 4184 :

478 4206 680 4271 Julius,
734 4209 909 4266 Mons.
953 4213 1284 4273 Derivativa
1302 4225 1362 4272 ut
1390 4233 1406 4272 :
1437 4219 1710 4286 Julianus,
1761 4219 2068 4278 Montanus.

477 4299 536 4353 ln
565 4299 764 4374 quibus
783 4342 798 4366 ,
832 4304 890 4359 id
912 4313 995 4360 est
1023 4306 1178 4378 [Ms.,
1209 4309 1382 4383 idem]
1429 4312 1742 4369 derivativis
1789 4313 2072 4383 compara-

481 4388 658 4445 tiones
683 4394 960 4450 nominum
991 4398 1265 4467 imposuit.

2194 2087 2249 2133 et
2277 2075 2341 2133 de
2366 2096 2540 2134 servo.
2583 2082 2701 2138 Alia
2733 2094 2859 2140 sunt
2887 2097 3105 2158 gentem
3134 2092 3511 2162 signiﬁcativa,
3553 2107 3618 2153 ut
3637 2096 3790 2156 Grae-

2140 2208 2149 2219 .
2193 2186 2306 2254 cus,
2327 2167 2611 2243 Hispanus
2633 2192 2652 2230 :
2678 2176 2782 2231 alia
2805 2181 3054 2248 patriam,
3087 2193 3148 2238 ut
3161 2184 3454 2254 Romanus,
3489 2187 3788 2250 Thebanus.

2192 2252 2310 2315 Alia
2356 2264 2763 2338 iuterrogativa,
2814 2280 2872 2326 ut
2909 2274 3102 2344 qualis,
3155 2289 3408 2348 quantus,
3439 2252 3614 2353 lauat?
3665 2295 3788 2342 cum

2197 2345 2325 2408 suos
2360 2368 2580 2412 servant
2605 2369 2883 2418 accentus.
2905 2365 3024 2422 Alia
3053 2345 3303 2440 relativa,
3333 2345 3616 2442 ullarum,
3639 2379 3792 2446 talis,

2193 2451 2287 2502 tot.
2314 2449 2433 2506 Alia
2461 2454 2739 2512 collectiva
2771 2476 2892 2530 qua!
2936 2461 2991 2517 in
3035 2463 3292 2536 singulari
3342 2486 3572 2528 numero
3617 2475 3790 2530 multa

2193 2541 2519 2634 signiﬁcant,
2567 2560 2624 2604 ut
2645 2555 2901 2624 papulas,
2949 2558 3113 2630 plebs.
3148 2562 3268 2618 Alia
3297 2565 3536 2631 dividua,
3567 2575 3626 2621 nt
3653 2568 3787 2634 bini,

2191 2631 2347 2702 t'erni,
2375 2643 2595 2696 centeni.
2627 2643 2742 2702 Alia
2778 2645 3007 2727 laetitia,
3046 2653 3102 2709 id
3127 2664 3232 2722 est,
3262 2657 3330 2712 de
3355 2665 3496 2714 sono’
3525 2658 3693 2727 facta,
3725 2631 3788 2717 ut

2191 2727 2625 2803 tintinnabulum,
2671 2745 2868 2805 turtur,
2917 2715 3150 2814 clangor.
3181 2745 3300 2801 Alia
3325 2757 3464 2814 (sunt
3485 2751 3788 2822 generalia,

2189 2834 2308 2889 qua:
2341 2822 2396 2876 in
2434 2823 2676 2884 diversas
2717 2833 2924 2900 species
2964 2847 3190 2906 possunt
3217 2840 3404 2906 dividi,
3447 2852 3507 2896 ut
3558 2846 3781 2912 animal,

2189 2914 2364 2968 arbor.
2387 2916 2508 2972 Alia
2537 2922 2812 2991 specialia,
2842 2935 2901 2980 ut
2926 2929 3100 2997 homo,
3147 2931 3284 2987 vitis.
3326 2929 3448 2988 Alia
3489 2938 3778 3002 ordinalia,

2188 3014 2248 3059 ut
2272 3007 2494 3076 primus,
2523 3015 2805 3071 secundus".
2838 3015 2959 3078 Alia
2990 3018 3320 3092 numeralia,
3347 3034 3406 3080 ut
3436 3044 3615 3094 unum,
3648 3027 3779 3097 duo,

2187 3105 2309 3152 tres.
2337 3099 2459 3155 Alia
2483 3101 2747 3170 absoluta,
2791 3113 2849 3164 ut
2890 3111 3052 3180 Deus,
3084 3117 3236 3171 ratio.
3287 3107 3400 3173 Alia
3437 3124 3777 3192 temporalia,

2186 3199 2246 3246 ιιι
2266 3197 2478 3262 mensis,
2509 3211 2699 3256 annus.
2729 3202 2847 3260 Alia
2869 3203 3083 3275 locajia,
3110 3219 3170 3265 ut
3200 3215 3540 3284 propinquus,
3565 3213 3776 3294 longin-

2183 3297 2334 3378 quus.
2367 3285 2484 3342 Alia
2528 3296 2901 3365 patronymica
2929 3287 3082 3370 [Ms.,
3130 3301 3533 3378 patrimonica],
3563 3315 3622 3362 ut
3658 3285 3781 3364 Sci-

2181 3376 2364 3446 piadas
2394 3395 2426 3433 a
2452 3379 2726 3452 Scipione,
2762 3386 3010 3446 Thesides
3040 3407 3070 3446 a
3105 3385 3336 3451 Theseo.
3383 3376 3506 3454 Haec
3533 3414 3675 3470 saepe
3705 3381 3777 3456 ab

2181 3469 2298 3523 avis
2324 3469 2460 3526 ﬁunt
2504 3482 2559 3528 et
2593 3491 2622 3529 a
2666 3479 3056 3548 cenditoribns,
3107 3493 3167 3540 ιιι
3217 3477 3442 3554 Iliades,
3479 3485 3773 3548 .IEneades.

2182 3558 2456 3640 Suntalia
2487 3571 2826 3638 possessiva,
2858 3591 2978 3654 quae
3011 3577 3216 3648 aliquid
3245 3595 3310 3636 ex
3347 3575 3440 3638 his'
3466 3583 3781 3664 signiﬁcant

2180 3667 2302 3722 quae
2325 3657 2694 3727 possidentur,
2744 3669 2802 3715 ut
2835 3657 3135 3722 Euandrius
3181 3671 3340 3736 ensis,
3391 3681 3445 3727 et
3472 3675 3642 3745 regius
3679 3659 3781 3732 fio-

2179 3754 2295 3799 nor.
2359 3747 2484 3805 Haec
2551 3765 2674 3806 cum
2707 3753 2943 3823 genitivo
3001 3745 3284 3832 principali
3349 3763 3781 3836 interpretantur

2181 3835 2332 3908 [Ms.,
2363 3838 2490 3895 Hm'c
2533 3835 2768 3914 genitivo
2797 3847 3081 3918 principali
3111 3849 3469 3929 deserviunt],
3493 3835 3563 3912 ut
3585 3853 3776 3915 Evan-

2177 3927 2260 3982 dri
2305 3931 2451 3988 ensis
2488 3941 2542 3987 et
2568 3933 2710 4006 regis
2745 3936 2933 3994 honOr.
2969 3939 3108 3996 Sunt
3133 3953 3187 3998 et
3217 3943 3336 4000 alite
3366 3927 3593 4017 species,
3629 3966 3774 4020 quas

2177 4021 2416 4080 Donatus
2435 4029 2607 4097 ponit,
2632 4031 2724 4086 sed
2751 4032 2860 4089 illa:
2883 4035 2939 4090 in
2955 4035 3040 4093 his
3069 4041 3432 4109 reperiuntur,
3460 4053 3516 4098 ut
3535 4044 3776 4114 qualitas

2175 4120 2232 4168 et
2257 4117 2551 4184 quantitas.
2582 4119 2637 4175 ln
2670 4122 2949 4192 adjectivis
2992 4137 3047 4183 et
3075 4131 3446 4188 accidentibus
3477 4135 3770 4192 im‘eniun-

2174 4211 2266 4260 tur
2291 4207 2477 4275 bonus,
2505 4227 2728 4283 magnus
2760 4214 2858 4290 [et]
2890 4215 3079 4275 medite
3105 4217 3230 4276 sunt
3259 4215 3690 4295 significationis.

2243 4297 2342 4353 Fn.
2388 4300 2834 4373 Comparationes
2886 4313 3168 4368 nominum
3217 4315 3362 4372 unde
3408 4317 3773 4373 veniunt?—

2173 4388 2339 4446 δυο.
2384 4393 2428 4447 Α
2463 4397 2770 4456 nominibus
2799 4403 3080 4472 adjectivis
3115 4416 3170 4462 et
3199 4409 3564 4466 accidentibus
3595 4409 3772 4470 alicu-

547 4481 646 4535 ειη,
690 4481 1046 4553 propriorum
1089 4491 1368 4547 nominum
1409 4494 1618 4564 species
1644 4505 1776 4567 quot
1812 4499 2067 4553 sum?_
2095 4509 2148 4571 n-
2164 4483 2254 4555 jus
2285 4486 2618 4557 substantiae,
2659 4493 2975 4562 qualitatem
2998 4499 3086 4554 vel
3114 4503 3471 4571 quantitatem
3493 4499 3660 4560 animi
3689 4507 3768 4562 si-

478 4568 646 4628 Suo.
671 4572 948 4642 Quatuor:
971 4596 1293 4651 prtcnomen,
1323 4602 1533 4653 nomen,
1578 4605 1880 4660 cognomen,
1905 4610 2068 4664 agno-
2095 4587 2102 4603 ⁴

2186 4579 2552 4648 gniﬁcantibus
2588 4585 2672 4639 vel
2718 4591 2983 4659 corporis,
3024 4607 3144 4663 quae
3179 4605 3407 4665 possunt
3455 4597 3537 4652 vel
3585 4597 3770 4655 incre-

409 4668 446 4713 ἶ..
475 4680 613 4721 nten.
640 4666 980 4726 Prwnomina
999 4684 1146 4742 sunt,
1189 4693 1310 4747 quae
1337 4680 1616 4750 dignitatis
1637 4683 1720 4738 vel
1747 4683 2067 4742 differentia;

2186 4680 2348 4726 nenta
2379 4673 2463 4728 vel
2494 4676 2820 4736 detrimenta
2853 4699 3086 4741 sumere.
3134 4687 3308 4744 Homo
3333 4687 3424 4744 vel
3445 4689 3598 4761 lapis,
3631 4693 3769 4748 sub-

474 4771 640 4814 causa
663 4763 895 4831 propriis
921 4767 1232 4825 nominibus
1279 4781 1689 4843 praeponuntur,
1715 4775 1776 4829 ut
1808 4793 1820 4828 :
1844 4776 2063 4833 Anicius

2186 4766 2364 4820 .tanlia
2407 4777 2508 4823 est.
2541 4769 2713 4828 Homo
2735 4777 2973 4845 prudens
3015 4787 3069 4834 et
3093 4781 3439 4850 prudentior;
3472 4783 3606 4854 lapis
3643 4801 3769 4842 ma-

474 4847 695 4908 Boetius
721 4867 736 4910 :
767 4856 987 4913 Anicius
1011 4875 1042 4914 a
1070 4861 1352 4919 nobilitate
1372 4877 1426 4919 et
1445 4865 1697 4922 libertate
1727 4868 1944 4937 generis
1977 4870 2059 4924 di-

473 4943 635 4998 citur.
677 4945 1034 5018 Diﬂ’ereutia'e,
1077 4961 1140 5018 ut
1178 4953 1378 5012 Lucius
1415 4957 1701 5013 Cornelius
1742 4968 1797 5014 et
1838 4959 2062 5017 Publius

470 5032 776 5093 Cornelius.
803 5039 1177 5113 Notanturque
1210 5048 1541 5116 prmnomina
1563 5048 1650 5104 vel
1673 5050 1898 5121 singulis
1917 5050 2062 5108 litte—

469 5128 548 5192 ris
577 5129 662 5184 vel
689 5130 832 5187 binis
862 5135 948 5188 vel
987 5136 1176 5190 ternis.
1227 5137 1500 5210 Singulis,
1528 5151 1588 5196 ut
1619 5160 1633 5196 :
1669 5142 1770 5210 AL,
1819 5143 2056 5202 Marcus.

466 5216 640 5296 Binis,
691 5232 750 5278 ut
780 5242 793 5278 :
829 5224 954 5292 Cn.,
987 5225 1200 5284 .Cneus.
1245 5229 1457 5298 Ternis,
1492 5241 1553 5288 ut
1585 5252 1596 5288 :
1651 5234 1801 5302 Sena,
1839 5238 2056 5295 Sextus.

469 5311 679 5370 Nomen
727 5326 811 5372 est
845 5317 1007 5374 unius
1060 5318 1321 5392 cujusque
1362 5326 1664 5396 prOprium,
1708 5326 2056 5388 utzPaulus.

468 5401 767 5477 Cognomen
799 5419 886 5466 est
911 5413 1249 5482 cognationis
1275 5415 1358 5470 vel
1383 5416 1602 5472 familiae
1639 5433 1926 5476 commune
1955 5439 2055 5480 no-

466 5512 612 5567 men,
644 5509 703 5555 ut
733 5502 930 5575 Scipio.
965 5504 1103 5566 Nam
1125 5508 1194 5562 ab
1216 5506 1334 5576 ejus
1355 5510 1574 5565 nomine
1599 5512 1777 5566 omnis
1800 5517 2054 5584 cognatio

467 5586 556 5666 illa
585 5593 666 5648 sic
690 5595 989 5670 dicebatur.
1017 5598 1308 5670 Agnomen,
1360 5603 1502 5672 quod
1551 5605 1620 5658 ab
1652 5603 1831 5674 aliquo
1859 5620 2055 5666 eventu

465 5683 546 5739 sic
595 5686 812 5754 dicitur,
851 5698 911 5745 ut
944 5709 956 5746 :
988 5692 1293 5763 Africanus,
1339 5695 1470 5766 quia
1491 5694 1751 5770 .Al'ricam
1804 5701 2055 5762 vincebat

468 5773 588 5854 [F.,
611 5779 857 5857 vicerat].

2159 4875 2301 4930 gnus
2323 4871 2379 4917 et
2399 4863 2576 4935 major
2604 4869 2819 4924 dicitur.
2849 4871 2914 4926 Et
2937 4888 3152 4945 semper
3178 4877 3582 4946 comparativus
3607 4893 3768 4936 com-

2158 4955 2338 5010 munis
2367 4966 2451 5012 est
2471 4961 2705 5030 generis,
2735 4971 2796 5016 ut
2819 4963 2909 5019 hic
2945 4973 3000 5020 et
3027 4965 3141 5021 haec
3165 4967 3502 5036 prudentior.
3530 4969 3593 5023 Et
3619 4987 3764 5029 neu-

2160 5051 2303 5100 trum
2338 5047 2391 5102 in
2436 5049 2537 5115 ius,
2561 5059 2623 5106 ut
2662 5052 2760 5107 hoc
2799 5055 3132 5126 prudentius,
3180 5056 3338 5136 facit.
3377 5055 3658 5117 Invenitur
3702 5055 3762 5120 et

2159 5142 2564 5211 comparativus
2597 5155 2697 5215 pro
2725 5147 2956 5217 positivo
3003 5147 3151 5219 poni,
3183 5160 3242 5205 ut
3271 5151 3463 5224 Virgil.
3502 5151 3662 5225 (Ἐκ.
3704 5171 3757 5223 v,

2160 5229 2286 5303 50l)
2315 5246 2331 5286 ε

2473 5363 2487 5378 .
2511 5361 2526 5377 .
2554 5363 2570 5378 .
2594 5329 2810 5382 Comites
2832 5335 3042 5384 senioris
3069 5333 3264 5386 Aceste
3291 5374 3306 5399 ,

2162 5421 2262 5477 pro
2284 5411 2441 5466 senis.
2473 5411 2570 5467 Est
2609 5415 2825 5483 quando
2850 5417 3031 5472 minus
3057 5417 3289 5488 positivo
3315 5419 3575 5491 singulari
3595 5419 3757 5493 μαι,

2163 5500 2453 5569 positivum
2500 5505 2852 5580 singularem]
2895 5509 3183 5579 signiﬁcat,
3230 5523 3284 5568 et
3318 5513 3448 5569 nulli
3470 5528 3761 5587 compara-

2166 5601 2254 5648 tur
2283 5603 2343 5650 ut
2375 5597 2559 5669 Virgil.
2587 5600 2740 5671 (Ain.
2765 5619 2803 5668 ι,
2829 5601 3002 5692 sea);
3132 5601 3184 5668 "1

2290 5712 2491 5764 Tristior
2517 5723 2665 5780 atque
2691 5687 2866 5769 oculos
2881 5718 3105 5782 lacrymis
3126 5723 3309 5782 suffusa
3334 5728 3572 5782 nitentes.

2167 5801 2391 5860 Tristior
2427 5807 2515 5864 hic
2555 5825 2623 5866 ex
2656 5820 2828 5888 parte,
2851 5813 3121 5886 signiﬁcat
3163 5819 3393 5878 tristem.
3434 5819 3684 5881 Fiuntet
3713 5832 3758 5881 ε
