4062 6346
264 446 269 451 .
353 391 451 451 861

1434 376 1905 437 DlDASCALlCA.
1936 364 2007 415 4—
2046 373 2522 431 GRAMMATICA.

3517 354 3611 428 86!

348 484 734 576 comparativis
755 502 1092 566 diminutiva,
1123 508 1184 555 ut
1206 492 1928 570 majusculus,minusculus;
1955 494 2013 552 Α
2105 489 2203 542 Fu.
2252 488 2365 542 Non
2414 484 2532 544 sum
2572 499 2679 544 tam
2709 488 2898 545 avidus
2945 504 3107 561 quam
3155 497 3213 544 tu
3250 476 3481 552 invidus,
3528 487 3621 558 qui

348 602 446 659 sed
494 616 602 655 non
649 599 891 655 absolute
935 596 1089 671 [.ils.,
1137 592 1419 666 absolutae]
1447 592 1607 663 273
1639 600 1698 645 ut
1727 598 1935 644 ceterae

351 694 758 759 diminutiones,
792 692 885 747 sed
906 691 989 773 ad
1030 690 1231 762 aliquid
1272 688 1590 759 respiciunt,
1623 694 1684 742 ut
1714 684 1932 739 Terent.

351 783 620 859 (Eunuch.
648 802 736 850 tu,
762 783 816 849 ὅ,
846 782 937 855 ‘21)
972 796 988 838 :

471 922 624 977 Thais
648 920 809 985 paulo,
825 933 970 985 quam
995 920 1089 982 ego
1109 932 1235 981 sum,
1260 915 1528 982 maiuscula
1560 918 1657 964 est.

418 1024 520 1084 Fu.
549 1025 714 1095 Cujus
744 1023 956 1095 generis
1003 1021 1362 1092 superlativus
1405 1018 1466 1074 ﬁt
1512 1008 1664 1090 [Με.⁷
1709 1012 1938 1086 sit]?—

348 1112 517 1174 3ης).
550 1108 922 1186 Superlativus
952 1113 1165 1170 mobilis
1190 1116 1273 1169 est
1296 1126 1395 1185 per
1427 1110 1529 1166 tria
1558 1112 1772 1179 genera.
1802 1100 1939 1161 Pru-

351 1208 721 1268 dentissimus,
752 1222 801 1269 a,
830 1220 940 1259 um.

419 1299 518 1355 Fu.
552 1298 1018 1368 Superlativorum
1058 1300 1188 1368 quot
1224 1302 1347 1352 sunt
1391 1292 1641 1365 species?
1671 1322 1741 1332 —
1769 1289 1934 1346 Suo.

349 1391 521 1448 Octo:
568 1394 753 1457 simus,
795 1393 975 1455 rimus,
1028 1391 1081 1445 in
1115 1406 1249 1461 quas
1275 1389 1531 1460 pleraque
1566 1384 1820 1442 desinunt
1850 1400 1939 1439 su-

346 1484 605 1554 perlativa
631 1503 643 1538 :
678 1484 855 1550 limus,
880 1482 1073 1547 ximus,
1108 1485 1285 1549 timus,
1313 1491 1527 1545 (remus,
1554 1481 1712 1543 imus,
1742 1480 1936 1543 nimus,

347 1577 815 1637 utsanctissimus.
849 1574 1266 1651 pulcherrimus,
1292 1573 1620 1636 simillimus,
1644 1569 1936 1635 maximus,

345 1669 589 1735 ultimus,
637 1674 941 1729 extremus,
984 1664 1237 1737 [primus]
1283 1665 1576 1727 minimus;
1627 1676 1656 1715 e
1697 1660 1937 1729 longam,

345 1759 472 1815 dum
501 1760 701 1829 ubique
728 1748 746 1812 ἰ
774 1757 1072 1829 penultima
1104 1756 1429 1825 corripitur,
1461 1761 1689 1824 przeter,
1737 1753 1939 1822 primus
1980 1828 1985 1833 _

343 1858 403 1905 et
431 1852 591 1904 imus.

416 1938 513 1994 Ἐκ.
542 1940 954 2011 Comparativus
983 1949 1037 1995 et
1066 1938 1429 2011 superlativus
1476 1940 1671 2010 quibus
1694 1939 1934 2011 jungun-

339 2030 435 2087 tur
482 2020 738 2086 casibus?
773 2062 845 2070 —
883 2029 1047 2085 Saxo.
1098 2028 1350 2086 Ablativo
1397 2033 1679 2101 utriusque
1727 2032 1937 2087 numeri

342 2117 586 2191 iungitur
637 2120 1059 2191 comparativus,
1106 2128 1186 2186 ut,
1224 2120 1418 2175 Hector
1464 2122 1654 2191 fortior
1687 2116 1938 2177 Diomede

346 2210 467 2281 fuit,
498 2218 547 2265 et
573 2212 830 2265 audacior
856 2206 1123 2283 Trojam's.
1165 2211 1534 2281 Superlativus
1560 2214 1795 2285 genitivo
1822 2214 1940 2284 plu-

346 2302 478 2367 rali,
520 2300 598 2367 ut,
649 2300 845 2357 Hector
889 2303 1209 2373 fortissimus
1244 2304 1597 2374 Trajanorum
1620 2304 1753 2376 fuit.
1787 2307 1941 2361 lnve-

347 2393 495 2447 nitur
519 2401 572 2447 et
609 2390 711 2465 [in]
747 2394 1004 2465 singulari
1028 2394 1179 2466 jungi
1215 2393 1475 2467 [genitivo
1508 2396 1633 2469 (Ed.
1657 2440 1671 2464 ,
1703 2397 1935 2471 generi)]

349 2496 472 2539 cum
502 2485 677 2555 ipsum
704 2485 973 2555 singulare
996 2502 1191 2541 nomen
1217 2488 1617 2543 multitudinem
1646 2491 1936 2561 significat,

346 2582 427 2639 ut,
458 2574 983 2643 Hectarfartissimus
1002 2586 1078 2631 est
1103 2574 1349 2649 Trojana:
1370 2580 1555 2649 gentis.
1582 2581 1697 2646 Est,
1724 2583 1939 2651 quando

350 2668 709 2737 superlativus
737 2684 833 2739 per
855 2684 910 2724 se
935 2670 1153 2739 ponitur
1190 2677 1243 2724 et
1267 2670 1398 2724 nulli
1430 2680 1814 2741 comparatur;
1846 2673 1942 2729 sed

350 2770 465 2814 tum
495 2776 593 2830 pro
617 2759 765 2815 valde
794 2762 1049 2817 adverbio
1077 2762 1423 2831 accipiendus
1463 2771 1545 2818 est
1570 2781 1583 2829 ;
1620 2773 1679 2818 ut
1706 2781 1717 2817 :
1762 2764 1941 2834 fortis-

348 2852 512 2905 simus
540 2851 638 2921 fuit
667 2850 944 2915 Hercules,
978 2853 1032 2906 id
1060 2861 1161 2917 est,
1195 2851 1345 2906 valde
1384 2852 1559 2908 fortis.

424 2941 521 2997 Fu.
558 2942 773 2997 Memini
802 2950 876 3008 te,
916 2942 1080 3009 Saxo,
1116 2943 1315 2998 dixisse
1345 2938 1486 3012 quod
1514 2944 1691 3015 aliqua
1720 2946 1941 3001 nomina

350 3034 668 3104 appellativa
701 3044 882 3091 essent
904 3035 1244 3090 diminutiva.
1283 3034 1422 3090 Num
1449 3052 1479 3091 a
1507 3038 1742 3107 prepriis
1768 3037 1941 3092 nomi-

353 3126 511 3185 nibus
536 3129 742 3199 possint
768 3127 884 3184 lieri
914 3129 1276 3185 diminutiva?
1302 3160 1373 3169 --
1401 3127 1563 3184 Saxo.
1596 3128 1849 3197 Possunt,
1882 3136 1941 3184 ut

352 3230 387 3277 5
410 3218 601 3293 Sergio
624 3220 890 3293 Sergiolus
913 3239 931 3287 ,'
970 3223 1038 3277 ab
1063 3222 1299 3277 Antonio
1318 3263 1331 3287 ,
1362 3221 1720 3278 Antoniaster.

422 3314 521 3367 Fu.
563 3313 706 3380 Quot
745 3314 920 3367 modis
953 3313 1273 3368 diminutiva
1324 3310 1502 3367 ﬁunt?
1528 3343 1598 3352 —
1626 3311 1789 3368 Saxo.
1825 3308 1945 3370 Tri-

352 3406 454 3462 bus
476 3406 670 3461 modis.
700 3405 807 3457 Aut
834 3390 1173 3459 necessitatis
1199 3420 1380 3468 causa,
1417 3412 1477 3458 ut
1504 3421 1532 3457 a
1558 3419 1682 3474 rege
1711 3404 1941 3477 regulus,

352 3501 457 3559 hoc
501 3507 607 3566 est,
655 3504 856 3571 parvus
902 3515 1017 3565 rex,
1067 3502 1127 3555 ut
1166 3499 1388 3555 Sallust.
1445 3497 1733 3572 Postquam
1779 3498 1947 3571 reguli

352 3592 493 3649 coire
547 3590 705 3665 [Ms.,
762 3591 1062 3663 convenere]
1115 3591 1170 3645 in
1218 3608 1402 3645 unum.
1468 3590 1574 3647 Aut
1621 3588 1947 3647 urbanitatis

355 3698 541 3753 causa,
564 3694 625 3740 ut
645 3684 921 3741 Iuvenalis
945 3683 1084 3756 (Sal.
1119 3680 1208 3757 98)
1235 3701 1248 3738 :

484 3848 501 3865 .
530 3850 543 3864 .
567 3849 581 3864 .
608 3848 625 3865 .
651 3813 813 3863 Malim
838 3812 1132 3863 fraterculus
1157 3826 1269 3863 esse
1289 3814 1563 3876 gigantum.

358 3924 468 3979 Aut
508 3924 830 3979 adulationis
860 3938 1021 3978 causa
1047 3964 1062 3988 ,
1100 3932 1159 3978 ut
1194 3922 1271 3995 [in
1302 3924 1542 3995 puerulis
1588 3923 1791 3979 dicitur
1821 3922 1950 3980 Ser-

362 4015 535 4087 giolus
570 4015 765 4087 (Edit.,
798 4016 982 4085 pueris
1020 4014 1345 4088 Sergiolis)].

432 4109 530 4164 Fu.
568 4108 779 4164 Forma:
820 4109 988 4179 igitur
1022 4109 1463 4166 diminutivorum
1492 4119 1627 4180 quot
1667 4114 1845 4167 sunt?
1880 4143 1951 4153 —-

360 4196 530 4263 Saxo.
564 4198 844 4253 Masculini
875 4199 1091 4269 generis
1116 4215 1168 4254 XI
1194 4213 1207 4252 :
1239 4200 1405 4264 culus,
1444 4201 1565 4256 ulus
1593 4202 1714 4275 [Ms.
1736 4245 1749 4269 ,
1780 4204 1948 4278 illus],

362 4288 501 4357 olus,
529 4288 680 4356 allus,
704 4289 887 4355 xillus,
918 4288 1065 4356 illus,
1095 4290 1235 4357 ulus,
1260 4293 1362 4358 cia,
1391 4302 1549 4358 aster,
1578 4293 1734 4365 [leus,
1764 4292 1950 4368 talus].

366 4380 476 4438 Ut:
508 4382 820 4453 Agniculus,
868 4383 1103 4438 tantulus
1132 4382 1279 4456 [Ms.,
1329 4384 1612 4457 tantillus],
1659 4386 1948 4456 caprcalus,

368 4476 623 4549 agnellus,
668 4477 960 4549 pauxillus,
997 4477 1294 4544 cadicillus,
1338 4479 1603 4545 hamulus,
1650 4480 1950 4547 homuncio,

364 4571 730 4642 parasitaster,
761 4570 995 4638 aculeus,
1021 4572 1311 4642 nepotulus.

439 4665 703 4721 Feminini
749 4666 960 4735 generis
998 4682 1113 4722 vn:
1160 4666 1302 4732 cula,
1343 4667 1459 4734 ala,
1500 4668 1606 4734 ala,
1637 4668 1761 4734 clla,
1797 4670 1952 4736 milia,

362 4757 459 4813 illa
485 4797 500 4823 ,
542 4756 671 4811 ulla.
725 4756 794 4812 Ut
825 4775 838 4810 :
890 4756 1168 4827 Agnicula,
1203 4756 1423 4828 sglvula,
1466 4759 1696 4826 unciala,
1732 4760 1954 4832 capella,

362 4850 607 4916 maxilla,
642 4849 902 4921 anguilla,
941 4849 1074 4905 ulla.

437 4940 765 4997 Neutrorum
790 4958 867 4996 vn
907 4949 1031 4997 sunt
1060 4942 1265 4998 formae.
1315 4942 1525 5009 Culum,
1571 4943 1739 5010 ulum,
1791 4945 1955 5011 olum,

366 5036 545 5101 ellum,
580 5035 753 5101 illum,
778 5034 989 5101 xillum,
1020 5036 1207 5091 ullum.
1241 5037 1348 5092 Ut:
1389 5035 1792 5109 Corpusculum,
1818 5040 1960 5109 capi-

367 5127 558 5194 tulum,
608 5125 934 5193 laureolam,
979 5125 1255 5194 lucellum,
1304 5126 1517 5193 villum,
1554 5127 1827 5194 vexillum,
1881 5128 1963 5187 ul-

370 5220 505 5276 lum.

444 5309 606 5365 Fiunt
624 5318 678 5365 et
694 5310 1137 5365 diminutivorum
1162 5309 1480 5365 diminutiva
1504 5310 1667 5363 tertio
1690 5317 1745 5364 et
1766 5319 1964 5379 quarto

374 5405 584 5476 gradu,
641 5412 741 5459 ut:
796 5400 1002 5456 Paulus
1029 5442 1044 5465 ,
1100 5399 1408 5466 Paululus;
1460 5409 1514 5454 et
1554 5400 1853 5470 pana-illus,
1910 5409 1965 5457 et

371 5494 743 5568 pauxillulus;
771 5496 944 5562 homo,
966 5493 1270 5558 homuncio,
1299 5491 1667 5559 homunculus,
1694 5492 1958 5561 hamulus,

372 5585 722 5645 homullulus.

449 5679 632 5748 Ecce,
674 5678 924 5744 France,
967 5678 1034 5734 de
1079 5677 1416 5748 appellativis
1464 5678 1748 5747 speciebus
1798 5680 1965 5737 habes
2038 5704 2043 5709 ·

381 5774 617 5841 abunde,
645 5782 707 5830 ut
729 5788 875 5842 reor,
904 5772 1029 5830 licet
1055 5771 1236 5829 nullus
1264 5780 1369 5828 tua:
1394 5772 1638 5828 aviditati
1680 5774 1851 5845 possit
1880 5790 1967 5831 sa-

389 5869 656 5928 tisfacere.

1970 3238 2017 3303 C

2030 579 2183 633 nulla
2235 578 2317 632 vis
2365 579 2611 648 aperire,
2665 580 2770 635 nisi
2816 579 3238 651 interrogatione
3281 588 3519 635 coactus.
3551 609 3623 620 ——

2039 671 2202 725 Saxo.
2251 670 2528 742 Interroga
2576 689 2695 743 qua:
2725 675 2843 728 vis:
2895 690 2994 745 ego
3039 691 3144 730 non
3174 690 3269 729 ero
3313 664 3492 745 segnis
3538 686 3622 729 re-

2038 758 2321 834 spondere.

2558 874 2646 929 DE
2681 875 3094 933 GENERIBUS.

2110 987 2210 1042 Fu.
2239 987 2413 1054 Nunc,
2450 995 2511 1041 ut
2537 988 2764 1055 aestimo,
2813 990 2947 1044 ordo
2994 991 3352 1046 accidentium
3392 992 3628 1049 nominis

2037 1084 2214 1154 poscit
2261 1088 2291 1137 a
2345 1084 2634 1153 generibus
2684 1085 2977 1154 inquirere.
3037 1084 3189 1140 Unde
3233 1086 3432 1155 genera
3483 1082 3629 1139 dicta

2041 1175 2168 1237 sint,
2196 1173 2561 1243 primovelim
2590 1175 2750 1229 seire.
2780 1205 2852 1215 —
2878 1173 3044 1229 Suo.
3077 1174 3290 1230 Genera
3321 1175 3463 1231 dicta
3494 1182 3623 1230 sunt

2041 1282 2071 1320 a
2096 1267 2422 1336 generando.
2463 1267 2805 1337 Quapropter
2846 1268 3063 1338 proprie
3089 1281 3286 1335 genera
3316 1272 3458 1329 sunt,
3507 1272 3628 1335 quae

2041 1372 2302 1427 generare
2324 1364 2585 1425 possunt:
2616 1358 2673 1411 id
2710 1366 2812 1423 est,
2857 1354 3236 1421 masculinum,
3285 1356 3628 1411 femininum.

2042 1446 2179 1501 Nam
2223 1457 2474 1502 neutrum
2502 1456 2559 1502 et
2600 1463 2884 1503 commune
2930 1449 3102 1520 magis
3146 1448 3297 1503 vocis
3343 1448 3628 1517 qualitate,

2042 1555 2204 1610 quam
2230 1549 2424 1595 natura
2443 1540 2850 1611 dignoscantur.
2878 1541 3134 1610 Epicuena
3152 1542 3462 1611 promiscua
3484 1550 3629 1609 sunt,

2042 1642 2099 1689 et
2123 1634 2223 1688 sub
2249 1648 2355 1688 una
2380 1649 2514 1689 voce
2552 1634 2825 1703 profertur
2855 1635 3012 1707 μη,
3041 1635 3347 1709 proferunt]
3378 1636 3633 1693 masculi-

2042 1741 2173 1780 num
2201 1734 2255 1781 et
2281 1725 2620 1781 femininum.

2113 1816 2213 1870 Fu.
2258 1816 2398 1882 Quid
2446 1824 2531 1872 est
2578 1817 2721 1871 inter
2762 1832 3047 1873 commune
3094 1827 3150 1873 et
3190 1819 3636 1890 epicoenum?-—

2113 1865 2212 1870 ____
2265 1865 2398 1882 κ---
2449 1865 2530 1872 ν--
2767 1865 3045 1873 -----._-_.--
3098 1865 3150 1873 ν-
3191 1865 3532 1890 Ὕ.-νν--,..-.

1964 1865 2017 1929 Β
2044 1906 2210 1964 Saxo.
2255 1908 2409 1976 Quod
2446 1924 2736 1964 commune
2759 1911 2920 1964 modo
2945 1910 3273 1974 masculino,
3293 1913 3455 1965 modo
3482 1910 3637 1965 femi-

2040 2003 2169 2055 nino
2195 2001 2443 2067 articulo,
2494 2010 2656 2071 prout
2694 2003 3026 2057 constructio
3048 2003 3312 2057 orationis
3339 2012 3484 2071 eget,
3508 2002 3636 2070 jun-

2038 2092 2205 2161 gitur.
2254 2092 2554 2161 Epicc'enon
2584 2094 2800 2162 semper
2834 2109 2941 2148 uno
2968 2091 3196 2148 articulo
3223 2092 3534 2163 profertur,
3582 2101 3641 2147 et

2042 2184 2325 2252 utriusque
2353 2191 2562 2239 naturae
2599 2184 2855 2239 animalia
2890 2200 2999 2239 una
3026 2200 3157 2241 voce
3181 2192 3238 2241 et
3273 2200 3382 2241 uno
3408 2182 3638 2239 articulo

2041 2274 2332 2343 signiﬁcat.

2110 2367 2208 2421 Fu.
2264 2366 2404 2421 Num
2440 2369 2623 2423 omnia
2666 2369 2887 2424 nomina
2935 2368 3073 2424 certi
3121 2377 3246 2424 sunt
3289 2370 3641 2441 generis?—

2042 2458 2207 2514 Saxo.
2242 2458 2614 2529 Nequaquam.
2659 2458 2847 2531 [Multa
2871 2462 3016 2516 enim
3049 2461 3199 2516 dubii
3232 2460 3499 2536 generis]

2111 2549 2209 2603 Fu.
2247 2549 2400 2605 Unde
2422 2559 2549 2605 sunt
2579 2551 2727 2606 dubii
2762 2553 2977 2623 generis
3008 2554 3223 2607 nomina
3244 2550 3271 2606 ‘l
3312 2552 3453 2608 forte
3492 2551 3641 2607 diffe-

2042 2643 2233 2698 rentiae
2262 2658 2429 2698 causa
2455 2644 2479 2697 ?
2505 2674 2577 2684 —
2605 2642 2771 2699 Suo.
2818 2643 2935 2700 Non
2963 2644 3303 2711 din‘erentiaa,
3333 2659 3437 2700 nec
3460 2645 3641 2714 aliqua

2042 2735 2385 2791 necessitatis
2408 2750 2593 2801 causa,
2618 2736 2713 2791 sed
2740 2735 2856 2790 sola
2891 2736 3217 2791 auctoritate
3244 2743 3511 2799 veterum,
3544 2742 3637 2788 ut:

2042 2827 2127 2880 hic
2158 2835 2212 2881 et
2236 2827 2348 2880 hrec
2372 2826 2514 2895 ﬁnis,
2563 2834 2758 2892 cortex,
2791 2827 2942 2893 silex,
2976 2844 3178 2897 margo,
3208 2827 3388 2892 cardo,
3425 2824 3639 2896 famast,

2045 2918 2245 2991 [cinis,]
2300 2920 2495 2990 frutex,
2547 2918 2715 2989 frons,
2768 2934 2966 2991 vesper,
3012 2921 3227 2984 humus,
3279 2928 3450 2983 artus,
3495 2917 3643 2972 limes

2047 3010 2237 3082 [Edit.,
2290 3028 2468 3077 arcus,
2515 3011 2719 3083 limus],
2769 3011 2927 3065 latex.
2970 3010 3072 3064 Hic
3101 3018 3155 3065 et
3182 3011 3279 3064 hoc
3321 3010 3421 3065 sal.
3468 3009 3639 3064 Cato:

2046 3104 2132 3159 Ea:
2181 3102 2309 3165 sale,
2354 3103 2443 3173 qui
2494 3102 2635 3173 apud
2691 3100 3129 3173 Carthaginenses
3177 3101 3256 3169 ﬁt.
3313 3100 3639 3157 Africanus:

2049 3196 2319 3266 Quidquid
2346 3196 2597 3266 loquitur,
2630 3194 2711 3251 sal
2737 3211 2938 3250 marum
2966 3192 3114 3267 [Ed.,
3138 3195 3337 3267 verum]
3368 3204 3460 3250 est.

2120 3286 2284 3359 274
2311 3286 2412 3341 Ἐκ.
2443 3288 2573 3353 Quae
2607 3294 2735 3342 sunt
2779 3288 2883 3342 lixa
2920 3287 3185 3341 nomina?
3213 3316 3284 3326 —
3313 3286 3480 3343 Saxo.
3514 3287 3644 3355 Quae

2047 3378 2101 3431 in
2128 3378 2362 3432 alterum
2386 3392 2556 3447 genus
2599 3377 2837 3440 transire
2866 3392 2972 3433 non
2998 3385 3246 3447 possunt,
3285 3383 3365 3444 ut,
3412 3388 3563 3447 pater
3588 3384 3645 3434 et

2046 3479 2235 3523 mater.
2658 3512 2663 3513 γ

2118 3562 2217 3616 Ἐκ.
2247 3563 2376 3629 Quae
2403 3569 2529 3617 sunt
2552 3561 2816 3616 mobilia?
2842 3592 2914 3600 —
2943 3560 3108 3615 Saxo.
3138 3561 3269 3628 Qua:
3294 3559 3499 3614 moveri
3524 3574 3643 3630 pos-

2048 3663 2177 3711 sunt
2204 3662 2260 3709 et
2288 3655 2342 3708 in
2371 3654 2517 3709 aliud
2544 3653 2780 3707 transire
2808 3658 2996 3722 genus.
3045 3651 3165 3707 Alia
3190 3662 3257 3706 ex
3287 3651 3521 3721 propriis
3548 3666 3645 3706 no-

2049 3747 2310 3813 minibus,
2340 3752 2439 3801 ut:
2471 3744 2733 3807 Marcius,
2764 3743 2990 3799 Marcia.
3038 3743 3158 3798 Alia
3183 3758 3250 3798 ex
3285 3743 3642 3814 appellativis,

2049 3847 2148 3894 ut:
2178 3836 2380 3903 Bonus,
2410 3837 2565 3901 bona,
2598 3837 2810 3890 bonum.

2123 3930 2223 3985 Fu.
2258 3930 2401 3997 Quot
2429 3928 2625 3983 litteris
2654 3926 2950 3981 masculina
2980 3927 3241 3981 finiuntur
3267 3927 3487 3981 nomina
3512 3926 3536 3980 ?
3575 3957 3645 3967 -

2054 4024 2220 4080 Suo.
2273 4020 2527 4091 Septem:
2563 4038 2614 4085 a,
2648 4036 2700 4084 ο,
2740 4019 2779 4084 ι,
2813 4036 2863 4084 n,
2898 4034 2941 4083 ν,
2987 4036 3033 4085 s,
3064 4035 3141 4085 a7;
3186 4028 3245 4073 ut
3274 4036 3287 4073 :
3319 4020 3511 4083 scriba,
3559 4016 3647 4074 Ci-

2054 4134 2209 4182 cera,
2265 4114 2364 4180 sol,
2411 4115 2605 4184 [lumen
2667 4112 2817 4184 [Ms.,
2867 4112 3119 4185 ﬂamen],
3182 4110 3395 4173 Cwsar,
3458 4112 3644 4179 bonus,

2054 4231 2148 4269 rex
2154 4254 2166 4267 .

2124 4303 2223 4357 Fu.
2254 4301 2535 4356 Feminina
2558 4300 2732 4369 quot?
2757 4330 2826 4339 —
2852 4298 3017 4355 Saxo.
3047 4297 3286 4365 Eisdem,
3315 4304 3375 4352 ut
3399 4302 3413 4353 ἑ
3451 4297 3645 4366 Roma,

2053 4399 2218 4467 virga,
2250 4394 2532 4466 Tanaquil,
2559 4393 2734 4459 Siren,
2773 4403 2955 4457 mater,
2992 4393 3193 4457 civitas,
3220 4410 3343 4464 pax.

2070 4525 2079 4531 -
2126 4490 2223 4544 Fu.
2256 4488 2455 4543 Neutra
2481 4488 2652 4559 quot?
2678 4517 2748 4537 -νο
2777 4485 2941 4542 Saxo.
2976 4486 3291 4551 Duodecim,
3341 4502 3396 4550 a,
3425 4502 3468 4547 e,
3502 4484 3541 4549 i,
3588 4500 3647 4551 u,

2055 4582 2094 4646 Ι,
2134 4597 2207 4645 m,
2247 4599 2302 4646 n,
2348 4596 2394 4645 r,
2424 4596 2477 4644 s,
2508 4596 2553 4643 c,
2590 4587 2631 4643 t,
2672 4579 2749 4644 d;
2798 4586 2894 4632 ut:
2952 4576 3169 4643 Paema,
3217 4580 3383 4643 mare,
3430 4574 3629 4647 gummi

2057 4689 2243 4737 cornu,
2275 4670 2395 4731 mel,
2424 4686 2660 4741 regnum,
2692 4686 2904 4733 numen,
2949 4667 3117 4734 tuber,
3144 4669 3312 4734 sidus,
3342 4667 3446 4733 lac,
3471 4674 3647 4737 caput,

2058 4764 2279 4835 aliquid.
2316 4762 2680 4835 [Communia,
2709 4761 2789 4814 uti
2818 4761 2978 4814 trium
3008 4776 3290 4831 generum,
3320 4760 3569 4815 desinunt
3596 4759 3651 4811 in

2056 4858 2099 4923 i,
2131 4874 2204 4919 m,
2240 4873 2287 4921 r,
2318 4873 2365 4920 s,
2394 4871 2469 4918 x;
2514 4860 2610 4906 ut:
2643 4851 2727 4905 hic
2754 4859 2810 4906 et
2836 4853 2948 4906 lusa
2986 4860 3041 4906 ct
3067 4852 3164 4906 hoc
3205 4850 3371 4923 frugi,
3403 4867 3647 4923 nequam,

2058 4965 2175 5020 par,
2210 4946 2461 5017 prudens,
2486 4943 2714 5016 audam]
3578 4938 3581 4943 ’

2132 5038 2232 5092 Ἐκ.
2263 5037 2541 5102 Quomodo
2582 5051 2801 5105 possum
2846 5037 2985 5092 scire
3034 5038 3187 5108 cujus
3215 5036 3427 5107 generis
3458 5036 3528 5090 sit
3554 5049 3650 5089 no-

2065 5146 2189 5186 men
2233 5126 2525 5198 qtiodlibet.
2566 5158 2635 5167 —-
2662 5128 2825 5184 Saxo.
2872 5128 3109 5201 Singulm
3140 5144 3270 5183 vero
3313 5126 3651 5182 terminatio-

2066 5237 2164 5276 nes
2190 5221 2392 5274 habent
2417 5219 2629 5290 regulas
2656 5220 2924 5290 praefixas,
2977 5228 3109 5289 quot
3130 5232 3324 5289 genera
3357 5218 3567 5288 possint
3596 5217 3649 5271 in

2067 5314 2147 5368 eis
2174 5326 2312 5365 esse.
2362 5311 2467 5365 Sed
2494 5310 2710 5381 longum
2758 5319 2841 5367 est
2866 5313 2971 5367 hoc
2998 5320 3052 5367 et
3081 5311 3207 5366 huic
3236 5318 3434 5365 nostrae
3458 5307 3651 5379 puerili

2068 5402 2421 5473 disputationi
2447 5416 2735 5457 onerosum
2764 5404 2995 5459 edicere.

2139 5495 2236 5550 Fu.
2270 5495 2383 5551 Hoc
2425 5504 2530 5563 est,
2576 5497 2719 5564 quod
2757 5496 2966 5565 pridem
3015 5494 3145 5550 dixi.
3171 5525 3244 5536 —-
3271 5494 3436 5551 Saxo.
3485 5493 3653 5563 Quid-

2069 5591 2238 5645 nam?

2138 5682 2237 5736 Ἐκ.
2264 5681 2436 5748 Quid?
2463 5680 2565 5734 nisi
2589 5678 2730 5751 quod
2753 5679 2961 5733 invides
2984 5692 3117 5732 meze
3142 5678 3369 5749 peritiae.
3390 5709 3463 5719 -—
3483 5677 3649 5734 Saxo.

2069 5774 2439 5844 Nequaquam,
2482 5771 2684 5835 frater;
2733 5768 2826 5826 sed
2867 5774 2971 5825 ture
3018 5769 3261 5825 avaritiae
3302 5772 3517 5827 modum
3546 5771 3649 5825 im-

2072 5880 2270 5941 ponere
2298 5862 2461 5917 volui.
