4062 6346
1266 346 1327 399 Β.
1360 343 1420 398 F.
1463 337 1687 397 ALBINI
1726 335 1855 394 SEU
1896 330 2175 390 ALCUINI
2214 328 2501 386 OPERUM
2541 328 2722 383 PARS
2750 314 2862 379 V11.

3618 318 3728 379 866

529 468 629 526 Fs.
659 466 875 524 Modum
912 480 1045 521 mea:
1081 463 1321 519 avaritiae
1362 470 1419 517 et
1459 474 1567 513 non
1617 466 1721 511 tuae
1764 448 2041 507 tenacitati
2070 448 2117 506 Α
2147 442 2326 505 bunal,
2375 443 2592 514 vectigal
2618 450 2673 497 et
2694 440 2798 506 sal,
2842 439 2984 508 quod
3010 436 3367 492 masculinum
3391 442 3447 489 et
3481 440 3739 526 neutrum

458 563 735 633 imponere
774 558 877 614 vis.
906 589 978 599 —
1003 557 1169 612 Saxo.
1223 555 1343 620 Eia,
1389 566 1574 623 perge,
1626 564 1736 619 quo
1771 546 1904 602 velis
1949 558 2035 598 se-

457 658 695 725 quar,te.

528 744 628 800 Fn.
675 743 900 813 Pergam
950 739 1330 811 interrogando
1354 779 1370 804 ,
1429 747 1488 792 tu
1539 750 1765 805 sequere
1814 747 2038 801 respon-

459 837 653 893 dendo.
701 834 769 889 Et
793 833 1027 904 primum
1057 832 1146 887 dic
1185 831 1241 885 in
1278 845 1385 900 quo
1428 829 1498 883 sit
1542 828 1775 882 maxima
1803 823 2038 879 nominis

459 926 789 985 difﬁcultas?
819 955 891 968 ~—
917 923 1083 989 Suo.
1133 923 1192 978 1n
1242 921 1530 993 generibus
1567 927 1623 974 et
1667 915 2041 973 declinationi-

458 1020 581 1075 bus.
1980 1086 1983 1087 ν

528 1109 627 1164 Fn.
672 1107 971 1165 Declinatio
1012 1106 1070 1161 in
1115 1120 1222 1175 quo
1269 1101 1626 1175 agnoscitur?
1657 1131 1730 1141 —
1768 1098 1932 1155 Saxo.
1980 1096 2040 1151 In

456 1203 840 1258 terminatione
868 1198 1093 1271 genitivi
1118 1213 1297 1254 casus.

502 1291 628 1347 OFn.
677 1292 820 1360 Quot
867 1297 991 1346 sunt
1032 1288 1445 1344 terminationes
1491 1286 1709 1356 genitivi
1752 1285 2043 1341 casus?—

460 1384 628 1440 Ssxo.
676 1382 944 1452 Quinque.
979 1380 1157 1451 Atque
1194 1379 1316 1435 ideo
1343 1378 1581 1450 quinque
1609 1384 1734 1431 sunt
1764 1376 2042 1430 nominum

460 1476 865 1533 declinationes.

530 1566 628 1621 Fn.
659 1567 757 1621 Dic
785 1565 1042 1635 singulas.
1082 1594 1154 1605 —
1183 1563 1349 1620 Saxo.
1394 1563 1575 1618 Prima
1616 1562 1670 1616 in
1719 1577 1783 1625 az,
1828 1568 1926 1614 ut:
1959 1560 2043 1614 hic

457 1666 633 1727 poeta,
657 1656 817 1726 hujus
838 1666 1022 1727 poene.
1055 1654 1302 1712 Secunda
1328 1656 1382 1709 in
1406 1656 1446 1720 i,
1474 1663 1571 1708 ut:
1604 1654 1688 1707 hic
1712 1654 1917 1717 doctus,
1947 1652 2043 1705 hu-

452 1748 545 1821 jus
573 1749 731 1803 docti.
774 1748 953 1804 Tertia
982 1750 1035 1803 in
1073 1749 1116 1803 is
1141 1750 1384 1809 brevem,
1412 1755 1510 1802 ut:
1558 1748 1642 1801 hic
1675 1758 1842 1818 pater,
1883 1746 2044 1815 hujus

2138 537 2431 591 invenitur.
2465 536 2521 589 Si
2544 536 2778 590 barbara
2803 532 2962 598 ﬁunt,
2989 528 3285 603 masculina
3312 535 3459 592 sunt,
3486 534 3547 579 ut
3569 525 3740 581 Anni-

2138 627 2246 693 bal,
2281 635 2384 682 etc.
2415 626 2473 680 in
2503 624 2550 679 el
2579 633 2789 680 neutra.
2820 621 2951 687 Mel,
2991 620 3079 691 fel.
3114 621 3172 675 in
3212 620 3252 673 il
3276 634 3444 674 unum
3473 616 3736 673 masculi-

2137 734 2303 783 num,
2355 715 2543 788 pugil;
2599 732 2765 771 unum
2816 713 3167 779 femininum,
3220 711 3500 783 Tanaquil.
3556 710 3738 767 Unum

2140 826 2451 877 commune,
2478 810 2620 881 vigil.
2657 809 2834 866 Unum
2864 815 3116 864 neutrum
3146 804 3550 869 indeclinabile,

2137 905 2196 960 In
2222 906 2273 960 ol
2296 921 2467 961 unum
2492 904 2871 969 masculinum,
2907 902 3006 958 sol.
3036 902 3094 957 In
3120 901 3177 956 ul
3208 901 3361 959 ﬁnita
3386 901 3493 956 duo
3519 915 3739 955 mascu-

2141 997 2269 1063 lina,
2322 996 2525 1063 consul,
2574 995 2790 1068 prtesul.
2842 994 3017 1051 Unum
3066 1009 3375 1060 commune,
3413 1000 3513 1047 ut:
3558 992 3733 1048 exsul.

2141 1090 2200 1145 In
2230 1108 2316 1145 am
2338 1105 2506 1159 unum
2536 1103 2846 1154 commune,
2872 1095 2932 1142 ut
2950 1086 3034 1140 hic
3059 1094 3116 1141 et
3141 1086 3253 1140 lucc
3279 1093 3334 1141 et
3362 1084 3458 1137 hoc
3484 1100 3733 1155 nequam.

2143 1182 2210 1237 Et
2240 1185 2355 1238 hzec
2375 1183 2558 1240 omnia
2581 1181 2738 1251 juxta
2764 1182 2984 1236 tertium
3010 1178 3302 1233 ﬂectuntur
3326 1177 3573 1232 ordinem
3596 1175 3735 1247 [.tl.,

2143 1274 2431 1329 tertiam...
2464 1270 2924 1342 declinationem].
2958 1270 3017 1324 In
3052 1285 3138 1322 um
3169 1269 3349 1324 omnia
3387 1275 3581 1322 neutra
3610 1273 3741 1319 sunt

2144 1375 2199 1422 et
2234 1366 2485 1421 secunda:
2510 1363 2909 1429 declinationis,
2945 1370 3005 1417 ut
3029 1360 3299 1431 templum,
3345 1357 3543 1429 templi.
3591 1356 3649 1410 In
3672 1373 3741 1409 cn

2145 1470 2338 1510 novem
2371 1461 2495 1509 sunt
2520 1453 2865 1509 masculina:
2915 1452 3043 1519 lien,
3088 1449 3220 1517 rien,
3273 1452 3489 1521 ﬂamen,
3537 1460 3738 1519 pecten,

2146 1548 2356 1613 tibicen,
2404 1547 2628 1616 ﬁdicen,
2679 1545 2877 1611 liticen,
2930 1544 3163 1608 tubicen,
3214 1544 3499 1605 cornicen;
3544 1550 3740 1596 caetera

2146 1641 2328 1695 omnia
2354 1649 2545 1695 neutra
2567 1648 2714 1706 sunt,
2744 1649 2805 1694 ut
2828 1656 3063 1703 carmen,
3090 1640 3286 1708 ﬂumen
3308 1654 3327 1704 ;
3353 1645 3409 1692 et
3429 1636 3613 1697 omnia
3639 1644 3745 1690 ter-

2148 1733 2237 1787 tiae
2264 1731 2656 1787 declinationis.
2701 1730 2760 1785 In
2786 1746 2850 1784 ar
2883 1729 3036 1784 ﬁnita
3068 1738 3193 1784 sunt
3223 1728 3397 1783 tertiae
3425 1726 3743 1783 declinatio.

456 1804 641 1909 ﬁt,“
689 1839 891 1907 Quarta
939 1840 994 1894 in
1040 1857 1102 1894 η,
1147 1840 1490 1911 productam,
1538 1848 1637 1893 ιηε
1676 1804 1763 1892 λίς
1809 1804 2044 1905 “naias,
2079 1804 2124 1864 Β
2152 1824 2238 1877 nis
2264 1831 2318 1877 et
2341 1822 2627 1887 neutralia,
2656 1828 2716 1875 ut
2744 1820 3000 1887 torcular,
3037 1820 3300 1892 pulvinar.
3333 1819 3624 1888 Exceptis:
3660 1817 3744 1870 hic

458 1934 620 2004 hujus
644 1944 874 1989 senatus.
913 1933 1109 2002 Quinta
1150 1934 1204 1988 in
1229 1934 1276 1988 ei
1302 1933 1526 1999 divisas,
1553 1940 1614 1987 ut
1636 1951 1648 1985 :
1679 1933 1762 1986 hic
1788 1932 1921 1997 dies,
1948 1931 2048 1985 Itu-

452 2022 549 2095 jus
585 2025 711 2079 diei.

526 2116 627 2171 Fn.
659 2116 889 2173 Nomina
919 2117 975 2171 in
1004 2135 1037 2171 a
1078 2115 1274 2189 [ﬁnita]
1306 2114 1459 2185 cujus
1488 2115 1705 2186 generis
1752 2114 1837 2184 vel
1883 2114 2049 2170 decli-

456 2211 692 2265 nationis
722 2211 890 2267 sunt?
917 2241 987 2250 —
1012 2210 1178 2265 Suo.
1228 2209 1420 2265 Omnia
1462 2207 1751 2281 [nomina],
1779 2209 1822 2263 si
1858 2207 2048 2261 Latina

459 2311 607 2368 sunt,
636 2302 825 2371 prima:
856 2299 1257 2373 [declinationis
1288 2298 1437 2371 sunt]
1487 2308 1545 2354 et
1573 2299 1735 2354 trium
1768 2313 2045 2370 generum,

458 2392 763 2457 masculini,
794 2391 1063 2456 feminini,
1091 2392 1412 2446 communis.

529 2483 629 2537 Fn.
660 2484 917 2540 Discerne
943 2499 1064 2553 quae
1106 2484 1413 2554 pertineant
1452 2485 1519 2540 ad
1563 2485 1666 2539 hoc
1690 2483 1775 2539 vel
1805 2483 1933 2539 illud
1960 2498 2051 2554 ge-

461 2590 580 2632 nus.
610 2574 778 2631 Saxo.
807 2575 1094 2631 Hominum
1120 2576 1337 2631 nomina
1365 2577 1420 2631 in
1450 2594 1483 2631 a
1512 2577 1810 2632 desinentia
1836 2590 2051 2630 mascu-

461 2670 553 2727 lini
582 2679 708 2727 sunt
729 2672 962 2743 generis,
1002 2679 1104 2725 ut:
1144 2670 1316 2741 Sylla,
1368 2671 1587 2727 Seneca.
1637 2671 1879 2725 Aliarum
1922 2684 2051 2723 vero

463 2775 647 2816 rerum
670 2762 889 2831 propria
925 2760 1184 2816 feminina
1214 2770 1361 2827 sunt,
1404 2770 1501 2815 ut:
1532 2760 1726 2826 Roma,
1764 2760 1870 2815 Ilia
1901 2760 2047 2832 [Ms.,

463 2847 672 2921 Italia],
710 2852 878 2905 curia.
936 2850 1003 2905 Et
1044 2851 1227 2907 omnia
1266 2851 1590 2922 appellativa
1635 2851 1883 2906 feminini
1916 2852 2050 2908 ﬁunt

462 2938 623 3010 [Λίδη
671 2938 818 3010 sunt]
847 2940 1084 3010 generis,
1130 2947 1227 2994 ut:
1264 2941 1464 3010 regina,
1500 2941 1712 3011 justitia
1736 2955 1754 2992 :
1792 2942 1895 2996 nisi
1936 2942 2050 2997 haec

461 3045 580 3099 qua:
608 3030 675 3085 ad
711 3029 891 3085 ofﬁcia
915 3030 1157 3084 virorum
1186 3032 1480 3101 pertinent,
1527 3042 1625 3086 ut:
1670 3031 1803 3097 lixa,
1856 3033 2046 3099 scriba,

460 3119 682 3191 collega,
709 3129 766 3175 et
789 3136 909 3190 quae
928 3120 1176 3176 aGraecis
1198 3123 1528 3191 sumpsimus
1551 3124 1848 3178 mutatione
1869 3142 1894 3177 s
1919 3123 2051 3178 lina-

462 3211 527 3264 tis
553 3210 607 3264 in
636 3228 691 3277 a,
724 3219 783 3265 ut
808 3221 1001 3281 poetes,
1029 3213 1363 3279 citharistes;
1395 3230 1495 3269 nos
1522 3225 1673 3284 poeta
1698 3224 1753 3270 et
1778 3216 2051 3270 citharista

452 3301 692 3378 dicimus
717 3320 731 3356 :
777 3308 832 3356 et
855 3318 975 3373 qua:
1013 3318 1043 3357 a
1070 3303 1254 3357 verbis
1281 3305 1582 3373 composita
1608 3317 1752 3391 sunt,
1797 3304 1882 3360 vel
1910 3305 2053 3360 deri-

2154 1915 2281 1989 [Al.,
2313 1914 2417 1987 his]
2448 1912 2646 1981 Ca’sar,
2674 1914 2795 1980 lar,
2826 1923 2882 1969 et
2916 1913 3054 1978 Nar,
3080 1912 3226 1967 ﬂuvii
3248 1928 3447 1968 nomen
3479 1930 3492 1965 :
3532 1918 3586 1965 et
3606 1924 3745 1965 com-

2152 2008 2333 2063 munis
2357 2007 2593 2077 generis,
2640 2014 2703 2061 ut
2727 2006 2811 2060 hic
2837 2013 2892 2061 et
2931 2007 3044 2060 Ιιωσ
3069 2013 3123 2060 et
3146 2005 3243 2059 hoc
3273 2021 3393 2075 par,
3437 2012 3493 2057 et
3532 2018 3653 2073 qua:
3678 2016 3744 2057 ex

2151 2115 2217 2155 eo
2261 2102 2557 2169 composita
2601 2106 2760 2154 sunt:
2807 2099 2998 2169 impar,
3046 2098 3248 2168 dispar,
3302 2114 3535 2168 compar.
3585 2095 3645 2151 In
3691 2113 3747 2150 er

2153 2191 2325 2258 ﬁnita,
2355 2192 2595 2261 exceptis
2622 2209 2635 2245 :
2668 2192 2779 2245 lucc
2807 2199 2996 2254 mater,
3027 2191 3138 2244 hmc
3166 2189 3397 2245 mulier:
3433 2197 3487 2245 et
3508 2188 3596 2244 liis
3616 2204 3742 2245 neu-

2153 2284 2273 2348 tris,
2308 2284 2495 2349 Juber,
2540 2300 2789 2354 papaver,
2838 2280 3056 2356 [tuber,]
3099 2282 3342 2348 cadaver,
3391 2281 3554 2347 laser,
3597 2280 3739 2347 siler,

2152 2378 2270 2441 iter,
2313 2378 2469 2441 cicer,
2502 2377 2673 2440 siser;
2710 2384 2766 2430 et
2788 2375 3165 2431 communibus
3192 2373 3295 2439 his,
3345 2372 3569 2446 [pauper
3603 2373 3743 2443 (Ed.,

2151 2466 2383 2540 paucis)]
2407 2467 2555 2533 uber,
2585 2466 2744 2532 celer,
2782 2466 2886 2521 alia
2913 2466 3091 2520 omnia
3121 2464 3405 2520 masculini
3431 2473 3560 2519 sunt
3582 2479 3744 2533 gene-

2154 2561 2267 2625 ris;
2306 2560 2408 2616 alia
2437 2559 2712 2625 mutndte,
2748 2558 2853 2614 alia
2888 2559 3065 2613 tertia
3091 2558 3485 2623 declinationis,
3519 2575 3744 2629 quorum

2153 2654 2444 2712 declinatio
2475 2653 2637 2709 facile
2680 2667 2749 2707 ex
2783 2652 3016 2721 obliquis
3045 2651 3261 2728 casibus
3297 2650 3521 2722 intelligi
3550 2660 3741 2722 potest.

2152 2748 2220 2803 Et
2270 2748 2389 2804 ideo
2427 2749 2492 2803 de
2524 2746 2946 2814 declinationum
2984 2743 3300 2799 diversitate
3328 2744 3555 2799 minime
3601 2743 3744 2798 labo-

2154 2842 2387 2897 randum
2416 2856 2631 2897 censeo.

2224 2933 2321 2988 Fn.
2349 2934 2457 2989 Fac
2477 2942 2536 2987 ut
2558 2934 2751 3004 placet.
2781 2932 2857 2990 Ex
2892 2948 2979 2987 me
3008 2932 3151 2986 enim
3188 2946 3409 3001 possum
3437 2929 3748 2987 declinatio-

2149 3032 2269 3089 nes,
2316 3031 2376 3078 ut
2395 3023 2600 3088 dixisti,
2637 3024 2890 3095 experiri.
2928 3053 3001 3063 —
3034 3021 3196 3078 StXO.
3235 3023 3295 3078 In
3332 3024 3381 3077 ir
3426 3039 3597 3078 unum
3636 3037 3743 3077 ma-

2154 3118 2443 3183 sculinum,
2475 3119 2562 3171 hic
2599 3118 2717 3183 vir;
2764 3125 2818 3173 et
2844 3133 2911 3172 ex
2937 3131 3002 3172 eo
3046 3118 3365 3188 composita,
3394 3126 3471 3183 ut,
3519 3119 3740 3185 semivir,

2155 3211 2418 3276 duumvir,
2451 3210 2579 3264 lerir
2603 3208 2733 3282 [Al.,
2765 3208 2953 3282 lavit].
2988 3210 3053 3264 Et
3077 3226 3244 3265 unum
3262 3220 3539 3277 neutrum,
3569 3219 3629 3266 ut
3652 3212 3743 3265 hoc

2152 3306 2204 3359 ir
2234 3303 2523 3376 [medietas
2549 3301 2761 3375 palmae]
2812 3302 3190 3358 indeclinabile
3214 3321 3227 3357 :
3260 3310 3316 3357 et
3340 3311 3467 3359 sunt
3496 3302 3741 3359 secundat

462 3392 643 3446 vativa
692 3401 838 3458 sunt,
883 3393 1194 3449 communia
1235 3403 1381 3461 sunt,
1416 3403 1515 3450 ut:
1550 3396 1635 3450 hic
1668 3406 1724 3451 et
1768 3396 1880 3450 haec
1910 3397 2061 3466 agri-.
2157 3396 2551 3453 declinationis.
2604 3394 2668 3454 In
2704 3412 2765 3449 or
2815 3395 3118 3453 desinentia
3166 3404 3468 3465 sequuntur
3517 3394 3744 3451 formam

463 3482 581 3538 cola
601 3524 616 3549 ,
644 3485 910 3556 rurigena,
939 3486 1162 3553 advena,
1202 3486 1487 3555 patricida,
1520 3489 1753 3556 conviva,
1784 3498 1839 3545 et
1873 3488 1959 3546 his
1982 3489 2055 3544 si-
2156 3489 2331 3543 tertia:
2377 3488 2775 3553 declinationis,
2821 3495 2875 3540 et
2904 3495 3031 3541 sunt
3054 3487 3346 3543 masculina
3365 3528 3380 3553 ,
3422 3489 3635 3559 propria
3661 3485 3745 3542 vel

465 3574 636 3630 milia.

2158 3577 2500 3649 appellativa,
2544 3587 2605 3632 ut
2637 3597 2649 3632 :
2702 3576 2919 3643 Hector,
2953 3587 3152 3642 ora-tor,
3186 3578 3358 3648 furor,
3402 3579 3622 3632 doctor:
3652 3593 3745 3632 ex-

533 3665 632 3721 Fn.
680 3667 924 3724 Aliarum
979 3680 1311 3745 prosequere
1364 3672 1634 3729 vocalium
1696 3675 1932 3747 regulas.
1983 3694 2065 3717 —-
2157 3668 2331 3738 captis
2363 3669 2537 3723 tribus
2563 3667 2861 3734 femininis,
2896 3685 3069 3734 soror,
3110 3668 3266 3735 urar,
3299 3669 3498 3724 arbor:
3528 3678 3584 3725 et
3619 3685 3747 3725 neu-

468 3755 633 3815 Suo.
681 3758 923 3816 Faciam.
976 3760 1036 3818 In
1070 3780 1098 3818 e
1133 3764 1315 3819 omnia
1357 3752 1535 3821 tertiae
1583 3765 1958 3823 declinationis
2001 3775 2057 3823 et
2159 3759 2258 3814 tris
2291 3759 2415 3813 his:
2470 3759 2635 3824 Ador.
2682 3774 2934 3823 πιανηιον,
2969 3776 3165 3831 «quor.
3214 3760 3355 3827 εὺον,
3394 3759 3531 3826 οῖον.
3559 3761 3744 3831 [επιστ.

465 3850 643 3904 neutri
668 3852 908 3918 generis,
952 3860 1052 3907 ut:
1100 3855 1196 3909 hoc
1242 3855 1457 3910 monile.
1504 3856 1562 3910 In
1588 3857 1608 3911 i
1634 3865 1919 3924 neutrum;
1958 3860 2060 3913 hoc
2157 3869 2288 3908 cor:
2316 3862 2370 3908 el
2397 3867 2709 3917 commune,
2754 3852 2837 3906 hic
2863 3860 2919 3907 ei
2952 3852 3064 3906 hd‘c
3092 3863 3293 3919 ατιετοτ,
3327 3854 3578 3921 ἀίδεοιονν
3625 3872 3747 3909 (οη-

464 3942 680 4010 gummi.
725 3940 785 3995 ln
810 3959 841 3996 ο
871 3942 1021 3998 ﬁnita
1046 3943 1225 3999 omnia
1273 3946 1449 4001 tertiae
1496 3956 1624 4003 sunt
1655 3947 2052 4015 declinationis,

464 4034 559 4089 sed
587 4034 786 4091 diversi
814 4039 1046 4107 generis.
1079 4037 1128 4092 E
1153 4040 1504 4096 antecedente
1536 4058 1565 4095 ο
1586 4044 1891 4099 masculina
1925 4060 2052 4114 proo

464 4128 581 4197 pria
609 4138 752 4194 sunt,
785 4138 880 4184 ut:
926 4129 1120 4197 Labeo,
1148 4148 1337 4201 ganeo,
1378 4132 1514 4186 aleo.
1556 4132 1587 4186 1
1617 4136 1974 4191 antecedente
2001 4154 2052 4201 ο,

465 4219 680 4287 quando
725 4228 852 4275 sunt
893 4221 1155 4288 verbalia,
1206 4222 1466 4278 feminina
1515 4233 1662 4288 sunt,
1709 4234 1809 4281 ut:
1862 4229 2053 4292 oratio,

2156 3941 2339 4008 color;
2369 3944 2452 3997 hic
2473 3952 2528 3998 et
2550 3943 2661 3997 haec
2687 3958 2887 3996 memor
2908 3951 2962 3997 et
2984 3943 3257 3997 immemor
3278 3960 3299 4008 ;
3328 3952 3382 3999 et
3404 3944 3583 4008 omnia
3606 3959 3749 3999 com-

2155 4034 2401 4103 paraliva
2431 4052 2492 4089 or
2534 4034 2685 4089 ﬁnita
2727 4035 3030 4091 communis
3063 4044 3189 4091 sunt
3228 4034 3462 4108 generis,
3495 4046 3553 4092 ut
3577 4038 3664 4091 hic
3694 4046 3748 4092 et

2157 4128 2269 4181 hac
2308 4127 2530 4190 doctior,
2567 4127 2794 4193 melior;
2831 4136 3058 4198 excepto
3081 4145 3211 4193 uno,
3240 4129 3324 4182 hic
3352 4130 3547 4185 senior.
3596 4129 3657 4184 In
3684 4147 3751 4183 ur

2157 4232 2322 4271 unum
2354 4218 2603 4273 secundae
2641 4217 3061 4292 [declinationis]
3104 4221 3421 4282 invenitur:
3468 4222 3552 4276 hic
3594 4231 3749 4276 satur
3792 4232 3797 4237 '

466 4308 622 4373 actio,
652 4310 976 4380 conjugatio,
1003 4320 1108 4366 etc.
1151 4311 1195 4368 G
1226 4314 1313 4367 vel
1334 4314 1368 4367 ά
1392 4316 1699 4385 [impositis
1723 4334 1779 4383 ο,
1810 4317 1855 4372 si
1879 4328 2057 4373 muta.
2157 4315 2212 4361 et
2251 4305 2380 4363 facit
2402 4317 2585 4362 satura
2623 4308 2902 4364 feminino.
2949 4310 3241 4372 Maseulina
3272 4328 3421 4377 vero,
3460 4313 3543 4366 hic
3571 4323 3746 4379 σείειν,

465 4404 554 4450 ιιιι·
580 4415 611 4451 ο
641 4399 743 4453 ini
786 4400 843 4454 in
884 4401 1118 4470 obliquis
1163 4405 1400 4470 casibus,
1450 4405 1707 4461 feminina
1757 4417 1904 4475 sunt,
1954 4420 2049 4465 ut:

466 4487 844 4558 virgo,'uligo,
878 4489 1123 4555 dulcedo,
1168 4494 1381 4564 cupido,
1432 4496 1574 4564 quod
1600 4504 1656 4551 et
1699 4499 2053 4555 masculinum

468 4587 572 4643 est,
622 4581 837 4648 quando
864 4581 1141 4651 proprium
1172 4591 1273 4638 est.
1312 4584 1710 4655 Excipiuntur:
1760 4590 1863 4656 hic,
1899 4592 2048 4652 ordo,

470 4668 650 4733 cardo,
691 4685 905 4741 mango,
939 4687 1145 4742 margo,
1173 4672 1376 4742 praedo,
1405 4674 1562 4742 cudo,
1592 4678 1756 4746 spado
1780 4696 1799 4743 ;
1825 4688 1880 4734 et
1905 4695 2051 4736 com.

470 4757 678 4824 munia,
725 4766 821 4812 ut:
864 4760 1042 4827 homo,
1087 4759 1242 4815 latro.
1292 4761 1426 4817 Item
1462 4781 1475 4817 :
1522 4765 1650 4831 duo,
1699 4769 1873 4834 ambo,
1916 4780 2051 4836 octo,

468 4846 642 4916 pondo
676 4850 980 4903 communia
1026 4848 1218 4922 [sunt].
1267 4850 1335 4905 Et
1362 4850 1505 4907 Juno
1541 4862 1597 4908 et
1626 4871 1750 4908 caro
1796 4855 2051 4912 feminina

471 4937 663 5012 [sunt].
710 4939 829 4996 Alia
858 4942 1037 4997 omnia
1067 4943 1364 5001 masculina
1392 4953 1538 5011 sunt,
1579 4954 1681 5000 ut:
1727 4947 1918 5014 stellio,
1968 4948 2056 5002 Ci-

468 5050 609 5102 cero,
639 5036 818 5103 carbo,
862 5053 1051 5091 sermo.
1088 5037 1145 5092 ln
1180 5055 1216 5090 ιι
1234 5047 1433 5097 neutra
1467 5048 1593 5093 sunt
1620 5047 1675 5094 et
1709 5048 1915 5110 quartre
1956 5041 2051 5097 de-

469 5127 794 5194 clinationis,
822 5139 882 5184 ut
913 5149 926 5183 :
956 5147 1142 5197 cornu,
1180 5147 1337 5202 genu,
1365 5131 1504 5203 gelu.
1536 5132 1604 5191 Et
1628 5142 1756 5189 sunt
1791 5142 1971 5205 aptota
1994 5135 2049 5190 in

472 5217 733 5290 singulari
763 5235 1012 5276 numero.

541 5305 640 5361 Fn.
669 5308 847 5364 Placet
875 5308 1019 5379 quod
1044 5309 1201 5377 dicis,
1237 5311 1362 5368 licet
1385 5329 1447 5367 ιιι
1489 5313 1625 5387 [Al.,
1667 5332 1742 5382 vi,
1778 5333 1867 5371 seu
1894 5316 1969 5382 vi,
1993 5316 2049 5371 id

470 5407 547 5454 est
574 5400 841 5473 violenter]
872 5403 1039 5458 dicas.
1070 5401 1176 5457 Sed
1202 5408 1617 5461 consonantium
1645 5409 1854 5480 regulas
1875 5412 2050 5480 pande

469 5501 569 5558 per
605 5495 678 5552 te,
725 5506 813 5545 me
839 5498 1049 5547 tacente
1092 5501 1149 5547 et
1190 5496 1468 5563 probante.
1495 5497 1755 5555 —Suo.
1803 5500 1941 5555 Fiat.
1991 5502 2050 5556 In

472 5595 501 5635 ο
531 5589 722 5636 neutra
748 5582 875 5649 duo,
906 5593 997 5639 ut:
1038 5585 1167 5653 Lac,
1194 5588 1324 5642 alec.
1354 5588 1412 5643 ln
1440 5590 1474 5642 ά
1510 5602 1721 5655 neutra,
1751 5601 1809 5646 ut
1836 5611 1847 5645 :
1900 5595 2045 5664 quid,

2156 4408 2350 4463 turtur,
2400 4398 2591 4454 vultur.
2642 4401 2979 4470 Communia,
3028 4411 3088 4458 ut
3130 4405 3214 4458 hic
3253 4412 3309 4459 et
3333 4406 3445 4459 Iuec
3492 4423 3666 4476 augur
3695 4413 3751 4460 et

2157 4490 2265 4560 fur.
2291 4489 2409 4544 Alia
2437 4491 2619 4577 omnia
2646 4502 2837 4549 neutra
2867 4504 3011 4561 sunt,
3039 4505 3099 4554 ut
3116 4506 3315 4568 guttur,
3343 4498 3578 4570 sulphur,
3606 4517 3751 4555 mur»

2156 4595 2292 4642 mur,
2318 4579 2517 4649 jecur;
2561 4590 2614 4636 et
2642 4584 2816 4639 tertiae
2842 4585 3236 4645 declinationis.
3274 4589 3333 4648 ιιι
3365 4608 3425 4645 as
3456 4593 3748 4648 terminata

2155 4666 2399 4724 feminini
2426 4679 2552 4727 sunt
2581 4675 2814 4743 generis,
2850 4687 2908 4731 ut
2936 4678 3047 4733 Ιιιεσ
3074 4680 3324 4751 dignitas,
3361 4684 3543 4754 pietas,
3571 4698 3745 4741 exce-

2155 4762 2281 4831 ptis,
2312 4762 2395 4817 hic
2426 4782 2504 4831 as,
2538 4767 2691 4831 assis,
2718 4784 2855 4833 mas,
2881 4772 3064 4833 maris,
3092 4788 3206 4838 vas,
3235 4775 3381 4829 vadis
3404 4793 3424 4841 ;
3449 4786 3503 4831 et
3530 4778 3631 4831 hoc
3657 4795 3747 4833 cas

2156 4853 2292 4906 vasis
2313 4869 2332 4907 :
2358 4862 2413 4907 et
2435 4856 2531 4909 hoc
2556 4856 2640 4926 fas
2659 4865 2714 4913 et
2734 4844 2893 4928 nefas~
2903 4868 2958 4917 et
2980 4863 3157 4919 omnis
3179 4868 3394 4935 generis
3414 4884 3575 4939 nugas
3604 4868 3746 4942 [Al.,

2157 4944 2399 5016 nugax];
2449 4955 2503 5001 et
2551 4950 2733 5005 omnia
2777 4953 2948 5010 tertia:
2989 4954 3387 5019 declinationis.
3440 4961 3546 5023 Sed
3584 4962 3747 5019 inve-

2156 5035 2379 5091 niuntur
2403 5041 2621 5109 propria
2664 5042 2852 5111 prima:
2876 5045 3269 5117 declinationis,
3317 5059 3378 5105 ut
3400 5052 3485 5106 hic
3512 5050 3747 5123 ineas,

2155 5124 2361 5196 Lysias.
2413 5130 2480 5185 Et
2506 5133 2680 5189 tertia:
2709 5149 2923 5204 quoque
2966 5136 3386 5213 [declinationis]
3409 5141 3595 5213 patric
3642 5158 3748 5198 no-

2155 5220 2322 5285 mina,
2350 5222 2434 5277 hic
2474 5220 2745 5294 Mycenas,
2795 5226 3054 5299 Capenas,
3083 5232 3330 5303 Arpinas.
3378 5233 3435 5288 In
3464 5251 3516 5288 es
3553 5250 3751 5291 corre—

2154 5322 2301 5382 ptam
2341 5316 2651 5385 terminata,
2698 5319 2744 5374 si
2788 5320 3112 5377 naturaliter
3137 5323 3205 5379 de
3249 5340 3396 5380 mare
3440 5335 3494 5380 et
3535 5326 3748 5383 femina

2152 5405 2474 5477 signiﬁcatio
2499 5417 2677 5479 potest
2704 5426 2843 5478 esse,
2874 5414 3180 5469 communia
3216 5415 3347 5471 ﬁant
3374 5416 3502 5489 [Al.,
3548 5417 3742 5492 ﬁunt],

2149 5508 2209 5553 ut
2234 5500 2318 5553 hic
2342 5508 2396 5555 et
2422 5502 2534 5556 lure
2558 5504 2729 5569 hebes,
2764 5506 2817 5559 iii
2844 5514 2947 5580 est,
2980 5507 3183 5563 tardus.
3217 5507 3306 5564 Sic
3336 5521 3490 5575 teres,
3536 5529 3741 5581 comes,

2147 5593 2311 5659 dives,
2346 5612 2539 5666 sospes,
2571 5597 2775 5669 hospes,
2806 5616 3022 5670 pra’ses,
3049 5601 3215 5667 deses,
3253 5609 3420 5668 obses,
3451 5613 3741 5675 θυμηδία,

471 5675 635 5765 quod,
681 5674 869 5765 aliud;
920 5693 1039 5746 quae
1068 5681 1287 5735 nomina
1316 5696 1437 5737 esse
1483 5682 1666 5739 multis
1692 5686 1866 5740 modis
1909 5688 2047 5742 ratio
2144 5684 2460 5755 quadrupes,
2487 5689 2712 5759 sonipes.
2746 5690 2862 5747 Alia
2888 5707 3015 5747 vero
3038 5694 3238 5756 omnia,
3271 5694 3323 5747 id
3344 5704 3447 5760 est,
3473 5711 3591 5765 qua:
3616 5694 3742 5751 nul-

472 5763 679 5836 probat.
709 5763 769 5821 In
790 5765 867 5835 al,
911 5768 1071 5841 275
1097 5772 1143 5827 si
1168 5769 1384 5841 Latina,
1410 5781 1603 5831 neutra
1630 5784 1776 5844 sunt,
1804 5785 1902 5833 ut:
1952 5778 2047 5835 tri-
2145 5773 2251 5832 lam
2291 5780 2595 5839 naturalem
2638 5784 3073 5840 communionem
3118 5783 3249 5858 [Al.,
3293 5763 3543 5841 naturam
3576 5800 3743 5844 com-
