4062 6346
305 347 413 408 865

1389 336 1877 396 DIDASCALICA.‘
1897 362 1969 376 -
1984 420 1987 425 Ξ
2004 330 2480 389 GRAMMATICA.

3473 326 3580 385 866

303 467 547 541 munem]
575 482 698 524 cum
722 467 940 523 feminis
959 454 1180 532 habent,
1208 463 1505 523 masculina
1532 468 1680 525 sunt,
1710 466 1773 512 ut
1793 456 1888 511 sti-

1999 460 2049 505 ut
2091 451 2234 521 lepus
2297 450 2510 520 leporis.
2556 447 2721 521 Igitur
2765 454 2971 519 quartae
3017 445 3392 502 declinationis
3424 445 3583 504 femi-

303 576 413 631 pes,
442 559 613 624 limes,
656 558 838 628 fomes,
869 574 1040 629 cespes
1071 554 1394 629 [meridies];
1440 551 1681 620 exceptis
1715 548 1769 603 in
1803 563 1888 617 ges

304 649 567 724 syllabam
603 648 993 713 desinentibus,
1024 664 1051 701 e
1078 648 1133 702 in
1160 646 1395 718 genitivo
1430 639 1793 704 servantibus,
1829 644 1890 691 ut

303 741 416 796 haec
454 756 597 811 seges
645 739 851 811 segetis,
902 749 1039 809 teges
1073 745 1127 791 et
1165 737 1352 791 abies:
1396 742 1451 790 et
1493 732 1673 788 omnia
1715 728 1889 785 tertias

303 838 432 887 sunt
457 828 855 885 declinationis.
898 828 1019 883 Alia
1042 826 1096 881 in
1130 843 1183 881 es
1209 824 1525 896 productam
1563 817 1884 881 desinentia,

302 921 350 990 si
367 920 590 1003 propria
611 919 771 984 ﬁunt,
797 917 1095 973 masculina
1116 922 1295 981 erunt,
1317 910 1659 1003 utHercules,
1686 908 1886 973 Ulixes,

302 999 558 1065 et'verres
592 1007 992 1079 appellativum,
1044 1020 1169 1061 cum
1210 1018 1436 1075 porcum
1481 999 1789 1071 signiﬁcat:
1835 1005 1893 1053 et

302 1100 633 1166 communia,
678 1106 743 1153 ut
767 1098 951 1163 haeres,
985 1096 1231 1168 locuples.
1287 1094 1409 1149 Alia
1436 1108 1565 1148 vero
1588 1091 1771 1147 omnia
1812 1088 1892 1145 fe-

302 1191 511 1247 minina
547 1198 707 1247 sunt:
767 1180 1014 1260 quaedam
1068 1186 1274 1251 tertiae,
1319 1193 1380 1239 ut
1426 1184 1623 1248 ca'des,
1664 1191 1887 1251 strages,

302 1282 500 1354 vulpes,
546 1271 711 1352 apes;
752 1280 996 1350 qutedam
1020 1292 1151 1334 vero
1195 1275 1399 1347 quintae
1440 1268 1888 1347 [declinationis],

302 1386 364 1431 ut
396 1376 580 1447 facies,
610 1375 825 1446 eﬁigies,
848 1390 988 1443 spes,
1018 1390 1119 1437 res,
1149 1372 1322 1441 ﬁdes:
1351 1377 1406 1426 et
1431 1370 1614 1425 omnia
1640 1369 1697 1423 in
1722 1385 1776 1423 es
1799 1382 1893 1437 pu-

301 1480 425 1519 rum
466 1465 619 1519 ﬁnita
645 1464 847 1534 quinta:
888 1470 1015 1519 sunt
1053 1460 1448 1525 declinationis,
1494 1468 1694 1529 praeter
1721 1458 1890 1529 quies,

301 1555 468 1621 abies,
494 1556 667 1625 paries
688 1568 707 1605 :
745 1562 801 1609 et
833 1553 1017 1609 omnia
1052 1559 1384 1608 consonante
1422 1550 1764 1620 praecedente
1787 1558 1895 1605 ter-

301 1645 394 1700 tias
419 1653 545 1700 sunt
570 1645 972 1709 declinationis,
1002 1652 1218 1713 praeter,
1262 1659 1400 1712 spes,
1428 1642 1580 1711 ﬁdes,
1612 1656 1713 1695 res.
1761 1640 1820 1694 In
1848 1641 1894 1694 is

302 1734 643 1808 [terminata]
671 1735 854 1791 omnia
892 1734 1063 1788 tertia:
1108 1732 1490 1789 declinationis
1519 1739 1681 1787 sunt:
1720 1731 1813 1786 sed
1838 1731 1895 1785 in

1996 542 2126 597 nina
2153 544 2269 598 haec
2294 552 2503 597 tantum
2543 550 2707 597 sunt:
2757 558 2912 605 anus,
2954 556 3164 604 manus,
3196 541 3448 611 porticus,
3489 542 3587 596 tri-

1996 632 2113 697 bus,
2141 631 2351 698 domus,
2387 649 2575 700 nurus,
2602 648 2804 698 socrus,
2828 648 3070 705 quercus.
3098 631 3228 699 Quae
3255 648 3385 705 vero
3413 650 3444 688 a
3468 646 3586 689 ver-
3640 656 3645 661 τ

1994 724 2081 779 bis
2108 723 2195 779 vel
2222 725 2530 779 nominibus
2551 725 2963 796 participalibus
2987 723 3139 797 [Ms.,
3167 724 3578 799 principalibus]

1993 815 2238 880 veniunt,
2266 816 2562 870 masculina
2590 825 2736 883 sunt,
2764 825 2821 872 et
2847 825 3054 887 quartae
3080 815 3489 872 declinationis:
3521 825 3583 872 ut

1994 906 2080 961 hic
2106 916 2296 973 status,
2341 908 2499 978 hujus
2530 918 2715 975 status,
2748 925 2781 965 a
2824 918 2949 976 sto;
2977 910 3064 964 hic
3101 909 3312 975 ductus,
3347 924 3377 963 a
3404 910 3580 977 duco;

1995 997 2320 1065 consulatus,
2370 1014 2402 1053 a
2429 999 2690 1065 consule;
2739 1000 3058 1065 tribunatus,
3097 1014 3130 1054 a
3170 999 3406 1055 tribuno.
3448 1000 3583 1061 Item

1994 1106 2020 1145 s
2042 1090 2129 1145 vel
2162 1107 2199 1144 x
2227 1091 2674 1146 antecedentibus
2698 1108 2759 1145 us
2786 1090 3083 1146 masculina
3110 1100 3167 1146 et
3193 1100 3400 1161 quarta:
3427 1074 3587 1147 decli-

1993 1181 2231 1236 nationis
2254 1189 2417 1247 sunt;
2446 1189 2506 1235 ut
2530 1183 2688 1245 risus,
2726 1190 2916 1247 metus,
2944 1195 3119 1235 sexus.
3159 1180 3293 1236 Item
3314 1197 3502 1250 penus,
3528 1188 3588 1239 et

1994 1290 2177 1344 specus
2198 1281 2310 1327 tam
2337 1272 2636 1329 masculina
2661 1287 2824 1343 quam
2849 1272 3130 1339 feminina,
3162 1280 3219 1326 et
3251 1280 3463 1329 neutra.
3503 1271 3587 1329 In-

1994 1363 2215 1419 venitur
2241 1364 2404 1419 etiam
2434 1364 2706 1431 secundae,
2737 1362 2912 1418 tertias
2947 1372 3005 1417 et
3042 1371 3249 1432 quartae
3275 1363 3586 1420 declinatio-

1995 1454 2101 1509 nis.
2144 1453 2422 1523 Invenitur
2441 1454 2684 1509 etiamin
2705 1470 2809 1510 usu
2835 1471 2848 1507 :
2879 1452 2985 1525 [hic
3009 1459 3065 1507 et
3087 1452 3200 1508 hinc
3225 1451 3375 1535 acus]
3406 1460 3462 1507 et
3484 1453 3584 1509 hoc

1998 1560 2148 1609 acus,
2174 1544 2336 1615 hujus
2360 1546 2552 1610 aceris,
2589 1552 3003 1617 purgamentum
3049 1542 3329 1600 frumenti.
3374 1540 3489 1597 Pus
3525 1551 3583 1600 et

1997 1633 2140 1687 virus
2171 1634 2573 1690 indeclinabilia
2597 1642 2745 1689 sunt.
3268 1684 3271 1685 ν

2070 1723 2130 1778 In
2163 1741 2201 1778 x
2246 1724 2506 1791 litteram,
2557 1739 2881 1796 quacunque
2924 1725 3099 1781 vocali
3141 1724 3227 1781 vel
3259 1730 3589 1781 consonante

294 1826 366 1891 is,
397 1826 711 1889 terminata,
760 1824 807 1879 si
844 1842 879 1879 n
914 1824 999 1877 vel
1026 1840 1054 1876 c
1091 1830 1218 1877 ante
1243 1823 1288 1876 is
1322 1822 1541 1885 habent,
1572 1820 1657 1875 vel
1699 1820 1744 1875 si
1784 1835 1892 1874 una
1920 1811 1971 1873 Β
1996 1815 2350 1870 antecedente
2394 1831 2535 1881 eam,
2585 1816 2769 1872 omnia
2810 1818 2986 1872 tertia:
3026 1823 3153 1872 sunt
3193 1816 3586 1881 declinationis,

296 1918 510 1987 syllaba
536 1922 951 1986 supercrescunt
978 1914 1031 1968 in
1062 1912 1321 1984 genitivo,
1369 1912 1551 1967 omnia
1594 1910 1893 1965 masculina

298 2017 451 2073 sunt,
499 2015 560 2062 ut
585 2008 671 2060 hic
716 2007 888 2077 panis,
935 2006 1130 2076 piscis;
1175 2004 1260 2058 hic
1293 2002 1427 2073 lapis
1458 2003 1689 2076 lapidis:
1737 2017 1898 2058 exce—

297 2099 410 2167 ptis
437 2116 448 2150 :
477 2098 589 2151 lucc
621 2096 877 2166 bipennis,
904 2104 959 2149 et
982 2096 1093 2150 htcc
1124 2095 1319 2165 cuspis,
1349 2094 1512 2148 cassis
1540 2093 1783 2159 cassidis,
1812 2093 1897 2148 hic

298 2197 357 2242 et
386 2188 496 2242 Iure
520 2187 686 2241 canis.
713 2186 1067 2241 Inveniuntur
1094 2199 1310 2255 quoque
1332 2199 1526 2254 pauca,
1554 2183 1683 2238 licet
1703 2183 1790 2238 his
1814 2198 1900 2238 re-

300 2275 441 2348 gulis
470 2292 579 2330 non
608 2273 944 2343 subiaceant,
977 2274 1297 2337 masculina,
1328 2281 1388 2327 ut
1412 2274 1497 2327 hic
1526 2273 1702 2343 fustis,
1730 2273 1894 2339 ensis,

299 2366 483 2437 postis,
510 2366 720 2435 anguis,
742 2366 954 2435 unguis,
972 2362 1142 2428 collis,
1166 2362 1329 2432 follis.
1343 2362 1534 2429 corbis,
1556 2362 1733 2428 vectis,
1757 2378 1900 2415 men—-

299 2457 399 2522 sis,
437 2457 657 2526 torquis,
688 2456 826 2521 axis,
861 2453 1021 2509 orbis.
1072 2452 1131 2508 Si
1173 2452 1309 2507 ﬁunt
1347 2467 1479 2508 vero
1520 2450 1785 2521 adjectiva
1810 2452 1896 2507 vel

301 2546 597 2601 derivativa
629 2546 712 2602 vel
742 2547 809 2601 ad
844 2545 1092 2600 homines
1121 2544 1264 2599 solos
1299 2544 1647 2614 pertinentia,
1683 2558 1898 2614 semper

301 2639 609 2694 communia
641 2639 800 2704 ﬁunt,
836 2646 898 2693 ut
923 2638 1009 2692 hic
1038 2646 1086 2691 et
1116 2638 1227 2692 hcec
1252 2637 1427 2707 fortis,
1459 2637 1660 2702 suavis,
1703 2636 1894 2702 dulcis,

300 2728 604 2799 exsanguis,
635 2728 917 2794 exanimis,
955 2728 1101 2792 civis,
1130 2727 1316 2793 hostis,
1349 2726 1517 2782 wdilis
1540 2742 1558 2779 :
1604 2727 1710 2782 alia
1733 2728 1899 2799 276

299 2819 484 2873 omnia
512 2818 769 2873 feminina
805 2827 953 2884 sunt,
983 2826 1064 2885 ut,
1111 2818 1223 2873 haec
1266 2817 1399 2883 avis,
1447 2817 1632 2873 classis
1660 2859 1676 2884 ,
1719 2820 1895 2886 cutis;

299 2919 357 2965 et
386 2912 534 2966 tertii
566 2902 776 2966 ordinis
803 2909 880 2981 [id
907 2918 1009 2976 est,
1038 2908 1435 2982 declinationis]
1487 2918 1699 2966 cuncta.
1754 2911 1812 2964 In
1840 2929 1896 2966 os

298 3001 562 3059 feminina
591 3004 717 3068 tria,
747 3019 853 3066 cos,
881 3002 995 3067 dos,
1012 3001 1145 3072 glas.
1178 3000 1495 3057 Communia
1522 3003 1788 3073 quinque,
1807 3020 1899 3057 cu-

299 3105 431 3159 stos,
460 3096 724 3160 sacerdos,
776 3094 884 3160 bos,
929 3110 1156 3163 compos,
1201 3094 1387 3163 impos.
1438 3092 1637 3147 Neutra
1665 3095 1789 3160 duo,
1836 3110 1893 3148 os

1994 1907 2091 1962 sed
2134 1907 2471 1963 diversorum
2493 1922 2774 1979 generum.
2824 1908 2896 1964 Ut
2923 1918 3105 1963 tamen
3126 1908 3366 1964 breviter
3386 1908 3585 1973 dicam,

1993 1998 2175 2053 omnia
2197 1999 2497 2054 accidentia
2519 2016 2556 2053 x
2588 1999 2769 2055 littera
2793 1998 2967 2067 ﬁnita,
3009 2000 3320 2055 communia
3345 2008 3497 2065 sunt,
3528 2005 3592 2053 ut

1993 2089 2078 2143 hic
2101 2098 2156 2145 et
2195 2090 2306 2144 hwc
2329 2090 2504 2148 ethoc
2528 2090 2730 2156 audax,
2755 2090 2989 2161 aurifex,
3037 2089 3206 2145 velox.
3250 2089 3385 2145 Item
3413 2088 3592 2159 appel-

1993 2180 2158 2236 lativa
2219 2182 2288 2236 ad
2323 2190 2630 2253 [utrumque
2682 2196 2874 2239 sexum
2921 2183 3205 2239 hominum
3261 2183 3590 2254 pertinentia

1995 2271 2305 2325 communia
2356 2280 2504 2338 sunt,
2558 2280 2620 2326 ut
2665 2274 2750 2327 hic
2781 2280 2837 2329 et
2881 2274 2994 2328 hac
3032 2275 3250 2346 conjux,
3287 2275 3419 2331 dux.
3459 2277 3592 2346 Qum

1993 2376 2127 2418 vero
2172 2364 2240 2417 ad
2268 2364 2413 2420 solos
2453 2378 2634 2420 mares
2660 2366 2958 2435 pertinent,
2989 2367 3289 2423 masculina
3333 2378 3483 2437 sunt,
3529 2377 3596 2427 ut

1995 2469 2089 2507 rex
2106 2469 2125 2507 :
2165 2461 2223 2509 et
2247 2470 2367 2523 quae
2393 2455 2461 2510 ad
2484 2454 2628 2511 solas
2653 2454 2904 2524 feminas,
2934 2457 3194 2514 feminina
3222 2467 3372 2527 sunt,
3401 2468 3464 2515 ut
3483 2461 3597 2531 pel-

1995 2544 2101 2601 lex.
2145 2546 2374 2618 Propria
2408 2548 2707 2605 masculina
2742 2552 2892 2616 'sunt,
2936 2558 2999 2604 ut
3038 2551 3123 2606 hic
3161 2552 3326 2623 Ajax,
3374 2552 3591 2609 Pollux.

1993 2634 2130 2693 Item
2170 2654 2292 2708 quae
2339 2655 2446 2698 una
2478 2641 2685 2712 syllaba
2731 2650 3052 2697 accrescunt
3096 2642 3152 2696 in
3197 2643 3434 2712 genitivo
3481 2661 3592 2700 ma-

1997 2728 2207 2784 sculina
2236 2736 2381 2797 sunt,
2418 2739 2481 2784 ut
2506 2731 2592 2784 hic
2620 2740 2816 2797 vertex,
2863 2747 3019 2802 apex,
3052 2729 3249 2804 [varix]
3279 2732 3443 2799 latex,
3471 2750 3593 2788 cor-

1997 2828 2101 2885 tex,
2133 2819 2318 2886 codex,
2361 2819 2556 2891 pollex,
2599 2821 2761 2888 calix,
2776 2822 2995 2891 ‘fornix,
3042 2830 3097 2878 et
3143 2823 3371 2893 reliqua.
3420 2824 3595 2880 Femi-

1996 2909 2129 2964 nina
2153 2923 2285 2964 vero
2308 2917 2436 2963 sunt
2464 2910 2600 2977 hac,
2632 2911 2846 2981 fornax,
2879 2910 3031 2978 silex,
3062 2910 3189 2978 ilex,
3220 2929 3398 2979 carex,
3429 2914 3590 2981 salix,

1996 3002 2184 3068 radix,
2230 3003 2437 3068 cornix,
2473 3002 2620 3072 ﬁlex,
2651 3005 2924 3069 meretrix,
2968 3004 3208 3069 cicatrix,
3244 3004 3416 3060 velox.
3460 3007 3595 3064 Item

1998 3095 2184 3148 omnia
2230 3093 2471 3149 verbalia
2517 3093 2777 3150 feminina
2806 3103 2954 3160 sunt,
2991 3104 3052 3150 ut
3085 3095 3296 3162 victrix,
3345 3098 3593 3168 genitrix,

300 3190 435 3254 oris,
467 3206 525 3242 os
550 3189 703 3243 ossis.
731 3187 850 3241 Alia
880 3160 1060 3242 omnia
1100 3160 1423 3253 masculina,
1464 3204 1596 3253 mos,
1627 3189 1754 3257 flos,
1787 3205 1895 3255 ros,
1923 3160 1973 3225 α
2002 3187 2182 3239 nutrix
2200 3184 2327 3258 [Al.,
2358 3187 2718 3257 nutrix,un
2739 3195 2795 3243 et
2815 3160 3461 3262 masculinumest].ltem
3483 3160 3596 3247 mo;

303 3296 485 3351 nepos,
517 3278 701 3349 lepos:
736 3287 792 3333 et
829 3278 1005 3333 tertia:
1034 3277 1409 3333 declinationis
1436 3279 1636 3333 omnia.
1682 3277 1756 3334 Us
1786 3289 1897 3335 tam

300 3370 588 3441 multiplex
638 3378 721 3425 est
764 3370 819 3424 in
865 3370 1154 3440 generibus
1201 3378 1257 3424 et
1306 3370 1794 3439 declinationibus,
1839 3381 1900 3427 ut

298 3462 613 3518 nullatenus
638 3461 734 3515 tibi
763 3502 777 3526 ,
798 3476 831 3516 ο
856 3460 1085 3528 France,
1125 3462 1224 3516 sub
1248 3463 1495 3532 angustia
1524 3462 1684 3536 hujus
1726 3467 1896 3521 nostri

299 3556 457 3612 lusus
497 3555 612 3626 ejus
634 3555 836 3626 possim
860 3554 1100 3625 pandere
1141 3555 1504 3612 diversitates.
1550 3557 1688 3611 Nam
1732 3558 1897 3614 trium

300 3648 725 3704 declinationum
754 3654 858 3713 est,
890 3644 1162 3713 secundae,
1197 3647 1393 3714 tertiae,
1436 3658 1492 3703 et
1516 3657 1742 3718 quartae.
1792 3650 1899 3705 Ge-

299 3739 453 3795 neris
477 3754 691 3811 quoque
718 3738 1024 3804 masculini,
1055 3737 1303 3793 feminini
1336 3746 1393 3794 et
1424 3740 1625 3805 neutri,
1654 3756 1899 3797 commu-

299 3831 392 3887 nis
416 3839 472 3887 et
495 3831 673 3886 omnis
700 3838 756 3885 et
780 3829 1036 3899 epicoeni.

374 3945 476 4000 Fn.
509 3944 693 4001 Pande
728 3953 911 4000 tamen
956 3944 1167 4021 aliquas
1213 3945 1278 4001 de
1316 3960 1382 4001 eo
1420 3946 1657 4017 regulas.
1716 3947 1895 4021 [Nam]

302 4054 468 4110 saepe,
508 4039 633 4093 dum
675 4038 845 4093 solem
874 4020 989 4094 non.
1019 4039 1302 4105 habemus,
1348 4040 1416 4095 ad
1456 4040 1767 4112 eﬁ‘ugandas
1802 4020 1901 4099 no?

301 4139 529 4186 cturnas
550 4130 823 4197 tenebras,
848 4129 1073 4185 laternis
1102 4130 1324 4184 utimur.
1357 4161 1429 4170 —
1459 4130 1624 4186 Suo.
1666 4133 1808 4202 Ergo
1842 4136 1897 4191 in

222 4242 229 4243 ν
300 4236 369 4274 us
395 4219 681 4274 masculini
710 4220 925 4289 generis
948 4220 1163 4289 propria
1194 4219 1274 4275 vel
1312 4221 1651 4290 appellativa,
1682 4225 1904 4293 mobilia

301 4309 390 4364 vel
415 4310 539 4373 ﬁxa,
572 4309 821 4365 secunda:
850 4317 979 4365 sunt
1006 4309 1403 4366 declinationis.
1436 4311 1683 4381 Propria,
1716 4320 1775 4366 ut
1808 4311 1901 4367 Te-

303 4405 509 4458 rentius
539 4402 807 4467 Terentii;
836 4401 1072 4456 Marcius
1108 4401 1320 4457 Marcii.
1377 4402 1615 4470 Mobilia,
1651 4412 1711 4459 ut
1734 4405 1900 4459 bonus

304 4495 470 4558 boni;
509 4503 722 4547 sanctus
766 4493 956 4547 sancti.
1009 4491 1168 4557 Fixa,
1214 4509 1430 4564 campus
1467 4495 1661 4565 campi,
1716 4494 1899 4550 hortus

304 4587 470 4652 horti,
499 4586 675 4655 fumus
704 4584 857 4655 fumi.
886 4583 954 4639 Et
986 4584 1087 4639 tria
1116 4582 1374 4640 feminina
1400 4604 1413 4640 :
1456 4588 1567 4641 haec
1603 4585 1781 4655 colus,
1819 4587 1901 4643 al-

304 4694 423 4742 vus,
474 4677 663 4729 humus
694 4692 712 4729 :
750 4674 882 4729 item
927 4673 1187 4731 feminina
1239 4676 1495 4731 arborum
1546 4678 1766 4735 nomina
1816 4694 1902 4735 se-

304 4768 500 4823 cundas
520 4775 645 4822 sunt
669 4764 1112 4839 [declinationis],
1140 4767 1252 4821 haec
1272 4767 1444 4839 pirus,
1479 4784 1699 4837 prunus,
1722 4770 1897 4840 pinus,

305 4860 466 4931 fagus
496 4859 627 4930 fagi,
677 4866 781 4913 etc.
817 4858 950 4914 Item
980 4866 1171 4913 neutra
1204 4859 1306 4913 tria
1333 4877 1346 4912 :
1378 4858 1475 4914 hoc
1499 4859 1707 4931 vulgus,
1732 4862 1898 4928 virus,

301 4936 546 5023 pelagus.
581 4949 699 5004 Alia
726 4957 917 5004 neutra
950 4950 1003 5003 in
1031 4966 1094 5003 us
1134 4948 1289 5004 ﬁnita
1335 4951 1517 5006 omnia
1556 4952 1732 5007 tertias
1776 4960 1904 5008 sunt

306 5050 707 5115 declinationis,
745 5058 807 5104 ut
834 5050 949 5120 jus,
986 5049 1170 5119 juris:
1208 5047 1398 5121 [thus],
1428 5066 1637 5116 munus,
1673 5052 1900 5122 pondus,

304 5159 521 5212 corpus,
563 5149 761 5212 pectus.
818 5140 875 5195 In
905 5157 967 5194 us
1009 5140 1332 5209 productum
1382 5139 1663 5207 feminina,
1717 5143 1901 5197 omnia

302 5236 489 5292 tertia:
520 5243 646 5290 sunt
669 5232 1111 5307 [declinationis],
1138 5240 1195 5287 et
1221 5249 1328 5287 una
1355 5232 1560 5304 syllaba
1582 5234 1637 5288 in
1665 5235 1903 5304 genitivo

297 5338 631 5385 accrescunt
656 5347 669 5384 :
720 5337 780 5383 ut
812 5326 959 5383 salus
987 5326 1197 5392 salutis,
1228 5326 1382 5383 tellus
1410 5327 1658 5393 telluris;
1700 5345 1735 5381 u
1779 5343 1904 5397 pro-

296 5419 470 5475 ducta
514 5419 571 5473 in
622 5419 857 5489 obliquis
878 5459 893 5482 ,
944 5425 1171 5488 excepto
1218 5417 1370 5488 palus
1418 5417 1629 5489 paludis
1650 5459 1668 5484 ,
1729 5417 1904 5474 Venus

310 5508 580 5577 Veneris;
623 5520 681 5566 et
715 5527 823 5566 uno
876 5510 1072 5584 [Edit.,
1109 5508 1299 5582 unum]
1353 5510 1530 5565 omnis
1560 5510 1795 5580 generis,
1844 5519 1904 5565 ut

295 5600 398 5655 hic
424 5609 481 5655 et
512 5602 624 5655 hinc
651 5609 710 5656 et
734 5603 831 5655 hoc
857 5610 996 5655 vetus
1026 5602 1209 5655 veteris
1232 5618 1251 5665 ;
1301 5609 1355 5655 et
1380 5601 1568 5671 paucis
1601 5603 1903 5656 communis

293 5692 552 5766 generis,
577 5701 639 5748 ut
656 5694 740 5748 hic
765 5701 819 5748 et
842 5693 951 5747 hwc
972 5691 1107 5763 ligus
1150 5691 1378 5763 liguris;
1414 5710 1540 5765 grus
1582 5694 1769 5763 gruis;
1812 5711 1903 5749 sus

291 5785 427 5841 ouis
450 5798 470 5837 :
506 5794 563 5841 et
589 5786 917 5857 epicmnon,’
943 5800 1059 5839 mus
1085 5784 1293 5850 muris;
1328 5795 1385 5840 et
1428 5799 1538 5840 uno
1582 5768 1900 5854 masculino,

2001 3278 2280 3349 nosyllaba
2329 3279 2512 3333 omnia
2547 3278 2813 3335 feminina
2862 3289 3027 3347 sunt;
3064 3289 3127 3336 ut
3165 3298 3294 3352 pax,
3340 3282 3444 3348 lex,
3481 3285 3595 3355 pix,

2001 3386 2107 3425 nox
2135 3371 2268 3443 [Al.,
2301 3370 2455 3444 nux],
2507 3371 2623 3439 lux,
2662 3387 2780 3437 arx,
2829 3372 2985 3443 falx:
3024 3381 3255 3446 excepto
3300 3390 3394 3430 rex
3433 3384 3489 3433 et
3513 3377 3599 3434 hic

1997 3479 2147 3533 grex,
2172 3472 2228 3517 et
2254 3464 2337 3517 hic
2372 3474 2428 3519 et
2454 3465 2566 3518 haec
2593 3463 2723 3517 dux.
2753 3463 2813 3518 In
2839 3473 2859 3517 t
2886 3463 3101 3519 ﬁnitum
3126 3480 3295 3519 unum
3318 3466 3599 3526 invenitur

1998 3565 2271 3620 neutrum,
2295 3562 2357 3609 ut
2376 3563 2531 3625 caput
2554 3567 2574 3606 :
2613 3562 2669 3610 et
2690 3568 2759 3610 ex
2782 3568 2848 3610 eo
2876 3555 3193 3625 «imposita,
3228 3557 3480 3629 sinciput,
3509 3575 3597 3616 oc-

2000 3648 2158 3719 ciput.
2576 3700 2583 3705 .

2071 3742 2201 3810 Qum
2225 3741 2445 3796 nomina
2470 3740 2527 3794 in
2551 3740 2684 3795 duas
2713 3740 2970 3796 desinunt
2994 3748 3380 3808 consonantes,
3415 3742 3462 3797 si
3488 3742 3598 3799 sint

2003 3832 2137 3905 [Al.,
2169 3830 2326 3904 ﬁunt]
2355 3830 2679 3896 accidentia,
2710 3831 2877 3887 trium
2906 3845 3166 3904 generum
3191 3834 3396 3899 omnia,
3421 3842 3482 3889 ut
3509 3836 3613 3890 hic"

1998 3932 2054 3979 et
2080 3924 2190 3978 hwc
2220 3931 2275 3978 et
2304 3922 2402 3977 hoc
2427 3938 2633 3994 expers,
2682 3922 2933 3993 prudens,
2981 3923 3154 3995 inops,
3210 3923 3415 3993 caelebs,
3442 3927 3591 3997 prin-

2000 4032 2141 4086 ceps,
2179 4030 2388 4085 parens.
2435 4011 2615 4068 Pauca
2657 4013 2980 4079 masculina,
3016 4024 3075 4068 ut
3119 4014 3354 4079 Mavors,
3394 4017 3591 4072 Aruns.

2000 4105 2178 4161 Pauca
2202 4104 2481 4170 feminina,
2503 4112 2565 4158 ut
2582 4102 2770 4169 hiems,
2794 4105 3000 4172 cohors,
3023 4107 3202 4178 adeps.
3230 4106 3595 4179 Monosyllaba

2001 4192 2057 4251 in
2106 4199 2241 4254 duas
2290 4197 2594 4253 desinentia
2642 4205 3005 4254 consonantes
3050 4199 3289 4255 maxime
3335 4200 3594 4258 feminina

2001 4299 2148 4357 sunt,
2178 4298 2239 4345 ut
2270 4307 2379 4355 ars,
2406 4290 2536 4360 fors,
2562 4306 2709 4360 gens,
2733 4306 2895 4356 mors,
2925 4291 3059 4357 lens,
3096 4293 3266 4363 frons,
3287 4312 3433 4366 pars,
3456 4314 3591 4363 sors,

2002 4382 2199 4448 scrobs,
2224 4394 2386 4453 styps,
2419 4385 2582 4448 trabs,
2608 4384 2752 4447 urbs,
2776 4383 2914 4454 puls.
2951 4385 3209 4455 Exceptis
3240 4407 3253 4442 :
3294 4388 3379 4443 hic
3411 4407 3586 4458 mons,

2003 4491 2156 4547 pons,
2212 4475 2353 4544 fons,
2393 4474 2541 4542 dens,
2596 4474 2767 4530 Mars.
2809 4475 2871 4531 In
2917 4493 3038 4544 aus,
3077 4476 3400 4535 feminina:
3451 4480 3589 4548 laus,

2004 4567 2174 4639 fraus.
2216 4568 2275 4623 In
2323 4585 2426 4635 tes,
2473 4568 2867 4635 masculinum,
2908 4575 2972 4623 ut
3018 4586 3156 4640 privs
3196 4572 3412 4642 prwdis.
3454 4572 3595 4630 Neu-

2003 4671 2167 4727 trum,
2199 4668 2260 4715 ut
2285 4676 2356 4715 (es
2388 4662 2529 4715 teris.
2579 4661 2683 4716 Vix
2710 4660 2927 4715 tandem
2952 4660 3243 4731 aliquando
3284 4661 3474 4720 fenore
3503 4681 3592 4722 me

2004 4752 2278 4809 solvebam
2302 4753 2644 4824 gravissimo.

2074 4846 2173 4902 Fn.
2195 4846 2303 4901 Sed
2327 4848 2660 4918 gratissimo.
2676 4844 3022 4915 Quapropter
3043 4846 3111 4903 ad
3136 4863 3395 4907 numeros
3421 4857 3593 4908 trans-

2003 4954 2212 4995 eamus.
2241 4969 2313 4979 -—-
2342 4938 2509 4994 Suo.
2538 4936 2679 4992 Fiat.

2482 5092 2644 5169 277
2684 5091 2772 5148 nn
2804 5085 3115 5152 NUMERO.

2073 5233 2174 5287 Fn.
2202 5230 2473 5286 Numerus
2501 5229 2632 5300 quid
2657 5229 2774 5286 est?
2798 5259 2870 5271 —
2897 5228 3063 5286 Saxo.
3100 5229 3366 5287 Dictionis
3393 5230 3589 5304 forma,

2005 5323 2260 5380 discretio
2283 5322 2603 5392 quantitatis
2635 5319 2773 5395 [Al.,
2795 5318 3161 5378 distinctit'mis
3189 5321 3387 5390 forma,
3414 5337 3589 5396 quan-

2009 5416 2136 5470 titas
2161 5412 2549 5487 discretionis].

2073 5506 2172 5561 Fn.
2204 5504 2427 5560 Numeri
2471 5505 2751 5565 nominum
2799 5512 2932 5574 quot
2977 5502 3140 5558 sunt?
3162 5533 3233 5543 —
3260 5501 3427 5560 Suo.
3449 5504 3587 5564 Duo.

2006 5599 2328 5670 Singularis,
2359 5608 2421 5654 ut
2448 5600 2623 5654 homo.
2653 5598 2904 5662 Pluralis,
2953 5604 3012 5651 ut
3047 5596 3302 5650 homines.
3337 5595 3444 5652 Sed
3477 5599 3591 5655 sin-

2002 5694 2205 5767 gularis
2249 5709 2509 5749 numerus
2556 5691 2740 5747 ﬁnitus
2764 5698 2900 5756 est;
2938 5687 3163 5760 pluralis
3201 5686 3448 5745 inﬁnitus
3481 5702 3585 5751 est.

2004 5786 2139 5842 Cum
2166 5784 2291 5841 dico
2318 5784 2492 5848 homo,
2525 5791 2732 5839 certum
2777 5790 2883 5846 est,
2912 5796 3077 5838 unum
3106 5794 3196 5837 me
3231 5777 3586 5851 signiﬁcasse.
