4062 6346
490 201 592 259 867

1325 194 1381 250 Β.
1424 194 1487 249 F.
1528 192 1753 251 ALBlNl
1797 190 1930 248 SEU
1969 187 2247 246 ALCUINI
2285 188 2570 248 OPERUM
2607 188 2788 244 PARS
2826 187 2939 245 VII.

3670 191 3773 249 868

491 292 627 351 Cum
647 288 879 345 homines
922 286 1064 352 dico,
1117 286 1383 341 incertum
1434 294 1516 341 est
1572 286 1637 341 de
1674 295 1823 354 quot,
1855 282 1957 338 nisi
1982 281 2075 339 ad-
2101 284 2154 341 Α
2174 297 2294 352 per,
2330 280 2427 353 [et]
2458 280 2705 338 solubilia
2729 281 2929 335 debent
2961 291 3081 334 esse
3110 277 3163 333 in
3201 278 3443 351 integras
3473 280 3774 352 dictiones;

492 383 640 449 dam,
690 381 895 443 decem,
947 388 1185 442 centum,
1222 378 1396 443 mille,
1432 378 1512 432 vel
1556 378 1817 447 quotlibet
1852 395 1862 428 :
1898 390 2019 455 nam
2049 390 2079 428 a

492 475 707 541 duobus
733 474 800 529 ad
830 472 1249 527 innumerabiles
1274 471 1580 529 extenditur
1607 468 1951 539 signiﬁcatio.

563 565 665 623 Fn.
698 564 832 639 Qua:
860 564 1121 631 dictiones
1144 548 1348 635 habent
1376 576 1627 621 numeros
1644 560 1922 616 ?——S.\xo.
1952 559 2082 626 Quae

486 644 755 733 pcrsonas
782 658 983 731 habent
1012 674 1021 708 :
1054 654 1107 727 id
1136 662 1239 719 est,
1265 655 1506 719 nomina,
1530 654 1867 741 pronomina,
1896 652 2079 716 verba,

492 750 799 825 participia.
828 746 898 803 Ut
918 788 932 812 ,
962 746 1069 811 vir,
1108 748 1223 801 viri.
1256 745 1369 815 Ego
1400 745 1511 815 lego
1534 786 1548 807 ,
1591 761 1681 799 nos
1707 744 1943 816 legimus.
1980 742 2082 819 Hic

493 845 688 916 legens,
713 843 765 897 hi
793 841 1033 917 legentes.
1065 838 1189 913 ldeo
1214 837 1442 911 [autem]
1473 838 1683 893 inﬁnita
1714 837 1876 891 verba
1904 844 1956 889 et
1984 834 2084 891 im-

492 932 819 1007 personaliar
849 938 1038 1007 carent
1092 944 1339 1005 numero,
1389 928 1514 997 quia
1561 944 1668 983 non
1715 928 1920 985 habent
1951 942 2079 1001 per-

495 1040 680 1079 sonas.
1000 1040 1003 1041 ⁷

518 1123 530 1135 ’
563 1116 663 1171 Fu.
698 1113 950 1191 Nunquid
986 1111 1242 1191 adverbia
1293 1126 1399 1165 non
1446 1110 1645 1165 habent
1692 1109 1987 1165 numeros?
2014 1138 2085 1147 -—

496 1206 662 1271 Suo.
693 1206 906 1281 Habent
936 1224 947 1258 :
982 1206 1073 1261 sed
1103 1208 1245 1273 inter
1284 1205 1580 1277 accidentia
1618 1203 1859 1259 adverbii
1896 1219 2084 1281 nume-

494 1316 589 1355 rus
617 1315 722 1367 non
754 1300 973 1369 ponitur
1005 1317 1016 1352 :
1050 1306 1104 1352 et
1127 1298 1533 1359 indeclinabile-5
1579 1308 1705 1353 sunt
1751 1297 1963 1353 numeri
1991 1297 2083 1351 ad—

492 1393 804 1463 verbiorum
833 1409 845 1444 :
870 1398 925 1445 et.
952 1390 1019 1445 ad
1041 1390 1368 1463 singularem
1391 1400 1445 1445 et
1467 1390 1578 1463 [ad]
1605 1390 1867 1461 pluralem
1895 1389 2083 1465 dictio-

495 1498 619 1539 nem
654 1498 806 1555 azgue
835 1483 1070 1555 ponitur,
1107 1490 1165 1536 ut
1198 1501 1208 1535 :
1238 1492 1315 1536 ter
1342 1482 1458 1552 feci,
1485 1492 1564 1536 ter
1586 1482 1828 1553 fecimus.

567 1574 667 1629 Fn.
698 1573 837 1641 Quid
888 1583 999 1626 tum
1046 1573 1272 1627 interest
1299 1574 1440 1629 inter
1468 1588 1820 1647 numerorum
1861 1571 2082 1639 nomina

2183 373 2295 426 sive
2324 387 2385 425 ex
2422 372 2663 442 integris,
2695 372 2809 425 sive
2837 386 2903 424 ex
2933 372 3207 441 corruptis
3254 384 3670 444 componantur,
3719 382 3780 429 ut

2183 462 2506 528 respublica;
2552 478 2617 517 cx
2663 461 2872 518 duobus
2919 464 3206 533 corruptis,
3258 472 3337 531 ut,
3385 466 3679 535 parricida,
3710 484 3778 523 ex

2180 562 2393 625 parente
2452 552 2703 618 nomine,
2760 563 2815 608 et
2869 552 3067 607 cwdere
3122 555 3308 611 verbo.
3364 554 3778 627 Magnanimitas

2186 646 2376 719 [Edit.,
2426 644 2814 719 magnanimus]
2863 647 2907 700 si
2945 647 3097 712 dico,
3132 663 3161 701 a
3200 664 3390 719 magno
3420 657 3474 703 et
3507 650 3783 707 animitata

2183 754 2301 792 esse
2328 737 2682 807 compositum
2708 753 2811 792 non
2832 746 3010 810 potest
3032 754 3171 803 esse,
3198 740 3322 808 quia
3346 741 3598 797 animitas
3620 741 3777 818 [MM

2184 822 2422 900 nimitas]
2457 827 2787 903 intelligibile
2832 844 2939 905 non
2968 837 3053 885 est
3084 850 3095 881 γ
3132 831 3251 886 ideo
3289 849 3510 891 necesse
3537 846 3619 891 est
3649 846 3707 891 ut
3742 852 3778 894 a

2183 920 2505 989 composito,
2534 920 2588 974 id
2619 929 2700 975 est
2731 920 3088 1009 magnanimo,
3131 922 3201 977 sit
3225 923 3527 981 derivatum
3554 944 3780 1001 magna-

2184 1013 2424 1067 nimitas.

2255 1105 2354 1159 Fn.
2381 1105 2520 1173 Quot
2567 1105 2743 1163 modis
2786 1115 3183 1178 componuntur
3228 1109 3774 1173 nominat—Saxo.

2186 1193 2443 1261 Quatuor.
2494 1196 2573 1250 Ex
2618 1196 2827 1251 duobus
2862 1197 3108 1267 integris,
3151 1208 3211 1254 ut
3250 1200 3656 1271 jusjurandum.
3702 1205 3782 1261 Ex
3848 1268 3849 1273 η

2186 1285 2393 1340 duobus
2419 1287 2709 1358 corruptis,
2738 1296 2801 1341 ut
2828 1289 3113 1359 parricida.
3153 1290 3231 1343 Ex
3263 1290 3476 1365 integro
3511 1303 3565 1347 et
3593 1311 3781 1350 corru-

2183 1386 2298 1448 pto,
2338 1385 2397 1430 ut
2437 1377 2700 1433 inimicus.
2736 1378 2814 1433 Ex
2850 1389 3105 1450 corrupto
3142 1391 3195 1436 et
3222 1382 3454 1454 integro,
3480 1394 3539 1439 ut
3565 1386 3780 1457 eﬂ'erus.

2256 1471 2353 1541 Fu.
2385 1472 2519 1528 Cum
2544 1474 2740 1544 quibus
2763 1473 3009 1544 partibus
3026 1486 3425 1546 componuntur
3447 1480 3783 1534 nomina?—

2187 1563 2350 1620 SAXO.
2381 1563 2515 1620 Cum
2544 1566 2792 1621 omnibus
2818 1574 3015 1638 praeter
3035 1564 3487 1637 interiectionem.
3519 1568 3655 1647 gum
3681 1586 3780 1627 no-

496 1670 897 1735 indeclinabilia
924 1678 978 1731 et
1023 1670 1163 1737 inter
1189 1668 1477 1733 adverbia?
1500 1698 1572 1709 ——
1603 1667 1769 1723 Saxo.
1812 1666 1965 1735 Quod
1991 1666 2086 1720 ad-
2113 1646 2164 1710 Β
2190 1661 2334 1714 mine
2367 1658 2561 1732 [Edit.,
2599 1659 2949 1733 nominibus],
2978 1668 3037 1715 ut
3060 1662 3467 1732 paterfamilias.
3498 1646 3635 1720 Cum
3657 1682 3783 1739 prc-

498 1766 687 1831 verbis
709 1772 765 1819 et
793 1762 1155 1834 singularibus
1179 1769 1232 1816 et
1255 1760 1553 1832 pluralibus
1574 1758 1829 1829 lsimiliter
1851 1757 2086 1828 jungun-

498 1862 606 1911 tur.
651 1854 720 1911 Ut
752 1873 765 1908 :
798 1852 985 1921 millies
1025 1853 1169 1918 dixi,
1224 1859 1279 1921 et
1326 1851 1511 1919 millies
1566 1851 1817 1904 diximus.
1858 1850 2086 1904 Nomina

495 1961 626 2003 vero
654 1962 759 2013 non
800 1945 907 1999 nisi
936 1943 1254 2015 pluralibus,
1283 1950 1363 2007 ut,
1391 1940 1533 1995 mille
1554 1942 1789 2011 homines
1831 1940 2082 2009 dimittitis.

565 2036 664 2092 Fu.
716 2034 923 2106 Suntne
982 2034 1161 2103 aliqua
1200 2032 1417 2107 nomina
1465 2046 1583 2103 qua:
1626 2048 1733 2101 una
1778 2031 2087 2101 litteratura

495 2135 753 2198 utrosque
792 2128 992 2197 habent
1039 2125 1331 2195 numeros?
1358 2155 1428 2164 -—
1454 2124 1617 2195 Ssxo.
1663 2123 1818 2195 Sunt.
1865 2122 2003 2193 Nam
2030 2123 2087 2193 in

495 2222 670 2292 prima
711 2219 1069 2287 declinatione
1108 2218 1411 2290 [genitivus
1448 2225 1503 2285 et
1534 2217 1749 2287 dativus
1789 2215 2088 2287 singulares

500 2310 654 2383 [Ed.,
686 2309 900 2384 generis
930 2310 1096 2379 dativi
1126 2309 1438 2383 singularis]
1472 2324 1576 2377 una
1607 2324 1740 2371 voce
1762 2324 1885 2365 cum
1914 2309 2087 2377 nomi-

496 2405 681 2475 nativo
725 2413 779 2479 et
812 2404 1057 2471 vocativo
1096 2404 1288 2475 plurali
1330 2403 1728 2473 proferuntur:
1762 2411 1821 2467 ut
1846 2404 2007 2474 hujus
2031 2410 2089 2467 et

496 2497 618 2551 huic
665 2507 849 2568 poema,
896 2497 985 2568 [ut
1029 2498 1083 2551 hi
1117 2505 1223 2563 eto
1248 2497 1469 2569 poclm].
1500 2498 1569 2563 Et
1610 2498 1667 2559 in
1706 2498 1955 2561 omnibus
1985 2498 2087 2554 hoc

495 2589 637 2645 idem
662 2590 903 2657 invenies
928 2589 1375 2657 declinationibus
1398 2589 1712 2658 saepissime.
1738 2589 1797 2651 ιη
1826 2589 2081 2661 secunda:

493 2689 555 2737 ut
585 2682 743 2751 hujus
773 2680 912 2745 docti
938 2688 994 2745 et
1022 2680 1078 2733 hi
1105 2680 1264 2745 docti.
1292 2678 1498 2745 Tertia,
1541 2680 1651 2745 ha'c
1691 2679 1875 2747 credes,
1911 2688 1965 2745 et
2004 2680 2087 2745 ha;

494 2772 681 2827 cedes.
716 2770 944 2841 Quarta,
976 2769 1059 2835 hic
1081 2771 1274 2839 [luctus
1301 2778 1357 2839 et
1382 2769 1541 2838 hujus
1566 2770 1758 2838 [luctus
1788 2785 1807 2823 :
1835 2768 1889 2833 hi
1912 2776 1965 2823 et
1992 2768 2085 2837 hes

492 2873 550 2919 et
577 2881 605 2927 ο
632 2865 870 2933 ﬂuctus:
907 2880 966 2931 us
1001 2863 1263 2937 prpducta
1313 2862 1367 2927 in
1416 2862 1666 2931 omnibus
1713 2861 1798 2917 his
1847 2862 2082 2923 casibus.

496 2956 715 3026 Quinta,
748 2964 825 3022 ut,
864 2957 975 3017 Iuro
1020 2973 1120 3021 res,
1152 2964 1208 3011 et
1231 2973 1262 3015 ο
1296 2973 1375 3009 res
1402 2969 1417 3006 :
1448 2956 1529 3009 ha;
1552 2960 1606 3011 et
1628 2954 1723 3023 has
1748 2961 1804 3017 et
1830 2970 1860 3009 ο
1896 2971 1995 3013 res.
2020 2952 2082 3015 in

494 3049 908 3120 pronominibus
954 3062 1169 3117 quoque
1213 3055 1268 3111 et
1310 3045 1609 3116 participiis
1669 3045 1908 3109 invenies
1953 3060 2083 3107 voce

492 3141 821 3204 communia,
847 3149 906 3195 ut
926 3139 1020 3203 illi,
1047 3139 1156 3205 isti,
1183 3139 1304 3209 ipsi,
1335 3139 1502 3201 dativi
1526 3137 1817 3207 singularis
1841 3145 1895 3199 et
1912 3135 2084 3191 nomi—

493 3234 664 3291 nativi
692 3232 935 3303 pluralis.
963 3233 1020 3293 ln
1043 3232 1342 3300 participiis
1366 3230 1585 3293 mobilia
1608 3230 1787 3285 omnia
1816 3229 1867 3289 in
1896 3227 2082 3291 eadem

492 3340 629 3383 voce
657 3326 858 3385 habent
876 3322 1135 3395 feminina
1158 3324 1211 3381 in
1235 3323 1493 3395 singulari
1516 3322 1847 3393 nominativo
1872 3328 1926 3383 et
1951 3336 2085 3375 neu-

494 3418 653 3483 tralia
678 3418 731 3475 in
759 3416 974 3487 plurali.
1004 3425 1063 3473 ut
1083 3416 1194 3477 htrc
1216 3416 1414 3475 uictura
1437 3414 1651 3482 femina,
1678 3421 1731 3467 et
1752 3412 1861 3466 lucc
1884 3414 2083 3468 victura

493 3508 766 3573 animalia.
796 3507 857 3571 in
886 3508 1066 3575 verbis
1109 3522 1237 3569 vero
1279 3506 1424 3567 nulla
1460 3521 1564 3561 vox
1617 3515 1701 3560 est
1728 3520 1849 3575 quae
1892 3504 2083 3565 eadem

493 3602 663 3672 possit
697 3616 816 3655 esse
846 3601 897 3654 in
929 3599 1187 3670 singulari
1215 3614 1439 3654 numero
1466 3607 1521 3653 et
1540 3598 1756 3668 plurali.

565 3693 664 3757 Fu.
699 3692 851 3757 Unde
873 3692 1053 3762 aliqua
1072 3693 1312 3759 nomina,
1340 3692 1479 3755 sicut
1500 3692 1553 3746 in
1580 3691 1791 3747 Donato
1815 3690 1920 3762 legi
1943 3704 2083 3753 sem-

492 3800 591 3855 per
612 3784 906 3857 singularia
929 3792 1074 3849 sunt,
1097 3792 1153 3847 et
1179 3784 1285 3857 alia
1311 3798 1525 3853 semper
1548 3783 1779 3853 pluralia
1794 3784 1897 3836 ?—
1913 3782 2079 3843 Saxo.

494 3864 718 3944 Natura,
754 3879 838 3934 vel
863 3895 981 3945 usu.
1013 3878 1235 3951 Natura,
1266 3885 1326 3932 ut
1352 3878 1587 3947 propria,
1620 3894 1740 3947 quae
1765 3879 2085 3933 naturaliter

494 3968 767 4025 individua
792 3978 935 4035 sunt,
965 3978 1023 4024 ut
1052 3968 1265 4032 Hector,
1298 3967 1561 4033 Achilles;
1589 3968 1691 4032 sol,
1722 3967 1869 4034 luna,
1897 3968 2079 4035 Italia,

495 4058 698 4125 Sicilia.
742 4061 870 4125 Usu,
896 4068 954 4121 ut
978 4062 1217 4129 sanguis,
1252 4059 1444 4130 pulvis,
1476 4058 1591 4123 lux,
1622 4060 1746 4114 vita.
1782 4060 1915 4117 ltem
1963 4075 2085 4129 quae

495 4152 565 4205 ad
587 4152 796 4220 pondus
825 4152 911 4208 vel
936 4168 1247 4211 mensuram
1278 4152 1572 4221 pertinent,
1608 4151 1903 4221 singularia
1934 4160 2081 4217 sunt,

495 4250 556 4296 ut
601 4261 813 4309 aurum,
863 4246 1116 4311 triticum,
1167 4254 1272 4301 etc.
1324 4245 1587 4301 Similiter
1621 4255 1812 4303 natura
1856 4246 1940 4303 vel
1983 4263 2084 4305 usu

495 4337 743 4409 quaedam
787 4346 914 4394 sunt
954 4354 1169 4409 semper
1206 4340 1431 4408 pluralia
1468 4353 1483 4393 :
1516 4347 1730 4405 natura,
1762 4348 1822 4394 ut
1852 4338 2078 4407 Gemini,

495 4428 679 4500 pisces,
708 4430 767 4495 in
796 4429 952 4493 ctylo.
978 4424 1113 4497 Usu,
1142 4439 1206 4485 aut
1236 4448 1411 4494 αι’πια,
1436 4431 1647 4495 moenia,
1666 4433 1934 4499 nundinw,
1966 4432 2078 4489 Ka-

495 4520 687 4577 lendae.
731 4522 869 4583 Nam
923 4537 1021 4592 per
1064 4524 1245 4579 omnia
1294 4538 1496 4593 genera
1544 4524 1786 4581 invenies
1834 4528 2083 4595 quzedam

495 4628 711 4685 semper
746 4615 1060 4687 singularia,
1108 4615 1353 4684 quaedam
1401 4631 1616 4686 semper
1661 4618 1911 4687 pluralia,
1961 4636 2084 4689 quae

496 4706 675 4763 studio
702 4707 982 4761 brevitatis
1005 4708 1161 4761 nobis
1181 4707 1643 4777 prietermittenda
1667 4722 1786 4764 esse
1813 4724 1953 4765 reor.

1083 4862 1169 4917 DE
1204 4860 1499 4931 FIGURIS.

570 4995 669 5051 Fu.
697 4996 816 5052 Fiat
849 5005 909 5052 ut
948 4998 1053 5063 vis,
1082 4998 1182 5053 etsi
1217 5014 1322 5073 non
1354 4999 1546 5081 libens,
1579 5007 1757 5056 tamen
1782 5003 2079 5057 consentio.

500 5087 607 5144 Sed
636 5088 702 5144 de
735 5089 920 5160 ﬁguris
953 5090 1305 5159 disputemus.
1336 5090 1403 5144 Et
1428 5092 1603 5161 primo
1643 5093 1728 5147 die
1754 5093 1881 5162 quid
1906 5094 1975 5148 sit
1997 5094 2083 5149 in-

500 5188 583 5235 ter
612 5180 870 5250 ﬁguratas
898 5181 1160 5239 dictiones
1182 5191 1238 5237 et
1260 5182 1623 5239 derivativas?
1642 5215 1715 5225 -—
1736 5184 1900 5240 Suo.
1931 5186 2083 5253 Quod

499 5272 743 5344 ﬁguratae
764 5273 1028 5337 dictiones
1045 5282 1136 5329 aut
1161 5273 1433 5342 simplices
1456 5282 1601 5340 sunt,
1625 5284 1686 5331 ιιι
1710 5293 1965 5351 magnus;
1992 5285 2087 5333 aut

500 5350 828 5431 compesitre,
854 5371 913 5416 ut
944 5364 1324 5432 magnanimus.
1358 5365 1679 5421 Derivativm
1705 5376 1884 5427 autem
1906 5370 2083 5425 asim-

502 5453 637 5524 plici'
656 5456 872 5509 nomine
902 5454 1235 5521 derivantur,
1262 5464 1323 5510 ut
1350 5472 1380 5510 a
1406 5457 1492 5525 pio
1519 5457 1720 5525 pietas;
1754 5469 1848 5515 aut
1874 5474 1904 5513 a
1931 5474 2078 5521 com-

502 5547 697 5615 posito,
730 5556 789 5601 ut
824 5564 855 5601 a
894 5550 1226 5618 magnanimo
1253 5550 1693 5617 magnanimitas,
1726 5566 1846 5619 quin
1870 5551 2086 5607 decum-

502 5640 679 5717 ροεὶιει
706 5642 976 5703 dicuntur.
1008 5640 1315 5717 Composita
1342 5640 1531 5715 [enim]
1563 5642 1914 5714 intelligibilia
1944 5658 2084 5700 sem-

2110 3005 2159 3072 C

2188 1752 2423 1813 nomine,
2456 1761 2512 1807 ut
2545 1751 2850 1807 illiusmodi.
2888 1753 3055 1827 278
3086 1752 3221 1809 Cum
3245 1756 3433 1823 verbo,
3464 1766 3523 1811 ut
3544 1758 3776 1831 Lucifer.

2188 1846 2322 1901 Cum
2352 1846 2630 1909 adverbio,
2664 1855 2723 1901 ut
2748 1846 3060 1917 satisfactio.
3096 1845 3232 1903 Cum
3258 1848 3570 1921 participio,
3596 1860 3655 1905 ut
3673 1853 3780 1927 ple-

2188 1937 2448 1991 biscitum.
2478 1936 2611 1993 Cum
2642 1938 3045 2009 conjunctione,
3070 1948 3129 1994 ut
3158 1948 3389 2015 uterque.
3416 1940 3782 2017 Cumpraepo-

2188 2029 2397 2099 sitione,
2432 2038 2492 2101 ut
2523 2026 2773 2101 per/idus.

2259 2121 2356 2189 Fu.
2389 2122 2436 2177 Α
2468 2130 2599 2192 quot
2640 2122 2965 2191 dictionibus
2996 2134 3396 2196 componuntur
3419 2127 3681 2195 nomina?
3709 2159 3781 2173 —

2189 2213 2354 2271 Saxo.
2385 2213 2431 2287 ᾼ
2466 2216 2694 2285 duabus,
2728 2224 2789 2285 ut
2818 2218 3115 2287 septentrio.
3161 2218 3206 2291 ᾼ
3232 2219 3428 2285 tribus,
3464 2230 3523 2276 ut
3558 2223 3779 2294 inexpu-

2187 2308 2430 2379 gnabilis.
2461 2307 2555 2365 Vel
2578 2325 2607 2363 a
2634 2310 3004 2380 compluribus
3026 2309 3181 2382 [Msa
3205 2313 3277 2369 ab
3296 2314 3697 2389 amplioribus],
3721 2325 3782 2379 ιιι

2189 2418 2251 2455 cu
2247 2401 2277 2472 j
2283 2401 2708 2471 uscunquemodi.

2256 2491 2357 2547 Fu.
2400 2491 2679 2559 Quomodo
2712 2493 3056 2569 declinantur
3095 2497 3394 2568 composita
3426 2499 3647 2562 nomina
3669 2500 3693 2552 ?
3712 2529 3782 2541 —

2190 2584 2356 2651 Saxo.
2392 2584 2449 2639 Si
2480 2600 2547 2649 ex
2581 2587 2912 2651 nominativo
2952 2598 3009 2645 et
3039 2589 3259 2658 obliquo
3284 2605 3414 2646 casu
3441 2606 3782 2658 componun-

2188 2687 2298 2749 tur,
2332 2694 2395 2751 ea
2423 2686 2576 2748 parte
2597 2695 2705 2749 qua
2730 2681 3094 2741 nominativus
3118 2696 3280 2739 casus
3302 2690 3414 2747 est,
3445 2682 3783 2739 declinantur

2190 2771 2339 2844 [nam
2362 2772 2500 2827 alter
2524 2788 2684 2828 casus
2716 2787 2823 2827 non
2850 2771 3198 2844 declinatur],
3228 2782 3287 2828 ut
3316 2773 3406 2828 hic
3430 2774 3784 2844 tribunusple-

2189 2862 2280 2923 bis,
2315 2861 2475 2931 hujus
2502 2860 2882 2930 tribuniplehis,
2908 2861 3029 2923 huic
3055 2861 3448 2932 tribunoplebis.
3477 2861 3537 2917 Si
3564 2879 3629 2918 ex
3654 2864 3783 2919 duo-

2187 2954 2290 3009 bus
2322 2952 2689 3023 nominativus,
2714 2954 2968 3023 utrinque
2990 2953 3356 3020 declinantur,
3384 2964 3445 3019 ut
3478 2956 3577 3010 hoc
3595 2956 3778 3025 jusju-

2190 3044 2438 3109 randum,
2469 3042 2626 3113 hujus
2640 3043 3020 3114 jurisjurandi,
3050 3046 3171 3101 huic
3190 3045 3561 3115 jurijurando.
3595 3044 3693 3100 Sin
3714 3060 3780 3102 ex

2186 3135 2396 3191 duobus
2430 3134 2663 3204 obliquis
2690 3146 3108 3205 componuntur,
3137 3145 3379 3204 manent,
3418 3137 3782 3195 indeclinabi-

2182 3227 2279 3302 lia,
2312 3235 2371 3293 ut
2396 3228 2718 3297 hujus-modi,
2757 3230 3078 3295 istiusmodi,
3118 3230 3400 3300 ejusmodi.
3439 3230 3783 3301 Conlponun-

2189 3330 2275 3377 tur
2300 3336 2514 3391 quoque
2550 3320 2842 3391 singularia
2868 3337 2991 3378 cum
3021 3322 3339 3391 pluralibus,
3374 3331 3435 3377 ut
3460 3323 3604 3377 orbis
3628 3332 3781 3378 terra:

2187 3423 2242 3479 et
2269 3414 2407 3469 orbis
2434 3424 2715 3475 terrarum.
2741 3415 2978 3473 Possunt
3001 3424 3179 3475 tamen
3206 3417 3321 3473 haec
3347 3418 3540 3473 eadem
3562 3432 3783 3488 compo-

2187 3507 2291 3562 sita
2315 3508 2481 3571 etiam
2510 3516 2756 3577 separata
2781 3524 2924 3574 esse,
2952 3512 2998 3563 si
3025 3510 3269 3566 diversos
3294 3519 3555 3567 accentus
3578 3510 3665 3565 bis
3690 3511 3784 3565 de-

2188 3600 2353 3665 deris,
2406 3608 2467 3663 ut
2507 3618 2586 3656 res
2614 3601 2844 3672 publica,
2875 3602 2959 3659 vel
2986 3602 3033 3659 si
3063 3602 3501 3672 coniunctionem
3543 3602 3784 3671 interpo-

2188 3708 2309 3758 nas,
2335 3700 2395 3757 ut
2423 3693 2766 3766 tribunusque
2792 3695 2975 3765 plebis.

2258 3782 2357 3837 Fn.
2386 3784 2657 3841 Accentus
2680 3788 2991 3857 composita:
3016 3786 3200 3858 ﬁguras
3224 3786 3500 3863 quomodo
3526 3784 3783 3843 ﬁunt?—

2190 3875 2353 3943 SAXO.
2388 3877 2491 3933 Per
2515 3896 2703 3949 omnes
2730 3896 2891 3941 casus
2915 3889 2970 3935 et
2998 3895 3096 3957 per
3130 3895 3319 3957 omnes
3358 3880 3784 3957 compositiones

2188 3985 2402 4039 semper
2424 3972 2523 4025 sub
2542 3987 2649 4025 uno
2670 3981 2893 4049 accentu
2915 3972 3286 4043 proferuntur,
3307 3980 3366 4027 ut
3371 3972 3490 4042 jusj
3497 3971 3783 4037 arandum,

2180 4062 2563 4133 jurisjurandi,
2592 4063 3112 4135 cujuscusquemodi.
3142 4065 3303 4119 Verte
3336 4072 3409 4127 te,
3452 4062 3684 4127 France,
3716 4061 3783 4118 ad

2190 4170 2365 4220 casus,
2402 4154 2527 4224 quia
2566 4155 2631 4208 de
2670 4155 2855 4226 ﬁguris
2879 4155 3046 4210 habes
3068 4156 3211 4224 quod
3241 4156 3508 4227 quaesisti.

2262 4246 2361 4301 Fu.
2400 4245 2641 4309 Vcrtam,
2673 4255 2727 4300 ct
2750 4246 2909 4301 laetus
2944 4255 3177 4310 vertam,
3216 4248 3342 4318 quia
3370 4246 3601 4317 placitas
3628 4244 3787 4315 mihi-

2191 4348 2305 4394 mct
2334 4338 2573 4395 rationes
2604 4338 2879 4409 protulisti
2903 4340 2969 4395 de
2991 4338 3203 4415 ﬁguris.

2766 4496 2852 4552 or:
2891 4496 3201 4569 casmus.

2262 4631 2445 4691 Primo
2472 4632 2608 4689 mihi
2636 4633 2866 4704 explana
2893 4635 3037 4691 unde
3064 4650 3224 4690 casus
3250 4634 3485 4690 dicatur.
3512 4664 3586 4677 --
3614 4633 3785 4691 Suo.

2190 4724 2360 4783 Casus
2394 4726 2579 4794 utique
2626 4743 2655 4780 a
2707 4727 2947 4783 cadendo
2986 4728 3201 4792 dicitur,
3230 4729 3357 4797 quia
3383 4728 3452 4783 ab
3484 4730 3589 4785 hoc
3622 4743 3788 4783 sensu

2191 4817 2335 4873 cadit
2364 4816 2417 4873 in
2449 4816 2615 4877 illum,
2641 4818 2725 4873 vel
2746 4819 2813 4873 ab
2836 4819 2940 4874 hac
2962 4820 3341 4886 terminatione
3360 4820 3507 4875 cadit
3529 4821 3583 4875 in
3612 4820 3789 4880 illam.

2264 4910 2362 4965 Fs.
2400 4909 2524 4965 Scio
2547 4926 2641 4966 sex
2665 4927 2786 4967 esse
2808 4928 2999 4977 casus;
3035 4913 3129 4968 sed
3159 4914 3492 4984 singulorum
3516 4914 3777 4985 interpre.

2190 5003 2424 5067 taliones
2469 5003 2630 5059 velim
2681 5006 2916 5074 pandere
2962 5014 3046 5071 te,
3085 5021 3119 5062 ο
3150 5006 3311 5062 Saxo.
3342 5037 3412 5047 —
3439 5005 3606 5063 Saxo.
3640 5008 3792 5069 Bene

2189 5097 2289 5152 vis.
2332 5096 2547 5153 Primus
2570 5099 2952 5174 nominativus,
2997 5101 3122 5170 quia
3150 5115 3248 5170 per
3272 5101 3449 5169 ipsum
3480 5102 3789 5158 nominatio

2192 5188 2269 5245 ﬁt.
2304 5188 2405 5244 [ste
2445 5189 2642 5247 dicitur
2679 5198 2735 5244 et
2778 5200 2977 5251 rectus.
3015 5192 3139 5259 Quia
3165 5192 3372 5261 primus
3398 5208 3428 5246 a
3457 5203 3651 5248 namra
3678 5208 3787 5249 na-

2187 5283 2376 5346 scitur,
2402 5290 2455 5337 et
2476 5284 2543 5339 ab
2567 5298 2633 5339 eo
2648 5281 2791 5341 facta
2816 5283 3102 5340 inflexione
3121 5294 3420 5341 nascuntur
3439 5284 3552 5339 alii.
3578 5284 3791 5342 Deinde

2186 5373 2473 5444 genitivus,
2497 5375 2621 5444 quia
2636 5391 2733 5445 per
2750 5377 2922 5445 ipsum
2944 5392 3115 5447 genus
3137 5377 3522 5448 signiﬁcamus,
3546 5385 3601 5430 ut
3618 5392 3789 5447 genus

2187 5474 2259 5519 est
2294 5462 2498 5519 Priami
2546 5465 2761 5525 Ilector.
2793 5467 2898 5522 Iste
2940 5484 3152 5538 quoque
3182 5469 3484 5538 appellatur
3511 5469 3785 5538 possessi~

2186 5570 2401 5619 vus,.co
2423 5557 2566 5626 quod
2604 5560 2999 5626 possessionem
3026 5576 3243 5629 semper
3275 5577 3371 5631 per
3402 5563 3577 5634 ipsum
3608 5564 3783 5633 signi-

2187 5646 2432 5713 ﬁcamus,
2474 5655 2554 5713 ut,
2597 5645 2803 5704 Priami
2829 5667 3060 5721 regnum.
3091 5650 3221 5708 Post
3247 5652 3391 5710 hunc
3424 5652 3638 5708 dativus
3665 5660 3781 5717 ea,
