2031 3173
153 109 206 140 869

687 96 924 138 DlDASCALlCA.
939 122 975 127 —
992 107 1230 138 GBAMMATICA.

1733 113 1784 143 870

150 171 197 207 qui
211 179 227 198 a
248 170 337 198 dando
351 169 458 202 dicitur,
484 168 640 204 signiﬁcans
663 168 764 204 aliquid
788 176 838 196 nos
865 168 939 202 dare,
954 168 979 198 Α
997 167 1177 204 nominativo]
1193 171 1220 195 et
1233 166 1367 196 ablativus
1381 168 1408 196 in
1423 176 1438 196 a
1450 168 1579 207 [longam]
1599 170 1734 200 desinunt.
1749 171 1785 201 Ut

149 222 189 253 ut,
203 217 296 252 doli“
317 216 391 247 illam
403 224 473 250 rem;
487 216 534 252 qui
548 219 575 243 et
595 216 763 243 mandativus
778 215 855 252 [Ms.,
867 223 942 243 eom-

147 261 332 297 mendativus]
359 262 474 295 dicitur,
492 265 536 294 ut,
561 261 712 289 commendo
744 261 843 288 homini
869 261 943 289 illam

152 316 215 336 rem.
231 307 334 341 Quarto
354 306 413 335 loco
428 311 469 347 est
479 307 658 338 accusativus,
677 307 722 342 qui
737 310 765 334 et
778 306 942 339 causativus,

151 357 188 385 ut,
205 360 298 379 accuso
314 352 455 379 hominem.
471 352 538 379 Tum
554 352 703 384 vocativus,
719 352 765 387 qui
779 356 806 379 et
823 352 943 380 salutati-

148 401 200 426 Vus
212 401 325 426 vocatur
340 395 418 434 [’Μι.,
434 398 608 426 salutatorius
626 398 747 435 dicitur],
762 401 793 426 ut
812 407 828 425 ο
842 398 879 425 Αἰ
882 406 940 431 nea,

149 450 177 473 et
190 445 261 473 salve
282 445 390 472 Enen!
405 444 555 473 Novissime
572 445 705 473 ablativus
721 442 839 481 ponitur,
855 445 901 480 qui
916 437 943 473 et

148 492 358 528 comparativus,
370 492 526 526 signiﬁcans
540 491 641 528 aliquid
654 492 759 520 absumi
773 491 815 519 vel
831 499 942 527 compa—

149 534 204 566 rari
221 548 227 566 :
240 532 281 572 ut,
295 538 388 573 aufero
403 538 434 566 ab
450 538 561 566 Hectore
578 539 712 579 gladium;
727 535 765 573 et,
779 538 874 573 fortior
888 536 942 565 ne-

148 586 220 612 etore
232 584 346 611 Achilles
358 586 406 611 est;
623 583 626 588 ⁷
727 580 730 585 ’
916 582 919 586 ’

184 630 233 657 Fu.
248 630 376 658 Ordinem
387 637 503 665 quoque,
519 637 569 658 cur
579 630 618 669 sic
628 630 708 665 positi
719 629 783 663 sint,
793 629 895 668 profer.
906 645 942 651 ——

147 677 231 718 Saxo.
246 677 431 718 Nominativus
443 679 558 718 primum
573 679 624 706 sibi
639 675 728 706 locum
739 673 863 715 usurpat,
878 680 942 715 quia

145 717 263 759 primum
282 728 379 751 natura
399 724 471 752 hunc
488 717 610 759 protulit.
626 719 768 753 Genitivus
774 719 940 765 secundum,

146 770 209 805 quia
224 770 346 797 naturale
361 770 497 798 vinculum
516 771 623 806 generis
643 770 774 806 possedit,
794 766 942 807 omnesque

144 816 268 851 obliquos
280 820 401 851 generat.
414 817 525 853 Dalivus
537 818 658 850 tertium,
670 818 733 852 quia
743 818 830 854 magis
846 819 941 846 amicis

145 862 281 900 convenit.
306 862 484 903 Accusativus
504 867 646 897 quartum,
670 864 734 899 quia
759 864 792 897 ad
815 864 940 902 inimicos

140 902 245 949 "sxepius
254 907 399 950 profertur.
412 902 514 936 Deinde
524 905 673 947 vocativus,
684 910 746 949 quia
757 910 941 951 impericctior

143 958 186 996 est
199 951 261 994 aliis
275 962 355 997 sensu
372 963 379 982 :
393 959 421 997 et
435 954 469 982 ad
484 955 629 982 secundam
645 955 812 984 solummodo
823 957 939 995 pertiue‘

142 998 301 1040 personam,
320 1000 383 1027 dum
399 1000 444 1027 alii
464 1008 543 1028 casus
561 1001 594 1027 ad
614 1007 709 1029 omnes
728 997 856 1040 personas
874 1002 938 1037 jun-

144 1038 254 1083 guntur,
271 1046 312 1084 ut,
327 1055 371 1086 ego
386 1047 462 1075 homo
475 1056 544 1081 sum,
561 1052 588 1074 tu
602 1048 678 1081 homo
689 1057 727 1080 es,
743 1048 786 1077 ille
799 1049 876 1086 homo
889 1054 937 1086 est.

147 1090 211 1123 Mei,
224 1086 275 1133 tui,
284 1083 355 1121 illius
369 1092 482 1132 hominis
500 1097 548 1133 est.
568 1092 645 1127 Mihi,
661 1093 717 1126 tibi,
730 1094 769 1121 illi
781 1083 880 1133 homini

146 1136 202 1170 Me,
215 1130 248 1171 te,
263 1136 335 1164 illum
350 1130 480 1165 hominem
493 1130 598 1166 accuso.
611 1142 633 1166 Α
648 1147 699 1172 me,
714 1148 730 1165 a
740 1146 774 1172 te,
789 1131 821 1166 ab
835 1139 880 1167 illo
891 1141 939 1167 ho-

146 1183 216 1221 mine
225 1183 273 1210 hoc
284 1183 392 1219 protuli.
408 1183 487 1211 Solus
498 1184 638 1212 vocativus
650 1181 716 1212 dicit
732 1193 738 1211 :
755 1193 769 1211 ο
780 1177 857 1212 homo
870 1186 937 1217 veni.

147 1229 201 1257 Sed
211 1229 352 1263 ablativus,
366 1230 412 1265 qui
427 1230 571 1258 novissime
583 1234 706 1266 repertus
729 1234 781 1264 est,
794 1231 939 1261 novissime

139 1276 262 1311 ponitur.
336 1302 343 1309 ρ
614 1265 619 1266 ⁷
927 1265 930 1273 ’

179 1320 228 1348 Fu.
242 1320 311 1348 Num
331 1321 421 1349 omnia
435 1322 544 1349 nomina
570 1329 621 1358 per
649 1329 743 1350 omnes
762 1331 841 1351 casus
854 1323 938 1361 decli-

143 1367 204 1408 nari
224 1368 353 1403 possunt?
366 1367 495 1395 —S.\xo.
512 1367 570 1395 Non
594 1373 721 1403 possunt,
737 1369 799 1408 quia
815 1374 878 1397 sunt
892 1378 938 1408 uo-

140 1405 216 1440 inina
229 1421 289 1448 qua:
312 1414 509 1441 nominativum
529 1414 615 1442 solum
638 1406 748 1447 habent,
767 1419 794 1442 et
813 1405 939 1443 dicuntur

141 1463 243 1493 aptam,
264 1464 293 1486 ut
313 1459 365 1495 fas,
380 1460 424 1496 git,
442 1469 507 1496 pus,
522 1461 554 1489 ir.
573 1460 642 1488 Sunt
667 1468 726 1496 qua:
742 1462 938 1497 nominativum

140 1499 194 1546 rion
208 1505 318 1539 habent,
334 1510 372 1539 ut,
384 1506 469 1540 lovis,
482 1506 553 1539 Jovi,
567 1506 668 1539 Jovem,
680 1516 695 1546 ιι
708 1506 783 1534 Jove.
800 1506 869 1535 Sunt
882 1499 935 1537 alia

139 1542 167 1577 in
187 1550 284 1586 quibus
306 1555 362 1579 tres
384 1556 487 1579 tantum
512 1552 612 1587 obliqui
638 1544 827 1586 inveniuntur;
849 1553 931 1590 frugi,

138 1597 253 1637 frugem,
268 1606 284 1624 a
299 1598 384 1633 fruge.
409 1598 476 1630 Alia,
501 1598 527 1625 in
553 1598 651 1633 quibus
672 1598 736 1632 duo,
756 1602 787 1626 ut
811 1599 901 1637 uicem,
918 1607 934 1627 a

137 1641 203 1670 rice.
216 1643 285 1676 Alia,
301 1643 327 1670 in
343 1644 440 1678 quibus
452 1652 531 1677 unus,
544 1648 573 1671 ut
584 1650 683 1679 sponte,
699 1653 778 1680 ca’pe.

150 1687 161 1691 "
175 1689 224 1716 Fu.
241 1689 312 1723 Quot
328 1689 421 1717 forma:
433 1690 553 1729 casuales
570 1691 648 1729 sunt?
659 1706 695 1711 —
707 1690 789 1729 Saso.
803 1689 856 1725 Sex
870 1693 934 1729 sunt

137 1736 249 1763 nomina
264 1727 503 1771 monoptotaf'quae
523 1727 575 1763 una
593 1727 783 1764 terminatione
797 1744 846 1771 pro
859 1727 933 1762 omni

138 1789 205 1809 casu
220 1782 378 1817 funguntur,
392 1786 422 1808 ut
435 1781 543 1821 gummi,
560 1790 680 1817 nequam.
698 1782 753 1820 Sub
772 1790 825 1818 qua
840 1782 933 1817 regula

136 1825 202 1866 sunt
216 1828 296 1855 etiam
312 1828 420 1854 nomina
433 1826 584 1853 litterarum
599 1829 625 1853 et
646 1830 822 1866 numerorum
835 1835 851 1854 a
864 1834 932 1862 qua-

137 1865 203 1913 iuor
216 1882 300 1909 usque
311 1873 345 1901 ad
362 1877 481 1901 centum.
496 1872 603 1908 Diplota
616 1872 688 1913 sunt,
701 1881 761 1908 qum
776 1873 843 1901 duos
854 1866 933 1900 casus

136 1911 261 1959 diversos
274 1920 392 1952 habent,
410 1925 439 1947 ut
452 1928 518 1951 sors,
531 1927 546 1946 a
561 1911 630 1958 sorte
645 1926 654 1945 :
668 1918 710 1959 vel
724 1914 818 1947 omnes
830 1919 934 1959 duabus

136 1957 243 2005 tantum
259 1961 461 1994 diversitatihus
473 1967 614 1998 discretos,
628 1970 657 2005 ut
672 1957 763 1993 Icornu
779 1974 874 1993 omnes
888 1957 934 1996 ca;-

136 2004 186 2041 sus
202 2013 283 2043 habet
296 2013 323 2040 in
334 2014 443 2040 brevem
455 2012 533 2048 [hls.,
545 2012 656 2044 habent,
670 2008 726 2039 tres
739 2012 764 2039 in
779 2013 889 2040 brevem
902 2021 932 2051 ιι,

136 2051 166 2087 ἐι
180 2062 235 2086 tres
246 2059 272 2086 in
286 2058 392 2093 longum
404 2058 443 2094 u].
454 2057 513 2084 Alia
523 2059 640 2093 triptota,
654 2058 743 2093 qualia
763 2063 826 2085 sunt
837 2063 933 2085 neutra

135 2104 165 2141 in
178 2105 295 2133 secunda
316 2105 505 2137 declinatione,
520 2113 579 2139 (une
596 2109 650 2131 lrcs
666 2104 838 2132 diversitates
851 2103 933 2140 279

136 2142 251 2180 casuum
261 2151 371 2184 habent,
384 2155 413 2177 ut
425 2141 562 2187 templum,
571 2150 667 2189 templi,
681 2150 785 2185 templo,
803 2155 829 2176 et
842 2150 933 2190 omnia

994 213 1036 242 hic
1047 218 1124 250 poeta
1135 222 1145 247 ;
1156 214 1285 249 genitivo,
1300 214 1380 250 hujus
1387 220 1485 251 poetic;
1503 216 1603 250 dativo,
1615 217 1677 248 huic
1683 224 1784 254 poetw;

994 259 1063 295 hunc
1074 264 1196 296 poetam;
1211 269 1226 287 ο
1240 265 1327 296 poeta,
1348 261 1380 288 ab
1391 262 1440 289 hoe
1452 266 1539 298 poeta.
1556 262 1743 295 hiominativus
1757 269 1785 293 et

994 306 1133 340 vocativus
1148 306 1261 341 pluralis
1277 307 1303 341 iu
1317 316 1339 335 re
1350 307 1569 345 [diphthongon].
1592 309 1733 345 Geuitivus
1755 312 1784 339 iu

987 360 1080 386 uram.
1097 351 1286 388 [Accusativus
1300 353 1326 381 in
1342 354 1395 395 αι]
1415 354 1526 392 Dativus
1547 359 1574 390 et
1595 356 1730 389 ablativus
1754 358 1783 386 in

992 399 1015 425 is
1028 398 1092 434 (nisi
1111 398 1329 426 sitdisoernendi
1339 400 1447 434 generis
1461 407 1553 433 causa,
1572 405 1601 437 ut
1612 402 1720 439 deabus,
1748 403 1784 440 [i-

989 443 1089 476 liabus,
1106 444 1229 477 natabus,
1241 444 1366 481 equabus)
1379 445 1406 472 hi
1418 450 1510 482 poene,
1526 446 1620 484 horum
1634 453 1781 484 poetarum,

989 489 1032 516 his
1041 489 1135 524 poetis,
1149 489 1197 516 hos
1212 494 1312 525 poetas,
1329 498 1343 517 ο
1359 495 1454 526 poetic,
1465 491 1497 528 ob
1510 491 1551 519 his
1563 493 1656 529 poetis.

1028 534 1159 562 Secundae
1171 535 1361 563 declinationis
1375 536 1510 571 genitivus
1523 538 1550 565 in
1564 538 1693 575 idesiuit.
1708 540 1782 575 Dati-

991 588 1041 615 vus
1054 584 1082 608 et
1096 580 1229 609 ablativus
1243 581 1271 617 in
1288 589 1303 608 υ
1314 581 1484 619 productam.
1496 572 1710 622 Accusativusin
1724 572 1779 619 uim.

991 627 1044 654 nisi
1063 627 1117 654 sint
1130 631 1237 660 neutra,
1249 635 1365 662 quorum
1382 629 1553 670 accusativus
1566 631 1665 670 ubique
1687 633 1779 671 sequi-

992 677 1037 707 tur
1051 681 1130 703 suum
1147 672 1353 708 nominativum,
1371 681 1420 711 seu
1445 674 1472 701 in
1496 674 1629 711 singulari
1657 685 1779 713 numero,

992 726 1039 746 seu
1054 720 1082 746 in
1091 719 1198 754 plurali.
1212 720 1357 755 Vocativus
1376 721 1473 758 similis
1489 725 1538 759 est.
1561 722 1728 757 nominativo
1753 726 1782 760 iu

950 770 952 773 '
987 766 1047 799 illis
1070 766 1197 794 omnibus
1210 766 1288 802 [Μιη
1312 767 1478 804 nominibus]
1497 776 1557 806 quae
1570 769 1598 805 iu
1613 777 1638 797 ιη
1655 770 1698 797 vel
1711 771 1783 805 rde-

987 813 1086 844 _sin'unt
1098 820 1105 845 ;
1122 812 1144 839 si
1157 820 1222 840 vero
1241 812 1268 840 in
1281 812 1321 840 ius
1334 813 1443 847 nomina
1457 814 1585 849 desinunt
1598 816 1720 853 propria,
1732 824 1782 845 .vo-

955 846 980 877 Β
992 858 1099 889 cativus
1114 858 1141 885 iu
1155 858 1174 891 ί,
1190 861 1219 885 ιιι
1250 856 1386 893 Virgilius,
1406 846 1499 894 virilia
1514 846 1608 896 [aut]:
1624 846 1658 891 si
1667 846 1780 899 [autem]

991 904 1175 934 nominativus
1194 903 1222 934 in
1238 911 1280 936 us,
1304 903 1444 932 vocativus
1457 904 1485 939 in
1503 913 1517 931 e
1544 904 1642 940 desiuit
1661 911 1713 934 :ut
1739 908 1781 936 hic

990 959 1113 986 magnus,
1127 952 1227 985 magni,
1240 958 1346 985 magno,
1360 958 1494 985 magnum,
1507 959 1523 979 0
1536 959 1663 987 magne,a
1675 962 1780 989 magno.

989 996 1178 1030 N9minativus
1191 1001 1219 1030 et
1233 996 1374 1030 vocativus
1391 996 1521 1031 plurales,
1546 998 1598 1026 nisi
1622 999 1650 1026 in
1669 1005 1780 1034 neutro,

989 1043 1214 1080 periﬁniuntur.
1231 1042 1373 1077 Geuitivus
1398 1043 1426 1070 iu
1449 1052 1526 1071 orum
1551 1043 1623 1080 [Ms.,
1645 1046 1673 1074 in
1700 1047 1780 1083 rum].

986 1090 1102 1129 Dativus
1112 1093 1139 1117 et
1152 1089 1287 1123 ablativus
1298 1089 1325 1122 in
1338 1089 1371 1121 is,
1387 1090 1559 1124 accusativus
1577 1090 1604 1117 in
1621 1099 1659 1118 os.
1671 1091 1709 1119 Hi
1726 1100 1782 1119 ma-

989 1138 1044 1173 gni,
1057 1144 1225 1172 magnorum,
1237 1136 1352 1171 magnis,
1364 1144 1484 1171 magnos,
1496 1145 1511 1165 0
1524 1138 1625 1172 magni,
1636 1146 1657 1171 la
1667 1139 1780 1174 magnis.

1025 1184 1123 1214 Tertiae
1138 1182 1327 1215 declinationis
1338 1182 1474 1218 genitivus
1492 1183 1518 1210 in
1532 1183 1564 1210 is.
1580 1183 1692 1212 Dativus
1713 1185 1741 1218 in
1760 1186 1781 1213 ἰ.

989 1229 1167 1268 Accusamus
1189 1228 1216 1262 in
1227 1236 1267 1261 em
1282 1236 1291 1261 ;
1309 1228 1337 1256 in
1352 1227 1446 1263 paucis
1461 1228 1489 1262 iu
1501 1228 1546 1262 ira,
1572 1233 1613 1261 ut,
1628 1229 1734 1263 turrim,
1746 1230 1783 1257 si-

990 1277 1036 1304 tim
1049 1276 1160 1312 [restim,
1180 1274 1297 1311 puppim]
1311 1283 1318 1302 :
1335 1275 1474 1309 vocativus
1495 1275 1581 1304 smilis
1598 1279 1640 1303 est
1659 1276 1783 1309 nomina-

991 1323 1056 1350 tivo.
1071 1322 1213 1357 Ablativus
1228 1321 1255 1347 in
1269 1320 1430 1356 quibusdam
1445 1328 1494 1356 per
1507 1329 1521 1347 e
1531 1325 1695 1355 correptam,
1708 1326 1737 1349 ut
1749 1331 1755 1348 :
1765 1330 1782 1348 a

989 1373 1063 1403 patre
1077 1376 1086 1394 :
1098 1367 1125 1394 in
1137 1367 1299 1402 quibusdam
1313 1374 1362 1402 per
1379 1366 1405 1399 i;
1419 1370 1457 1398 ut,
1473 1365 1558 1392 Tiberi
1577 1366 1650 1402 [Ed.,
1670 1366 1780 1404 Liberi].

990 1414 1019 1441 in
1034 1412 1194 1448 quibusdam
1206 1420 1255 1448 per
1269 1420 1282 1439 e
1294 1416 1321 1439 et
1333 1412 1351 1445 i,
1366 1416 1406 1444 ut,
1419 1420 1434 1438 a
1447 1411 1520 1446 felice
1529 1416 1557 1439 et
1567 1412 1647 1446 felici.
1663 1411 1715 1439 Hic
1724 1422 1780 1447 rex,

990 1458 1068 1496 regis,
1079 1457 1143 1495 regi,
1152 1468 1246 1494 regem,
1256 1467 1312 1491 rex,
1321 1467 1336 1485 ιι
1345 1466 1413 1493 rege.
1421 1458 1609 1486 Nomiuativus
1617 1462 1645 1486 et
1652 1459 1782 1487 accusati-

989 1500 1086 1542 vus'[et
1097 1504 1247 1541 vocativus]
1256 1504 1374 1540 plurales
1387 1504 1414 1531 in
1425 1512 1451 1531 es
1462 1505 1633 1539 productam.
1646 1504 1674 1531 In
1687 1506 1782 1540 paucis

988 1549 1158 1579 accusativus
1172 1548 1232 1586 [F.,
1247 1549 1441 1585 nominativus]
1456 1550 1482 1576 in
1496 1546 1532 1582 is,
1544 1553 1575 1577 ut
1594 1550 1685 1578 turris.
1700 1544 1782 1579 Geni:-

987 1588 1058 1625 tiv‘us
1072 1597 1100 1624 in
1115 1605 1167 1629 um,
1184 1596 1211 1623 in
1224 1596 1385 1631 quihusdam
1401 1595 1428 1623 in
1441 1596 1507 1629 ium,
1521 1600 1552 1623 ut
1571 1597 1695 1624 turrium.
1707 1598 1781 1626 Dati-

987 1643 1034 1672 vus
1047 1647 1074 1670 et
1089 1643 1224 1670 ablativus
1237 1642 1264 1669 in
1279 1642 1338 1674 bus,
1351 1645 1395 1675 ιιι,
1413 1641 1440 1669 hi
1453 1640 1535 1678 reges,
1550 1641 1780 1680 regum,|regibus,

985 1699 1068 1726 reges,
1083 1698 1097 1717 ο
1111 1697 1193 1725 reges,
1207 1697 1222 1715 a
1236 1688 1350 1723 regibus.
1631 1686 1634 1688 ”

1020 1735 1129 1770 Quarta
1155 1734 1344 1763 declinationis
1366 1734 1502 1770 genitivus
1529 1736 1675 1772 singularis
1696 1737 1724 1764 in
1749 1745 1780 1764 us

984 1783 1155 1818 productam.
1168 1782 1280 1809 Dativus
1291 1781 1317 1815 iu
1329 1781 1367 1807 ui.
1379 1780 1557 1817 Accusativus
1569 1782 1596 1809 in
1609 1791 1663 1809 um.
1689 1782 1778 1810 Voca-

985 1830 1056 1861 tivus
1070 1828 1166 1860 similis
1176 1832 1218 1856 est
1237 1827 1413 1864 nominativo.
1429 1827 1572 1863 Aidativus
1586 1828 1615 1856 in
1631 1837 1650 1855 ιι
1661 1829 1779 1864 produc-

985 1880 1050 1912 tam.
1065 1875 1111 1908 Ut,
1129 1874 1172 1901 hic
1184 1878 1299 1911 senatus,
1326 1873 1407 1911 huius
1429 1879 1546 1909 senatus,
1572 1874 1633 1908 huic
1661 1876 1778 1910 senatui,

984 1924 1054 1957 hunc
1068 1928 1198 1955 senatum,
1217 1931 1233 1949 ο
1246 1926 1367 1955 senatus,
1379 1921 1411 1949 ab
1435 1922 1483 1950 hoc
1497 1927 1601 1955 senatu.
1630 1922 1780 1956 Nominati-

983 1977 1034 2003 vus
1044 1973 1072 1996 et
1081 1968 1253 1999 accusativus
1270 1972 1299 1995 et
1309 1968 1450 1996 vocativus
1465 1967 1607 2005 [plurales]
1623 1968 1652 1997 in
1666 1978 1695 1996 us
1713 1976 1778 2004 pro-

984 2015 1104 2051 ductam.
1121 2013 1262 2049 Geuitivus
1276 2014 1303 2041 in
1314 2021 1388 2047 uum.
1407 2012 1522 2048 Dativus
1544 2017 1572 2047 et
1594 2013 1728 2047 alllzltivus
1751 2014 1780 2043 in

985 2064 1042 2102 bus,
1064 2069 1104 2096 ut,
1125 2064 1152 2090 hi
1169 2067 1286 2095 senatus,
1305 2062 1400 2090 horum
1421 2067 1571 2093 senatuum,
1584 2062 1729 2099 sensilibus,
1741 2071 1780 2101 se-

984 2115 1074 2142 natus,
1093 2118 1108 2136 o
1121 2114 1238 2142 senatus,
1253 2118 1270 2136 a
1282 2108 1426 2138 senatibus.

1020 2156 1127 2190 Quintae
1140 2155 1329 2186 declinationis
1342 2154 1478 2189 genitivus
1486 2158 1514 2182 et
1527 2153 1635 2189 dativus
1659 2154 1779 2191 singula-

136 2190 235 2226 ncutra
256 2197 369 2233 pluralia
386 2204 435 2231 per
449 2205 542 2224 omnes
562 2196 766 2237 declinationes,
785 2195 881 2227 sidera,
898 2196 933 2222 si-

986 2204 1025 2231 ris
1038 2203 1064 2230 iu
1079 2203 1104 2230 ei
1118 2202 1230 2229 divisas.
1244 2201 1423 2229 Accusativus
1436 2201 1463 2228 in
1475 2208 1525 2228 em.
1542 2199 1688 2229 Vocativus
1702 2200 1778 2229 simi—

135 2236 242 2277 Herum,
261 2240 399 2271 sideribus.
415 2243 475 2281 Alia
499 2248 648 2280 tetraptola,
666 2242 753 2278 qualia
766 2247 827 2269 sunt
841 2242 932 2270 omnia

135 2282 165 2319 in
183 2299 196 2317 r
212 2289 288 2327 [Mm
304 2289 345 2326 er]
364 2284 518 2317 desinentia
544 2289 668 2328 secundae
691 2288 887 2320 declinationis,
903 2292 932 2328 ut

134 2345 215 2379 guer,
236 2337 321 2378 pueri,
344 2344 436 2379 puero,
457 2344 576 2374 puerum.
591 2335 649 2361 Alia
665 2340 826 2370 petiluptola,
842 2334 932 2369 qualia

135 2373 203 2421 έιιίἰι
215 2373 362 2410 masculina
373 2373 496 2421 secunda:
509 2382 695 2410 declinationis
714 2382 740 2409 in
754 2391 783 2408 us
798 2382 884 2415 ﬁnita,
904 2386 933 2409 ut

133 2420 242 2462 illectus,
257 2429 337 2462 docti,
351 2428 437 2461 docto,
458 2429 574 2465 doctzun,
587 2429 670 2456 docte.
687 2429 835 2465 Ileaaptum
858 2434 931 2462 sunt,

212 2483 259 2509 sex
271 2467 390 2502 diversos
404 2465 503 2503 habent
518 2483 608 2508 casus,
621 2480 650 2502 ut
662 2479 703 2502 est
718 2484 724 2502 :
739 2484 806 2502 unus
816 2496 823 2508 ,
843 2476 931 2516 unius,

130 2523 198 2556 Qui,
212 2531 303 2554 unum,
318 2530 380 2555 une,
397 2521 429 2548 ab
444 2530 506 2549 uno.

134 2561 225 2596 "Fu.
242 2568 281 2595 Nc
292 2568 327 2595 sit
340 2568 388 2595 tibi
403 2558 547 2595 onerosum
559 2567 724 2603 singulorum
741 2576 853 2596 casuum
879 2572 933 2596 ter-

128 2616 304 2646 minationes
323 2623 372 2650 per
386 2622 481 2642 omnes
505 2615 624 2649 quinque
650 2615 843 2642 declinationes
865 2616 932 2643 mihi

125 2673 287 2701 exponere.
295 2681 330 2686 —
341 2665 425 2693 Suo.
436 2664 598 2700 Longiorem
608 2672 651 2692 me
666 2664 732 2692 facis
745 2664 837 2692 multis
850 2665 933 2692 inter-

125 2708 335 2749 rogationibus.

174 2761 226 2789 Fu.
253 2760 322 2793 Quid
342 2760 366 2788 si
391 2759 525 2787 utiliorem
546 2760 573 2787 in
595 2760 756 2787 necessariis
772 2758 933 2794 regulis?—

123 2810 227 2839 Saxo.
246 2808 345 2836 Prinne
360 2808 550 2836 declinationis
568 2808 701 2843 genitivus
716 2811 742 2834 et
756 2807 861 2834 dativus
872 2807 899 2833 in
910 2815 933 2834 az

122 2851 331 2901 diphthongon
346 2855 538 2884 :aocusativus
556 2855 583 2883 in
598 2863 651 2882 am.
668 2854 814 2882 Vocativus
825 2853 931 2890 [similis

985 2250 1019 2284 lis
1031 2253 1074 2277 est
1085 2248 1263 2277 nominativo.
1275 2247 1416 2277 Ablativus
1431 2247 1460 2275 in
1471 2256 1484 2275 e
1501 2246 1640 2285 profertur
1651 2247 1734 2283 [μιη
1750 2247 1777 2275 in

984 2304 997 2323 e
1008 2294 1191 2332 productam].
1207 2295 1252 2328 Ut,
1265 2295 1319 2323 ha’c
1333 2303 1383 2327 res,
1400 2294 1481 2329 hujus
1501 2294 1550 2327 rei,
1568 2295 1616 2327 rei,
1631 2303 1694 2326 rem,
1722 2302 1776 2328 res,

984 2351 1000 2374 ᾳ
1024 2350 1060 2369 re.
1071 2341 1258 2371 Nominativus
1270 2344 1298 2369 et
1310 2341 1484 2370 accusativus
1498 2344 1526 2368 et
1547 2341 1688 2376 vocativus
1714 2342 1776 2376 plu-

983 2389 1055 2416 rales
1067 2389 1093 2416 in
1107 2383 1145 2416 es.
1158 2388 1300 2419 Genitims
1310 2387 1390 2415 inum
1402 2386 1476 2422 [Ms.,
1489 2386 1517 2414 in
1527 2386 1608 2423 rum].
1625 2387 1735 2415 Dativus
1750 2392 1778 2416 et

984 2434 1116 2467 ablativus
1129 2434 1155 2461 in
1164 2434 1228 2461 bus:
1241 2437 1271 2460 ut
1280 2433 1321 2463 lue
1335 2440 1386 2464 res,
1397 2440 1495 2465 rerum,
1507 2432 1594 2466 rebus,
1606 2441 1660 2466 res,
1673 2442 1688 2460 ο
1699 2442 1751 2466 res,
1760 2443 1776 2461 a

984 2480 1070 2518 rebus.
1082 2479 1164 2512 Num,
1179 2479 1295 2511 France,
1319 2478 1407 2511 adhuc
1422 2481 1464 2517 sat
1483 2478 1567 2506 habes
1592 2479 1625 2507 de
1651 2480 1777 2509 nomine?

1019 2526 1067 2559 En.
1083 2525 1130 2552 Sat
1150 2524 1317 2556 habuissem,
1333 2523 1416 2556 Saxo,
1440 2523 1464 2551 si
1487 2531 1541 2553 non
1569 2524 1693 2563 cinipbes
1716 2532 1777 2559 quae

983 2577 1047 2601 sunt
1060 2572 1086 2599 in
1102 2571 1182 2599 domo
1195 2570 1317 2605 magistri
1332 2578 1415 2597 aures
1429 2570 1496 2601 mihi
1509 2570 1776 2608 quaestiunculissuis

983 2617 1150 2652 implessent.
1167 2616 1268 2643 Tamen
1283 2616 1305 2643 si
1320 2615 1410 2651 placet
1421 2620 1591 2644 transeamus
1600 2617 1633 2644 ad
1641 2616 1702 2644 alia.
1714 2617 1776 2644 Illas

983 2673 1090 2703 quoque
1109 2664 1190 2692 modo
1203 2663 1349 2692 excutiam.
1365 2663 1405 2693 Tu
1419 2664 1504 2691 transi
1518 2671 1571 2699 quo
1585 2663 1664 2696 velis,
1675 2671 1776 2698 sequar

983 2704 1011 2740 te
1022 2718 1076 2745 quo
1089 2709 1171 2737 vadis.
1271 2723 1272 2726 π

1240 2756 1284 2784 DE
1304 2755 1513 2784 PRONOMINE.

1018 2804 1068 2832 Fu.
1085 2804 1239 2832 Prouomen
1251 2804 1315 2841 quid
1331 2804 1392 2832 est?
1410 2819 1444 2823 —
1464 2802 1546 2830 Saxo.
1561 2800 1629 2831 Pars
1643 2800 1775 2830 orationis

984 2860 1045 2886 cum
1064 2860 1128 2879 casu
1144 2851 1261 2887 positum
1278 2850 1355 2886 [Ms.,
1378 2848 1477 2885 posita]
1503 2847 1621 2876 nominis
1642 2848 1714 2882 vice,
1736 2856 1771 2879 ne
