4062 6346
537 339 641 398 871

1391 327 1454 381 Β.
1506 323 1571 379 F.
1608 318 1840 379 ALBIM
1879 317 2011 375 SEU
2051 311 2340 373 ALCUINI
2376 312 2667 372 OPERUM
2704 311 2887 369 PARS
2926 311 3034 370 VII.

3712 311 3829 369 87!

537 454 735 525 saepius
757 452 1015 508 iteratum
1036 460 1235 503 nomen
1267 442 1551 499 fastidium
1573 440 1741 496 faciat
1769 439 1924 512 [Ms.,
1975 437 2125 494 face-
2154 439 2209 501 Α
2233 450 2310 501 ce,
2352 433 2492 490 illice
2510 476 2524 500 ,
2554 433 2699 505 quod
2727 448 2827 502 per
2856 444 3132 502 apocopen
3161 427 3439 500 profertur
3459 428 3604 499 illic,
3631 428 3830 490 ultim

537 541 641 614 ret]
669 538 909 594 audienti
933 536 1015 590 vel
1045 531 1245 603 legenti
1276 545 1291 584 :
1325 537 1379 582 et
1409 528 1591 583 ﬁnitas
1614 526 1810 596 recipit
1836 539 2119 614 personas.

609 613 709 689 lia.
734 626 1046 684 Pronomini
1102 631 1233 693 quot
1270 621 1523 677 accidunt
1583 618 1736 691 [Μδη
1794 613 2125 685 accedunt]?

535 757 608 769 ——
634 723 800 779 Saxo.
832 718 942 775 Sex
973 735 988 771 :
1023 714 1263 787 Species,
1293 727 1550 783 persona,
1608 723 1797 781 genus,
1846 719 2124 769 numerus,

536 820 731 893 figura,
758 828 941 871 casus.

608 909 774 981 280
800 906 901 961 Fn.
932 902 1155 974 Species
1178 897 1563 972 pronominum
1586 901 1719 964 quot
1745 892 1909 947 sunt?
1933 919 2004 930 —
2033 888 2131 981 SA-

536 1019 626 1060 xo.
652 980 801 1055 Unas.
829 996 967 1065 Quia
994 1002 1120 1051 sunt
1143 991 1467 1063 pronomina
1482 994 1576 1043 aut
1607 985 1901 1057 privativa,
1921 988 2014 1036 aut
2030 980 2126 1036 de-

536 1093 792 1158 rivativa.

608 1184 709 1240 Fn.
738 1179 1020 1238 Primitiva
1050 1184 1183 1248 quot
1210 1174 1372 1231 sunt?
1397 1202 1467 1214 -—
1497 1171 1665 1227 Suo.
1687 1169 1845 1226 Oeto.
1876 1167 2012 1239 Ego,
2046 1174 2126 1232 tu,

536 1278 642 1344 sui,
669 1275 781 1341 ille,
807 1276 940 1346 ipse,
966 1274 1086 1337 iste,
1124 1270 1234 1334 hic,
1262 1270 1328 1322 is.

605 1369 706 1427 Ἐκ.
724 1366 1033 1423 Derivativa
1050 1369 1183 1433 quot
1208 1360 1373 1416 sunt?
1396 1387 1465 1399 —
1484 1355 1651 1411 Saxo.
1680 1353 1921 1424 Septem.
1955 1351 2128 1416 Meus,

536 1468 680 1524 tuus,
707 1475 855 1523 suus,
889 1462 1284 1519 noster,vester,
1301 1458 1526 1510 nostras,
1553 1454 1771 1500 vestras.

605 1551 686 1606 Fa
740 1549 894 1606 Unde
923 1548 1038 1602 haec
1085 1538 1448 1617 [pronomina]
1473 1536 1825 1594 derivantur?
1847 1565 1920 1577 —
1955 1534 2125 1590 Sno.

536 1642 584 1697 Α
605 1640 859 1713 genitivis
886 1635 1309 1709 primitivorum.
1341 1633 1386 1685 A
1415 1630 1515 1684 mei
1543 1643 1719 1691 meus,
1744 1642 1775 1681 a
1821 1628 1899 1680 tui
1952 1635 2079 1681 tuus
2113 1642 2126 1679 :

536 1749 569 1789 a
592 1734 675 1789 sui
695 1746 825 1788 suus
854 1748 867 1783 :
897 1745 930 1784 a
962 1737 1197 1783 nostrum
1223 1734 1411 1779 noster
1439 1730 1493 1776 et
1517 1729 1734 1775 nostras
1767 1738 1780 1773 :
1815 1735 1845 1773 a
1896 1727 2128 1772 vestrum

2233 526 2903 601 [syllahafcircumﬂcxa.~

2798 639 2889 694 DE
2934 637 3245 695 NUMERO.

2297 756 2400 812 Fa.
2430 756 2653 814 Numeri
2679 759 3062 829 pronominum
3093 768 3226 830 quot
3248 757 3830 820 sunt?—Suo.Duo.

2231 849 2559 923 Singularis,
2583 860 2644 905 ut
2672 852 2788 906 iste.
2821 850 3075 917 Pluralis,
3107 858 3171 906 ut
3193 852 3301 906 isti.

2302 943 2441 999 Sunt
2459 952 2515 1000 et
2538 960 2767 999 numero
2795 945 3123 1009 communia,
3155 953 3216 999 ut
3248 945 3357 1010 sui,
3386 946 3509 1013 sibi,
3554 964 3630 1013 se,
3665 965 3701 1002 α
3751 964 3836 1019 se,

2230 1051 2350 1105 qua:
2370 1037 2705 1091 nominativo
2735 1046 2944 1101 carent,
2976 1038 3103 1107 quia
3134 1036 3181 1093 si
3209 1044 3355 1093 esset
3378 1038 3436 1092 hi
3460 1039 3545 1093 vel
3579 1042 3626 1094 si
3649 1041 3834 1098 nomi-

2229 1128 2468 1193 nativus,
2495 1126 2888 1182 dubitationem
2912 1124 3131 1183 fecisset
3159 1129 3305 1183 inter
3330 1130 3384 1183 hi
3432 1129 3577 1185 aliud
3629 1147 3837 1201 prono-

2232 1233 2377 1283 men,
2410 1226 2467 1275 et
2493 1218 2541 1272 si
2574 1216 2975 1287 conjuctionem
3028 1232 3075 1274 ι.
3122 1219 3218 1275 Vel
3269 1221 3397 1291 quia
3450 1224 3705 1279 transitio
3744 1224 3835 1281 vel

2232 1312 2594 1383 reciprocatio
2631 1327 2878 1382 personze
2927 1312 2984 1367 in
3041 1314 3261 1370 nomine
3313 1331 3423 1371 non
3464 1325 3647 1387 potest
3682 1332 3833 1387 esse,

2231 1406 2373 1475 quod
2403 1405 2487 1458 sui
2508 1418 2722 1473 semper
2745 1404 2909 1460 habet
2933 1422 2947 1459 :
2985 1405 3389 1475 Reciprocatio,
3415 1414 3494 1473 ut,
3527 1408 3615 1463 sui
3642 1411 3837 1468 memi-

2232 1501 2329 1555 nit.
2370 1499 2665 1564 Transitio,
2693 1508 2775 1567 ut,
2807 1517 2902 1555 suo
2928 1517 3075 1556 servo
3105 1499 3361 1571 loquitur.

2804 1633 2893 1688 DE
2942 1632 3254 1691 CASIBUS.

2305 1744 2408 1800 Fn.
2435 1745 2606 1803 Casus
2642 1747 3025 1816 pronominum
3073 1747 3277 1818 profer.
3328 1779 3401 1791 —
3430 1747 3601 1807 Saxo.
3662 1751 3835 1809 Casus

536 1838 719 1883 vester
743 1834 798 1879 et
817 1831 1047 1878 veslI'aS-
1082 1818 1207 1874 H30
1239 1824 1371 1915 filim
1429 1813 1741 1884 quindecm
1794 1824 2119 1881 Ρ¹⁹⁰ῖ¹⁰¹¹¹¹¹¹³
2152 1814 2199 1878 Β
2225 1840 2604 1908 pronominum
2627 1849 2754 1895 sunt
2781 1847 2839 1895 ut
2863 1839 3167 1906 nominum,
3189 1840 3296 1896 nisi
3333 1841 3477 1912 quod
3501 1843 3685 1913 prima
3714 1860 3840 1915 per-

539 1917 596 1973 in
616 1917 811 1987 quibus
846 1914 994 1969 nulla
1021 1909 1291 1966 dubitatio
1310 1915 1415 1963 est.

606 2009 707 2065 Fa.
739 2010 991 2064 Personae
1036 2004 1417 2074 pronominum
1469 2008 1604 2070 quot
1650 1999 1810 2053 sunt?
1854 2027 1927 2038 -—
1958 1996 2126 2053 Saxo.

538 2105 691 2161 Tres.
725 2102 832 2159 Sed
860 2100 1037 2173 prima
1064 2112 1295 2168 persona
1322 2102 1378 2150 et
1404 2094 1642 2150 secunda
1669 2092 1914 2164 singulas
1930 2092 2132 2148 habent

536 2210 719 2259 voces,
750 2193 878 2264 quia
906 2198 1204 2262 praesentes
1228 2202 1442 2258 semper
1467 2193 1596 2241 sunt
1619 2185 1763 2240 inter
1782 2199 1863 2249 se,
1890 2193 1950 2238 ut
1979 2200 1993 2236 :
2016 2199 2134 2254 ego,

540 2297 617 2342 tu.
646 2285 829 2340 Tertia
856 2297 989 2337 vero
1020 2296 1115 2336 sex
1139 2281 1301 2335 habet
1328 2292 1511 2343 voces,
1540 2277 1667 2347 quia
1686 2277 1975 2331 tertiarum
2010 2291 2133 2346 per-

542 2394 803 2437 sonarum
842 2376 1091 2446 plurima:
1131 2382 1256 2428 sunt
1312 2372 1681 2435 diversitates,
1738 2378 1819 2434 ut,
1874 2369 1981 2433 sui,
2016 2368 2127 2431 ille,

537 2472 669 2543 ipse,
692 2468 934 2534 iste,hic,
950 2468 1015 2521 is.
1032 2466 1102 2521 Et
1130 2465 1291 2521 tertia
1321 2478 1551 2534 persona
1580 2461 1741 2517 modo
1760 2475 2003 2531 praesens
2026 2467 2131 2527 est,

537 2569 604 2619 ut
644 2564 744 2618 iste
769 2579 787 2617 :
811 2561 973 2617 modo
998 2560 1216 2625 absens,
1246 2569 1308 2613 ut
1330 2556 1439 2612 ille.

826 2702 915 2756 DE
951 2696 1342 2757 GENERIBUS
1368 2692 1845 2752 PBONOMINUM.

510 2826 515 2829 <
556 2852 559 2855 ,
610 2796 710 2852 Fn.
736 2793 944 2851 Genera
973 2791 1356 2863 pronominum
1381 2798 1514 2859 quot
1538 2788 1768 2842 sunt?—
1784 2786 2132 2855 Saxo.Quin-

540 2906 665 2962 que.
718 2888 1094 2952 Masculinum,
1155 2893 1236 2950 ut,
1283 2884 1401 2949 hic;
1454 2882 1799 2947 femininum,
1844 2889 1922 2945 ut,
1978 2881 2131 2947 Iure;

540 2992 813 3045 neutrum,
838 2989 916 3045 ut,
947 2981 1079 3046 hoc;
1110 2992 1416 3043 commune,
1473 2986 1552 3041 ut,
1611 2987 1840 3041 nostras,
1896 2983 2131 3040 vestras;

545 3076 711 3130 trium
742 3088 1022 3144 generum,
1064 3079 1124 3126 ut
1144 3088 1258 3143 ego,
1284 3080 1360 3125 tu.
1390 3070 1457 3125 Et
1482 3070 1664 3124 omnia
1692 3066 2017 3139 pronomina
2040 3081 2134 3122 ne-

541 3181 695 3221 cesse
717 3173 799 3217 est
823 3163 925 3216 tria
954 3178 1152 3232 genera
1180 3163 1403 3227 habere,
1432 3162 1516 3215 vel
1545 3161 1601 3214 in
1643 3175 1750 3214 una
1776 3175 1910 3215 voce
1939 3158 2130 3218 confu-

543 3270 622 3317 sa,
655 3262 733 3317 ut,
762 3270 875 3323 ego,
941 3264 1032 3316 tu;
1079 3253 1162 3306 vel
1208 3254 1264 3307 in
1309 3252 1539 3307 diversis
1582 3253 1833 3311 distincta
1872 3251 2134 3311 termina-

542 3342 801 3410 tionibus,
833 3353 892 3398 ut
913 3360 1080 3410 meus,
1102 3361 1241 3410 mea,
1266 3361 1457 3399 meum.
1491 3344 1628 3411 Quia
1662 3360 1762 3414 pro
1789 3343 2132 3412 uniuscujus-

541 3451 651 3513 que
684 3437 760 3492 rei
776 3437 1008 3507 pr0priis
1037 3438 1379 3508 accipiuntur
1409 3439 1722 3493 nominibus
1735 3437 2125 3510 [pronomina].

1131 3573 1221 3628 DE
1262 3572 1559 3630 FIGURIS.

614 3667 712 3722 Fu.
755 3666 1012 3737 Figuram
1055 3667 1438 3737 pronominum
1492 3666 1600 3721 dic.
1652 3697 1723 3708 —
1788 3668 1958 3723 Suo.
1993 3666 2133 3723 Sunt

542 3760 866 3835 pronomina
896 3760 1186 3829 simplicia,
1216 3769 1276 3815 ut
1302 3762 1423 3825 iste,
1476 3760 1582 3814 hic.
1630 3759 1771 3815 Sunt
1796 3761 2093 3830 composita
2115 3801 2130 3826 ,

540 3862 604 3910 ut
631 3854 772 3917 istic,
801 3852 945 3921 quod
965 3866 1032 3905 ex
1062 3852 1160 3906 iste
1178 3860 1234 3907 et
1263 3851 1347 3905 hic
1373 3852 1735 3923 componitur.
1797 3851 1948 3907 Idem
1986 3868 2135 3908 com-

540 3948 762 4020 ponitur
791 3959 861 4001 ex
891 3946 936 3999 is
971 3945 1291 4016 pronomine
1324 3953 1381 3999 et
1433 3944 1644 4000 demum
1699 3948 2020 4017 proverbio;
2080 3955 2134 4003 et

539 4046 627 4093 est
651 4052 877 4091 numero
908 4050 1216 4101 commune,
1246 4045 1308 4090 ut
1336 4035 1478 4091 idem
1520 4039 1603 4091 vir
1646 4046 1701 4093 et
1724 4039 1861 4092 idem
1885 4040 1983 4093 viri
2009 4056 2027 4094 :
2078 4042 2132 4095 in

539 4127 839 4183 masculino
864 4127 884 4181 i
907 4128 1188 4198 producta,
1246 4128 1302 4181 in
1323 4135 1516 4183 neutro
1540 4129 1559 4181 i
1584 4138 1833 4201 correpta
1871 4149 1883 4184 :
1918 4140 1974 4185 et
2017 4130 2134 4199 ejus

542 4217 861 4275 femininum
888 4219 1088 4273 eadem.
1137 4218 1461 4274 Geminatur
1498 4235 1714 4290 quoque
1745 4223 1863 4292 ejus
1915 4239 2135 4293 compo-

541 4312 668 4367 sitio
685 4312 737 4365 in
756 4321 971 4377 neutro,
996 4321 1052 4367 et
1073 4313 1270 4367 dicitur
1294 4313 1431 4367 idem
1454 4312 1595 4367 idem
1626 4312 1776 4386 [Ms.,
1800 4315 2132 4387 identidem],

544 4398 602 4456 id
634 4410 739 4467 est,
765 4402 909 4456 idem
935 4412 989 4457 et
1019 4403 1182 4458 idem.

614 4490 1025 4563 Componuntur
1047 4496 1366 4561 pronomina
1396 4510 1521 4550 cum
1532 4497 1826 4563 adverbiis,
1850 4508 1913 4554 ut
1930 4516 2128 4567 eccum,

2160 3206 2210 3273 Ο

2234 1946 2365 1987 soaa
2395 1942 2451 1987 et
2480 1934 2639 1989 tertia
2664 1934 2787 2003 plus
2823 1935 3067 2005 quinque
3095 1935 3317 1991 casibus
3338 1937 3547 1994 habere
3570 1954 3681 1994 non
3708 1954 3836 2010 pos-

2234 2032 2380 2088 sunt,
2410 2024 2534 2093 quia
2560 2025 2847 2081 vocativus
2876 2026 2931 2080 in
2955 2026 3035 2082 eis
3060 2025 3179 2082 ﬁeri
3210 2042 3319 2082 non
3344 2036 3557 2097 potest,
3587 2030 3684 2100 qui
3706 2046 3837 2101 pro-

2232 2117 2386 2185 prius
2413 2126 2498 2172 est
2529 2120 2781 2175 secunda:
2803 2134 3071 2188 persona},
3101 2120 3261 2191 281
3282 2130 3514 2193 excepto
3543 2140 3689 2177 meus
3711 2139 3836 2193 pos—

2235 2212 2497 2267 sessivum
2529 2211 2680 2285 [Ms.,
2700 2213 3050 2287 possessivo],
3082 2217 3227 2284 quod
3249 2217 3324 2270 mi
3344 2216 3477 2272 facit
3501 2219 3835 2286 vocativum,

2235 2303 2371 2359 duas
2391 2304 2586 2360 breves
2613 2322 2641 2360 e
2662 2322 2690 2360 e
2729 2306 2783 2360 in
2813 2305 3022 2379 [unam]
3046 2308 3064 2360 i
3102 2306 3321 2379 longam
3360 2308 3647 2377 euphonia:
3669 2324 3837 2366 causa

2236 2404 2578 2451 eunvertens.
2614 2395 2781 2466 Cujus
2806 2396 3032 2469 pluralis
3059 2413 3278 2469 quoque
3304 2398 3614 2453 vocativum
3637 2399 3835 2456 habet:

2235 2503 2267 2541 0
2293 2498 2491 2542 noster.

2304 2580 2405 2635 Ρη.
2437 2580 2578 2649 Quot
2605 2581 2792 2638 formae
2837 2583 3082 2639 casuales
3112 2583 3248 2638 fiunt
3275 2583 3329 2638 in
3377 2585 3841 2655 pronominibus?

2234 2705 2307 2718 —
2335 2673 2501 2729 Suo.
2547 2675 2685 2730 Sunt
2711 2677 3032 2746 pronomina
3080 2685 3415 2747 monoptota,
3443 2687 3506 2732 ut
3534 2696 3738 2746 eccum,
3764 2678 3841 2737 el-

2239 2765 2371 2832 lum,
2425 2783 2649 2834 mecum,
2701 2778 2893 2823 tecum.
2925 2769 3045 2823 Alia
3068 2770 3315 2840 triptota,
3339 2779 3395 2824 ut
3429 2772 3535 2837 sui,
3576 2772 3710 2837 sibi,
3759 2790 3835 2839 se,

2236 2875 2432 2923 meum,
2462 2869 2631 2925 tuum,
2661 2877 2815 2914 suum
2847 2858 3037 2933 [Edit.,
3068 2877 3271 2914 mecum
3290 2900 3308 2927 ,
3354 2870 3527 2916 tecum
3546 2904 3560 2927 ,
3607 2864 3833 2936 secum].

2234 2936 2354 3013 Alia
2372 2960 2687 3021 tetraptota,
2701 2960 2844 3015 tuus,
2862 2969 3014 3017 suus,
3035 2951 3190 3016 illud,
3215 2954 3379 3007 istud.
3393 2952 3514 3008 Alia
3540 2964 3831 3025 pentapw-

2235 3051 2291 3097 ta
2311 3083 2325 3109 ,
2366 3044 2477 3110 ille,
2513 3046 2642 3116 ipse,
2675 3044 2791 3099 iste.
2825 3044 2962 3100 Nam
2993 3053 3299 3116 sextaptota
3323 3061 3433 3101 non
3472 3046 3832 3103 inveniuntur

2236 3139 2583 3209 pronomina.
2822 3174 2829 3175 κ
3236 3124 3239 3127 ’

2308 3227 2409 3281 Fa.
2458 3228 2595 3283 Dum
2642 3232 2967 3300 pronomina
3011 3246 3171 3287 casus
3215 3232 3419 3287 habent
3457 3239 3515 3286 et
3550 3247 3834 3300 numeros,

2233 3338 2456 3379 necesse
2477 3333 2561 3380 est
2590 3340 2684 3380 eos
2722 3326 2926 3383 habere
2951 3335 3008 3382 et
3037 3326 3451 3390 declinationes,
3481 3341 3719 3395 quarum
3746 3339 3835 3383 re-

2234 3413 2386 3487 gulas
2436 3423 2498 3470 ut
2543 3416 2814 3473 edisseras
2864 3417 3067 3489 ﬂagito.
3104 3449 3173 3460 --
3204 3417 3371 3474 Suo.
3438 3418 3724 3489 Improbus
3772 3433 3835 3475 es

2232 3516 2530 3564 scrutator.
3526 3506 3531 3511 ”

2302 3599 2404 3654 Ἐιιι
2453 3600 2591 3667 Quin
2644 3600 2800 3673 [Ms.,
2850 3601 3013 3674 Quia]
3066 3610 3126 3657 tu
3165 3610 3329 3657 tenax
3375 3616 3435 3657 es
3483 3599 3835 3672 largitor.—

2235 3693 2400 3749 Saxo.
2419 3692 2660 3759 Quatuor
2672 3702 2798 3749 sunt
2813 3695 3204 3751 declinationes
3225 3694 3632 3766 pronominum.
3647 3693 3835 3747 Prima

2234 3793 2464 3854 estquae
2512 3784 2567 3838 in
2607 3784 2781 3840 tribus
2819 3785 3223 3855 primitivorum
3269 3786 3520 3855 personis
3563 3784 3833 3849 cernitur,

2233 3877 2387 3947 cujus
2421 3876 2693 3947 genitivus
2734 3882 2789 3931 et
2817 3877 3027 3933 dativus
3051 3878 3106 3933 in
3134 3878 3184 3943 i,
3206 3877 3553 3932 accusativus
3580 3885 3638 3931 et
3674 3874 3831 3929 abla-

2233 3970 2378 4025 tivus
2407 3969 2460 4023 in
2487 3986 2514 4023 e
2559 3968 2902 4038 productam,
2927 3978 3007 4033 ut,
3047 3987 3160 4040 ego,
3190 3971 3314 4035 mei,
3343 3969 3495 4034 mihi,
3531 3985 3634 4031 me,
3664 3985 3700 4021 α
3732 3982 3838 4022 me.

2237 4058 2340 4125 Tu,
2372 4059 2467 4124 tui,
2501 4059 2611 4123 tibi,
2655 4068 2722 4122 te,
2763 4077 2798 4113 a
2847 4068 2916 4114 te.
2963 4058 3078 4123 Sui,
3109 4060 3224 4123 sibi,
3255 4078 3342 4126 se,
3372 4077 3405 4113 a
3432 4077 3506 4114 se.
3538 4058 3742 4115 Prima:
3778 4071 3842 4119 et

2233 4144 2484 4207 secundm
2510 4166 2757 4222 persona:
2783 4150 3049 4220 plurales,
3096 4152 3491 4213 nominativum
3521 4159 3576 4205 et
3601 4167 3838 4209 accusa-

2237 4243 2404 4297 tivum
2434 4242 2490 4296 in
2513 4259 2602 4307 os;
2633 4243 2934 4313 genitivum
2978 4244 3035 4298 in
3063 4261 3151 4298 um
3188 4244 3273 4304 vel
3301 4244 3355 4298 in
3394 4245 3449 4307 i;
3487 4242 3737 4299 dativum
3780 4254 3841 4302 et

2234 4335 2526 4389 ablativum
2572 4335 2628 4389 in
2661 4336 2744 4401 is;
2781 4343 2841 4389 ut
2872 4353 2988 4403 nos,
3033 4346 3268 4392 nostrum
3298 4336 3384 4393 vel
3430 4339 3602 4392 nostri
3615 4379 3631 4403 ,
3662 4338 3837 4405 nobis,

2234 4442 2348 4490 nos,
2372 4443 2405 4479 a
2453 4426 2622 4480 nobis.
2654 4426 2919 4488 Similiter
2960 4436 3016 4483 et
3046 4445 3159 4484 vos.
3213 4428 3394 4483 Tertia
3447 4444 3682 4498 persona
3722 4444 3839 4485 non

2233 4515 2397 4571 habet
2424 4517 2843 4585 nominativum,
2864 4527 2921 4574 et
2947 4533 3046 4589 per
3072 4526 3297 4575 creteros
3324 4534 3484 4575 casus
3521 4520 3841 4579 communis

542 4584 602 4644 id
626 4595 731 4651 est,
759 4601 886 4640 ccce
905 4587 1059 4640 eum!
1089 4584 1268 4650 ellum,
1298 4602 1424 4642 ecce
1449 4588 1619 4643 illum.
1661 4590 1729 4645 Et
1752 4608 1878 4647 cum
1922 4607 2133 4663 prrepo-
2159 4572 2212 4632 Ῐ)
2236 4615 2321 4663 εει
2356 4607 2591 4671 numeri,
2625 4607 2680 4666 id
2708 4617 2792 4663 εει

543 4677 760 4743 sitione,
778 4677 871 4733 sed
885 4692 984 4748 per
996 4679 1379 4747 anastrophen,
1394 4689 1457 4734 ut
1478 4697 1699 4747 mecum,
1718 4693 1908 4749 tecum,
1924 4700 2131 4751 secum,-

542 4778 600 4825 et
618 4786 740 4824 cum
768 4772 1009 4835 nomine,
1047 4778 1107 4825 ut
1129 4771 1455 4841 hujusmodi,
1491 4774 1809 4828 istiusmodi.

613 4862 715 4917 Fn.
757 4862 909 4919 Unde
938 4870 1022 4917 est
1046 4862 1134 4918 illa
1164 4865 1490 4933 compositio
1515 4883 1528 4920 :
1552 4876 1751 4937 egomet
1771 4874 1826 4922 et
1872 4868 2134 4937 hujusce?

542 4987 614 4999 --
642 4955 808 5014 Saxo.
840 4957 958 5014 Non
988 4968 1072 5015 est
1102 4960 1447 5031 compositio,
1483 4962 1577 5017 sed
1604 4978 1891 5034 paragoge,
1920 4963 1974 5019 id
2023 4974 2126 5032 est,

546 5048 777 5119 adjectio
806 5049 1046 5121 syllaba}.
1079 5050 1147 5105 Et
1182 5058 1552 5121 suntquatuor
1587 5052 1851 5121 ejusmodi
1869 5053 2131 5123 adiectio-

522 5138 660 5208 'nes,
687 5152 811 5209 met,
840 5160 916 5207 ce,
960 5152 1027 5209 te,
1053 5153 1159 5213 pte,
1186 5152 1270 5209 ut,
1299 5155 1517 5214 egomet,
1545 5155 1673 5212 tute,
1696 5157 1918 5218 meapte,
1948 5148 2135 5219 hujus-

614 5288 640 5315 ι
669 5274 942 5349 Cod._ms.
990 5273 1047 5328 S.
1077 5275 1405 5349 Emmerami
1459 5277 1549 5336 hic
1600 5278 1674 5333 ita
1712 5281 1905 5349 pergit,
1941 5291 1996 5336 et
2016 5283 2136 5338 ﬁnit

614 5296 640 5315 ι
669 5296 800 5329 nou.
840 5296 942 5329 ms.
992 5296 1047 5328 δ.
1078 5296 1405 5331 meeramt
1461 5296 1549 5336 ωε
1600 5296 1674 5333 tta
1749 5296 1905 5349 ergit,
1941 5296 2133 5338 ettintl

545 5345 694 5420 hunc
730 5346 1016 5420 articulum
1047 5360 1060 5399 :
1096 5364 1114 5397 ς
1146 5346 1292 5420 Ideo,
1325 5349 1450 5417 quia
1478 5350 1689 5418 quoties
1712 5296 1815 5406 iioc
1834 5367 2133 5420 pronomen

545 5416 783 5494 ponitur,
808 5416 1045 5494 ostendit
1067 5417 1281 5472 tertiam
1322 5416 1607 5494 personam
1634 5422 1716 5474 vel
1751 5416 1920 5490 ipsam
1970 5440 2133 5494 agere

545 5485 707 5541 simul
742 5496 797 5542 et
825 5488 995 5559 patia
1023 5503 1102 5553 se,
1130 5495 1188 5541 ut
1212 5505 1226 5541 :
1253 5485 1462 5559 paenitet
1496 5490 1647 5544 illum
1673 5485 1985 5556 sui,'invidet
2005 5485 2128 5555 ἔξω,

548 5566 761 5629 accusat
799 5574 872 5611 se.
907 5557 1001 5611 Vel
1030 5566 1086 5611 et
1123 5557 1296 5627 ipsam
1319 5575 1480 5629 agere
1500 5570 1554 5615 et
1580 5562 1740 5615 aliam
1789 5566 2132 5622 extrinsecus

547 5626 604 5682 in
633 5642 776 5704 eam,
805 5636 865 5681 ut
894 5644 906 5679 :
939 5637 1084 5698 rogat
1113 5626 1168 5704 ut
1196 5630 1277 5683 sui
1320 5626 1481 5685 cdusa
1521 5631 1725 5704 facias;
1777 5637 1901 5704 petit
1933 5645 1988 5689 ut
2033 5639 2132 5691 sibi

548 5698 802 5774 concedas
834 5715 850 5763 ;
882 5698 1220 5774 precaturfut
1260 5717 1314 5754 se
1346 5698 1632 5757 custodias.
1682 5698 1834 5771 Quod
1878 5723 1999 5762 cum
2050 5710 2135 5774 fit,

548 5765 605 5822 id
630 5776 736 5833 est,
759 5765 975 5839 quando
1000 5772 1192 5827 eadem
1211 5786 1444 5843 persona
1469 5782 1524 5830 et
1551 5775 1663 5846 agit
1693 5765 1749 5833 Et
1779 5780 2002 5846 patitur,
2046 5765 2130 5837 vel

2307 4697 2406 4752 Fu.
2463 4699 2616 4756 Unde
2662 4716 2908 4771 personae
2962 4703 3335 4775 intelliguntur
3392 4708 3837 4777 pronominum?

2237 4820 2308 4829 —
2335 4787 2499 4845 Suo.
2531 4791 2590 4845 In
2636 4792 2829 4861 primis
2881 4794 3147 4865 syllabis:
3179 4795 3234 4857 in
3270 4799 3533 4855 extremis
3567 4814 3732 4857 casus
3779 4812 3845 4859 et

2237 4884 2469 4938 numeri.
2519 4884 2770 4941 Secunda
2815 4887 3105 4944 declinatio
3136 4900 3220 4945 est
3249 4891 3305 4946 in
3336 4891 3561 4962 reliquis
3589 4896 3849 4967 quinque

2236 4979 2546 5046 primitivis,
2579 4995 2809 5050 quorum
2856 4983 3124 5053 genitivus
3173 4983 3230 5039 in
3268 4984 3384 5051 ius,
3429 4985 3647 5043 dativus
3676 4988 3733 5043 in
3779 4990 3846 5058 i,

2238 5069 2437 5124 desinit
2458 5086 2557 5140 per
2598 5073 2701 5126 tria
2729 5087 2925 5143 genera
2962 5092 2975 5129 :
3020 5083 3219 5145 praeter
3247 5076 3369 5130 huic
3413 5077 3615 5143 solum,
3642 5095 3715 5134 ne
3741 5081 3851 5135 hui

2238 5158 2544 5230 interiectio
2583 5171 2824 5233 putetur.
2853 5162 3211 5224 Accusativus
3251 5176 3434 5223 autem
3464 5177 3521 5223 et
3560 5169 3855 5230 ablativus

2240 5308 2271 5348 a
2307 5309 2365 5374 se
2395 5293 2485 5374 vel
2510 5293 2579 5374 ab
2608 5295 2712 5374 alia
2746 5312 2854 5374 non
2882 5297 3086 5374 indiget
3121 5302 3453 5361 nominativo
3481 5320 3634 5369 casu,
3657 5309 3855 5364 sedeo

2240 5363 2328 5418 cui
2357 5363 2663 5441 solet_j_ungi
2692 5369 2914 5441 verbum
2945 5363 3086 5439 quod
3134 5381 3311 5427 actum
3364 5363 3731 5441 demonstrat,
3790 5363 3853 5435 id

2239 5443 2342 5498 est,
2377 5436 2633 5509 genitivo,
2668 5438 2749 5509 vel
2782 5436 2986 5505 dativo,
3017 5442 3102 5495 vel
3133 5444 3462 5509 accusativo,
3498 5446 3584 5501 vel
3625 5436 3850 5506 ablati-

2236 5521 2324 5585 _vo,
2355 5521 2492 5574 quos
2520 5515 2575 5585 et
2599 5508 2764 5562 habet
2792 5510 2895 5564 hoc
2908 5527 3242 5585 pronomen.
3275 5508 3455 5585 ipsum
3503 5519 3652 5573 enim
3712 5536 3853 5577 ver-

2236 5576 2363 5650 bum
2396 5579 2606 5650 agentis
2605 5593 2872 5650 persona:
2906 5576 2959 5635 in
2992 5599 3050 5637 se
3097 5576 3486 5641 nominativum
3535 5590 3724 5646 habet.
3768 5576 3855 5650 Si

2236 5648 2391 5721 enim
2410 5648 2531 5701 dico
2560 5667 2570 5701 :
2593 5648 2763 5721 Rogat
2797 5662 2843 5704 te
2870 5661 2925 5705 ut
2951 5654 3021 5707 ad
3049 5672 3104 5708 se
3130 5658 3462 5719 venios,sine
3482 5659 3649 5715 dubio
3674 5648 3857 5719 inte};

2236 5716 2435 5804 ligisin
2458 5735 2523 5804 eo
2555 5716 2698 5789 quod
2729 5722 2871 5788 dixi,
2928 5735 3097 5796 rogat,
3160 5716 3399 5783 simulet
3446 5728 3558 5795 ille,
3612 5734 3707 5804 qui
3749 5716 3861 5793 ἆι

2237 5798 2622 5845 nominativus.
2662 5811 2682 5844 ι
