4062 6346
289 401 396 458 875

1392 383 1853 444 DIDASCALICA.
1888 411 1959 423 -—-
1998 382 2474 442 GRAMMATICA.

3426 385 3530 438 874

289 510 602 584 singularis,
629 517 682 566 et
714 523 902 567 omnes
930 523 1087 566 casus
1113 506 1350 580 plurales
1383 508 1437 562 in
1481 504 1780 561 masculino
1810 508 1865 555 ct
1890 499 1944 561 Α
1969 497 2344 566 inquisitiones
2388 500 2558 555 verbi.
2609 498 2689 554 Tu
2742 508 2794 554 te
2839 502 2908 557 ad
2950 501 3326 571 responsiones
3374 515 3525 570 para.

289 611 483 658 neutro
522 603 768 657 secundae
803 601 1194 664 declinationis,
1236 600 1508 653 nominum
1539 593 1865 651 teiminatio-

289 705 389 746 nes
435 698 648 755 servat;
690 691 743 745 in
781 690 1037 745 feminino
1076 688 1248 761 [vero]
1286 689 1494 757 primm.
1527 687 1595 743 Ut
1635 684 1743 749 ille,
1792 683 1860 736 il-

289 781 415 846 lius,
442 775 544 845 illP,
578 780 749 844 illum,
774 783 837 835 ab
867 781 979 835 illo.
1009 781 1079 836 Et
1119 779 1402 849 pluraliter
1432 798 1444 832 :
1481 777 1593 843 Illi,
1629 776 1860 840 illorum,

288 875 418 941 illis,
441 875 581 940 illos,
606 875 670 928 ab
692 875 820 930 illis.
850 875 982 942 Illa,
1020 876 1181 942 illius,
1205 877 1307 943 illi,
1333 876 1500 940 illam,
1529 876 1593 929 ab
1614 874 1728 929 illa.
1773 874 1864 946 [Et

287 954 594 1038 pluraliter]
625 965 763 1032 Illw,
791 966 1027 1032 illarum,
1070 967 1198 1032 illis,
1228 967 1371 1033 illas,
1419 967 1484 1020 ab
1534 966 1660 1020 illis.
1695 964 1860 1032 Illud,

289 1054 459 1122 illius,
489 1055 588 1121 illi,
619 1056 772 1121 illud,
796 1057 860 1110 ab
891 1056 1005 1110 illo.
1037 1056 1126 1129 [Et
1149 1055 1451 1128 pluraliter]
1477 1056 1603 1120 Illa,
1626 1055 1861 1121 illorum,

288 1144 418 1212 illis,
449 1147 564 1214 illa,
591 1149 655 1201 ab
694 1147 821 1203 illis.
867 1147 957 1203 Sic
991 1157 1046 1203 et
1073 1149 1276 1218 reliqua
1314 1156 1544 1217 quatuor
1589 1146 1860 1201 declinan—

291 1245 417 1303 tur;
461 1238 564 1293 nisi
603 1238 686 1292 hic
745 1248 799 1293 et
833 1239 944 1292 hac
992 1247 1047 1294 et
1100 1239 1217 1304 hoc,
1254 1237 1440 1310 [quod]
1485 1255 1510 1290 c
1539 1253 1636 1307 per
1676 1251 1862 1291 omnes

288 1331 588 1400 singulares
605 1348 765 1388 casus
791 1331 1036 1398 assumit,
1065 1340 1262 1402 praeter
1284 1331 1597 1402 genitivum.

363 1440 546 1496 Tertia
571 1442 857 1498 declinatio
875 1450 960 1498 est
987 1443 1364 1512 pronominum
1411 1443 1464 1496 in
1504 1442 1739 1513 quinque
1773 1441 1866 1496 de-

288 1532 567 1598 rivativis,
616 1549 736 1603 qua:
786 1533 1081 1588 secundum
1139 1533 1382 1602 regulam
1423 1534 1704 1588 nominum
1741 1547 1858 1586 mo-

289 1618 483 1674 hilum
525 1619 580 1674 in
615 1630 844 1691 utroque
873 1637 1098 1676 numero
1130 1621 1467 1677 declinantur
1503 1641 1515 1676 :
1550 1623 1605 1676 in
1646 1637 1862 1677 mascu-

290 1709 405 1764 lino
418 1717 678 1765 etneutro
706 1712 1020 1777 secundam,
1037 1713 1090 1766 in
1107 1711 1364 1768 feminino
1378 1713 1607 1781 primam
1633 1728 1863 1781 sequens

292 1801 730 1857 declinationem.
774 1803 842 1856 Et
879 1811 1004 1857 sunt
1046 1803 1160 1857 haec
1202 1820 1214 1856 :
1265 1819 1431 1868 meus,
1479 1812 1632 1866 tuus,
1689 1819 1815 1856 suus
1841 1843 1857 1868 ,

290 1899 481 1954 noster,
515 1901 700 1946 vester.
761 1955 784 1971 ο

359 1982 564 2047 Quarta
592 1982 876 2037 declinatio
903 1990 986 2038 est
1020 1984 1382 2038 communium
1424 2002 1436 2036 :
1481 1991 1537 2037 et
1582 1983 1857 2037 declinan-

290 2081 382 2126 tur
408 2073 550 2127 sicut
578 2073 634 2128 in
676 2075 882 2129 duobus
918 2073 1162 2144 reliquis,
1202 2089 1321 2142 qua:
1364 2082 1661 2142 sequuntur
1688 2073 1861 2128 tertiae

288 2161 669 2217 declinationis
710 2162 947 2216 nomina.
992 2161 1081 2227 Ut,
1105 2163 1190 2215 hic
1231 2171 1286 2216 et
1319 2162 1429 2215 Ιιωο
1481 2171 1716 2228 nostras,
1775 2178 1860 2215 ve-

285 2259 428 2306 stras
456 2266 476 2303 :
517 2252 697 2306 ethoc
738 2261 997 2317 nostrate,
1041 2261 1290 2318 vestrate;
1338 2253 1616 2316 nostratis,
1667 2259 1860 2305 vestra-

287 2341 360 2396 εἰς
390 2353 436 2394 ι.

363 2431 508 2504 [(Επ
560 2433 684 2504 ms.)
713 2432 811 2487 Fn.
849 2432 1024 2500 Quare
1061 2447 1170 2488 non
1217 2433 1556 2496 declinantur
1585 2435 1700 2489 haec
1736 2447 1861 2502 pro-

289 2522 510 2577 nomina
549 2539 564 2576 :
602 2523 820 2589 Eccum,
875 2541 1049 2577 eccam
1080 2538 1098 2575 :
1146 2524 1325 2586 ellum,
1370 2523 1570 2577 etlam?
1596 2555 1667 2564 ——
1693 2522 1857 2580 Saxo.

290 2611 426 2678 Quia
447 2627 513 2668 ex
539 2613 756 2684 obliquo
781 2622 835 2669 et
856 2613 1214 2669 indeclinabili
1237 2621 1388 2685 parte
1414 2613 1858 2686 componuntur.]

291 2701 432 2758 Ecce
454 2704 621 2758 habes
645 2719 764 2773 quae
785 2703 838 2758 vi
858 2703 1156 2759 extorsisti.

362 2815 461 2870 Fa.
507 2815 694 2872 Melius
732 2825 815 2873 est
850 2817 905 2872 vi
931 2825 1272 2886 extorquere,
1309 2832 1472 2888 quam
1498 2831 1610 2872 non
1637 2817 1857 2872 habere.

288 2905 391 2960 Dic
419 2915 600 2962 tamen
625 2907 690 2962 de
713 2924 742 2961 ο
763 2948 778 2973 ,
806 2907 899 2978 qui
921 2908 1168 2962 vocativo
1195 2910 1342 2963 casui
1388 2908 1441 2962 in
1470 2909 1778 2963 nominibus
1807 2917 1863 2964 et

288 2997 700 3068 pronominibus
724 3006 777 3052 et
800 2998 1098 3067 participiis
1126 2997 1401 3069 jungitur;
1430 3007 1515 3054 est
1540 3014 1860 3070 pronomen,

284 3105 364 3144 an
413 3090 645 3143 non?—
672 3089 836 3144 Saxo.
887 3089 1004 3143 Non
1051 3099 1134 3144 est
1177 3105 1493 3158 pronomen,
1539 3091 1634 3146 sed
1675 3091 1863 3144 adver-

285 3178 442 3234 bium
470 3181 694 3235 vocandi
740 3179 824 3235 vel
874 3181 1126 3250 optandi;
1175 3180 1414 3250 ejusdem
1451 3181 1931 3264 signiﬁcationisc

287 3270 420 3326 dum
457 3271 608 3338 dicis,
639 3273 766 3326 heus
790 3273 998 3343 juvenis
1023 3314 1038 3339 ,
1085 3281 1140 3329 et
1165 3290 1194 3327 ο
1213 3275 1443 3344 juvenis.
1491 3275 1559 3330 Et
1599 3274 1730 3329 nulli
1757 3275 1852 3330 alii

285 3375 536 3432 personat
556 3371 731 3433 potest
752 3363 929 3436 jungi,
952 3362 1057 3420 nisi
1084 3366 1354 3421 secundae.

364 3473 464 3529 Fn.
494 3474 700 3531 Memor
729 3487 864 3543 esto,
897 3478 1100 3535 dixisse
1132 3487 1185 3534 te
1211 3479 1515 3548 quindecim
1540 3481 1861 3549 pronomina

286 3578 430 3620 esse.
482 3563 590 3620 Sed
618 3567 747 3636 quid
774 3576 858 3624 est
891 3569 1033 3637 quod
1078 3569 1316 3624 Donatus
1367 3571 1508 3625 inter
1543 3572 1862 3640 pronomina

283 3657 488 3725 posuit,
527 3659 664 3728 quis,
703 3659 895 3730 qualis,
939 3661 1080 3727 talis,
1126 3673 1281 3732 quot,
1312 3672 1409 3728 tot,
1440 3673 1663 3734 quotus,
1701 3673 1860 3730 totus,

285 3743 581 3817 (quantus,
643 3747 883 3820 tantus]?
926 3781 1000 3792 —
1038 3750 1202 3808 Saxo.
1253 3753 1468 3808 Memini
1523 3771 1610 3810 me
1663 3754 1864 3811 dixisse

285 3840 598 3910 quindecim
625 3856 743 3897 esse
764 3843 1106 3912 pronomina,
1129 3846 1184 3900 in
1211 3847 1406 3917 quibus
1435 3849 1579 3903 nulla
1599 3848 1861 3904 dubitatio

279 3941 451 3988 esset.
492 3933 567 3987 De
621 3934 737 3990 istis
781 3936 925 3991 enim
965 3953 1084 4008 qua:
1121 3938 1313 4008 ponis,
1350 3940 1614 3994 dubitatio
1664 3949 1749 3995 est
1792 3955 1860 3994 an

280 4023 400 4079 sint
420 4026 759 4094 pronomina,
791 4043 859 4082 an
888 4029 1129 4085 nomina.
1168 4029 1477 4086 Priscianus
1517 4031 1723 4086 Latinae
1751 4032 1862 4088 elo—

280 4116 524 4185 quentiae
561 4117 722 4174 decus
751 4121 969 4175 nomina
999 4122 1383 4192 interrogativa
1410 4123 1494 4177 vel
1520 4122 1744 4177 relativa
1773 4125 1859 4180 vel

284 4206 552 4261 redditiva
581 4222 644 4261 ea
670 4210 888 4266 omnino
937 4209 1088 4281 [Ms.,
1114 4211 1354 4282 nomina]
1396 4213 1546 4278 dicit,
1583 4221 1639 4267 et
1666 4229 1861 4283 prono-

286 4299 439 4352 mina
467 4308 628 4368 negat
674 4315 794 4356 esse
831 4317 1012 4371 posse,
1048 4303 1176 4372 quia
1220 4301 1400 4357 ﬁnitas
1451 4318 1712 4373 personas
1753 4321 1860 4360 non

286 4392 515 4456 habent,
557 4393 698 4461 quod
733 4393 1014 4463 proprium
1057 4401 1142 4448 est
1182 4394 1516 4463 pronominis
1561 4410 1683 4449 cum
1732 4410 1861 4450 casu

279 4483 459 4554 juncti
486 4502 499 4537 :
537 4485 677 4540 sicut
701 4493 756 4540 et
781 4485 883 4538 alia
912 4500 1103 4540 novem
1148 4485 1365 4539 nomina
1396 4486 1611 4540 mobilia
1640 4487 1860 4555 quidam

283 4589 477 4631 errore
502 4575 703 4630 seducti
725 4576 1041 4646 pronomina
1063 4575 1249 4630 dicunt
1274 4590 1411 4641 esse,
1435 4577 1560 4645 quia
1589 4579 1861 4646 pronomi-

283 4680 418 4719 num
439 4663 846 4720 declinationem
877 4666 1096 4730 habent,
1128 4666 1180 4719 id
1208 4674 1312 4731 est,
1354 4683 1508 4732 unus,
1542 4667 1682 4722 ullus
1702 4709 1718 4734 ,
1747 4669 1864 4723 nul-

285 4752 397 4816 lus,
440 4753 604 4820 solus,
635 4763 795 4819 totus,
839 4755 1012 4819 alius,
1058 4754 1209 4819 alter,
1261 4764 1398 4815 uter,
1451 4766 1675 4812 neuter:
1725 4775 1860 4830 quos

287 4841 473 4896 multa:
501 4841 745 4898 lectionis
766 4843 904 4899 ratio
927 4844 1175 4900 revincit.

361 4955 523 5025 282
550 4955 633 5010 An
671 4972 837 5021 meus,
860 4965 999 5022 tuus,
1024 4975 1170 5024 suus,
1199 4961 1416 5015 nomina
1445 4961 1670 5017 dicenda
1697 4969 1857 5029 sunt;

282 5047 415 5117 quia
444 5062 539 5116 per
568 5062 754 5103 omnes
783 5064 942 5104 casus
982 5050 1258 5106 nominum
1295 5064 1594 5123 sequuntur
1623 5055 1861 5110 declina-

281 5137 526 5191 tionem?
577 5136 847 5203 Quantum
897 5139 965 5192 ad
1014 5142 1275 5210 puerilem
1324 5154 1566 5199 nostram
1622 5147 1863 5217 disputa—

281 5229 488 5282 tionem
521 5229 792 5297 pertinere
839 5229 1014 5284 visum
1069 5239 1185 5296 est,
1221 5233 1287 5287 de
1335 5235 1656 5303 pronomine
1695 5237 1864 5292 habes

283 5317 630 5374 sufﬁcienter.
661 5319 767 5376 Sed
793 5328 964 5375 totum
991 5330 1042 5376 te
1075 5323 1307 5378 transfer
1341 5327 1409 5380 ad
1438 5329 1682 5382 verbum.

355 5409 455 5464 Fn.
492 5410 676 5467 Placet
706 5414 850 5482 quod
901 5415 1094 5479 habeo,
1144 5414 1270 5469 licet
1318 5417 1441 5485 plus
1489 5418 1858 5488 indiguissem.

278 5500 535 5557 Attamen
594 5511 769 5558 totum
819 5517 907 5558 me
931 5544 948 5570 ,
988 5513 1049 5561 ut
1107 5505 1302 5560 suades
1328 5546 1342 5572 ,
1405 5506 1726 5564 transferam
1793 5510 1862 5565 ad

355 5669 382 5698 ι
409 5656 541 5712 Cod.
572 5673 674 5712 ms.
711 5674 725 5711 :
760 5675 778 5709 ι
805 5658 1007 5726 Quarta
1039 5660 1324 5718 declinatio
1351 5670 1434 5719 est
1462 5663 1516 5718 in
1543 5664 1748 5720 duobus
1769 5681 1858 5723 re-

276 5728 467 5799 liquis,
492 5743 611 5799 qua:
640 5738 941 5797 sequuntur
977 5739 1032 5784 et
1055 5733 1411 5798 declinantur,
1449 5735 1586 5790 sicut
1614 5751 1860 5793 commu-

276 5798 373 5855 nia
418 5798 639 5856 nomina
691 5800 867 5854 tertiae
911 5801 1318 5870 declinationis;
1365 5814 1462 5874 ut,
1517 5807 1601 5861 hic
1648 5815 1704 5863 et
1749 5807 1860 5864 lucc

688 5892 968 5958 Ριτιιοι.
1014 5894 1113 5959 Cl.

1887 1851 1938 1913 Β

1961 617 2036 630 -
2056 588 2222 644 Saxo.
2235 588 2470 645 Faciam.

2558 681 2646 736 DE
2690 683 2937 738 VERBO.

2032 791 2133 849 Fn.
2163 793 2345 850 Primo
2384 796 2623 850 omnium
2663 797 2811 850 verbi
2855 795 3220 852 deﬁnitionem
3249 797 3334 853 dic
3375 797 3527 854 mihi.

1959 913 2036 928 —
2059 883 2224 942 Saxo.
2259 885 2426 956 Magis
2456 887 2849 957 interrogemus
2892 888 3209 956 magistrum
3231 928 3246 953 ,
3305 903 3424 958 qua:
3464 889 3535 944 sit

1961 975 2114 1030 verbi
2144 973 2386 1029 deﬁnitio
2419 974 2714 1029 secundum
2755 974 3172 1044 philosophiam.

2033 1064 2146 1120 Dis.
2180 1064 2263 1119 An
2299 1065 2481 1130 habet,
2537 1066 2811 1136 magister,
2851 1066 3004 1135 juxta
3054 1067 3403 1138 philosophias
3455 1083 3534 1123 ra-

1962 1155 2163 1210 tionem
2207 1155 2320 1208 hate
2363 1165 2470 1209 tam
2518 1155 2830 1225 principalis
2860 1171 2984 1224 pars
3013 1157 3378 1212 deﬁnitionem
3410 1173 3535 1227 pro-

1960 1247 2158 1316 priam,
2186 1247 2352 1300 veluti
2385 1261 2580 1300 nomen
2617 1246 2859 1318 [habet]?
2885 1246 3023 1302 MAG.
3072 1247 3243 1302 Habet
3283 1249 3533 1303 subtilem

1961 1337 2330 1393 deﬁnitionem
2359 1346 2413 1392 et
2442 1337 2696 1404 nobilem,
2723 1347 2779 1393 et
2814 1347 2898 1392 est
2925 1338 3228 1406 bujusmodi
3260 1357 3273 1392 :
3300 1339 3534 1394 Verbum

1961 1438 2045 1485 est
2071 1445 2175 1485 vox
2209 1429 2564 1500 signiﬁcativa
2593 1432 2887 1484 secundum
2926 1431 3204 1499 placitum,
3237 1448 3358 1486 cum
3406 1442 3537 1486 tem-

1962 1535 2114 1589 pore,
2137 1520 2417 1575 deﬁnitum
2439 1519 2640 1588 aliquid
2662 1519 2975 1590 signiﬁcans
2998 1529 3051 1575 et
3067 1522 3316 1576 accidens
3336 1521 3532 1592 [Edit.,

1964 1610 2270 1683 accedens].

2032 1701 2147 1754 Dis.
2172 1701 2414 1770 Expone,
2455 1707 2632 1770 pater,
2682 1700 2822 1755 hanc
2851 1702 3006 1756 nobis
3055 1701 3442 1756 deﬁnitionem.
3466 1731 3536 1741 —

1965 1789 2104 1846 MAG.
2159 1789 2295 1843 Dum
2339 1790 2501 1854 dico,
2549 1789 2694 1859 lego,
2743 1799 2922 1844 actum
2971 1791 3212 1860 signiﬁco
3257 1792 3482 1860 legentis
3519 1807 3534 1844 :

1962 1895 2123 1949 quem
2173 1888 2351 1934 actum
2393 1879 2496 1932 alia
2539 1879 2757 1933 Grzecus
2807 1880 3075 1948 signiﬁcat
3109 1896 3268 1943 voce;
3312 1888 3366 1933 et
3418 1881 3537 1934 ideo

1963 1971 2187 2026 verbum
2224 1971 2510 2024 secundum
2554 1969 2805 2039 placitum
2842 1979 2925 2024 est
2971 1988 2984 2022 :
3016 1980 3314 2039 tempusque
3368 1979 3538 2024 attra-

1961 2059 2060 2114 hit.
2112 2059 2416 2128 Deﬁnitum,
2458 2059 2512 2113 id
2561 2068 2665 2123 est,
2717 2068 2923 2114 certum
2971 2060 3171 2129 aliquid
3225 2060 3532 2130 signiﬁcat:

1961 2161 2010 2204 et
2053 2151 2324 2225 accidens;
2373 2150 2568 2205 accidit
2614 2151 2757 2203 enim
2787 2151 2930 2203 actio
2966 2151 3049 2202 vel
3092 2151 3271 2218 passio
3307 2150 3534 2204 homini.

1963 2241 2069 2299 Sed
2092 2251 2328 2298 vestram
2344 2259 2438 2298 vos
2463 2239 2661 2298 intrate
2674 2244 3121 2312 disputationem;
3155 2247 3269 2301 haec
3296 2246 3451 2300 alias.
3467 2277 3530 2286 —-

1959 2334 2073 2389 Dis.
2102 2335 2222 2390 Fiat
2238 2343 2296 2390 ut
2315 2334 2496 2403 jubes.

2030 2428 2129 2482 Fn.
2163 2427 2370 2491 Profer,
2425 2427 2600 2492 Saxo,
2646 2427 3036 2497 proprietatem
3075 2429 3247 2484 verbi.
3274 2460 3341 2468 —
3367 2427 3532 2484 Saxo.

1962 2519 2200 2574 Verbum
2262 2528 2345 2574 est
2393 2534 2520 2590 pars
2572 2519 2836 2575 orationis
2900 2536 3023 2574 cum
3090 2521 3422 2589 temporibus
3483 2528 3539 2576 et

1961 2609 2164 2675 modis,
2213 2608 2330 2666 sine
2373 2623 2542 2675 casu,
2597 2609 2788 2680 agendi
2838 2610 2923 2665 vel
2976 2611 3215 2682 patiendi
3263 2613 3535 2683 signiﬁca-

1962 2699 2150 2754 tivum.

2032 2789 2130 2843 Fn.
2169 2790 2227 2845 Si
2270 2791 2436 2846 verba
2483 2801 2664 2848 actum
2711 2793 2795 2848 vel
2835 2793 3140 2864 passionem
3183 2795 3529 2866 signiﬁcant,

1960 2880 2102 2934 unde
2148 2880 2401 2936 dicuntur
2455 2883 2690 2937 neutra?
2725 2914 2795 2924 —
2850 2883 3012 2938 Saxo.
3055 2883 3172 2940 Non
3225 2886 3345 2941 ideo
3395 2889 3537 2957 quod

1962 2977 2141 3023 actum
2190 2970 2276 3024 vel
2328 2972 2632 3040 passionem
2687 2971 2839 3045 [non]
2885 2973 3193 3044 signiﬁcent
3244 2974 3439 3047 [Edit.,
3469 2994 3539 3034 ne

1961 3061 2330 3135 signiﬁcent],
2371 3065 2467 3118 sed
2516 3063 2636 3119 ideo
2691 3065 2815 3134 quia
2867 3074 3033 3121 unum
3087 3067 3277 3122 horum
3331 3069 3536 3138 signiﬁ-

1963 3159 2106 3206 cant.
2148 3151 2283 3208 Nam
2304 3153 2477 3209 activa
2501 3155 2556 3209 in
2581 3165 2767 3212 nostro
2808 3165 2933 3212 actu
2979 3159 3201 3215 alterius
3229 3162 3536 3231 passionem

1962 3241 2299 3312 signiﬁcant,
2359 3243 2542 3315 [sicut
2586 3254 2642 3300 et
2688 3249 2903 3317 passiva
2957 3250 3011 3303 in
3064 3258 3246 3305 nostra
3287 3254 3538 3321 passione

1961 3339 2141 3386 actum
2173 3333 2395 3389 alterius
2418 3335 2768 3408 signiﬁcant].
2797 3339 2932 3394 Nam
2958 3341 3086 3395 dum
3126 3341 3245 3397 dico
3277 3358 3290 3396 :
3319 3361 3438 3398 amo
3467 3355 3566 3410 te,.

1961 3421 2186 3490 patiaris
2231 3422 2383 3494 [Ms.,
2438 3425 2664 3498 pateris]
2697 3435 2876 3482 actum
2907 3445 3110 3496 meum,
3154 3431 3208 3485 id
3256 3441 3361 3498 est,
3395 3435 3540 3502 quod

1963 3526 2085 3566 amo
2113 3520 2180 3568 te.
2215 3513 2282 3567 Et
2303 3514 2430 3568 dum
2465 3515 2586 3571 dico
2619 3534 2631 3568 :
2661 3533 2811 3572 amor
2838 3535 2869 3572 a
2897 3527 2944 3572 te
2967 3560 2982 3584 ,
3023 3521 3199 3588 patior
3227 3537 3324 3592 ego
3355 3533 3540 3581 actum

1961 3612 2133 3670 tuum,
2162 3605 2216 3660 id
2243 3614 2343 3672 est,
2367 3609 2509 3676 quod
2536 3616 2594 3662 tu
2634 3624 2784 3664 amas
2809 3624 2915 3664 me.
2945 3611 3146 3667 Neutra
3174 3628 3303 3668 vero
3328 3615 3538 3670 unifor-

1961 3697 2121 3752 miter
2165 3697 2492 3768 signiﬁcant,
2534 3699 2615 3753 vel
2668 3710 2953 3770 agentem;
2987 3712 3047 3757 ut
3094 3704 3325 3771 ambulo,
3360 3724 3540 3773 curro,

1960 3793 2223 3862 prandeo;
2256 3793 2338 3848 vel
2385 3795 2712 3865 patientem,
2755 3806 2815 3850 ut
2857 3799 3054 3865 ardeo,
3107 3817 3280 3864 veneo,
3331 3800 3539 3871 vapulo.

1962 3881 2070 3938 Sed
2089 3892 2145 3938 et
2172 3885 2386 3941 casibus
2423 3903 2529 3941 non
2555 3897 2738 3956 egent,
2766 3889 2963 3960 quibus
3000 3892 3176 3947 activa
3207 3892 3288 3947 vel
3320 3893 3534 3962 passiva

1961 3983 2142 4045 egent.
2187 3975 2321 4031 Nam
2367 3979 2542 4033 activa
2589 3983 2899 4037 accusativo
2947 3986 3095 4040 casui
3131 3984 3452 4057 junguntur,
3481 3995 3542 4040 ut

1961 4081 2081 4119 amo
2105 4074 2187 4132 te;
2213 4083 2356 4138 saepe
2382 4079 2438 4124 et
2463 4071 2721 4141 genitivo,
2746 4081 2805 4128 ut
2829 4091 3024 4130 memor
3061 4094 3178 4131 sum
3218 4080 3331 4143 tui;
3362 4088 3417 4133 et
3449 4081 3541 4135 da-

1963 4157 2095 4222 tivo,
2143 4168 2202 4213 ut
2251 4160 2367 4213 dico
2417 4161 2529 4215 tibi.
2580 4162 2802 4220 Passiva
2857 4167 3091 4223 ablativo
3136 4169 3458 4241 junguntur,
3485 4181 3545 4227 ut

1961 4263 2113 4302 amor
2140 4267 2172 4303 α
2210 4260 2277 4304 te.
2313 4251 2516 4308 Neutra
2541 4257 2789 4311 absoluta
2819 4267 2945 4313 sunt
2986 4270 3041 4314 et
3073 4276 3169 4331 per
3197 4278 3254 4318 se
3280 4261 3540 4335 [plenum]

1961 4351 2179 4391 sensum
2207 4340 2530 4410 signiﬁcant,
2554 4353 2613 4400 ut
2640 4347 2771 4411 vivo,
2793 4349 2954 4417 spiro,
2983 4367 3158 4421 pergo.

2034 4425 2132 4479 Fn.
2179 4427 2351 4484 Verbo
2399 4440 2530 4500 quot
2570 4435 2852 4490 accidunt?
2890 4470 2960 4478 —
2988 4438 3152 4494 Saxo.
3188 4440 3425 4512 Septem.
3461 4444 3545 4499 Si-

1889 4517 2259 4610 Dgniﬁcatio,
2307 4537 2425 4589 qua:
2470 4533 2523 4578 et
2559 4540 2726 4594 genus
2775 4529 2990 4593 dicitur,
3044 4540 3277 4603 tempus,
3326 4536 3536 4600 modus,

1965 4608 2194 4679 species,
2225 4609 2416 4679 ﬁgura,
2441 4628 2696 4682 persona,
2724 4633 3004 4674 numerus.

2037 4696 2372 4768 Signiﬁcatio
2411 4703 2699 4758 verborum
2743 4708 2958 4776 proprie
2996 4708 3050 4761 in
3102 4710 3314 4766 actione
3354 4711 3438 4766 vel
3488 4713 3543 4769 in

1963 4791 2214 4860 passione
2242 4801 2345 4858 est,
2385 4809 2504 4864 qua:
2536 4797 2830 4851 secundum
2864 4799 3164 4870 analogiam
3189 4803 3400 4858 duabus
3431 4817 3541 4860 ter-

1965 4881 2240 4937 minantur
2268 4884 2484 4950 litteris,
2515 4903 2543 4938 o
2574 4894 2628 4940 et
2655 4904 2700 4940 r.
2729 4887 2786 4942 In
2816 4906 2844 4942 ο
2868 4891 3046 4952 activa
3075 4902 3127 4947 et
3163 4896 3450 4950 neutralia.
3483 4897 3542 4952 ln

1966 4987 1994 5023 r
2014 4974 2248 5041 passiva,
2278 4975 2600 5044 deponentia
2631 4984 2685 5030 et
2706 4981 3034 5035 communia.
3073 4982 3141 5038 Et
3167 4985 3282 5041 haec
3304 4994 3429 5040 sunt
3453 5002 3544 5058 ge-

1963 5081 2093 5120 nera
2119 5068 2406 5121 verborum
2434 5069 2690 5140 quinque.

2032 5160 2221 5214 Activa
2275 5169 2420 5224 sunt,
2452 5177 2572 5231 quae
2620 5179 2832 5234 semper
2879 5175 3061 5222 actum
3090 5169 3418 5240 signiﬁcant,
3459 5179 3540 5233 ut,

1962 5265 2080 5304 amo
2109 5259 2177 5302 te.
2212 5249 2455 5320 [Passiva
2508 5263 2652 5320 sunt,
2690 5271 2810 5325 qua:
2859 5272 3072 5329 semper
3116 5260 3421 5327 passionem
3475 5259 3545 5314 si-

1963 5339 2236 5409 gniﬁcant,
2266 5349 2348 5405 ut,
2378 5359 2527 5398 amor
2550 5362 2579 5398 a
2611 5345 2680 5418 te]
2720 5364 2732 5399 :
2765 5356 2943 5402 tamen
2978 5349 3024 5404 si
3063 5349 3187 5419 quis
3224 5348 3384 5403 altius
3414 5363 3545 5405 con-

1966 5431 2168 5486 sideret
2197 5441 2250 5487 et
2276 5433 2330 5487 in
2362 5436 2554 5490 activis
2576 5438 2756 5492 verbis
2789 5440 3117 5508 passionem,
3141 5446 3195 5493 et
3218 5439 3272 5492 in
3314 5439 3546 5510 passivis

1967 5522 2254 5589 actionem,
2301 5525 2441 5580 sicut
2483 5542 2643 5597 supra
2694 5529 2967 5593 diximus,
3021 5528 3281 5584 inveniet.
3339 5528 3544 5586 Neutra

1967 5686 2203 5802 n‘ostras,
2243 5680 2416 5736 ethoc
2454 5691 2714 5750 nostrate,
2760 5684 3024 5739 nostratis.
3060 5659 3322 5740 Similiter
3366 5693 3424 5740 et
3465 5702 3550 5743 ve-

1967 5765 1989 5802 s
2017 5765 2124 5802 ras.

1966 5765 2124 5804 stras.

3076 5915 3157 5986 28
