4062 6346
288 389 402 451 87⁸1

370 540 377 546 -
416 505 574 569 Musa,
600 506 724 557 mihi
748 518 920 559 causas
937 519 1157 559 memora

288 609 495 669 Deinde
531 611 817 681 optativus,
856 627 952 680 per
991 628 1150 681 quem
1185 620 1453 683 optamus.
1483 611 1586 680 Qui
1616 612 1735 669 ideo
1766 622 1874 668 tcr-

288 704 401 759 tius
440 705 493 756 in
529 705 723 807 ardinc
758 704 1010 775 ponitur,
1048 708 1171 775 quia
1210 706 1433 760 inferior
1470 717 1552 762 est
1589 708 1681 807 qui
1722 715 1874 807 optat

1381 396 1848 453 DIDASCALICA.
1888 428 1960 440 --
1994 399 2471 461 GRAMMATICA.

1894 518 1947 575 Α
1974 528 2070 576 as;
2096 529 2297 578 merso,
2329 533 2431 579 as;
2462 534 2628 583 nexo,
2662 536 2762 581 as;
2791 529 2848 572 et
2868 521 3007 574 ﬁunt
3033 520 3200 591 μίση
3228 525 3387 597 sunt]
3420 541 3558 582 sem-

3458 412 3564 469 878

1974 623 2071 679 per
2101 616 2291 661 neutra
2322 607 2504 679 [sicut
2530 610 2624 683 et]
2657 613 2983 695 inchoativa.

2049 701 2354 755 Meditativa
2402 702 2456 755 in
2507 705 2624 757 urio
2671 706 2924 762 desinunt
2964 714 3018 762 et
3060 716 3267 777 quarta:
3307 708 3561 782 [tantum

289 810 453 866 quam
489 791 581 865 qui
623 796 893 866 imperat;
932 806 983 852 et
1022 799 1274 852 adverbio
1306 800 1525 866 optandi
1568 795 1769 869 indiget
1803 798 1873 854 ad
1974 791 2116 866 (Μδ-
2146 808 2249 845 οηι·
2282 794 2557 866 ιιιηιιιηιη
2584 795 2979 867 coniugationis
3005 806 3168 864 sum;
3198 810 3289 865 ιιι,
3319 799 3559 868 leuarit).

256 887 664 956 {complendum
694 902 941 951 sensum,
975 897 1062 953 ut,
1096 890 1295 943 utinam
1326 889 1562 960 legerem.

359 979 564 1047 Quarto
609 980 727 1033 loco
772 981 1132 1050 subjunctivus
1180 983 1401 1050 ponitur
1444 991 1498 1035 et
1541 982 1682 1053 jure.
1736 981 1871 1051 Eget

284 1074 431 1135 enim
470 1068 576 1128 non
616 1072 777 1126 modo
816 1073 1073 1127 adverbio
1111 1073 1193 1127 vel
1231 1074 1644 1143 conjunctione,
1679 1087 1868 1127 verum

284 1167 449 1221 etiam
499 1164 673 1218 altero
720 1163 917 1228 verbo,
972 1172 1031 1217 ut
1078 1163 1378 1233 perfectum
1428 1164 1695 1234 signiticet
1742 1178 1868 1218 sen-

283 1274 424 1314 sum.
482 1257 633 1313 Unde
680 1264 737 1311 et
790 1256 1163 1325 subjunctivus
1212 1258 1451 1323 dicitur;
1499 1266 1558 1312 ut
1610 1258 1868 1329 Virgilius

270 1334 507 1420 '(Eclog.
540 1366 639 1414 ιιι,
673 1346 779 1419 77]
809 1362 824 1401 :

407 1457 526 1515 Cum
550 1457 719 1509 faciam
750 1457 897 1508 vitula
922 1456 1065 1519 [Ms.,
1090 1454 1333 1519 vitulam],
1361 1470 1451 1520 pro
1472 1456 1697 1580 fragilia?
1721 1459 1832 1521 ipse

1538 1537 1579 1567 ὐ
1694 1558 1705 1570 1

1538 1537 1705 1570 ῖυηιιο.

262 1603 350 1660 ’Et
382 1606 630 1660 omnibus
669 1604 792 1659 aliis
825 1604 1000 1659 modis
1037 1604 1235 1659 sociari
1269 1613 1487 1674 potest;
1527 1616 1587 1661 ut
1614 1608 1744 1661 dum
1793 1608 1867 1662 le-

274 1711 470 1767 gerem,
510 1696 693 1765 scripsi
725 1709 742 1746 :
773 1702 850 1758 et,
890 1694 1016 1748 dum
1055 1694 1245 1764 legam,
1278 1698 1477 1759 scribe;
1510 1704 1600 1762 et,
1635 1698 1761 1750 dum
1791 1697 1867 1752 le-

272 1807 448 1861 gerem
466 1833 480 1855 ,
514 1791 717 1843 utinam
749 1789 1043 1843 scriberem.

1970 884 2061 948 is;
2090 884 2263 937 esurio
2282 924 2297 948 ,
2328 884 2372 937 is
2394 924 2409 948 ,
2439 885 2585 953 quod
2614 886 2681 940 ab
2708 886 2804 940 edo
2835 887 3130 945 derivatur.

2045 975 2183 1029 Sunt
2222 976 2342 1030 alia:
2380 991 2601 1046 quoque
2640 980 2851 1047 species
2893 980 3356 1050 derivativorum;
3398 992 3491 1051 ut,
3524 999 3559 1040 ι

1968 1066 2159 1131 video;
2176 1066 2327 1141 viso,
2359 1067 2412 1121 id
2440 1076 2525 1122 est
2550 1069 2709 1138 cupio
2736 1070 2960 1136 videre;
2993 1088 3024 1128 a
3054 1074 3217 1143 facio,
3247 1076 3494 1145 facesso;
3522 1068 3583 1143 ι’

1968 1159 2144 1228 capio,
2169 1173 2429 1228 capesso;
2460 1174 2492 1212 a
2517 1158 2713 1226 lacero,
2742 1161 2982 1229 lacesso;
3013 1166 3081 1221 ab
3108 1184 3277 1233 arceo,
3306 1184 3554 1239 arcesso;

1962 1248 2040 1302 ab
2070 1265 2224 1303 (ιι-σεο
2244 1290 2258 1313 ,
2290 1264 2530 1305 accesso.
2566 1251 2696 1317 Quae
2723 1250 3120 1323 frequentativa
3146 1273 3252 1313 non
3280 1275 3401 1319 esse
3427 1278 3558 1319 oon—

1964 1338 2175 1409 jugatio
2199 1341 2460 1395 ostendit.
2491 1340 2631 1396 Sunt
2655 1358 2872 1413 quoque
2890 1345 3000 1401 alia
3022 1362 3121 1415 per
3145 1349 3557 1409 diminutionem

1958 1431 2267 1487 'derivativa
2307 1432 2475 1505 [Ms.,
2520 1436 2840 1509 derivata],
2886 1446 2947 1493 ut
2983 1454 3016 1494 a
3052 1440 3265 1507 sorbeo,
3294 1444 3510 1501 sorbillo
3530 1464 3550 1513 ;

1958 1535 2001 1575 \a
2027 1524 2205 1591 garrio
2223 1565 2238 1589 ,
2270 1525 2527 1595 garrulo;
2556 1542 2588 1579 a
2608 1526 2793 1594 calvo,
2826 1529 3057 1587 calvillo.
3101 1531 3235 1588 Item
3263 1549 3295 1589 a
3319 1536 3555 1597 nominit-

1960 1613 2071 1668 bus
2097 1616 2391 1672 derivativa
2418 1619 2554 1673 ﬁunt
2578 1635 2593 1685 ;
2624 1628 2713 1686 ut,
2741 1636 2773 1675 a
2798 1633 2966 1692 patre,
2996 1627 3267 1693 patrisso;
3299 1642 3331 1682 a
3359 1645 3551 1698 erm.

1956 1708 2241 1783 graecisso.
2284 1710 2669 1780 lmpersonalia
2709 1729 2924 1784 quoque
2950 1732 3089 1787 pene
3116 1721 3297 1775 omnia
3329 1722 3395 1777 ab
3421 1723 3555 1781 acti-

1964 1799 2050 1852 vis
2105 1799 2295 1873 [Edit.
2323 1844 2338 1867 ,
2366 1802 2689 1878 adjectivis]
2739 1808 2825 1861 vel
2874 1810 3208 1867 neutralibus
3254 1814 3553 1873 derivativa

344 1881 652 1951 Iuﬁnitivus
679 1889 797 1945 est,
824 1881 915 1950 qui
946 1889 1002 1935 et
1026 1881 1275 1949 personis
1300 1890 1356 1951 et
1382 1885 1623 1939 numeris
1649 1884 1862 1951 deﬁcit,
1892 1893 2098 1956 B-sunt
2121 1907 2135 1956 ;
2166 1900 2229 1946 ut
2250 1932 2267 1957 ,
2295 1909 2324 1947 a
2356 1892 2491 1964 lego,
2522 1894 2720 1965 legitur
2743 1914 2757 1962 ;
2788 1913 2821 1953 a
2848 1908 2948 1962 sto,
2978 1908 3175 1955 statur.
3205 1901 3555 1960 Inveniuntur

270 1980 328 2029 et
362 1983 490 2044 eget
527 1990 636 2027 uno
668 1988 734 2033 ea
771 1974 1098 2042 supradictis
1131 1983 1368 2043 quatuor
1404 1977 1615 2043 modis,
1652 1986 1713 2039 ut
1742 1979 1857 2048 ple-

250 2076 404 2119 'num
457 2062 660 2132 aliquid
708 2064 1008 2134 signiﬁcet,
1058 2074 1143 2130 ut,
1187 2065 1353 2136 legere
1398 2086 1655 2140 propero,
1690 2071 1859 2142 legere

255 2164 522 2226 propera,
557 2155 761 2209 utinam
800 2154 969 2225 legere
995 2172 1327 2225 properarem
1349 2197 1364 2225 ι
1392 2176 1512 2214 cum
1540 2160 1707 2230 ίθθθνθ
1728 2179 1856 2233 Ρν⁰“

269 2262 527 2317 perorem.

348 2338 706 2409 Impersonale
748 2340 975 2395 verbum
1021 2356 1051 2394 a
1098 2342 1306 2399 neutris
1348 2344 1539 2400 activae
1582 2344 1856 2415 signiﬁca-

270 2427 437 2486 tionis
468 2430 560 2484 vel
602 2431 672 2484 ab
711 2431 903 2487 activis
947 2433 1214 2499 nascitur,
1262 2441 1324 2495 ut
1354 2437 1609 2502 curritur,
1640 2439 1852 2506 vivitur,

269 2507 479 2590 tegitur,
512 2529 740 2597 amatur.
785 2520 853 2575 Et
880 2536 978 2591 per
1002 2536 1192 2579 omnes
1220 2524 1409 2585 modos
1432 2535 1488 2580 et
1515 2542 1774 2597 personas
1796 2536 1854 2585 et

246 2617 518 2679 ~tempora
538 2619 601 2665 et
629 2626 916 2675 numeros,
944 2611 1151 2681 junctis
1190 2615 1600 2683 pronominibus
1630 2618 1733 2673 rite
1762 2619 1853 2674 de-

254 2705 544 2760 clinantur
573 2706 583 2775 ί
608 2705 710 2759 Ms.
742 2706 1077 2777 declinatur]
1106 2726 1133 2760 εν
1152 2710 1385 2764 curritur
1413 2728 1445 2764 α
1474 2727 1585 2776 me,
1616 2731 1649 2766 a
1675 2723 1756 2779 te,
1785 2714 1849 2769 ab

266 2798 396 2863 illo;
428 2801 659 2852 curritur
686 2817 719 2853 a
745 2799 912 2864 nobis,
946 2816 977 2852 a
1004 2800 1165 2865 vobis,
1196 2801 1410 2869 abillis.
1439 2803 1720 2864 Pctcterito
1751 2806 1851 2873 im-

240 2890 540 2962 :perfecto,
575 2892 839 2963 legebatur
864 2892 937 2965 [a
963 2893 1106 2965 me].
1140 2893 1423 2953 Prmterito
1462 2897 1736 2973 peffepto,
1774 2899 1851 2954 le-

242 2993 409 3036 ctum
438 2994 513 3038 om
543 2984 648 3056 [vel
677 2984 865 3039 lectum
891 2985 992 3054 fuit
1019 3003 1051 3038 a
1074 2984 1201 3057 me].
1233 2986 1513 3043 Prurterito
1537 2989 1849 3058 plusquam-

248 3076 527 3146 perfecto,
559 3078 744 3131 lectum
777 3087 908 3131 erat.
940 3077 1239 3145 Futurum,
1269 3079 1464 3149 legetur
1494 3079 1560 3151 [α
1588 3080 1723 3153 me].
1757 3081 1848 3151 Sic

234 3184 237 3185 '
263 3175 322 3221 et
346 3183 445 3235 per
473 3167 607 3222 alios
635 3168 844 3223 modos.

1954 1997 2185 2051 .quoque
2206 1992 2268 2038 et
2294 1985 2363 2039 ab
2390 1986 2660 2047 adverbiis
2690 1990 2852 2045 verba
2886 1992 3119 2049 derivari
3144 2011 3158 2060 ;
3203 2003 3265 2049 ut
3302 2012 3332 2051 a
3370 2014 3554 2067 perenv

1968 2075 2054 2130 die
2072 2117 2087 2142 ,
2116 2078 2452 2146 perendino;
2482 2088 2540 2135 et
2566 2096 2600 2137 a
2630 2098 2770 2147 cras,
2796 2086 3177 2153 procrastino;
3208 2095 3268 2145 et
3293 2090 3361 2144 ab
3382 2089 3551 2156 intus,

1967 2167 2115 2225 intro
2175 2172 2349 2227 intras
2369 2210 2385 2237 ,
2416 2171 2720 2245 [intravi].

2250 2301 2413 2374 285
2452 2301 2542 2358 DE
2567 2301 2845 2360 FIGURIS
2881 2306 3275 2365 VERBORUM.

2033 2405 2133 2461 Fn.
2178 2407 2468 2479 Figuratas
2520 2413 2809 2470 verborum
2853 2419 3291 2489 compositiones,
3334 2438 3554 2503 precor,

1963 2512 2196 2570 expone.
2222 2529 2294 2542 —
2315 2500 2479 2559 Saxo.
2533 2501 2671 2565 Sunt
2706 2508 2869 2563 verba
2922 2510 3221 2580 simplicia,
3272 2500 3339 2568 ut
3370 2517 3556 2588 cupio,

1962 2600 2126 2649 taceo.
2153 2594 2219 2650 Et
2252 2593 2422 2669 [sunt]
2470 2600 2788 2669 composita,
2840 2600 2943 2675 [ut]
2975 2605 3248 2676 concupio,
3298 2607 3551 2665 conticeo.

1938 2683 2104 2742 Sunt
2131 2694 2186 2741 et
2221 2688 2611 2760 decomposita,
2642 2692 2698 2751 id
2741 2701 2846 2759 est,
2889 2710 2919 2750 a
2965 2699 3277 2767 compositis
3308 2700 3554 2759 derivata

1962 2776 2157 2850 [Edit.,
2190 2778 2545 2854 dcrivativa],
2591 2790 2652 2837 ut
2695 2785 3026 2854 concupisco,
3069 2789 3375 2844 conticesco.
3415 2789 3555 2847 Sunt

1938 2876 2014 2933 et
2065 2885 2134 2925 ex
2184 2871 2356 2926 tribus
2411 2873 2656 2942 partibus
2708 2862 3057 2946 composita,
3103 2886 3161 2933 ut
3206 2881 3589 2950 perterrifico.‘

1959 2957 2097 3015 Sunt
2123 2968 2180 3016 et
2203 2975 2325 3031 qua:
2348 2970 2563 3018 mutant
2589 2964 2641 3016 in
2667 2964 3060 3033 compositione
3090 2966 3549 3039 coniugationem,

1954 3059 2054 3113 ut:
2086 3051 2178 3119 do,
2200 3052 2320 3119 das,
2349 3051 2477 3108 facit
2508 3054 2692 3120 reddo,
2731 3055 2940 3123 reddis;
2971 3057 3134 3127 facio,
3166 3059 3322 3129 facis,
3358 3060 3551 3133 ampli-

1955 3142 2078 3213 ﬁco,
2122 3143 2433 3215 ampli/icas.
2481 3142 2621 3200 Sunt
2646 3146 2967 3215 composita,
3008 3164 3237 3219 quorum
3283 3150 3548 3223 simplicia

236 3272 239 3275 '
334 3234 435 3315 Fu.
472 3261 612 3328 Quid
640 3271 723 3316 est
757 3262 900 3316 inter
924 3261 1282 3332 impersonale
1306 3272 1361 3319 et
1386 3263 1756 3321 inﬁnitivum?
1779 3294 1849 3307 --
1872 3244 1923 3313 c
1953 3234 2010 3290 in
2059 3252 2159 3332 "SE
2199 3251 2308 3332 "9n
2329 3244 2597 3332 ,ωξηζω
2635 3237 2863 3332 omini!“
2902 3240 3121 3332 aspici“
3145 3242 3343 3332 apeﬁo’
3378 3243 3549 3313 “[m'

260 3355 430 3412 Saxo.
466 3355 677 3427 [Quod]
707 3355 969 3411 inﬁnitiva
1001 3355 1376 3428 [voluntariis]
1408 3358 1589 3413 verbis
1613 3359 1848 3428 jungun-

256 3458 385 3513 tur;
418 3457 510 3502 ut:
543 3448 709 3518 tegere
737 3448 872 3503 volo.
900 3448 1282 3517 lmpersonalia
1308 3451 1756 3518 pronominibus;
1789 3459 1849 3507 ut

259 3539 456 3611 legitur
483 3556 515 3592 a
542 3555 641 3593 me.

331 3631 436 3684 Fu.
476 3630 616 3697 Quot
652 3628 851 3683 formae
887 3637 1012 3683 sunt
1054 3630 1539 3699 impersonalium?
1570 3662 1643 3673 -—
1677 3632 1842 3690 Suo.

255 3754 331 3766 —
360 3724 618 3791 Quatuor.
650 3723 758 3776 Aut
783 3723 837 3776 in
866 3733 975 3788 tur,
1006 3731 1099 3777 aut
1127 3723 1179 3776 in
1209 3732 1293 3787 at,
1324 3735 1419 3779 aut
1458 3726 1512 3780 in
1551 3728 1625 3791 it,
1657 3736 1750 3781 aut
1789 3728 1846 3783 in

254 3826 309 3871 et
345 3824 582 3871 exeunt:
624 3822 715 3881 ut,
747 3822 939 3880 statur,
970 3823 1162 3878 restat,
1194 3816 1475 3885 contingit,
1518 3817 1695 3886 pudet.
1738 3817 1847 3874 Sed

256 3926 382 3982 qum
414 3912 465 3964 in
494 3920 539 3963 et
572 3919 799 3974 exeunt,
832 3910 937 3963 alia
966 3925 997 3963 a
1027 3910 1207 3965 verbis
1236 3911 1498 3978 veniunt,
1526 3922 1588 3967 ut
1614 3915 1839 3969 miseret.

246 4002 379 4059 ‘Alia
410 4018 439 4056 a
468 4017 526 4057 se
554 4003 823 4065 oriuntur,
854 4011 915 4055 ut
941 4002 1128 4073 pudet,
1160 4006 1396 4073 poznitet,
1427 4004 1591 4058 decet.
1646 4012 1660 4023 ‘

212 4100 217 4101 '
329 4093 432 4165 Fu.
469 4092 599 4160 Quae
639 4102 767 4147 sunt
807 4094 997 4162 supina
1036 4103 1091 4148 et
1130 4095 1533 4164 participialia?
1574 4121 1645 4136 —-
1674 4095 1839 4153 Saxo.

214 4176 219 4183 ’
254 4184 508 4255 Quinque
533 4195 657 4240 sunt
684 4186 948 4255 ejusmodi
973 4201 1134 4242 voces
1161 4202 1175 4252 ;
1209 4194 1305 4241 ut:
1335 4188 1571 4257 legendi,
1604 4189 1842 4260 legendo,
1914 4206 1945 4233 -‘

254 4274 569 4346 legendum,
616 4274 833 4341 lectum,
880 4275 1036 4331 lectu.
1086 4277 1233 4344 Quas
1271 4278 1580 4335 Priscianus
1622 4282 1843 4337 omnino

206 4374 217 4382 “
252 4370 478 4425 nomina
512 4369 623 4423 vult
649 4385 799 4434 esse,
833 4371 960 4439 quia
1002 4372 1336 4440 temporibus
1376 4380 1600 4437 carent,
1630 4381 1684 4427 et
1722 4388 1845 4444 per-
1912 4412 1915 4417 ν

255 4481 425 4521 sonas
455 4481 558 4520 non
588 4464 937 4533 discernunt,
969 4475 1023 4521 et
1064 4467 1537 4537 prmpositionibus
1577 4472 1843 4540 separatis

210 4554 217 4557 ’
245 4556 553 4629 junguntur
579 4576 593 4623 ;
627 4568 706 4623 ut,
742 4559 810 4613 ad
838 4560 1110 4629 legendum
1142 4561 1291 4626 vado,
1316 4563 1400 4615 vel
1429 4562 1643 4633 legendo
1673 4565 1837 4619 venio.

328 4650 427 4703 Fs.
468 4650 707 4705 Intentus
754 4668 873 4705 sum
929 4652 995 4706 de
1045 4653 1344 4722 specierum
1399 4656 1605 4710 ratione
1655 4657 1843 4712 audire

205 4734 215 4741 ’
251 4741 527 4807 maxime,
573 4744 698 4815 quia
740 4744 842 4797 hoc
876 4744 1124 4797 accidens
1163 4745 1313 4799 verbi
1348 4745 1585 4801 Donatus
1614 4749 1841 4804 dimisit.

178 4875 187 4879 -
250 4865 328 4876 -—
366 4835 530 4891 Sno.
576 4834 689 4891 Non
730 4837 973 4903 dimisit,
1015 4839 1109 4893 sed
1147 4839 1202 4893 in
1240 4839 1430 4895 formis
1473 4844 1669 4915 attigit.
1702 4844 1839 4901 Nam

198 4936 209 4943 '
251 4927 470 4997 species
495 4929 781 4983 verborum
814 4929 931 4982 dum
962 4936 1084 4983 sunt
1110 4947 1122 4983 :
1159 4946 1263 4985 una
1292 4933 1605 5005 principalis
1625 4977 1639 5000 ,
1672 4952 1859 5005 quamn

250 5017 497 5072 Donatus
522 5018 815 5088 perfectam
844 5020 1075 5076 formam
1113 5024 1395 5091 nominat;
1428 5036 1519 5092 ut,
1560 5028 1693 5099 lego.
1736 5031 1831 5085 Al-

194 5122 207 5125 "
250 5116 373 5163 tera
402 5109 694 5165 derivativa
715 5153 730 5177 ,
758 5128 917 5182 quam
961 5114 1049 5169 ille
1087 5118 1455 5174 meditativam
1478 5163 1491 5187 ,
1526 5121 1838 5193 frequenta-

246 5200 456 5267 tivam,
487 5202 567 5255 vel
601 5202 765 5274 [Ms.,
794 5204 882 5275 et]
915 5206 1277 5263 inchoativum
1306 5212 1485 5267 dicere
1510 5216 1715 5282 voluit;
1745 5227 1834 5284 ut,

250 5306 282 5346 a
315 5290 461 5362 lego,
493 5292 719 5351 lecturio
746 5305 801 5351 et
828 5298 1029 5352 lectito.
1062 5299 1130 5353 Et
1158 5316 1186 5353 a
1218 5301 1388 5370 ferveo
1410 5345 1423 5363 ,
1463 5305 1725 5361 fervesco.
1769 5310 1838 5364 Et

242 5386 487 5452 hmcdd
528 5398 610 5445 est
651 5391 976 5465 inchoativa,
1020 5407 1236 5463 semper
1274 5396 1328 5449 in
1370 5412 1455 5449 sco
1493 5396 1747 5453 desinunt
1782 5410 1839 5456 et

250 5480 427 5535 tertiae
474 5490 599 5535 sunt
647 5484 1082 5554 conjngationis;
1137 5492 1233 5551 ut,
1285 5486 1525 5553 calesco,
1576 5490 1832 5559 calescis;

248 5590 589 5642 vesperasco,
629 5577 962 5645 vesperascis.
1009 5577 1075 5631 Et
1113 5580 1447 5646 praeteritum
1488 5596 1593 5635 non
1636 5583 1837 5638 habent

247 5670 467 5732 tempus
487 5705 501 5728 ,
533 5680 633 5720 nec
658 5667 937 5736 participia
967 5666 1132 5722 futuri
1165 5671 1437 5739 temporis.

321 5752 731 5829 Frequentativa
755 5762 943 5829 primae
968 5770 1093 5818 sunt
1119 5764 1534 5835 conjugationis,
1559 5776 1616 5822 ut
1641 5768 1695 5823 in
1714 5770 1828 5837 tito,

238 5846 335 5902 vel
362 5855 433 5912 te,
468 5847 553 5903 vel
577 5867 655 5916 so,
684 5851 769 5906 vel
795 5869 863 5906 ,το
891 5853 1177 5923 desinunt;
1210 5866 1301 5925 ut,
1326 5857 1522 5925 lectito,
1552 5878 1643 5928 as;
1669 5863 1827 5931 dicto,

1951 3340 2066 3396 ger.
2109 3321 2159 3375 F
2162 3323 2293 3379 endo
2329 3322 2548 3397 [uim],
2572 3332 2626 3381 et
2660 3326 2842 3396 spicio,
2870 3334 2925 3381 et
2946 3328 3115 3399 perio,
3145 3338 3201 3383 et
3228 3330 3412 3402 fragor
3437 3350 3547 3389 non

1951 3415 2148 3484 reperi.
2199 3414 2334 3471 Sunt
2379 3433 2499 3486 qua:
2541 3434 2711 3489 genus
2766 3427 2978 3475 mutant
3015 3421 3069 3475 in
3104 3410 3542 3495 compositione:

1953 3504 2180 3575 Sg‘crno,
2227 3508 2445 3579 spernis,
2492 3510 2762 3577 activum;
2801 3527 3074 3582 aspernor,
3108 3520 3424 3586 aspernaris,
3452 3521 3545 3577 de-

1946 3611 2177 3668 ponens.
2237 3596 2479 3671 [Sentio,
2530 3610 2813 3666 neutrum;
2870 3604 3157 3669 assentior,
3219 3608 3539 3684 dcponens.]

1940 3670 2139 3753 .Sedeo,
2164 3689 2330 3755 sedes,
2348 3701 2629 3758 neutrum;
2654 3693 2893 3761 insidior,
2918 3694 3210 3763 insidiaris,
3230 3697 3535 3770 deponens;

1950 3781 2161 3837 obsfdco
2188 3799 2319 3839 vero
2341 3792 2395 3839 et
2432 3783 2647 3839 adsideo
2670 3786 2843 3840 activa
2870 3795 3014 3842 sunt.
3048 3790 3128 3845 Eo
3158 3799 3213 3846 et
3240 3793 3380 3862 facio
3408 3810 3541 3852 neu-

1950 3882 2033 3928 tra
2073 3883 2229 3941 sunt;
2276 3877 2429 3941 adeo,
2476 3876 2655 3943 subeo,
2684 3878 2920 3948 perﬁcio,
2964 3881 3211 3950 conficio,
3256 3891 3311 3939 et
3350 3900 3419 3940 ex
3459 3888 3541 3943 eis

1950 3968 2245 4036 composita
2278 3969 2450 4023 activa
2474 3976 2628 4035 sunt;
2664 3969 2869 4025 faciunt
2893 3968 3086 4045 [enim]
3114 3973 3295 4041 adeor,
3328 3978 3537 4048 subeor,

1940 4057 2214 4128 perﬁciar,
2254 4058 2522 4128 conﬁcior.
2571 4060 2649 4115 Ex
2681 4061 2819 4131 facio
2850 4078 3063 4134 quoque
3093 4075 3307 4135 neutro,
3336 4073 3538 4143 versiﬁ-

1949 4162 2061 4213 cor,
2108 4149 2441 4217 versiﬁcaris,
2494 4159 2547 4206 et
2577 4152 2867 4223 grati/icor,
2902 4156 3241 4226 grati/iratis,
3271 4162 3541 4233 deponen-

1948 4237 2024 4291 tia
2064 4250 2382 4295 nascuntur.
2438 4239 2753 4315 Complecto,
2786 4246 3053 4314 activum;
3105 4249 3409 4321 amplector,
3447 4255 3541 4311 de-

1946 4344 2175 4400 ponens.
2216 4330 2624 4403 Componuntur
2664 4335 2829 4390 verba
2855 4352 2978 4392 cum
3008 4340 3339 4410 nominibus,
3384 4348 3537 4403 ut-ab

1947 4424 2121 4496 amplo
2153 4433 2207 4479 et
2230 4424 2392 4493 facio,
2423 4426 2710 4498 ampli/ica,
2734 4445 2801 4483 ex
2818 4446 2934 4525 Huo
2968 4434 3310 4505 participium
3348 4440 3537 4511 ampli-

1944 4514 2231 4582 ﬁcans:et
2277 4532 2399 4571 cum
2446 4519 2617 4574 altero
2655 4514 2839 4587 verbo,
2884 4530 2947 4579 ut
2980 4524 3269 4596 cale/acia,
3316 4530 3370 4585 id
3413 4541 3534 4603 est,

1870 4604 2115 4680 Dcalere
2160 4607 2329 4677 facio;
2367 4609 2451 4663 vel
2498 4626 2620 4665 cum
2670 4613 2957 4683 adverbio,
3008 4626 3094 4686 ut,
3136 4620 3418 4693 benedico;
3448 4631 3536 4686 vel

1945 4714 2067 4754 cum
2093 4703 2493 4772 przepositione,
2523 4713 2580 4759 ut
2602 4706 2797 4774 indico,
2825 4709 3003 4765 subeo.
3036 4711 3143 4769 Sed
3189 4722 3530 4790 prmpositio-

1944 4792 2101 4848 nibus
2147 4809 2244 4864 per
2289 4797 2733 4868 compositionem
2766 4798 3069 4872 junguntur
3133 4822 3347 4882 semper
3390 4816 3534 4872 sicut

1941 4887 2272 4943 nominativo
2312 4904 2439 4945 casu
2472 4890 2665 4963 [Edit.,
2707 4894 2918 4968 casui],
2971 4900 3125 4971 cujus
3172 4906 3280 4961 vim
3329 4911 3531 4982 ubique

1939 4974 2364 5034 obtinentverba
2408 4996 2505 5050 per
2549 4997 2738 5039 omnes
2780 5001 3061 5058 personas,
3106 5003 3186 5063 ut,
3240 4998 3380 5069 facio
3408 4974 3523 5074 ego,

1940 5066 2072 5136 facis
2097 5078 2173 5133 tu,
2207 5069 2332 5137 facit
2360 5069 2466 5135 ille,
2498 5072 2604 5126 nisi
2628 5074 2944 5145 imperativa
2974 5066 3522 5161 secundasvpersonze,

1943 5155 2105 5251 [quat]
2130 5162 2433 5214 vocativum
2464 5161 2617 5235 [Ed.,
2643 5167 2855 5245 vocem]
2886 5172 3215 5247 adsciscunt,
3242 5155 3301 5236 ut
3334 5155 3522 5251 scribe,

1956 5245 2137 5318 Virgili
2167 5270 2184 5304 :
2207 5250 2335 5322 lege,
2371 5253 2597 5311 Terenti.

2182 5386 2276 5441 DE
2312 5386 2829 5455 CONJUGATIONE
2866 5402 3265 5465 VERBORUM.

2008 5499 2105 5554 Fn.
2144 5502 2283 5558 Ecce
2309 5504 2374 5559 de
2403 5505 2589 5578 ﬁguris
2614 5512 2807 5569 habeo.
2838 5514 2943 5573 Sed
2970 5519 3405 5591 conjugationum
3436 5529 3522 5585 di-

1935 5595 2163 5677 stantius
2210 5597 2295 5653 dic
2327 5599 2477 5654 mihi.
2512 5602 2581 5659 Et
2605 5604 2861 5676 primum,
2910 5612 3051 5667 unde
3095 5615 3237 5671 dicta
3269 5618 3341 5675 sit
3382 5636 3516 5679 con-

1926 5684 2157 5757 iugatio,
2178 5705 2402 5760 expone.
2429 5725 2501 5733 —
2521 5696 2683 5752 Saxo.
2706 5698 3024 5769 Conjugatio
3064 5705 3206 5762 dicta
3242 5717 3335 5765 est
3370 5714 3517 5783 quod

1934 5777 1989 5832 in
2030 5796 2195 5924 suam
2242 5784 2615 5845 declinationis
2653 5792 2915 5850 rationem
2958 5796 3191 5867 plurima
3239 5777 3493 5879 conjungi

1935 5883 2030 5923 ver
2066 5884 2117 5923 a.

1935 5883 2097 5923 verna
2104 5909 2117 5922 .
