4062 6346
564 363 672 420 879

1395 354 1454 405 Β.
1496 352 1558 403 F.
1602 348 1823 404 ALBINI
1865 346 1997 401 SEU
2028 343 2306 399 ALCUlNl
2342 339 2625 397 OPERUM
2662 335 2843 392 PARS
2880 334 2987 389 VII.

3730 330 3843 389 880

636 473 739 528 Fu.
764 465 1177 539 Coniugationes
1199 471 1330 530 quor
1350 462 1508 513 sunt?
1532 490 1585 499 -—
1630 458 1795 511 Suo.
1820 456 1973 524 Apud
2000 454 2146 508 Grae-
2174 456 2222 516 Α
2249 451 2487 521 Optativo
2515 447 2844 506 communia.
2891 444 3025 500 item
3066 442 3315 515 optativi,
3358 441 3596 497 futurum
3627 447 3681 497 ct

562 581 663 622 eos
685 566 867 619 decem
893 558 1047 632 [δίδη
1073 554 1270 618 decim,
1301 569 1404 606 non
1434 548 1591 613 male,
1616 548 1707 603 sed
1740 548 1987 617 antique;
2014 546 2151 600 unde

565 651 865 722 undecim].
894 647 1047 717 Apud
1075 644 1295 699 Latinos
1339 649 1591 710 quatuor.
1636 640 1702 693 Et
1727 653 1912 692 eorum
1951 652 2070 707 qua:
2097 635 2153 689 in

565 764 601 801 ο
628 745 803 816 prima
834 753 1065 809 persona
1110 735 1332 798 desinit;
1356 733 1449 788 sed
1493 731 1729 787 secunda
1767 730 1823 783 in
1856 745 1915 781 as
1947 726 2150 791 ﬁnitur,

566 847 629 893 ut
650 852 792 899 amo,
808 848 973 893 amas,
992 838 1097 895 sto,
1111 827 1373 890 stas,liaec
1389 826 1564 894 prima
1587 823 1808 878 dicitur.
1834 820 1902 874 Et
1922 816 2155 873 secunda

482 936 487 939 ’
567 930 624 984 ἱιι
650 942 727 989 es,
758 931 816 977 ut
846 935 1054 982 moneo,
1080 933 1278 971 mones.
1308 914 1490 968 Tertia
1519 914 1572 965 in
1596 912 1641 966 is
1665 911 1903 971 brevem,
1936 915 1997 962 ut
2023 905 2151 975 lego,

567 1021 717 1091 legis.
747 1017 953 1084 Quarta
980 1013 1035 1067 in
1061 1012 1106 1065 is
1133 1011 1347 1080 longum
1378 1006 1526 1077 μὴ..
1566 1001 1821 1074 longam],
1855 1007 1916 1054 ut
1955 997 2153 1061 munia,

565 1110 763 1166 munis.
797 1108 999 1162 Eorum
1027 1103 1335 1163 verborum,
1368 1114 1488 1168 qua:
1525 1098 1579 1151 in
1621 1113 1682 1149 or
1711 1096 1882 1165 prima
1928 1102 2158 1162 persona

561 1202 777 1265 ﬁnitur,
804 1208 857 1253 et
890 1199 942 1251 in
986 1197 1093 1249 aris
1136 1192 1394 1256 secunda,
1431 1189 1605 1260 prima
1634 1194 1717 1241 est
1743 1182 2069 1254 coniugatio,
2098 1185 2159 1233 ut

561 1307 743 1355 amor,
791 1287 1009 1350 amaris,
1049 1284 1320 1347 criminor,
1356 1277 1672 1342 criminaris,
1704 1274 1895 1338 luctor,
1917 1271 2155 1325 laetaris.

567 1381 823 1438 Secunda
874 1381 926 1433 in
956 1379 1060 1432 eris
1090 1377 1351 1447 producta
1399 1370 1693 1441 penultima
1727 1366 1862 1439 [Al.,
1900 1379 2038 1435 pene
2078 1363 2162 1417 ul-

565 1474 751 1548 tima],
788 1482 848 1527 ut
875 1472 1086 1535 doceor,
1117 1469 1341 1532 doceris,
1375 1483 1512 1530 reor,
1553 1463 1703 1518 reris.
1738 1460 1918 1516 Tertia
1963 1459 2017 1512 in
2059 1457 2161 1511 eris

566 1547 822 1636 correpta
862 1562 1174 1633 penultima,
1214 1559 1375 1630 legor,
1421 1556 1627 1627 legtris,
1662 1567 1867 1623 sequor,
1910 1547 2160 1620 sequeris.

566 1656 777 1726 Quarta
800 1656 855 1709 in
880 1655 972 1707 iris
1000 1651 1262 1723 producta
1301 1647 1617 1719 penultima,
1647 1642 1878 1706 munior,
1917 1636 2163 1702 muniris,

490 1760 499 1765 '
568 1747 784 1811 molior,
816 1744 1033 1799 moliris.

2245 539 2531 611 iunctativi
2570 537 2723 612 μη,
2764 534 3184 607 subiunctivum]
3214 548 3490 604 praesens:
3518 533 3723 597 Amem,
3760 549 3845 601 es,

2253 648 2322 703 et,
2345 653 2513 701 emus,
2560 636 2676 699 etis,
2725 642 2829 688 ent.
2882 630 3189 686 Secundum
3236 628 3409 682 tertiae
3444 624 3850 697 coniugationis

2253 744 2494 801 praesens
2526 734 2582 782 et
2608 724 2886 781 indicativi
2910 723 3167 783 futurum,
3209 719 3398 789 primae
3422 726 3477 772 et
3515 716 3768 772 stunda:
3792 724 3853 771 et

2255 826 2462 889 quartae
2488 816 2543 871 in
2571 832 2631 870 eo
2660 811 2979 881 desinentis,
3010 819 3067 866 et
3102 806 3485 877 subiunctativi
3509 806 3851 877 praeteritum

2254 909 2552 980 perfectum
2581 914 2636 961 et
2663 905 2920 966 futurum,
2953 902 3060 956 nisi
3089 902 3146 956 in
3174 901 3334 954 tertia
3367 912 3597 967 persona
3624 896 3849 968 plurali,

2257 1018 2292 1055 ιι
2316 1007 2529 1055 mutant
2567 999 2623 1053 in
2653 999 2692 1063 i,
2734 1004 2796 1050 ut
2835 994 2967 1066 lego,
3009 993 3157 1064 legis,
3200 992 3345 1061 legit,
3378 988 3620 1060 legimus,
3652 987 3850 1058 legitis,

2256 1094 2463 1164 legunt;
2486 1090 2857 1155 amabo,is,it,
2883 1089 3040 1151 imus,
3069 1086 3175 1151 itis,
3219 1092 3346 1149 unt;
3373 1083 3583 1147 docebo,
3618 1082 3718 1147 bis,
3750 1081 3849 1147 bit,

2259 1188 2445 1253 bimus,
2480 1186 2619 1250 bilis,
2649 1184 2794 1237 bunt.
2841 1177 3240 1252 Subiunctativi
3288 1176 3622 1246 praeteritum
3671 1172 3853 1243 perfe-

2258 1287 2404 1335 ctum
2438 1296 2450 1331 :
2482 1276 2799 1338 Amaverim,
2829 1274 2895 1338 is,
2928 1273 2987 1337 it,
3028 1272 3188 1337 imus,
3215 1268 3323 1335 itis,
3345 1269 3443 1322 int.
3470 1268 3604 1323 Item
3633 1284 3648 1320 ε
3689 1266 3852 1319 Ama-

2259 1386 2401 1434 vero,
2425 1368 2489 1433 is,
2519 1368 2580 1431 it,
2610 1367 2765 1431 imus,
2797 1364 2907 1430 itis,
2940 1363 3037 1417 int.
3068 1361 3139 1416 Et
3165 1368 3371 1431 quarta:
3396 1378 3409 1414 :
3441 1359 3561 1424 Ibo,
3589 1358 3712 1422 ibis,
3734 1356 3853 1424 ibit,

2261 1459 2470 1524 ibimus,
2506 1458 2667 1522 ibitis,
2718 1455 2885 1510 ibunt.
2918 1453 3125 1509 Horum
3168 1459 3349 1506 autem
3377 1450 3618 1505 omnium
3657 1449 3857 1504 verbo-

2263 1565 2406 1615 rum,
2435 1564 2555 1618 quae
2584 1547 2709 1603 bina
2740 1543 2872 1617 [Al.,
2925 1541 3091 1613 trina]
3142 1540 3487 1597 distinctione
3538 1553 3571 1592 a
3617 1537 3856 1594 secunda

2262 1654 2495 1711 persona
2530 1638 2890 1700 declinantur,
2916 1636 3091 1706 prima
3117 1647 3349 1705 persona
3375 1640 3469 1687 aut
3508 1631 3565 1686 in
3593 1647 3648 1697 ο,
3675 1637 3770 1685 aut
3798 1630 3858 1686 in

2267 1749 2374 1798 am,
2416 1739 2509 1786 aut
2537 1731 2592 1784 in
2621 1747 2725 1794 em,
2758 1738 2851 1783 aut
2877 1728 2933 1783 in
2959 1728 3033 1781 im
3054 1726 3270 1782 desinit.

640 1858 741 1915 FB.
772 1857 908 1913 Num
940 1834 1153 1926 Singula
1172 1850 1337 1907 verba
1383 1856 1561 1904 certas
1604 1846 1807 1926 babent
1835 1840 2170 1911 coniugatio-
2195 1823 2245 1885 Β
2342 1842 2441 1898 Fn.
2474 1842 2752 1912 Quomodo
2777 1840 3114 1913 ριδαιιειείιηω
3146 1837 3447 1909 perfectum
3485 1842 3542 1890 et,
3577 1832 3859 1906 imperati.

569 1952 703 2010 nes?
724 1980 797 1990 -—
818 1949 984 2003 Saxo.
1012 1946 1151 2001 Sunt
1175 1943 1337 1997 verba
1367 1941 1419 1995 in
1443 1939 1616 2010 prima
1640 1950 1870 2006 persona
1899 1932 2121 1988 confusa
2147 1947 2161 1982 :

566 2043 631 2099 in
675 2040 908 2096 secunda
947 2052 1078 2091 vero
1107 2049 1271 2089 sensu
1306 2038 1363 2085 et
1409 2026 1604 2101 [certa]
1648 2022 2026 2093 coniugatione
2059 2019 2167 2074 dis-

568 2141 889 2196 cernuntur,
939 2136 1002 2182 ut
1027 2127 1168 2189 dico,
1199 2123 1353 2185 dicis,
1397 2129 1454 2173 et
1501 2118 1639 2181 dico,
1676 2116 1865 2179 dicas;
1898 2111 2035 2176 vola,
2068 2110 2163 2173 vis,
2190 2146 2191 2149 η

567 2236 629 2285 et
649 2226 786 2291 volo,
827 2222 1007 2286 volas;
1033 2217 1220 2289 fundo,
1252 2214 1466 2284 fundas,
1493 2209 1677 2280 fundo,
1706 2206 1917 2278 fundis;
1946 2201 2164 2267 mando,

573 2316 819 2378 mandas,
847 2310 1060 2373 mando,
1086 2305 1293 2360 mandis
1327 2302 1475 2375 illis,
1511 2299 1724 2359 mundo,
1751 2294 1995 2357 mundas,
2015 2309 2169 2346 mun-

573 2408 664 2472 do,
692 2401 946 2474 mundis].
985 2399 1125 2454 Sunt
1163 2397 1408 2466 quaedam
1432 2408 1462 2447 e
1488 2389 1765 2446 contrario
1805 2386 1966 2440 unius
2010 2381 2169 2454 signi-

576 2494 868 2559 ﬁcationis,
898 2492 993 2548 sed
1020 2490 1247 2544 diversa:
1279 2482 1698 2555 coniugationis,
1746 2486 1806 2531 ut
1830 2476 2012 2540 denso,
2042 2474 2170 2528 den-

573 2607 686 2653 sas,
707 2596 760 2643 et
790 2585 999 2647 denseo,
1024 2581 1206 2633 denses
1227 2594 1244 2642 ;
1268 2576 1487 2639 strideo,
1504 2570 1725 2634 strides;
1747 2567 1933 2631 strido,
1952 2563 2167 2628 stridis;

575 2682 771 2751 ferveo,
822 2677 1007 2748 ferves,
1048 2668 1255 2744 ([iude]
1299 2666 1547 2736 fervesco,
1594 2660 1711 2732 cis),
1763 2660 1925 2728 fervo,
1980 2656 2167 2725 fervis;

572 2749 708 2835 cieo,
746 2768 890 2832 cies;
936 2767 1038 2827 cio,
1085 2765 1195 2825 cis;
1227 2758 1412 2821 dureo,
1461 2756 1637 2819 dares,
1688 2750 1829 2806 unde
1858 2749 2075 2802 duresco
2114 2753 2171 2801 et

573 2863 731 2925 duro,
759 2860 952 2921 duras;
994 2866 1165 2917 tueor,
1219 2850 1422 2911 tueris;
1452 2856 1591 2911 tuor,
1640 2843 1822 2906 tueris,
1873 2837 2171 2908 penultima

578 2961 861 3021 correpta;
889 2947 1086 3019 fulgeo,
1112 2942 1310 3014 fulges;
1334 2939 1500 3011 fulgo,
1524 2936 1712 3007 fulgis;
1738 2930 1985 3021 excelleo,
2006 2926 2172 2982 excel-

574 3048 685 3109 les;
710 3040 925 3103 excello,
953 3036 1200 3099 excellis;
1240 3049 1389 3096 sono,
1429 3042 1623 3092 sonas;
1651 3039 1799 3089 sono,
1836 3020 2011 3082 sonis;
2040 3031 2169 3077 uno,

581 3151 751 3199 unas;
782 3132 930 3195 unio,
959 3129 1099 3181 unis.

653 3247 752 3302 Fu.
784 3245 927 3312 Quot
948 3241 1122 3297 modis
1155 3238 1494 3294 declinantur
1514 3232 1810 3325 verbaz—
1835 3226 1999 3282 Saxo.
2029 3225 2175 3292 Quo-

582 3353 705 3394 rum
730 3331 1124 3391 rationabiliter
1146 3328 1320 3399 prima
1351 3338 1581 3395 persona
1606 3321 1661 3374 in
1687 3313 1720 3372 ὄ
1747 3317 1967 3381 desinit,
1999 3313 2176 3368 tribus

584 3432 761 3488 modis
799 3428 1158 3490 declinantur,
1181 3424 1385 3490 absque
1411 3417 1686 3489 prmterito
1705 3412 1946 3485 perfecto
1967 3411 2175 3466 indica-

584 3524 703 3588 tivi,
736 3528 790 3576 et
827 3517 1147 3589 imperativo
1175 3522 1229 3569 et
1256 3510 1541 3566 inﬁnitivo.
1584 3505 1718 3561 Nam
1758 3505 1912 3575 iuxta
1935 3515 2177 3572 praesens

585 3626 801 3686 tempus
844 3614 1007 3669 trium
1051 3605 1489 3679 coniugationum
1528 3614 1627 3670 per
1668 3611 1857 3653 omnes
1884 3596 2076 3651 modos
2122 3600 2181 3648 et

583 3683 832 3775 tempora
858 3699 1117 3756 declinari
1140 3697 1313 3751 solent
1339 3694 1527 3755 verba,
1547 3688 1651 3743 nisi
1674 3685 2006 3758 przescripta.
2031 3683 2177 3737 Prte-

583 3798 810 3854 teritum
864 3807 992 3848 vero
1056 3788 1429 3859 imperfectum
1478 3790 1533 3837 et
1589 3775 2178 3851 plusquamperfecttm

585 3891 777 3962 prima:
826 3879 1221 3954 coniugationis
1267 3895 1280 3931 :
1331 3876 1458 3930 item
1504 3870 1755 3926 secunda:
1802 3877 1859 3923 et
1884 3868 2075 3929 tertirc,
2124 3871 2181 3919 et

586 3954 795 4054 quarta
814 3974 1061 4048 optativi,
1084 3971 1325 4027 futurum
1349 3978 1403 4022 et
1424 3977 1661 4035 praesens
1674 3958 1999 4028 subiunctivi
2021 3954 2176 4029 [Ms.,

589 4046 999 4139 subiunctativi]
1033 4060 1327 4118 secundum
1368 4054 1558 4127 primm
1601 4063 1843 4120 prmsens
1872 4055 2087 4117 tempus
2125 4046 2181 4101 ὴ

588 4160 796 4217 ultimis
835 4155 1029 4213 litteris
1074 4164 1288 4220 semper
1327 4145 1691 4205 declinantur,
1734 4148 1793 4194 ut
1840 4153 1981 4203 amo,
2008 4152 2178 4202 amas,

592 4260 757 4317 amat,
807 4262 1067 4307 amamus,
1118 4240 1330 4303 amatis,
1361 4242 1576 4298 amant;
1622 4229 1898 4293 amabam,
1941 4226 2177 4290 amabas,

592 4340 836 4403 amabat,
869 4335 1197 4395 amabamus,
1226 4326 1504 4391 amabatis,
1552 4321 1831 4385 amabant;
1859 4332 2178 4381 amaveram,

590 4447 887 4493 amaveras,
912 4431 1202 4486 amaverat,
1244 4432 1625 4478 amaueramus,
1654 4411 1993 4475 amaveratis,
2035 4425 2183 4462 ama-

2271 1954 2371 1993 vus
2389 1936 2705 1993 declinanda
2731 1934 2890 1990 sunt?
2906 1963 2979 1975 —
2999 1932 3166 1988 Suo.
3187 1928 3359 1986 Omne
3380 1928 3715 1999 praeteritum
3734 1940 3860 1996 per-

2272 2028 2496 2095 fectum,
2531 2028 2578 2082 si
2597 2026 2755 2097 iuxta
2780 2026 3047 2081 rationem
3072 2022 3391 2084 declinatur,
3426 2019 3485 2075 in
3510 2019 3530 2072 i
3556 2016 3725 2073 mittit
3747 2017 3860 2086 pri-

2271 2136 2418 2177 mam
2442 2135 2761 2192 personam;
2791 2118 2847 2173 in
2869 2115 3105 2172 secunda
3129 2115 3184 2169 in
3209 2113 3299 2179 sti,
3326 2109 3617 2183 syllabam;
3640 2108 3859 2162 tertiam

2274 2217 2330 2273 in
2357 2218 2418 2285 it,
2446 2225 2502 2272 et
2521 2215 2784 2287 pluralem
2808 2228 3095 2269 numerum
3120 2211 3357 2278 inimus,
3390 2209 3448 2264 in
3473 2208 3607 2275 istis,
3631 2207 3688 2264 in
3706 2216 3861 2263 erant

2270 2308 2359 2365 vel
2386 2325 2492 2373 ere,
2521 2308 2678 2379 longa
2704 2325 2751 2371 e,
2780 2307 2965 2362 mittit.
3106 2365 3121 2376 ο

2344 2400 2443 2456 Fn.
2478 2400 2786 2470 lmperativi
2822 2398 3014 2453 ﬁnales
3038 2398 3253 2452 litteras
3289 2396 3565 2466 deprome.
3591 2423 3666 2434 —
3690 2392 3854 2449 Suo.

2275 2492 2447 2550 Omne
2481 2492 2860 2561 imperativum
2908 2489 3180 2561 singulare
3214 2488 3468 2558 primam,
3520 2494 3719 2541 natura
3764 2484 3858 2539 ab-

2276 2585 2509 2647 dicante,
2534 2595 2821 2653 personam
2855 2596 2963 2636 non
2988 2580 3152 2635 habet
3193 2588 3249 2634 et
3288 2577 3532 2634 vocativo
3561 2576 3713 2632 casui
3737 2574 3860 2644 iun-

2277 2676 2445 2748 gitur,
2491 2675 2618 2746 quia
2661 2673 2914 2744 praesenti
2959 2672 3188 2741 imperat
3237 2670 3293 2725 in
3332 2670 3568 2725 secunda
3609 2683 3859 2739 persona,

2277 2780 2399 2835 quae
2426 2764 2481 2819 in
2507 2765 2682 2834 prima
2708 2761 3084 2833 coniugatione
3109 2778 3143 2815 a
3170 2760 3331 2833 longa
3360 2760 3568 2824 ﬁnitur,
3612 2768 3675 2812 ut
3702 2774 3859 2823 ama;

2278 2858 2333 2913 in
2360 2860 2593 2914 secunda
2621 2874 2648 2911 e
2677 2870 2892 2927 quoque
2935 2854 3110 2924 longa,
3154 2861 3215 2908 ut
3251 2870 3343 2908 ave
3373 2852 3526 2924 μη,
3556 2849 3721 2921 habe]
3747 2867 3764 2915 ;
3809 2850 3863 2906 in

2282 2950 2438 3004 tertia
2466 2965 2495 3002 e
2518 2948 2719 3013 brevis,
2762 2954 2823 3001 ut
2847 2945 2984 3015 lege;
3017 2945 3071 2999 in
3099 2952 3291 3013 quarta
3321 2944 3341 2996 i
3380 2942 3562 3013 longa,
3609 2950 3671 2996 ut
3714 2939 3861 2994 audi.

2281 3038 2411 3107 Quae
2446 3038 2665 3108 ubique,
2698 3037 2754 3092 in
2782 3036 2963 3091 verbis
3000 3035 3084 3091 vel
3111 3035 3441 3099 nominibus,
3472 3033 3492 3087 ἱ
3533 3032 3590 3087 in
3639 3032 3746 3087 ﬁne
3764 3045 3863 3101 po-

2282 3130 2386 3185 sita
2404 3129 2739 3199 producitur.
2762 3126 2943 3182 Tertia
2969 3140 3197 3195 persona
3222 3125 3276 3179 in
3296 3124 3471 3194 prima
3489 3121 3865 3193 coniugatione

2279 3220 2333 3276 in
2362 3229 2448 3275 et:
2478 3220 2535 3275 in
2556 3218 2769 3275 caeteris
2809 3215 3272 3287 coniugationibus
3304 3214 3360 3268 in
3397 3222 3476 3279 at,
3500 3220 3560 3267 ut
3578 3221 3741 3273 amet,
3770 3211 3865 3265 Ita-

2279 3312 2416 3378 beat,
2445 3310 2603 3382 legat,
2653 3309 2857 3364 audiat.
2893 3307 3077 3361 Prima
3124 3319 3356 3375 persona
3393 3305 3449 3359 in
3493 3316 3722 3357 numero
3748 3300 3864 3371 plu-

2278 3404 2379 3459 rali
2405 3403 2461 3458 in
2487 3418 2635 3466 mus;
2659 3402 2716 3456 in
2734 3398 2975 3456 secunda
2998 3398 3055 3452 in
3084 3404 3168 3460 te;
3205 3395 3366 3451 tertia
3388 3395 3445 3449 in
3470 3402 3574 3457 ent,
3599 3391 3657 3446 in
3683 3391 3864 3462 prima

2279 3492 2687 3563 coniugatione;
2740 3490 2793 3545 in
2843 3487 3054 3544 caneris
3104 3494 3219 3552 ant,
3261 3494 3324 3540 ut
3370 3498 3624 3545 amemus,
3663 3490 3863 3546 amate,

2279 3593 2484 3650 ament;
2511 3583 2812 3645 doceamus,
2839 3580 3041 3645 docete,
3069 3577 3313 3642 doceant,
3339 3585 3466 3639 etc.,
3502 3573 3712 3644 ubique
3739 3585 3866 3643 pen—

2280 3678 2468 3757 ultima
2514 3677 2701 3747 prima:
2749 3688 2991 3746 persona:
3035 3679 3091 3727 et
3135 3670 3385 3727 secunda:
3431 3666 3622 3737 longa,
3656 3663 3868 3737 absque

2281 3755 2457 3826 tertiae
2493 3767 2890 3840 coniugationis
2923 3763 3159 3822 secunda
3202 3775 3450 3833 persona,
3480 3757 3629 3829 quod
3665 3765 3771 3822 est,
3798 3755 3872 3811 le-

2280 3865 2403 3935 gite.
2444 3862 2710 3918 Futurum
2737 3856 3041 3928 imperativi
3080 3856 3137 3910 in
3163 3863 3215 3908 to
3256 3853 3493 3909 secunda
3532 3863 3789 3921 persona,
3813 3853 3874 3902 ut

2281 3963 2481 4018 amato,
2515 3953 2726 4016 habeto,
2766 3949 2939 4019 legito,
2980 3946 3185 4011 audito,
3213 3945 3369 4014 longa
3405 3940 3706 4014 penultima
3745 3939 3870 3994 abs-

2282 4063 2389 4119 que
2428 4046 2602 4101 tertia:
2638 4040 3029 4112 coniugationis
3068 4037 3224 4111 [Ms.,
3262 4037 3470 4107 absque
3509 4034 3673 4090 tertia
3711 4031 3875 4088 decli-

2283 4139 2544 4213 natione].
2586 4137 2768 4194 Tertia
2813 4148 3047 4206 persona
3081 4132 3249 4187 futuri
3302 4129 3498 4185 similis
3546 4136 3633 4183 est
3673 4125 3876 4196 ubique

2283 4231 2579 4304 praesenti:
2616 4228 2776 4284 tertia
2804 4240 3037 4298 persona
3079 4233 3135 4279 et
3171 4223 3347 4294 prima
3390 4219 3621 4292 pluralis
3662 4213 3875 4273 numeri

2285 4327 2478 4383 similis
2505 4338 2719 4396 quoque
2765 4330 2850 4377 est
2883 4319 3078 4392 plurali
3116 4316 3418 4390 praesentis.
3456 4313 3710 4370 Secunda
3751 4327 3873 4384 per-

2286 4433 2439 4491 sona
2466 4414 2688 4487 pluralis
2730 4414 2783 4469 in
2825 4421 2952 4478 tote,
2988 4419 3049 4466 ut
3075 4418 3323 4475 amatote,
3353 4407 3614 4471 habetote,
3642 4404 3871 4476 legitote.

595 4531 794 4579 verant.
840 4514 1097 4588 Optativi,
1143 4511 1383 4565 futurum
1422 4516 1479 4561 et
1523 4519 1761 4575 praesens
1808 4498 2178 4569 subiunctivi:

2287 4508 2537 4562 auditote.
2568 4505 2748 4561 Tertia
2782 4503 2903 4559 ﬁnit
2937 4504 2994 4558 in
3026 4511 3136 4567 nto,
3164 4507 3226 4555 ut
3243 4507 3479 4563 amanto,
3519 4496 3762 4561 docento,
3800 4495 3874 4550 le-

596 4618 845 4679 Doceam,
869 4612 1077 4670 doceas,
1111 4606 1317 4668 doceat,
1340 4601 1638 4660 doceamus,
1677 4596 1799 4660 atis,
1827 4602 1938 4647 ant.
1972 4592 2173 4648 Secm-

596 4709 725 4766 dum
765 4718 1002 4779 praesens
1030 4709 1242 4768 tempus
1288 4693 1538 4750 secundm
1584 4687 1979 4758 coniugationis
2021 4686 2189 4758 286

598 4802 765 4858 futuri
790 4796 1065 4856 indicativi
1109 4791 1261 4867 [Ed.,
1294 4788 1586 4846 secundum
1620 4781 2053 4854 coniugationem
2103 4780 2187 4836 fu-

599 4895 707 4949 turi
757 4886 1002 4963 indiCat].
1042 4886 1101 4942 In
1145 4883 1305 4939 tertia
1340 4888 1395 4936 ct
1446 4884 1639 4948 quarta
1679 4887 2105 4943 omnetpraasens
2130 4880 2189 4927 et

600 4984 931 5056 praeteritum
948 4977 1196 5050 optativi,
1210 4969 1735 5040 etsubiunctativum
1747 4966 2077 5036 praateritum
2093 4964 2187 5019 im-

601 5077 897 5150 perfectum
919 5072 1093 5142 longa:
1122 5067 1277 5141 [Ed.,
1302 5061 1537 5136 longam]
1561 5062 1617 5116 in
1640 5059 1954 5132 penultima,
1970 5066 2025 5113 et
2044 5057 2191 5128 plus-

603 5166 1066 5243 quamperfectum
1086 5165 1141 5217 in
1161 5160 1310 5215 omni
1330 5154 1736 5226 coniugatione,
1762 5151 1951 5222 prima:
1973 5162 2191 5220 quoque

604 5237 890 5332 optativus,
922 5255 1159 5310 futurum
1191 5259 1246 5304 et
1290 5246 1691 5317 subiunctivum
1735 5255 1973 5313 praesens
2002 5238 2084 5310 (ut
2117 5237 2192 5292 lc-

606 5370 750 5423 gam,
790 5349 948 5419 leges,
993 5345 1144 5415 leget,
1174 5357 1344 5405 emus,
1391 5339 1507 5401 etis,
1552 5344 1673 5399 ent;
1710 5333 1891 5397 doceo,
1941 5348 2046 5396 ces,
2091 5336 2190 5395 cet,

608 5422 800 5505 cemus,
840 5439 979 5501 cetis,
1004 5436 1164 5504 cent),
1190 5445 1215 5472 ι
1256 5432 1337 5486 sic
1371 5425 1692 5482 declinanda
1721 5430 1849 5477 sunt
1877 5441 1889 5475 :
1922 5422 2191 5484 Amorem,

612 5549 836 5596 amares,
878 5535 1099 5591 amaret,
1127 5535 1447 5583 amaremus,
1494 5515 1638 5579 retis,
1685 5522 1830 5575 ren‘;
1861 5511 2192 5574 amavissem,

2288 4608 2471 4669 gunto,
2510 4598 2785 4652 audiunto.

2359 4689 2459 4743 Fn.
2488 4689 2565 4745 De
2587 4686 2867 4744 inﬁnitivis
2909 4685 3015 4740 dic.
3036 4713 3107 4725 —
3139 4683 3305 4740 Suo.
3342 4680 3517 4739 Omne
3543 4679 3879 4742 inﬁnitivum

2286 4796 2528 4853 pmsens
2551 4781 2604 4834 in
2632 4796 2706 4843 re,
2736 4785 2791 4833 et
2821 4775 3157 4848 praeteritum
3180 4775 3234 4829 in
3269 4791 3340 4838 se,
3380 4782 3433 4829 et
3459 4772 3705 4827 futurum
3727 4771 3786 4827 in
3804 4770 3882 4825 ire

2288 4876 2373 4930 vel
2409 4891 2517 4930 esse
2554 4874 2610 4929 in
2648 4873 2794 4929 omni
2834 4869 3207 4943 coniugatione
3265 4867 3499 4931 desinit,
3554 4873 3620 4920 ut
3674 4878 3881 4927 amare,

2290 4981 2513 5029 amasse,
2551 4972 2784 5017 amatum
2819 4962 2915 5025 ire,
2944 4958 3030 5015 vel
3051 4966 3351 5012 amaturum
3388 4968 3518 5011 esse.

2361 5054 2460 5108 Fa.
2501 5053 2641 5121 Quid
2676 5053 2743 5108 de
2779 5051 3017 5122 quinque
3061 5047 3339 5119 gerundiis
3378 5044 3507 5119 [ΑΛ.
3547 5042 3882 5117 gerendivis]

2291 5147 2633 5204 sentiendum
2671 5141 3059 5199 est?—-Ssxo.
3102 5141 3243 5209 Quid
3280 5139 3450 5205 aliud,
3489 5138 3593 5193 nisi
3631 5146 3692 5194 ut
3730 5138 3885 5209 prius

2292 5239 2424 5304 dixi,
2467 5237 2611 5310 quod
2656 5236 2903 5305 omnino,
2928 5233 3228 5291 secundum
3255 5231 3618 5295 Priscianum,
3659 5229 3884 5285 nomina

2291 5336 2437 5385 sunt.
2466 5327 2600 5382 Nam
2622 5326 3027 5398 praepositiones
3045 5330 3323 5395 separatas
3342 5321 3683 5377 accusatives
3720 5333 3884 5374 casus

2295 5431 2351 5478 et
2372 5420 2636 5477 ablativos
2665 5416 2818 5490 μη,
2846 5415 3141 5472 accusativi
3166 5428 3323 5471 casus
3365 5420 3422 5468 et
3449 5409 3693 5483 ablativi]
3738 5410 3883 5466 acci-

2295 5515 2450 5585 piunt
2496 5520 2555 5567 ut
2590 5509 2704 5583 [ad]
2744 5507 3064 5573 amandum,
3101 5506 3160 5563 in
3196 5504 3454 5569 amando,
3511 5500 3658 5576 quod
3714 5499 3886 5560 verbo

612 5646 714 5694 ses,
752 5635 849 5690 set,
883 5637 1049 5687 emus,
1088 5617 1206 5681 etis,
1234 5622 1368 5680 sent,
1406 5622 1529 5676 quae.
1568 5612 1695 5663 sunt
1721 5601 2119 5673 subiunctativo
2142 5608 2200 5656 et
2297 5622 2406 5665 non
2434 5612 2614 5676 potest
2634 5602 2897 5661 accidere,

691 5797 713 5825 ι
736 5779 1157 5840 Parentheslbus
1186 5776 1392 5833 inclusa
1427 5772 1530 5828 alio
1564 5770 1837 5845 pertinere
1868 5765 2138 5821 videntur.
