4062 6346
256 334 371 396 ’881

1343 318 1921 397 maiusculam;
1956 290 2436 394 culimurtea.

3436 337 3540 395 883

339 446 443 505 Fu.
467 447 610 517 Quid
625 456 806 505 tamen
825 446 995 505 distat
1013 449 1173 519 inter,
1195 456 1498 521 amandum,
1523 455 1771 519 amando,
1793 463 1849 510 et
1876 465 1927 525 Α
1944 450 2173 524 iungere
2201 451 2305 507 sibi
2338 450 2444 508 nisi
2477 451 2715 517 tertiam,
2740 459 2820 517 ut,
2847 460 2903 505 tu
2935 460 2984 505 et
3010 450 3097 505 ille
3122 450 3318 507 facitis.
3358 450 3542 505 Tertia

271 550 527 605 amatum,
553 548 733 595 amata
746 539 772 594 γ
787 570 859 581 -
878 538 1042 597 Suo.
1079 541 1231 610 Quod
1252 545 1537 599 amandum
1558 544 1853 600 necessita-
1878 572 1881 577 λ

271 641 382 689 tem
420 633 622 688 amoris
659 632 957 705 significat;
994 646 1226 691 amatum
1266 638 1478 693 initium
1515 638 1733 694 amoris.
1768 636 1854 693 Si-

271 726 473 782 militer
524 724 753 779 amando
794 726 849 781 in
900 726 1020 797 ipso
1056 743 1268 795 amore;
1322 738 1501 785 amatu
1556 745 1655 801 pro
1706 745 1854 785 ama-

272 819 441 885 tione,
464 819 520 873 id
540 826 646 884 est,
672 834 773 889 pro
811 819 928 889 ipsa
955 836 1015 876 re
1041 822 1323 892 accipitur.

341 909 441 964 Fa.
465 910 673 964 Passivi
714 909 868 983 [Ed.,
903 912 1127 984 passim]
1156 914 1368 984 regulas
1405 914 1581 984 pande
1608 914 1761 971 mihi.
1784 943 1858 956 --

272 999 441 1058 Suo.
481 999 722 1057 Pandam
743 1001 1003 1069 breviter,
1026 1019 1095 1058 ne
1114 1004 1373 1074 prolixior
1399 1006 1524 1071 sim,
1547 1021 1710 1076 quam
1729 1005 1859 1061 huic

270 1093 603 1164 puerililudo
628 1094 818 1149 deceat
835 1093 951 1167 (Sic
975 1095 1147 1169 mss.).
1180 1095 1351 1153 Omne
1368 1098 1647 1169 passivum
1672 1112 1741 1153 ex
1770 1112 1860 1153 ac-

273 1185 385 1240 tivo
425 1183 567 1257 [suo]
605 1186 679 1240 sit
718 1186 920 1257 ubique
970 1202 1069 1258 per
1122 1202 1310 1243 omnes
1344 1188 1768 1261 coniugationes.
1809 1185 1856 1244 0

274 1275 427 1331 ﬁnita
454 1276 538 1332 vel
564 1294 616 1331 m
651 1276 707 1331 in
744 1277 936 1333 activis
964 1286 1206 1347 tempore
1230 1280 1485 1349 praesenti
1507 1288 1561 1335 et
1582 1279 1859 1351 praeterito

275 1366 612 1436 imperfecto,
655 1377 710 1424 et
761 1368 943 1425 futuro
993 1378 1276 1425 assumunt
1322 1388 1349 1423 r
1397 1371 1452 1426 in
1490 1372 1753 1442 passivis,
1799 1377 1863 1426 ut

276 1453 468 1526 [amo,
519 1458 703 1531 amor]
757 1460 973 1524 amabo,
1033 1460 1287 1527 amabor;
1340 1471 1555 1529 amato,
1614 1470 1859 1528 amator;

273 1560 529 1618 amanto,
592 1561 875 1617 amanter;
942 1554 1218 1620 amabam,
1273 1555 1527 1620 amabar;
1584 1572 1859 1621 amarem,

274 1655 516 1705 amarer;
552 1660 765 1704 famem,
808 1661 993 1710 amer;
1033 1644 1223 1716 legam,
1268 1644 1432 1716 legar,
1483 1654 1587 1701 etc.
1639 1646 1863 1702 Caetera:

274 1746 522 1801 persona:
573 1735 870 1790 secundum
926 1736 1210 1806 praedictas
1263 1736 1476 1807 regulas
1529 1737 1693 1791 trium
1737 1753 1865 1793 con-

1950 556 2082 597 vero
2121 556 2221 596 nec
2252 541 2485 612 primam
2517 557 2619 597 nec
2672 542 2987 607 secundam,
3036 541 3128 597 sed
3170 540 3395 597 alteram
3434 550 3545 597 ter—
3619 586 3623 595 ,

1952 634 2103 700 tiam,
2156 640 2239 697 ut,
2283 633 2381 687 iste
2426 642 2475 687 et
2516 633 2604 687 ille
2645 633 2866 702 faciunt.
2908 633 2967 688 ln
3004 634 3337 704 imperativis
3367 635 3545 704 prima

1953 737 2187 795 persona
2216 722 2506 794 singularis
2533 740 2637 778 non
2671 733 2847 795 potest
2880 741 3021 790 esse,
3050 726 3175 795 quia
3220 725 3548 781 naturaliter

1954 815 2248 884 imperans,
2277 814 2346 868 ab
2373 827 2439 869 eo
2460 814 2546 868 cui
2570 814 2802 884 imperat
2830 816 3109 871 dividitur.
3143 814 3356 869 Inﬁnita
3382 814 3545 889 [Ms.,

1954 905 2244 981 lniinitiva]
2270 921 2487 979 quoque
2508 916 2566 963 et
2588 908 2969 980 impersonalia
2994 918 3049 967 et
3074 910 3337 984 gerundia
3358 916 3551 967 carent

1957 998 2277 1056 naturaliter
2300 1000 2570 1069 personis.

2540 1139 2631 1195 DE
2668 1140 2958 1198 NUMERO
3042 1210 3043 1213 γ

2031 1250 2131 1306 Fn.
2172 1250 2468 1307 Numerum
2511 1252 2696 1307 verbis
2727 1254 3077 1308 accedentem
3106 1252 3261 1325 [Hs.,
3302 1255 3553 1312 acciden-

1961 1340 2095 1413 tem]
2125 1342 2321 1412 pande.
2352 1371 2423 1381 -—
2452 1340 2617 1397 Suo.
2654 1340 2924 1398 Numerus
2954 1343 3275 1414 singularis,
3321 1354 3383 1400 ut
3415 1346 3553 1417 lego,

1960 1430 2205 1501 pluralis,
2255 1439 2314 1485 ut
2351 1430 2590 1502 legimus,
2642 1433 2853 1488 accedit
2887 1435 3056 1489 verbo
3087 1434 3252 1491 veluti
3297 1437 3552 1493 omnibus

1962 1522 2207 1593 partibus
2225 1522 2532 1579 casualibus
2562 1541 2581 1597 ε⁵
2607 1525 2701 1580 sed
2726 1525 2780 1578 in
2802 1526 2979 1580 ‘verbo
3004 1527 3104 1581 sub
3122 1542 3229 1582 una
3257 1542 3390 1583 voce
3411 1544 3555 1585 nun-

1966 1630 2131 1685 quam
2157 1616 2448 1685 singularis
2476 1625 2533 1671 et
2567 1617 2795 1687 pluralis
2828 1617 3102 1673 invenitur
3132 1634 3392 1675 numerus
3417 1620 3561 1675 sicut

1967 1705 2023 1759 in
2051 1705 2262 1760 caeteris
2287 1707 2553 1776 partibus,
2584 1715 2643 1761 ut
2666 1707 2801 1772 dies,
2832 1725 2932 1772 res,
2971 1709 3337 1764 nominativus
3366 1711 3560 1783 singu-

267 1796 609 1892 iugmionum
661 1796 945 1893 presenti;
1004 1826 1263 1894 temporis
1316 1796 1670 1882 Jecnnamur.
1728 1826 1864 1881 Nam
1894 1829 1942 1891 Β
1967 1796 2101 1851 laris
2136 1807 2191 1853 et
2233 1797 2488 1868 pluralis;
2531 1798 2643 1894 isti,
2680 1798 2776 1863 illi,
2813 1800 3027 1854 dativus
3055 1800 3345 1870 singularis
3381 1810 3435 1856 et
3467 1816 3563 1856 no-

274 1913 515 1967 secunda
555 1928 785 1983 persona
816 1915 871 1969 in
910 1916 982 1969 ris
1019 1916 1104 1971 vel
1142 1917 1198 1970 in
1242 1933 1296 1970 rc
1336 1917 1560 1984 desinit,
1609 1918 1767 1972 tertia
1809 1918 1865 1973 in

274 2012 395 2068 tur;
451 2012 504 2059 et
547 2006 723 2075 prima
762 2006 816 2060 in
854 2007 1046 2077 plurali
1078 2008 1130 2063 in
1171 2024 1306 2075 mur,
1354 2011 1590 2065 secunda
1622 2010 1677 2064 in
1713 2010 1863 2075 mini,

279 2096 441 2151 tertia
471 2096 527 2151 in
552 2108 693 2151 ntur.
726 2098 978 2154 Omnium
1001 2102 1284 2157 modorum
1304 2103 1637 2171 praeteritum
1667 2101 1863 2175 [Edit.,

278 2187 495 2261 praeter]
525 2189 822 2258 perfectum
846 2201 902 2247 et
938 2192 1524 2264 plusquamperfectum
1564 2202 1618 2249 et
1646 2193 1867 2263 subjun-

279 2277 408 2332 ctivi
427 2278 669 2334 futurum
706 2297 805 2351 per
828 2283 1171 2353 participium
1197 2286 1461 2353 praeteriti
1490 2286 1771 2354 temporis,
1812 2293 1867 2340 et

279 2386 398 2423 sum
425 2364 779 2439 subjéctivum
803 2375 1028 2431 verbum
1051 2377 1371 2443 declinatur,
1389 2378 1551 2449 28⁸1
1579 2387 1639 2432 ut
1658 2386 1866 2433 amatus

280 2481 421 2532 sum,
447 2467 529 2521 vel
553 2467 668 2538 fui:
699 2479 905 2524 amatus
947 2488 1113 2537 eram,
1147 2470 1231 2527 vel
1275 2471 1500 2540 fueram.
1545 2470 1862 2542 Optativus:

282 2565 488 2611 amatus
514 2575 677 2613 essem
701 2559 784 2615 vel
813 2559 1046 2631 fuissem.
1072 2560 1455 2631 Subjunctivns
1486 2582 1499 2617 :
1529 2572 1736 2617 amatus
1768 2562 1866 2618 sim

281 2645 366 2701 vel
391 2646 612 2716 fuerim;
634 2666 797 2704 essem
823 2651 907 2705 vel
936 2651 1169 2721 fuissem.
1203 2652 1467 2708 Futurum
1496 2671 1509 2706 :
1548 2663 1754 2711 anulus
1778 2669 1867 2707 ero

282 2736 368 2790 vel
395 2738 567 2806 fuero.
591 2739 812 2797 Passiva
834 2743 1142 2813 imperativi
1179 2745 1426 2799 secundm
1454 2759 1699 2814 persona:
1730 2758 1870 2812 pra:-

282 2828 453 2883 sentis
480 2827 783 2905 [temporis]
822 2834 879 2888 in
916 2837 1063 2890 omni
1089 2834 1462 2913 coniugatione
1489 2835 1694 2891 similes
1726 2836 1869 2913 acti-

280 2920 364 2974 vis
386 2919 684 2990 inﬁnitivis,
714 2933 775 2979 ut
800 2942 1002 2992 amare,
1024 2928 1227 2993 docere,
1265 2910 1454 2999 legere,
1494 2928 1699 2994 audire,
1726 2910 1870 2998 ’ρεη-

283 3012 475 3068 ultima
505 3014 683 3086 longa,
706 3018 810 3072 nisi
839 3019 998 3074 tertia
1024 3018 1419 3091 coniugatione.
1450 3020 1632 3075 Tertia
1654 3035 1782 3075 vero
1812 3021 1888 3075 in-

282 3113 373 3159 tur
404 3108 542 3173 exit,
584 3109 756 3179 prima
796 3109 1018 3181 pluralis
1062 3110 1119 3167 in
1154 3128 1291 3177 mur,
1334 3114 1569 3167 secunda
1616 3112 1672 3166 in
1702 3111 1863 3178 mini,

1968 1889 2259 1944 minativus
2311 1889 2556 1959 pluralis.
2611 1887 2905 1944 Sciendum
2954 1906 3167 1961 quoque
3213 1902 3296 1946 est
3349 1892 3476 1958 tibi,
3524 1907 3561 1947 ο

1967 1980 2210 2048 France,
2251 1981 2397 2051 quod
2436 1996 2772 2051 quaecunque
2802 1984 2964 2038 verba
3004 1985 3251 2054 personis
3280 1985 3560 2052 deficiunt,

1968 2086 2182 2142 semper
2227 2080 2282 2128 et
2325 2088 2554 2128 numero
2584 2073 2850 2128 defectiva
2891 2074 3047 2139 fiunt,
3077 2082 3136 2129 ut
3176 2075 3561 2145 impersonalia

1967 2171 2024 2219 et
2070 2164 2359 2219 intinitiva.
2400 2165 2527 2220 ldeo
2572 2166 2988 2236 pronominibus
3038 2167 3237 2221 additis
3264 2170 3565 2223 assumunt

1967 2268 2228 2325 personas
2270 2264 2326 2309 et
2362 2270 2640 2321 numeros,
2692 2264 2770 2321 ut,
2822 2254 3011 2326 legitur
3054 2274 3087 2310 a
3123 2272 3227 2322 me,
3275 2274 3307 2309 a
3346 2255 3494 2310 nobis
3542 2268 3567 2307 .-

1968 2344 2134 2415 legere
2163 2355 2211 2399 te
2234 2345 2366 2412 volo,
2400 2353 2455 2401 et
2486 2345 2653 2417 legere
2679 2363 2766 2401 vos
2795 2346 2931 2401 volo.

2038 2458 2137 2513 Fa.
2174 2458 2281 2515 Sed
2324 2460 2451 2531 quia
2492 2460 2758 2517 defectiva
2807 2476 2928 2517 esse
2974 2464 3138 2518 verba
3194 2463 3563 2530 introduxisti,

1962 2549 2148 2604 'subito
2194 2549 2459 2605 defectiva
2497 2564 2597 2621 per
2633 2551 2842 2620 singula
2885 2551 3189 2606 accidentia
3218 2567 3353 2623 opus
3389 2553 3567 2610 habeo

1969 2649 2029 2695 ut
2046 2641 2251 2711 pandas
2271 2642 2422 2707 mihi,
2438 2643 2672 2697 maxime
2694 2644 2819 2713 quia
2838 2644 3077 2698 Donatus
3095 2645 3357 2715 magister
3379 2655 3569 2701 noster

1969 2734 2085 2789 haec
2108 2735 2263 2791 valde
2291 2737 2522 2790 obscure
2547 2745 2603 2791 et
2640 2737 2878 2791 breviter
2910 2738 3104 2808 tetigit.
3137 2765 3211 2777 -—-
3245 2736 3410 2792 Saxo.
3446 2738 3567 2794 Non

1970 2842 2089 2881 sum
2120 2828 2215 2882 tibi
2242 2828 2455 2883 debitor
2491 2827 2973 2893 irrationabilium,
3016 2828 3111 2883 sed
3138 2829 3564 2895 rationabilium,
3650 2854 3667 2873 -

1969 2926 2234 2974 eteorum
2262 2934 2381 2989 qua:
2407 2918 2606 2990 regulis
2636 2918 2971 2987 subiaceant.
3004 2918 3279 2984 Attamen,
3313 2920 3390 2974 uti
3422 2921 3567 2975 scias

1970 3025 2078 3065 non
2103 3024 2190 3065 me
2226 3011 2547 3067 invidiosum
2579 3026 2699 3066 esse
2729 3011 2782 3065 in
2813 3020 2893 3076 te,
2930 3012 3071 3067 sicut
3098 3027 3198 3067 nec
3228 3021 3283 3066 te
3312 3011 3564 3067 fastidiu-

1970 3116 2089 3157 sunt
2117 3102 2377 3175 intelligo,
2417 3102 2650 3173 pandam
2691 3102 2873 3172 aliqua
2908 3118 2975 3157 ex
3018 3102 3142 3157 illis.
3182 3101 3378 3157 Tribus
3417 3103 3566 3157 enim

284 3196 451 3271 [quod
486 3201 540 3255 in
580 3202 869 3259 indicativo
896 3214 949 3260 et
988 3204 1305 3274 imperativo
1330 3205 1578 3261 similiter
1596 3203 1870 3275 profertur

1975 3194 2147 3250 modis
2174 3194 2361 3261 verba,
2387 3194 2471 3249 vel
2498 3192 2651 3267 [Ms.,
2680 3194 2846 3266 velut]
2885 3195 3005 3249 alite
3037 3204 3225 3263 partes
3252 3193 3436 3267 [fiunt]
3468 3193 3567 3248 de-

285 3289 483 3360 (Edit.,
512 3292 656 3363 quod
687 3294 1037 3364 imperativus
1075 3305 1130 3351 et
1150 3295 1451 3351 inﬁnitivus
1476 3295 1730 3351 similiter
1752 3310 1875 3366 pro-
1916 3318 1917 3321 η

285 3381 587 3457 feruntur)]
621 3386 675 3440 in
713 3387 887 3456 prima
921 3387 1316 3460 coniugatione.
1349 3387 1532 3443 Tertia
1555 3386 1778 3457 pluralis
1815 3386 1874 3442 in

284 3476 481 3545 prima,
529 3478 585 3532 in
624 3489 810 3546 entur;
840 3480 960 3536 aliis
1012 3481 1067 3535 in
1108 3491 1265 3535 antur
1286 3500 1305 3536 :
1338 3489 1395 3535 et
1424 3479 1589 3535 futuri
1618 3478 1876 3549 temporis

286 3572 522 3626 secunda
552 3587 785 3642 persona
815 3573 872 3627 in
897 3583 996 3638 tor,
1027 3580 1082 3628 et
1123 3575 1285 3629 tertia
1325 3574 1382 3629 in
1419 3583 1545 3627 tur:
1575 3580 1629 3629 et
1652 3571 1877 3643 pluralis

284 3662 461 3731 prima
482 3662 537 3716 in
561 3679 649 3730 ur,
670 3672 725 3718 et
742 3663 981 3718 secunda
1005 3664 1061 3718 in
1082 3666 1272 3731 minor,
1297 3673 1353 3720 et
1383 3666 1542 3720 tertia
1571 3665 1625 3719 in
1653 3674 1791 3730 ntor,
1814 3671 1875 3719 ut

288 3769 488 3817 amare,
520 3763 759 3819 ametur;
795 3771 1052 3822 amemur,
1087 3757 1403 3823 amaminor,
1434 3766 1670 3811 amentor
1696 3773 1715 3811 :
1738 3772 1877 3810 ame-

287 3850 390 3909 tor,
426 3852 663 3908 ametur;
684 3861 941 3912 amemur,
971 3847 1278 3912 ameminor,
1316 3856 1571 3901 amentor.
1607 3845 1876 3902 Infinitiva

286 3934 506 4005 passiva
527 3950 742 4007 semper
758 3936 811 3991 in
828 3937 1139 4008 ipraesentis
1156 3939 1432 4009 temporis,
1446 3947 1507 3993 ut
1520 3938 1710 4004 amari,
1725 3938 1877 3993 doce-

285 4024 357 4090 ri,
377 4024 495 4096 legi,
513 4027 708 4081 audiri.
725 4027 793 4083 Et
812 4030 1144 4098 praeteritum
1157 4044 1254 4100 per
1272 4030 1615 4101 participium
1629 4030 1877 4085 neutrale

287 4122 471 4170 etesse
490 4116 574 4190 vel
595 4117 775 4187 fuisse,
798 4128 856 4173 ut
875 4120 1084 4174 doctum
1105 4138 1214 4175 esse
1227 4121 1312 4177 vel
1337 4122 1519 4192 fuisse.
1546 4121 1615 4176 Et
1634 4122 1875 4177 futurum

288 4206 349 4261 in
384 4206 475 4273 iri,
522 4215 585 4262 ut
623 4219 855 4264 amatum
889 4212 977 4266 iri.
1017 4212 1154 4267 Ecce
1202 4212 1399 4280 habes,
1445 4212 1681 4278 France,
1731 4212 1876 4283 quod

290 4299 566 4368 quaesisti;
609 4301 704 4356 sed
754 4311 845 4357 tua
891 4304 1178 4361 curiositas
1217 4313 1272 4361 te
1309 4304 1439 4362 facit
1482 4320 1589 4361 non
1636 4313 1877 4360 amatum

290 4404 383 4444 ιη.

360 4480 462 4537 Fa.
490 4482 602 4539 Nec
622 4492 711 4540 tua
738 4493 790 4541 te
814 4488 1013 4544 indivia
1036 4500 1249 4561 gratum
1268 4493 1353 4547 iri.
1379 4523 1452 4535 —
1473 4493 1639 4550 Suo.
1671 4492 1870 4549 Caute!

1974 3285 2215 3352 fectivat;
2254 3296 2347 3341 aut
2372 3294 2586 3383 patura:
2631 3288 2977 3354 necessitate,
3017 3296 3112 3342 aut
3152 3288 3382 3342 fortunae
3413 3303 3570 3353 casu,

1973 3379 2058 3435 vel
2084 3378 2395 3434 differentiae
2420 3395 2606 3435 causa.
2636 3378 2853 3434 Naturae
2877 3380 3221 3445 necessitate,
3248 3387 3329 3445 ut,
3356 3380 3404 3434 si
3430 3379 3568 3434 veli-

1973 3488 2094 3527 mus
2142 3473 2502 3528 masculinum
2551 3474 2733 3529 dicere
2782 3474 2851 3529 ab
2905 3490 2987 3538 eo,
3024 3475 3168 3544 quod
3211 3472 3339 3547 [est]
3377 3480 3591 3544 nupta,

1975 3574 2164 3635 nuptas
2209 3579 2227 3616 :
2276 3565 2422 3619 vela
2453 3581 2740 3636 puerpera,
2784 3584 3093 3637 puerperas,
3138 3574 3404 3638 repugnat
3451 3566 3568 3637 ipsa

1975 3671 2155 3713 rerum
2184 3666 2381 3712 natura
2414 3676 2426 3712 :
2455 3657 2542 3712 vel
2571 3659 2993 3713 inconsonantiaa
3028 3673 3224 3724 causa;
3260 3666 3335 3725 ut,
3369 3657 3413 3711 si
3439 3657 3571 3712 veli-

1974 3766 2137 3806 musa
2153 3765 2343 3807 cursor
2354 3752 2582 3805 curstrix
2604 3750 2786 3806 facere
2807 3749 3151 3816 femininum,
3167 3752 3310 3806 sicut
3338 3768 3367 3806 a
3390 3750 3570 3806 victor
3670 3738 3675 3741 ’

1973 3841 2183 3905 victrix,
2217 3840 2569 3895 inconsouum
2592 3839 2740 3913 [est].
2769 3840 2828 3895 In
2857 3838 3086 3895 fortunae
3116 3857 3267 3906 casu,
3302 3841 3566 3896 inusitata

1975 3940 2031 3987 et
2057 3932 2232 4002 turpia
2260 3932 2528 3995 vitantur,
2572 3939 2627 3985 et
2651 3931 2848 4001 quibus
2878 3940 3132 3986 auctores
3162 3946 3268 3984 non
3302 3938 3565 3996 utuntur;

1976 4026 2248 4098 quomodo
2280 4040 2310 4078 a
2346 4025 2414 4077 do
2460 4023 2560 4077 dor
2597 4022 2892 4078 secundum
2933 4022 3174 4093 regulam
3209 4022 3317 4077 dici
3356 4021 3565 4091 potuit;

1976 4115 2072 4171 sed
2116 4118 2243 4185 quia
2292 4117 2347 4170 in
2390 4115 2702 4169 auctoribus
2749 4130 2855 4169 non
2900 4114 3196 4180 invenitur,
3254 4128 3568 4168 recusamus

1975 4208 2173 4265 dicere.
2219 4207 2545 4264 Diﬂ‘erentiae
2580 4224 2795 4279 quoque
2821 4223 2983 4263 causa
3021 4208 3255 4277 plurima
3300 4209 3564 4273 vitantur,

1976 4309 2056 4366 ut,
2085 4300 2215 4370 fero,
2246 4301 2371 4370 fers,
2398 4299 2497 4369 fert
2522 4314 2620 4370 per
2648 4315 2938 4371 syncopam
2979 4301 3096 4355 sine
3122 4301 3141 4353 i
3168 4300 3344 4355 littera
3388 4300 3441 4355 in
3480 4314 3569 4355 se-

1976 4391 2151 4447 cunda
2173 4399 2229 4446 et
2253 4391 2416 4445 tertia
2450 4405 2679 4462 persona
2713 4390 2989 4461 profertur
3007 4432 3022 4456 ,
3051 4407 3119 4446 ne
3144 4392 3190 4446 si
3221 4390 3347 4462 feris
3367 4432 3379 4453 ,
3419 4389 3567 4461 ferit,

1979 4484 2145 4549 dicas,
2177 4498 2208 4537 a
2251 4482 2383 4552 ferio
2413 4490 2631 4554 putetur
2676 4483 2880 4537 venire.
2932 4481 3023 4537 Sic
3064 4482 3178 4545 edo,
3220 4498 3297 4549 es,
3344 4491 3439 4547 est,
3486 4490 3566 4549 et,

290 4588 361 4630 ne
397 4573 583 4631 audiat
608 4578 703 4646 qui
738 4577 1009 4651 ﬂagella";
1037 4547 1203 4639 ξοιει,
1248 4582 1356 4641 sed
1393 4547 1725 4656 ριιοεείιξιειίθ
1898 4547 1952 4607 D
1978 4547 2136 4643 volo,
2165 4547 2264 4641 vis,
2296 4547 2431 4641 vult,
2458 4574 2773 4631 dill‘erentia:
2802 4590 2967 4631 causa
3015 4547 3320 4630 anomalam
3364 4547 3570 4631 habent

291 4673 431 4723 tera.

363 4759 462 4815 Fa.
501 4760 571 4817 Ut
605 4778 749 4830 reor,
788 4765 923 4820 ordo
962 4766 1319 4822 accidentium
1345 4768 1587 4837 deposcit
1611 4783 1874 4838 personas

286 4851 584 4907 verborum
614 4854 962 4927 investigare.
991 4887 1063 4896 —
1097 4856 1259 4913 Saxo.
1294 4857 1546 4913 Personae
1584 4858 1873 4913 verborum

290 4948 409 4997 tres
445 4953 589 4999 sunt.
620 4946 803 5002 Prima
830 4955 931 5013 est,
963 4965 1083 5020 quae
1106 4950 1171 5004 de
1196 4950 1371 5021 seipsa
1400 4949 1639 5019 loquitur
1658 4956 1714 5003 et
1739 4948 1874 5004 alias

287 5033 546 5088 ostendit.
580 5033 849 5103 Secunda,
886 5037 955 5093 ad
982 5054 1143 5107 quam
1166 5038 1422 5108 loquitur.
1451 5038 1651 5101 Tertia,
1687 5038 1752 5093 de
1771 5054 1876 5108 qua

288 5125 547 5197 loquitur.
596 5128 709 5184 Nisi
758 5132 902 5186 enim
951 5132 1023 5186 sit
1076 5133 1283 5202 prima,
1333 5147 1451 5200 qua:
1501 5131 1710 5201 profert
1763 5145 1878 5185 ser-

290 5235 527 5288 monem,
559 5224 676 5279 aliae
716 5239 836 5281 esse
887 5241 992 5280 non
1028 5235 1270 5297 possunt.
1315 5225 1384 5279 Et
1429 5225 1617 5295 primm
1657 5224 1876 5294 quidem

289 5326 347 5371 et
392 5318 639 5375 secundae
694 5320 986 5376 verborum
1041 5336 1285 5391 persona:
1336 5320 1500 5375 ﬁnitae
1538 5330 1695 5384 sunt;
1738 5336 1877 5390 pra:-

289 5418 477 5465 sentcs
510 5410 653 5465 enim
697 5412 1093 5468 demonstrant.
1145 5412 1329 5466 Tertia
1361 5428 1490 5467 vero
1517 5412 1725 5466 infinita
1756 5419 1872 5477 est,

188 5560 191 5561 ν
290 5502 479 5572 itaque
517 5514 637 5576 eget
684 5506 1003 5577 plerumque
1049 5506 1403 5577 praznomine,
1446 5514 1507 5559 ut
1565 5504 1873 5560 deﬁniatur.

289 5592 362 5648 Et
389 5597 565 5665 prima
618 5599 834 5668 quidem
877 5607 1053 5670 potest
1094 5599 1195 5653 sibi
1241 5606 1297 5653 et
1341 5597 1635 5652 secundam
1683 5604 1736 5650 et
1776 5606 1880 5651 ter-

295 5685 428 5740 tiam
474 5690 835 5763 conjungere,
863 5701 957 5757 ut,
1003 5708 1095 5763 ego
1142 5699 1189 5743 et
1236 5697 1322 5757 tu,
1361 5696 1409 5742 et
1461 5703 1553 5741 nos
1599 5687 1871 5757 facimus:

292 5790 389 5847 ego
425 5789 472 5834 et
517 5780 604 5834 ille
636 5782 877 5854 furiatus.
920 5784 1167 5841 Secunda
1196 5797 1324 5837 vero
1364 5795 1467 5835 non
1495 5778 1717 5852 [potest]
1749 5794 1878 5836 con-

1972 4670 2351 4725 litteraturam.
2400 4668 2467 4723 Et
2509 4667 2622 4724 volo
2672 4668 2995 4723 naturaliter
3032 4668 3352 4737 imperativo
3406 4666 3570 4723 modo

1976 4770 2143 4828 caret,
2177 4760 2301 4830 quia
2335 4761 2593 4830 imperata
2630 4759 2972 4814 necessitatis
3001 4768 3145 4824 sunt,
3183 4774 3290 4815 non
3317 4760 3566 4814 volunta-

1974 4854 2064 4908 tis.
2093 4851 2185 4907 Sic
2212 4853 2317 4922 fac,
2335 4851 2456 4916 duc,
2486 4851 2590 4915 dic,
2616 4851 2713 4920 fer,
2742 4850 2943 4919 placuit
2968 4854 3280 4908 auctoribus
3307 4869 3404 4923 per
3428 4868 3567 4924 apo-

1975 4959 2164 5013 copam
2194 4942 2423 5012 proferri
2455 4941 2768 4996 differentiae
2798 4942 2964 5013 288
3003 4958 3186 5010 causa,
3233 4960 3300 4999 ne
3340 4946 3384 4999 si
3426 4946 3568 5015 face,

1979 5038 2133 5103 duce,
2160 5037 2295 5103 dice,
2325 5036 2451 5106 fere,
2480 5035 2805 5099 diceremus,
2834 5035 2976 5089 aliud
3006 5036 3316 5107 significare
3343 5046 3565 5106 putare-

1981 5147 2122 5187 mus.
2172 5130 2303 5184 ltem
2348 5128 2513 5183 multa
2554 5145 2660 5183 non
2705 5129 2980 5195 dicuntur,
3012 5131 3137 5200 quia
3167 5131 3221 5184 in
3254 5130 3567 5185 auctoribus

1980 5242 2089 5282 non
2134 5224 2497 5287 inveniuntur,
2532 5223 2597 5278 de
2642 5224 2839 5294 quibus
2885 5240 2983 5294 per
3026 5223 3236 5295 singula
3267 5222 3567 5277 accidentia

1982 5318 2160 5387 aliqua
2190 5325 2292 5371 tuae
2318 5316 2549 5386 pandam
2577 5316 2843 5370 aviditati.

2049 5408 2183 5463 Nam
2224 5424 2400 5478 quteso
2430 5422 2538 5461 non
2580 5408 2743 5463 habet
2772 5408 2905 5462 alios
2940 5407 3127 5461 modos
3171 5406 3273 5459 nisi
3311 5405 3562 5461 indicati-

1978 5515 2135 5566 vum;
2158 5513 2444 5569 personam
2472 5499 2702 5569 primam
2730 5498 2783 5552 in
2811 5507 3037 5566 utroque
3060 5512 3307 5561 numero,
3340 5505 3394 5550 ct
3419 5495 3568 5567 [que-

1980 5592 2111 5666 sere]
2153 5592 2493 5647 infinitivum.
2532 5592 2663 5646 Item
2699 5601 2813 5645 orat
2839 5600 2895 5643 et
2924 5590 3061 5658 inﬁt,
3094 5605 3201 5643 non
3231 5589 3431 5643 habent
3458 5588 3565 5645 nisi

1980 5685 2194 5739 tertiam
2220 5698 2536 5754 personam;
2567 5691 2622 5737 et
2649 5699 2805 5737 ovans
2828 5680 3187 5750 participium.
3214 5679 3346 5735 ltem
3367 5679 3563 5747 ausim,

1980 5777 2032 5831 id
2057 5784 2159 5845 est,
2191 5775 2833 5851 auctoritatemhabeam
2855 5792 2866 5832 ;
2892 5781 2944 5828 et
2964 5773 3197 5845 inquam,
3226 5781 3413 5829 contra
3442 5786 3565 5831 uto-
