4062 6346
265 236 373 309 885

1322 230 1795 313 omsscmcs.
1836 260 1907 272 —
1943 227 2421 289 casumnca.

3417 222 3522 276 886

268 361 424 427 Plur.
482 357 789 421 Edebamus
807 394 824 421 ,
871 353 1113 415 edebatis
1136 392 1153 420 ι
1196 346 1446 407 edebant.
1500 345 1838 401 Prteteritum
1864 348 1920 405 Α
1942 375 2011 386 —
2037 342 2202 398 Saxo.
2229 342 2410 397 Vincit
2436 358 2447 394 :
2474 336 2803 412 quapropter
2832 350 3021 397 eamus
3048 336 3150 393 viae
3190 337 3334 408 quod
3366 336 3523 408 [Ms.,

262 454 482 526 perfect.
538 450 674 516 Edi,
724 448 921 529 edisti,
955 448 1085 503 edit.
1119 440 1281 499 Plan
1331 440 1575 508 Edimus,
1629 440 1856 521 edistis,

267 545 496 600 ederunt
517 539 592 596 vel
619 540 799 594 edere.
827 534 1336 607 Plusquamperfect.
1353 533 1605 596 Ederam,
1631 530 1840 594 ederas,

267 636 477 690 ederat.
519 629 729 684 Plural.
757 629 1075 692 Ederamus,
1112 623 1365 689 ederetis,
1396 625 1641 679 oderant.
1673 619 1846 674 Futu-

269 743 407 782 rum.
442 724 632 788 Edam,
654 722 802 787 edes,
828 722 968 776 edet.
999 717 1152 773 Plur.
1170 719 1422 779 Edemus,
1445 714 1640 780 edetis,
1663 714 1847 769 edent.

270 816 651 886 Imperativus.
674 813 745 868 Es
764 854 778 878 ,
803 814 947 867 edat.
984 810 1137 864 Plur.
1168 811 1439 873 Edams,
1469 812 1617 871 este,
1663 806 1847 859 edant.

269 904 557 965 Futurum.
588 904 737 967 Esto,
763 904 909 968 edat,
934 901 1142 955 Plural.
1162 902 1413 963 Edamus,
1445 906 1638 962 estote,
1665 897 1847 960 edant,

269 1003 346 1050 vel
374 1001 593 1060 edunto,
624 1000 901 1050 eduntote.
927 993 1219 1063 Uptativus.
1246 991 1459 1055 Essem,
1485 1003 1655 1052 esses,
1683 994 1849 1042 esset.

272 1086 482 1141 Plural.
515 1087 789 1152 Essemus,
815 1086 1034 1148 essetis,
1066 1093 1263 1139 essent.
1294 1080 1598 1155 [Praeterito
1622 1079 1850 1151 perfecto

270 1194 319 1240 et
342 1181 892 1256 plusquamperfecto].
921 1180 1162 1237 Edissem
1187 1220 1201 1243 ,
1228 1178 1451 1239 edisses,
1478 1175 1694 1230 edisset.
1724 1170 1853 1225 Plu-

208 1304 211 1317 ι
271 1275 371 1343 ral.
404 1275 737 1339 Edissemus,
762 1273 1030 1337 edissetis,
1060 1272 1318 1327 edissent.
1345 1264 1621 1342 [Futuro].
1655 1265 1849 1332 Edam,

270 1372 417 1436 edas,
449 1370 592 1425 edat.
628 1365 836 1421 Plural.
868 1364 1128 1429 Edamus,
1160 1362 1354 1426 edatis,
1387 1352 1567 1415 edant.
1618 1354 1855 1426 Conjun-

271 1462 404 1516 clivo
433 1460 637 1534 [modo]
665 1458 872 1523 Edam,
921 1456 1051 1512 edas
1079 1496 1093 1523 ,
1143 1456 1287 1510 edat.
1337 1448 1544 1506 Plural.
1595 1448 1851 1513 Edamus,

270 1551 463 1615 edatis,
497 1548 675 1606 edant.
703 1548 912 1611 Essem,
946 1559 1114 1609 esses,
1148 1550 1311 1599 esset.
1338 1539 1547 1595 Plural.
1573 1538 1849 1599 Essemus,

268 1640 478 1706 essetis,
505 1644 707 1695 essent.
727 1637 968 1700 Ederim,
999 1634 1199 1697 ederis,
1223 1631 1415 1687 ederit.
1452 1627 1663 1683 Plural.
1713 1624 1854 1682 Ede-

1947 439 2113 504 viam,
2140 434 2282 508 quat]
2311 442 2503 492 restat.

2484 523 2577 581 DE
2614 518 2983 581 ADVERBIO.

1932 610 1937 630 ³
2018 618 2118 673 Fn.
2164 616 2426 682 Tandem,
2458 614 2625 683 Saxo,
2665 615 2761 670 diu
2786 617 3039 672 obserata
3074 628 3172 671 ora
3203 612 3445 679 reclude,
3476 620 3533 668 et

1951 712 2230 779 hucusque
2249 707 2461 764 clausas
2483 707 2865 764 adverbiorum
2887 707 3103 780 regulas
3123 706 3348 763 enuclea
3370 706 3527 762 mihi.

1951 834 2024 846 —
2052 802 2213 859 Saxo.
2247 801 2487 866 Faciam,
2512 800 2741 856 France.
2772 799 3102 856 Adverbium
3134 808 3218 855 est
3254 814 3384 870 pars
3407 814 3535 854 ora-

1956 895 2119 950 tionis
2135 906 2350 962 semper
2375 894 2541 947 verbo
2570 892 2878 948 cobzerens:
2902 900 2957 948 et
2986 894 3088 948 hoc
3109 894 3219 964 agit
3240 893 3422 948 verbis
3441 892 3535 947 ad-

1955 986 2147 1050 ditum,
2175 985 2317 1053 quod
2342 983 2604 1052 adjectiva
2630 985 2850 1039 nomina
2879 985 3215 1057 appellativis
3243 984 3491 1054 adjuncta
3520 1004 3530 1035 ;

1955 1086 2048 1144 ut,
2073 1076 2304 1148 prudens
2332 1076 2487 1130 homo
2513 1075 2801 1143 prudenter
2839 1078 2986 1147 agit,
3036 1076 3163 1146 felix
3202 1078 3283 1131 vir
3314 1075 3538 1147 feliciter

1956 1169 2100 1224 vivit.
2340 1180 2347 1183 '

2028 1259 2128 1314 Fa.
2168 1258 2443 1315 Adverbio
2465 1267 2599 1330 quot
2625 1258 2914 1317 accidunt?
2937 1288 3009 1301 -
3028 1259 3196 1316 Saxo.
3220 1259 3348 1316 Tria
3373 1277 3385 1315 :
3417 1274 3540 1329 spe—

1959 1354 2093 1419 cies,
2116 1352 2460 1424 significatio,
2486 1352 2681 1425 ﬁgura.

2029 1445 2131 1499 Fn.
2173 1444 2422 1514 Speciem
2448 1447 2645 1516 pande.
2699 1473 2769 1486 --
2796 1442 2961 1503 Saxo.
3011 1444 3149 1513 Quia
3196 1453 3323 1500 sunt
3351 1446 3542 1516 primi-

1959 1541 2093 1606 tiva,
2127 1548 2222 1595 aut
2248 1539 2568 1595 derivativa.
2614 1539 2897 1595 Primitiva
2930 1540 3150 1611 quidem
3179 1549 3326 1606 sunt,
3352 1556 3474 1611 qua:
3512 1556 3541 1596 a

1960 1648 2019 1689 se
2045 1631 2221 1705 [ipsis]
2253 1639 2574 1698 nascuntur,
2607 1640 2686 1700 ut,
2738 1649 2864 1699 non,
2921 1633 3019 1695 ita,
3054 1648 3168 1687 ceu.
3208 1631 3542 1699 Derivativa,

270 1730 461 1794 rimus,
495 1728 739 1793 ederitis,
787 1725 1016 1782 ederint.
1059 1723 1324 1785 Edissem,
1358 1722 1584 1785 odisses,
1631 1717 1852 1772 edisset.
1889 1725 1933 1785 Β
1960 1738 2083 1794 qua
2105 1724 2172 1777 ab
2195 1722 2316 1780 aliis
2337 1722 2609 1778 adverbiis
2635 1732 2955 1789 nascuntur,
2982 1731 3062 1790 ut,
3093 1739 3123 1778 a
3145 1723 3302 1790 clam,
3331 1724 3548 1779 clancu-

270 1816 480 1873 Plural.
500 1818 834 1884 Edissemus,
856 1817 1121 1881 edissetis,
1143 1815 1399 1870 edissent.
1426 1813 1623 1875 Edero,
1652 1809 1852 1875 oderis,

267 1911 465 1966 ederit.
490 1909 644 1964 Plur.
696 1908 1014 1974 Ederimus,
1060 1906 1305 1967 ederitis.
1333 1904 1565 1962 ederint.
1598 1901 1857 1972 Inﬁnitivi

267 2000 414 2055 modi
444 2008 656 2072 tempus
677 2013 917 2070 praesens
961 2019 977 2055 ς
1028 1997 1178 2053 Esse.
1212 1996 1476 2052 Similiter
1499 1995 1851 2067 praeteritum,

267 2106 397 2144 esse.
439 2088 709 2144 Futurum
739 2108 752 2144 :
785 2106 936 2146 esum
962 2090 1027 2144 iri
1055 2129 1069 2155 ,
1111 2088 1195 2143 vel
1220 2103 1441 2143 esurum
1467 2101 1606 2143 esse.
1656 2084 1859 2157 Imper-

269 2181 450 2237 sonale
488 2199 507 2238 :
552 2182 717 2239 Estur
741 2180 897 2255 μὴ..
950 2181 1151 2254 editur]
1184 2179 1488 2255 [Praeterito
1540 2178 1855 2250 imperfect]

271 2270 549 2330 edebatur.
604 2272 909 2347 [Prteterito
959 2272 1200 2347 perfect.]
1245 2288 1397 2329 esum
1446 2280 1567 2338 est,
1605 2269 1684 2325 vel
1733 2268 1855 2324 fuit.

276 2364 575 2437 [Prwterito
593 2362 1113 2438 plusquamperfect.]
1130 2379 1283 2421 esum
1298 2372 1416 2419 erat
1432 2363 1507 2418 vel
1523 2362 1548 2417 ί
1549 2370 1724 2417 uerat.
1746 2358 1859 2414 Fu-
1940 2372 1957 2397 ’τ

275 2463 450 2508 turum
476 2468 495 2506 :
514 2455 741 2509 edetur.‘
760 2454 967 2526 Supina
998 2467 1016 2507 :
1048 2453 1288 2522 Edendi,
1314 2454 1543 2520 edendo,
1568 2453 1854 2509 edendum.

273 2544 465 2621 Esum,
495 2560 594 2602 esu
631 2545 763 2620 [Al.,
797 2546 1013 2614 Essum,
1049 2546 1218 2619 essu].
1836 2550 1843 2557 ‘

352 2632 484 2693 Volo
510 2653 723 2709 quoque
747 2639 973 2696 verbum
1003 2639 1246 2696 neutrale
1265 2654 1364 2711 per
1384 2652 1656 2711 syncopen
1679 2637 1859 2708 prola-

277 2740 393 2786 tum
423 2731 478 2787 in
500 2732 734 2789 secunda
762 2741 818 2787 et
836 2732 888 2787 in
914 2731 1074 2789 tertia
1099 2744 1350 2803 persona,
1376 2741 1432 2788 et
1454 2732 1510 2787 in
1541 2729 1861 2801 imperfecto

278 2820 435 2895 [Ms.,
464 2821 807 2895 imperativo]
842 2822 1043 2878 delicit.
1075 2820 1228 2888 Volo,
1264 2822 1366 2885 vis,
1391 2821 1527 2876 vult.
1567 2819 1717 2873 Plur.
1752 2818 1859 2874 Vo-

274 2911 476 2979 lumus,
511 2911 695 2978 vultis,
731 2912 937 2967 volunt.
972 2910 1259 2978 Volebam,
1322 2910 1562 2973 volebas,
1622 2909 1856 2965 volebat.

280 2998 433 3057 Plur.
456 3001 793 3069 Volebamus,
819 3002 1102 3064 volebatis,
1131 3002 1402 3058 volebant.
1417 2999 1597 3067 Volui,
1617 3001 1858 3065 voluisti,
1962 3008 1965 3011 ‘

1959 1816 2072 1872 lum
2106 1836 2119 1871 :
2151 1826 2206 1873 et
2231 1833 2261 1871 a
2282 1833 2440 1888 prope
2467 1858 2481 1883 ,
2528 1818 2770 1888 propius.
2803 1816 2870 1871 Et
2897 1818 2965 1872 ab
2997 1816 3117 1871 aliis
3154 1818 3401 1887 partibus
3424 1833 3549 1873 ora-

1959 1909 2163 1975 tionis,
2201 1916 2261 1963 ut
2292 1923 2322 1962 a
2353 1908 2574 1964 nomine
2604 1907 2852 1975 Latinus,
2883 1908 3115 1963 Latine:
3149 1907 3371 1975 Tullius,
3413 1908 3545 1965 Tul-

1958 2001 2119 2057 liane.
2146 2001 2193 2056 A
2207 2002 2371 2057 verbo
2404 2020 2417 2055 :
2445 2016 2476 2056 a
2495 2018 2677 2073 parco,
2702 2002 2941 2073 parcius.
2967 2002 3011 2057 A
3033 2002 3252 2057 nomine
3269 2012 3324 2058 et
3343 2006 3542 2060 verbo:

1960 2110 1989 2148 a
2018 2093 2151 2164 pede
2166 2100 2225 2149 et
2258 2102 2401 2148 tento
2419 2134 2435 2161 ,
2483 2094 2839 2164 pedetentim.
2870 2095 2917 2149 Α
2940 2095 3287 2166 pronomine,
3312 2103 3420 2150 uta
3442 2112 3543 2160 me,

1959 2200 2174 2241 mecum
2198 2183 2351 2257 [Ms.,
2376 2185 2644 2260 meatim].
2674 2186 2758 2243 Ab
2779 2185 2871 2242 ille
2890 2195 2946 2243 et
2971 2187 3077 2254 hic,
3110 2187 3237 2244 illic.
3269 2188 3317 2244 A
3340 2204 3551 2260 praepo-

1960 2276 2176 2341 sitione,
2208 2284 2269 2331 ut
2296 2278 2365 2332 ab
2385 2294 2469 2343 ex,
2499 2286 2680 2335 extra.

2030 2368 2121 2422 Fr.
2155 2367 2407 2437 Nunquid
2456 2369 2774 2426 adverbium
2813 2386 2913 2442 per
2959 2385 3017 2427 se
3046 2370 3285 2441 positum
3331 2371 3551 2441 plenum

1961 2466 2140 2529 potest
2182 2459 2382 2517 habere
2441 2462 2696 2517 sensum?
2722 2492 2792 2502 —
2825 2460 2992 2518 Saxo.
3041 2459 3157 2517 Non
3183 2468 3394 2533 potest,
3447 2462 3552 2516 nisi

1960 2550 2127 2605 verbo
2155 2548 2238 2604 vel
2282 2550 2567 2620 participio
2600 2550 2861 2624 jungatur
2910 2550 3104 2626 [Edit.,
3157 2551 3426 2627 legatur],
3471 2562 3550 2620 ut,

1964 2640 2089 2694 bene
2118 2639 2251 2709 lego,
2279 2640 2404 2695 bene
2430 2640 2622 2713 legens.

2036 2729 2134 2785 Fn.
2177 2730 2480 2787 Possuntne
2523 2734 2642 2790 alite
2690 2742 2876 2805 partes
2928 2750 3028 2806 pro
3081 2735 3356 2791 adverbiis
3385 2736 3554 2805 poni?
3588 2736 3605 2750 ’

1964 2853 2037 2864 —
2061 2820 2226 2880 Saxo.
2268 2822 2525 2879 Possunt.
2556 2824 2693 2880 Nam
2727 2826 2947 2881 nomina
2973 2840 3071 2897 per
3107 2825 3351 2882 diversos
3393 2840 3553 2882 casus

1964 2932 2064 2986 pro
2095 2916 2364 2971 adverbiis
2400 2925 2694 2988 ponuntur.

2038 3009 2136 3064 Ἑρ..
2177 3008 2253 3063 Da
2275 3011 2601 3082 exemplum.
2628 3042 2696 3051 —
2723 3010 2891 3067 Saxo.
2918 3011 3201 3069 Genitivus
3227 3026 3327 3083 pro
3356 3012 3549 3067 adver-

279 3082 469 3148 voluit.
499 3092 651 3148 Plur.
678 3092 982 3161 Voluimus,
1006 3094 1277 3159 voluistis,
1313 3093 1633 3158 voluerunt,
1664 3091 1742 3147 vel
1765 3108 1859 3147 vo-

1965 3103 2055 3160 bio
2074 3103 2313 3175 ponitur,
2346 3111 2405 3158 ut
2432 3073 2636 3168 liomw,
2660 3112 2721 3158 ut
2738 3102 2928 3158 Cicero
2958 3121 2971 3157 :
3000 3101 3183 3158 Romw
3206 3073 3271 3159 ne
3296 3104 3383 3158 sit.
3409 3088 3552 3159 Dati—

281 3184 447 3241 luere.
475 3185 782 3253 Volueram,
805 3187 1076 3256 volueras,
1109 3186 1374 3243 voluerat.
1414 3183 1626 3241 Plural.
1658 3184 1855 3242 Volue—

283 3294 489 3344 ramus,
520 3279 836 3347 volneratis,
866 3280 1169 3337 volnerant.
1204 3278 1397 3337 Volam
1418 3322 1432 3347 ,
1480 3280 1650 3345 voles,
1694 3279 1856 3335 volet.

281 3369 435 3425 Plur.
462 3368 739 3437 Volemus,
782 3371 973 3427 voletis
992 3413 1007 3438 ,
1034 3371 1235 3428 volent.
1267 3369 1579 3445 [Optativo].
1631 3367 1859 3435 Vellem,

282 3458 470 3527 velles,
498 3461 679 3517 vellet.
712 3454 923 3517 Plural.
947 3461 1243 3528 Vellemus,
1268 3462 1496 3527 velletis,
1520 3462 1737 3517 vellent.
1762 3462 1864 3517 Vo-

282 3550 522 3617 luissem,
550 3553 834 3619 voluisses,
863 3553 1140 3609 voluisset.
1192 3552 1403 3608 Plural.
1454 3553 1859 3619 Voluissemus,

281 3642 609 3709 volnissetis,
658 3642 973 3699 voluissent.
1009 3634 1212 3709 Velim,
1251 3644 1407 3710 velis,
1445 3643 1595 3699 velit.
1649 3640 1860 3697 Plural.

289 3734 540 3799 Velimus,
562 3734 761 3802 velitis,
780 3735 967 3792 velint.
981 3734 1208 3801 Vellem,
1230 3732 1414 3801 velles,
1430 3734 1608 3791 vellet.
1646 3732 1749 3789 Plu
1759 3733 1859 3788 ral.

282 3826 578 3892 Vellemus,
609 3826 837 3891 velletis,
869 3827 1090 3883 vellent.
1127 3827 1397 3884 Volnerim
1424 3869 1438 3893 ,
1478 3826 1732 3891 volueris,
1769 3841 1864 3882 vo-

284 3915 466 3970 luerit.
514 3916 665 3971 Plur.
700 3918 1060 3983 Voluerimus,
1094 3919 1406 3984 volueritis,
1434 3919 1726 3973 voluerint.
1759 3919 1866 3974 Vo-

284 4008 507 4064 luissem
529 4050 541 4071 ,
584 4009 847 4065 voluisses
870 4052 883 4076 ,
914 4011 1195 4067 voluisset.
1227 4009 1437 4066 Plural.
1465 4010 1861 4080 Voluissemus,

284 4101 612 4165 voluissetis,
664 4103 978 4159 voluissent.
1024 4103 1279 4171 Voluero,
1326 4105 1582 4171 volueris,
1612 4105 1861 4159 voluerit.

287 4190 393 4245 Plu
402 4209 443 4245 r.
464 4190 822 4259 Voluerimus,
836 4194 1136 4261 volueritis,
1149 4194 1439 4250 voluerint.
1454 4194 1619 4265 Inﬁn.
1637 4194 1862 4267 [modo],

285 4302 517 4356 pra’sens
546 4299 563 4336 :
596 4283 765 4341 Velle.
795 4283 1135 4344 Prwteritum
1165 4303 1185 4343 :
1213 4288 1469 4345 voluisse.
1514 4285 1868 4359 Participium

286 4394 519 4448 prmsens
546 4391 563 4427 :
594 4377 799 4433 volens.

363 4467 453 4523 Sic
475 4468 789 4524 declinanda
810 4479 934 4525 sunt
960 4488 972 4524 :
1007 4463 1287 4537 Nolo,‘non
1317 4471 1420 4538 vis,
1454 4486 1559 4527 non
1582 4470 1727 4536 vult;
1763 4470 1869 4526 nisi

288 4561 435 4631 quod
472 4559 589 4614 nolo
612 4561 988 4631 imperativum
1022 4562 1205 4628 habet,
1236 4570 1315 4627 ut,
1344 4560 1473 4627 noli,
1504 4560 1682 4616 nolite.
1710 4559 1867 4627 Malo,

291 4650 482 4715 mavis,
512 4650 733 4717 mavult,
769 4658 824 4705 et
851 4650 1078 4720 reliqua.
1110 4651 1340 4707 Immitis
1365 4667 1424 4707 es
1450 4652 1507 4706 in
1551 4668 1636 4708 me
1659 4694 1672 4716 ,
1710 4652 1874 4723 290

289 4742 520 4797 France.
546 4743 685 4799 Ecce
712 4744 871 4814 quale
896 4759 1031 4799 onus
1052 4745 1357 4814 imposuisti
1379 4744 1531 4811 mihi,
1567 4746 1770 4800 ducens
1786 4762 1873 4801 me

291 4854 390 4910 per
418 4854 611 4911 aspera
634 4848 690 4896 et
712 4841 950 4912 spinosa.
982 4840 1202 4897 Dimitte
1227 4855 1314 4897 me
1342 4841 1560 4897 tandem
1582 4840 1887 4910 aliquando

294 4947 588 5002 respirare.

363 5024 464 5080 Fs.
492 5024 790 5094 Dimittam,
815 5036 871 5082 et
885 5026 1042 5098 juxta
1068 5023 1355 5098 Virgilium
1383 5024 1592 5099 (Eclog.
1627 5040 1705 5090 rx,
1738 5022 1866 5095 65):

792 5203 806 5218 .
831 5200 844 5215 .
870 5201 882 5214 .
908 5200 922 5214 .
945 5163 1051 5231 Ego
1070 5164 1162 5215 hoc
1180 5170 1232 5215 te
1258 5163 1385 5215 fasce
1412 5162 1606 5214 levabo.

286 5297 364 5311 —
386 5266 555 5325 Saxo.
584 5267 700 5324 Etsi
726 5268 832 5325 hoc
855 5267 1005 5324 levas
1029 5309 1044 5335 ,
1085 5268 1248 5325 timeo
1275 5284 1344 5325 ne
1374 5268 1520 5325 aliud
1542 5268 1805 5338 imponas.

361 5379 465 5437 Fs.
495 5380 615 5437 Noli
641 5381 863 5438 timidus
899 5396 1021 5439 esse

547 5531 559 5544 .
590 5530 603 5543 .
632 5531 645 5545 .
672 5533 682 5545 .
712 5534 726 5548 .
756 5495 911 5547 Labor
932 5496 1098 5548 omnia
1124 5496 1278 5547 vincit

542 5556 795 5622 improbus
822 5560 869 5609 ⁸.

365 5712 392 5745 ι
431 5702 580 5777 Virg.
612 5721 631 5763 ι
661 5704 858 5780 Georg.
892 5706 1013 5763 145.

1896 4433 1950 4497 D

1964 3209 2064 3248 vus
2092 3208 2110 3247 :
2141 3186 2363 3266 vesperi,
2380 3194 2529 3249 sorti.
2566 3191 2821 3263 Virgilius
2843 3190 3053 3267 (Georg.
3085 3208 3159 3259 1v,
3195 3192 3319 3265 165)
3354 3212 3368 3248 :

1962 3311 2090 3363 Sunt
2110 3308 2292 3373 quibus
2313 3310 2374 3360 ad
2397 3316 2583 3373 portam
2605 3308 2733 3374 (AL,
2758 3310 2944 3373 portas]
2966 3309 3146 3361 cecidit
3167 3311 3387 3361 custodia
3410 3312 3552 3362 sorti.

1963 3417 2319 3473 Accusativus
2364 3435 2376 3470 :
2413 3415 2637 3471 Romam
2685 3432 2842 3489 pergo
2891 3415 3020 3490 [vel]
3060 3416 3311 3473 Athenas.
3342 3416 3551 3473 Teren-

1966 3518 2003 3563 t'
2106 3530 2117 3563 :

1992 3526 2076 3566 ms
2212 3597 2334 3658 Quid
2359 3606 2435 3659 tu,
2452 3598 2668 3657 indocte,
2682 3596 2903 3648 Athenas
2918 3596 2943 3646 ?

1966 3702 2267 3760 Ablativus.
2296 3699 2495 3773 [Unde]
2526 3698 2787 3769 Virgilius
2814 3698 2980 3770 (Ecl.,
3011 3714 3115 3766 vn,
3151 3698 3205 3772 1)
3237 3714 3253 3755 :

2094 3815 2242 3865 Forte
2261 3812 2352 3864 sub
2377 3817 2551 3874 arguta
2580 3813 2874 3863 consederat
2899 3812 3021 3862 ilice
3044 3811 3280 3873 Daphnis.

2039 3917 2137 3971 Fu.
2182 3915 2463 3984 Quomodo
2488 3913 2722 3971 discerni
2759 3922 2937 3985 potest
2976 3921 3157 3969 utrum
3184 3912 3402 3968 nomine
3433 3912 3550 3967 sint

1969 4011 2050 4066 sic
2072 3994 2401 4079 composita,
2441 4023 2509 4063 an
2538 4007 2831 4063 adverbia?
2856 4036 2929 4047 —-
2963 4005 3127 4062 Saxo.
3165 4004 3300 4060 Cum
3335 4004 3553 4058 nomina

1969 4100 2089 4158 loco
2112 4100 2490 4157 adverbiorum
2514 4100 2870 4168 accipiuntur,
2894 4097 3551 4162 manentindeclinabilia,

1971 4195 2097 4249 licet
2122 4195 2349 4251 diversis
2380 4193 2674 4264 iungantur
2702 4194 2918 4248 casibus
2939 4233 2954 4259 ,
2983 4205 3062 4259 ut,
3096 4191 3318 4245 sublime
3342 4189 3545 4256 volans,

1970 4287 2188 4344 sublime
2212 4287 2452 4353 volantis,
2481 4285 2702 4341 sublime
2726 4285 2943 4350 volanti,
2963 4294 3068 4341 etc.
3089 4283 3145 4339 Si
3177 4299 3309 4339 vero
3333 4284 3550 4337 nomina

1975 4390 2122 4445 sunt,
2166 4380 2534 4444 declinantur,
2592 4386 2682 4444 ut,
2729 4378 2826 4432 hoc
2876 4378 3098 4432 sublime
3128 4377 3343 4443 volans,
3394 4376 3556 4446 hujus

1972 4473 2211 4531 sublimis
2244 4466 2488 4537 volantis,
2510 4471 2630 4525 huic
2659 4470 2871 4525 sublimi
2904 4468 3131 4534 volanti,
3162 4479 3267 4524 etc.

2042 4566 2141 4620 Fu.
2179 4564 2317 4619 Num
2348 4565 2465 4621 alia:
2498 4573 2678 4635 partes
2712 4579 2813 4635 pro
2850 4562 3121 4618 adverbiis
3148 4563 3465 4633 ponuntur?
3487 4594 3557 4605 --

1975 4656 2139 4713 Saxo.
2170 4657 2468 4713 Ponuntur.
2508 4655 2645 4712 Nam
2664 4656 2741 4712 vel
2777 4657 3105 4726 conjunctio,
3148 4663 3225 4721 et,
3253 4670 3366 4725 per,
3405 4662 3459 4709 et
3494 4672 3558 4708 e.r

1972 4749 2403 4821 praepositiones,
2432 4765 2531 4819 pro
2555 4748 2703 4804 valde
2726 4749 3089 4817 accipiuntur,
3118 4756 3177 4803 ut
3200 4746 3389 4803 Cicero
3416 4767 3428 4801 :
3470 4746 3558 4801 Vel

1973 4859 2223 4913 magnum
2260 4842 2471 4908 bellum,
2498 4856 2598 4913 pro
2619 4841 2777 4897 valde
2826 4856 3100 4913 magnum.
3134 4841 3408 4909 Excelsus,
3461 4857 3558 4911 pro

1974 4937 2131 4992 valde
2153 4937 2375 4994 celsus.
2412 4978 2415 4981 -
2486 4950 2489 4953 '

2556 5050 2646 5106 DE
2674 5050 2970 5111 FIGURIS.

2048 5164 2147 5219 Fn.
2197 5162 2413 5233 Figura:
2462 5162 2842 5221 adverbiorum
2877 5175 3011 5236 quot
3062 5169 3223 5224 sunt?
3264 5196 3337 5208 -—
3384 5166 3530 5222 Saxo

1977 5256 2131 5312 Tres.
2164 5254 2422 5325 Simplex,
2450 5265 2531 5324 ut,
2562 5258 2674 5312 diu.
2706 5258 3038 5329 Composita,
3067 5270 3146 5327 ut,
3172 5259 3421 5315 interdiu.
3451 5259 3527 5315 De

1978 5349 2298 5418 composita,
2330 5349 2383 5404 id
2406 5358 2491 5405 est
2515 5391 2530 5416 ,
2553 5365 2674 5421 quae
2704 5368 2734 5405 a
2765 5353 3080 5422 compositis
3107 5352 3443 5416 derivantur,
3475 5360 3556 5418 ut,

1978 5439 2048 5494 ab
2075 5440 2305 5505 indocto,
2334 5439 2566 5506 indocte,
2600 5457 2630 5497 a
2657 5442 3013 5508 misericorde,
3038 5442 3481 5499 misericorditer.

2052 5531 2147 5585 Fn.
2192 5529 2529 5602 Signiﬁcatio
2551 5531 2931 5591 adverbiorum
2954 5549 3073 5603 quae
3109 5540 3194 5589 est
3222 5531 3379 5607 [Ms.,
3421 5538 3559 5608 quot
