4062 6346
494 258 617 317 887
1345 252 1407 310 Β.
1449 253 1512 309 F.
1544 250 1770 310 ALBlNl
1804 248 1937 310 SEU
1973 248 2252 309 ALCUlNl
2286 249 2573 310 OPEBUM
2604 244 2786 310 PARS
2821 249 2931 309 VII.
3675 252 3783 312 888

512 376 723 449 species
748 370 977 447 habet]?
1012 400 1085 414 —
1123 370 1288 428 Suo.
1343 370 1682 443 Signiﬁcatio
1712 371 2089 428 adverbiorum
2119 370 2172 431 Α
2195 385 2293 440 que
2339 387 2606 442 perparce.
2662 369 2755 427 Sic
2808 385 3025 443 quoque
3054 365 3358 441 jurativum
3385 379 3489 430 est.
3520 369 3781 446 Virgilius

515 473 761 529 diversas
816 470 1026 541 species
1071 468 1255 539 habet.
1309 464 1451 523 Sunt
1478 468 1623 524 enim
1675 465 1839 540 [Ed.,
1887 460 2093 535 autem]
2202 460 2523 533 (Eclog.1x,
2553 462 2693 534 50);

513 564 856 636 temporalia,
900 570 960 617 ut
1004 560 1225 631 pridem,
1274 576 1472 631 nuper,
1517 559 1916 614 nudiustertius.
1956 555 2099 612 Sunt

510 673 633 728 qua:
660 671 899 727 praesens
925 662 1137 709 tantum
1184 660 1399 724 tempus
1425 653 1759 725 signiﬁcant,
1792 661 1880 719 ut,
1932 667 2091 717 nunc,

510 757 722 819 praesto.
764 745 921 809 Sunt,
955 759 1075 814 quae
1117 744 1485 815 praeteritum,
1512 752 1601 810 ιιι,
1645 745 1781 809 heri,
1829 743 2089 797 hesterno.

510 835 811 905 Sunt,quae
832 834 1094 900 futurum,
1119 842 1182 888 ut
1200 851 1342 900 cras,
1364 834 1629 905 perendie.
1655 833 1793 889 Sunt
1816 832 1922 888 alia
1944 846 2093 888 com-

510 927 698 993 munia
754 926 1089 980 diversorum
1147 934 1471 994 temporum,
1522 932 1614 991 ut,
1672 923 1816 988 olim,
1867 921 2085 993 dudum,

508 1015 845 1090 [quondam].
873 1016 1162 1082 Praeteriti,
1189 1016 1451 1072 utHorat.
1481 1014 1622 1087 (Sat.
1656 1014 1695 1081 Ι,
1717 1032 1757 1080 ι,
1781 1019 1884 1070 sat.
1919 1011 1974 1081 8)
2001 1027 2016 1064 :

631 1126 759 1178 Olim
782 1133 985 1178 truncus
1005 1140 1138 1177 erant
1160 1127 1385 1190 ﬁculnus,
1413 1126 1588 1177 inutile
1612 1125 1817 1187 lignum.

513 1231 826 1297 Praesentis,
853 1240 915 1286 ut
943 1231 1224 1304 [Virgilius
1248 1231 1460 1305 (Georg.
1489 1246 1550 1299 ιι,
1582 1227 1753 1327 405)]
1784 1247 1802 1286 :
1906 1224 1971 1301 Ἰ,

625 1342 695 1393 Ac
712 1343 811 1406 jam
832 1343 946 1393 olim
968 1355 1105 1394 seras
1129 1346 1288 1407 posuit
1312 1356 1423 1395 cum
1446 1346 1593 1394 vinea
1616 1341 1837 1394 frondes.

504 1446 769 1513 Futurum
795 1448 938 1503 idem
966 1446 1115 1520 Virg.
1143 1447 1299 1520 (Ain.
1329 1464 1388 1514 ιι,
1419 1447 1545 1521 207)
1575 1466 1587 1502 :
1844 1492 1858 1531 ἓ
1931 1427 1951 1483 ἶ
2020 1428 2037 1477 έ

1329 1532 1599 1547 M

716 1563 904 1614 Forsan
922 1569 974 1614 et
996 1564 1105 1613 huic
1126 1562 1238 1613 olim
1258 1563 1541 1612 meminisse
1561 1560 1768 1624 juvabit.

503 1676 720 1731 Dudum
775 1691 792 1728 :
830 1668 1165 1742 praeteritum
1190 1707 1206 1734 ,
1264 1666 1357 1739 [ut
1393 1666 1680 1722 Terentius
1732 1662 1901 1736 (And.
1942 1660 2040 1718 III
2066 1702 2082 1728 ,

503 1787 592 1837 ιν,
638 1767 793 1840 5)”Ι;

627 1859 734 1922 Ego
756 1857 936 1907 dudum
959 1853 1183 1906 nonnihil
1203 1853 1390 1903 veritus
1410 1864 1541 1900 sum.

496 1964 785 2021 Praesentis
808 1961 1091 2036 [Virgilius
1120 1958 1275 2032 (.En.
1303 1975 1363 2024 ιι,
1399 1955 1562 2029 105)]
1605 1973 1618 2010 :

621 2076 776 2140 quue
799 2076 972 2126 audire
992 2082 1070 2125 sat
1091 2082 1201 2134 est;
1225 2073 1325 2135 jam
1348 2072 1531 2141 dudum
1550 2068 1733 2119 sumite
1754 2079 1942 2133 pinnas.

497 2181 809 2248 Quondam;
859 2179 1195 2249 praeteritum
1248 2195 1262 2230 :
1321 2176 1601 2242 Quondam
1627 2175 1727 2245 fuit
1754 2175 1857 2228 ista
1880 2173 1936 2226 in
1980 2172 2079 2227 hac

492 2271 759 2343 republica
801 2271 964 2324 virtus
1001 2268 1137 2340 (Cic.
1166 2284 1183 2322 ι
1213 2265 1398 2334 Catil.,
1426 2267 1503 2338 5).
1534 2265 1782 2321 Praesens
1811 2262 2073 2335 Virgilius

498 2363 657 2438 (Ain.
689 2378 749 2429 ιι,
774 2360 899 2432 567)
927 2378 940 2413 ;

624 2474 871 2536 Quondam
901 2474 1048 2525 etiam
1068 2473 1209 2524 victis
1230 2471 1359 2523 redit
1380 2473 1430 2521 in
1456 2472 1717 2535 praecordis
1742 2473 1914 2521 virtus.

491 2578 761 2635 Futurum
797 2596 811 2633 :
845 2578 1068 2650 Tempus
1100 2577 1198 2633 erit
1222 2576 1488 2649 quondam
1515 2588 1564 2629 ε.
1596 2574 1857 2630 Similiter
1898 2589 1966 2629 ex
2005 2587 2072 2630 eo

492 2674 830 2744 composita;
874 2671 1183 2743 aliquando,
1217 2669 1513 2742 nequando,
1543 2683 1661 2739 quae
1692 2667 1745 2722 in
1771 2664 2071 2736 penultimo

400 2794 448 2837 ι
491 2762 620 2834 [Mm
650 2761 1096 2833 antepenultima]
1133 2769 1425 2817 accentum
1445 2761 1667 2825 habent,
1697 2774 1765 2815 ne
1788 2758 1908 2815 duae
1944 2772 2070 2828 par-

485 2865 567 2911 tes
594 2864 870 2926 putentur.
900 2854 1008 2912 Sed
1034 2855 1266 2927 quando,
1320 2863 1378 2911 et
1421 2854 1682 2926 quomodo
1702 2893 1719 2914 .
1749 2853 1907 2923 291
1940 2851 2064 2917 ubi,

482 2946 623 3002 unde
644 2946 775 3018 (AL,
798 2945 982 3018 unde],
1005 2962 1133 3017 qua,
1170 2963 1293 3018 quo,
1330 2946 1720 3018 interrogativa
1760 2950 2060 3008 acuuntur;

485 3036 709 3092 relativa
730 3045 1028 3107 gravantur
1060 3052 1158 3107 per
1191 3050 1381 3092 omnes
1408 3037 1643 3106 syllabas
1674 3053 1687 3089 :
1721 3042 1775 3090 et
1795 3040 1922 3089 sunt
1949 3030 2066 3104 [eo-

482 3125 626 3197 rum]
652 3125 969 3182 diﬁ‘erentize
989 3134 1240 3195 quatuor.
1267 3125 1383 3191 Quo
1397 3126 1465 3180 ad
1479 3126 1677 3181 locum.
1700 3122 1821 3189 Ubi,
1842 3124 1897 3178 in
1919 3123 2059 3179 loco.

486 3214 936 3279 Unde,'deloco.
999 3214 1159 3281 Qua,
1188 3229 1286 3284 per
1314 3214 1510 3270 locum.
1571 3213 1796 3279 Quando
1848 3227 2065 3283 quoque

481 3322 582 3377 pro
617 3306 820 3362 causali
873 3304 1256 3376 conjunctione
1307 3304 1609 3375 accipitur;
1668 3302 1857 3375 Virgil.
1903 3303 2058 3376 (Αιή.

483 3415 532 3466 ι,
561 3400 751 3473 265):

607 3515 701 3567 illc
724 3516 833 3580 tibi,
854 3514 990 3567 labor
1012 3516 1168 3579 enim,
1188 3514 1382 3579 quando
1402 3513 1509 3566 hac
1526 3518 1578 3565 te
1599 3525 1718 3587 cura
1743 3513 1999 3587 remordet

1594 3576 1738 3640 (ιιι,
1759 3576 2060 3639 momordit).

481 3680 705 3747 Quando
730 3696 829 3752 pro
849 3682 1096 3754 quoniam
1116 3690 1316 3751 posuit.
1348 3678 1455 3735 Sed
1488 3686 1545 3734 et
1580 3678 1688 3734 alia
1716 3687 1842 3733 sunt
1866 3676 2060 3731 localia

479 3780 711 3840 quatuor
738 3770 1071 3828 diﬁ‘erentias
1090 3771 1364 3827 habentia.
1405 3769 1488 3824 Ad
1516 3770 1695 3826 locum
1722 3787 1735 3823 :
1759 3770 1884 3835 huc,
1906 3766 2053 3821 illuc.
2122 3776 2128 3787 '

479 3861 538 3916 ln
564 3862 705 3929 loco,
731 3864 815 3918 hic
844 3863 972 3919 illic.
1001 3862 1077 3918 De
1097 3863 1216 3918 loco
1245 3880 1260 3916 :
1285 3863 1429 3928 hinc,
1449 3860 1620 3927 illinc,
1648 3860 1790 3927 inde,
1822 3867 1878 3914 et
1897 3874 1964 3915 ex
1992 3873 2058 3915 eo

476 3956 777 4025 composita
815 3975 830 4009 :
863 3956 1104 4021 subinde,
1136 3956 1382 4026 perinde,
1413 3953 1624 4019 exinde,
1667 3952 1907 4023 proinde,
1938 3966 2059 4021 qua:

474 4047 655 4099 omnia
683 4047 1039 4116 penultimam
1079 4046 1241 4119 [Ms.,
1296 4042 1797 4117 antepenultimam]
1834 4050 2058 4098 acuunt.

475 4134 580 4190 Per
608 4136 788 4192 locum
829 4156 841 4192 :
871 4138 992 4204 hac,
1020 4136 1164 4195 illac.
1195 4138 1333 4193 Sunt
1358 4151 1574 4207 quoque
1597 4152 1630 4190 a
1653 4151 1860 4190 versum
1884 4143 1939 4190 et
1960 4150 2061 4191 no-

476 4226 621 4283 mine
657 4235 712 4281 et
744 4229 1062 4296 pronomine
1103 4229 1403 4299 composita
1458 4228 1613 4301 [Ms.,
1645 4236 1771 4283 sunt
1812 4228 2058 4298 quaedam

476 4330 638 4370 unam
666 4317 771 4373 loci
793 4320 1245 4389 significationem
1270 4322 1547 4377 habentia.
1569 4320 1653 4376 Ad
1672 4320 1870 4387 locum,
1897 4318 2053 4394 ctc.].

474 4409 557 4462 Ad
581 4409 756 4465 locum
788 4430 801 4465 :
833 4412 1089 4478 Horsum,
1114 4414 1381 4481 deorsum,
1410 4431 1646 4480 sursum,
1665 4416 2026 4470 sinistrorsum

2319 577 2403 627 Sic
2431 589 2627 641 quoque
2645 577 2869 641 Cyrnus
2888 575 3077 642 fugiant
3099 579 3330 630 examina
3353 584 3515 630 tuos.

2194 678 2313 734 Alia
2342 680 2590 750 optativa,
2634 688 2715 748 ut,
2756 682 2982 747 utinam,
3015 683 3161 752 quod
3208 684 3567 754 compositum
3598 692 3683 739 est
3704 700 3778 741 ex

2194 768 2272 823 uti
2301 777 2358 825 et
2388 769 2531 824 enim
2563 767 2697 840 [Al.,
2725 768 2898 843 nam].
2932 769 2976 825 0
3017 778 3075 826 et
3094 772 3160 827 si.
3191 769 3452 844 Virgilius
3480 788 3495 828 :
3547 771 3704 828 Adsis
3742 790 3777 828 ο

2193 862 2426 916 tandem.
2463 862 2609 918 Idem
2635 861 2791 933 (ιΕη.
2818 878 2894 928 νι,
2928 863 3055 936 187)
3085 883 3097 919 :

2315 973 2597 1086 ἓίδῖιιιῐιιὲθῗθ
2620 975 2761 1025 nobis
2782 973 2870 1025 ille
2894 987 3080 1028 aureus
3098 977 3280 1029 arbore
3296 990 3464 1032 ramus

2410 1050 2438 1085 e
2566 1068 2578 1085 .

2410 1050 2578 1085 enaat.

2189 1117 2307 1172 Alia
2329 1119 2605 1185 hortativa,
2630 1126 2709 1186 ut,
2734 1120 2841 1187 eia,
2860 1122 2943 1176 aie
2970 1119 3103 1194 [Al.,
3133 1122 3283 1197 age].
3314 1124 3434 1180 Alia
3458 1127 3728 1184 remissiva
3752 1141 3773 1182 :

2189 1210 2523 1280 pedetentim,
2544 1209 2823 1281 paulatim,
2852 1212 3065 1267 sensim.
3092 1213 3214 1268 Alia
3241 1217 3631 1287 congregatim,
3665 1217 3770 1274 loci

2189 1310 2245 1357 et
2274 1303 2534 1374 temporis
2583 1305 2911 1371 communia,
2942 1312 3035 1370 ut,
3090 1306 3270 1373 simul,
3300 1324 3443 1375 una;
3493 1309 3550 1364 in
3578 1311 3771 1368 eodem

2032 1408 2072 1467 τι
2110 1388 2160 1465 ’ζ
2188 1391 2308 1447 loco
2333 1402 2389 1448 et
2426 1394 2617 1449 eodem
2646 1403 2908 1465 tempore.
2940 1396 3059 1451 Alia
3084 1396 3383 1465 diseretiva,
3401 1408 3483 1464 ut,
3511 1417 3768 1470 seorsum,

2188 1500 2356 1551 secus,
2381 1486 2664 1556 separatim
2687 1527 2703 1553 ,
2731 1495 2958 1552 secreto,
3005 1489 3252 1559 utrinque
3297 1488 3506 1563 [divise]
3534 1491 3770 1562 singillis.

2189 1575 2304 1641 tim,
2346 1575 2628 1645 bifariam,
2670 1578 3032 1647 omnifariam.
3062 1579 3184 1635 Alia
3208 1620 3223 1644 ,
3261 1580 3657 1650 similitudinis,
3689 1594 3768 1651 ut,

2187 1682 2302 1730 ceu,
2332 1667 2483 1737 quasi
2502 1666 2662 1734 velut,
2690 1666 2850 1734 velut,
2867 1668 3045 1733 veluti,
3076 1670 3176 1735 sic,
3204 1671 3381 1737 sicuti,
3407 1680 3497 1739 ut,
3529 1674 3627 1727 uti.
3648 1674 3767 1729 Alia

2110 1731 2163 1796 Β
2187 1731 2452 1812 ordinalia
2473 1797 2490 1825 ,
2510 1766 2571 1813 ut
2590 1798 2605 1824 ,
2646 1731 2855 1824 deinde»,
2885 1731 3450 1832 continuo,rprottnus,
3483 1731 3762 1833 'prteterea.

2182 1850 2302 1906 Alia
2326 1850 2603 1916 intensiva,
2630 1860 2709 1917 ut,
2753 1849 2904 1906 valde
2924 1892 2940 1918 ,
2986 1853 3223 1917 nimium,
3250 1870 3502 1924 prorsus,
3536 1857 3762 1926 penitus,

2182 1943 2415 1997 omnino.
2442 1940 2563 1996 Alia
2586 1943 2964 2011 comparativa,
2988 1951 3072 2011 ut,
3107 1945 3272 2015 magis
3290 1984 3307 2012 ,
3333 1962 3509 2002 minus
3529 1987 3545 2008 .
3583 1948 3761 2017 ocius,

2180 2032 2325 2104 quod
2348 2048 2381 2087 a
2407 2032 2595 2088 Graeco
2622 2032 2899 2088 derivatur
2928 2036 3082 2096 ὠκύς.

2250 2122 2349 2178 Fn.
2378 2122 2662 2194 Nunquid,
2694 2140 2813 2194 qua:
2847 2125 2915 2181 ab
2942 2125 3064 2182 aliis
3097 2128 3433 2197 derivantur,
3462 2132 3740 2203 primitivo

2180 2230 2299 2269 rum
2321 2215 2770 2285 signiﬁcationem
2795 2216 2879 2271 vel
2897 2218 3214 2287 qualitatem
3231 2223 3488 2278 servant?
3505 2253 3576 2267 ——
3597 2222 3760 2282 Saxo.

2178 2305 2409 2362 Servant
2434 2309 2639 2378 utique,
2666 2317 2728 2365 ut
2752 2324 2782 2363 a
2806 2307 3000 2375 Tullio,
3025 2309 3297 2380 Tulliane;
3324 2329 3357 2368 a
3386 2331 3622 2385 corpore,
3644 2331 3766 2374 cor-

2174 2399 2468 2469 poraliter;
2510 2402 2578 2456 ab
2607 2401 2748 2468 alio,
2778 2402 2964 2471 aliter;
2997 2419 3029 2459 a
3070 2422 3277 2477 grwco,
3315 2422 3522 2479 graece;
3560 2424 3594 2465 a
3632 2410 3763 2477 uiro,

2174 2489 2426 2545 viriliter.

2242 2580 2342 2635 Fu.
2369 2582 2723 2654 Prosequere.
2748 2616 2815 2626 —-
2837 2585 3003 2644 Suo.
3026 2587 3149 2643 Alia
3173 2599 3303 2646 sunt
3330 2593 3649 2659 numeratio,
3675 2601 3761 2659 ut,

2171 2672 2240 2727 ab
2291 2690 2396 2728 uno
2418 2675 2631 2753 semel;
2674 2691 2705 2729 a
2738 2676 2940 2732 duobus
2980 2678 3095 2744 bis,
3126 2695 3247 2751 quae
3279 2682 3394 2738 sola
3420 2683 3764 2755 inaequaliter

2170 2762 2537 2834 proferuntur.
2568 2762 2762 2819 Cmteri
2789 2781 2919 2821 vero
2949 2767 3162 2823 numeri
3200 2783 3232 2823 a
3271 2769 3496 2827 vocibus
3532 2772 3645 2827 suis
3681 2772 3764 2828 fa-

2170 2855 2321 2911 ciunt
2348 2855 2621 2921 adverbia,
2652 2864 2734 2923 ut,
2764 2872 2796 2911 a
2827 2866 2952 2925 tres,
2984 2867 3099 2927 ter;
3123 2876 3156 2916 a
3176 2872 3421 2933 quatuor,
3452 2874 3678 2936 quater;
3706 2875 3763 2924 et

2168 2950 2247 3006 sic
2274 2951 2444 3006 decies
2479 2951 2733 3025 [millies].
2762 2952 2883 3009 Alia
2907 2953 3348 3023 demonstrativa,
3380 2967 3469 3023 ut,
3496 2976 3595 3027 en,
3622 2977 3760 3017 ecce.

2164 3039 2285 3095 Alia
2322 3042 2724 3112 interrogativa,
2753 3052 2848 3111 ιιι,
2876 3061 2993 3111 cur,
3018 3063 3212 3118 quare,
3241 3048 3601 3115 quamobrem.
3639 3052 3764 3109 Alia

2168 3134 2425 3203 negativa,
2445 3140 2524 3199 ut,
2543 3150 2669 3201 non,
2690 3135 2857 3203 haud,
2876 3149 3166 3209 nunquam,
3186 3142 3400 3197 minime
3419 3151 3525 3209 est,
3540 3144 3761 3214 quando

2168 3225 2286 3280 dum
2310 3233 2491 3294 partes
2517 3241 2615 3297 pro
2635 3227 2723 3283 his
2749 3228 3109 3300 accipiuntur,
3136 3238 3217 3299 ut,
3249 3230 3395 3287 nullo
3424 3234 3606 3302 modo,
3637 3235 3761 3291 nul-

2166 3317 2394 3374 latenus.
3032 3382 3033 3385 η

2236 3409 2335 3464 Fn.
2376 3408 2630 3483 Nunquid
2665 3414 2952 3481 adverbia,
2992 3430 3292 3489 synonyma
3314 3418 3401 3475 vel
3427 3420 3759 3494 polyouym

2164 3511 2389 3574 possunt
2416 3504 2571 3560 esse?
2591 3534 2665 3545 —
2693 3503 2857 3562 Saxo.
2889 3506 3140 3564 Possunt.
3182 3508 3321 3566 Sunt
3343 3529 3666 3584 synonyma,
3698 3515 3760 3572 id

2163 3601 2269 3659 est,
2296 3594 2423 3650 dum
2452 3594 2633 3651 multa:
2659 3610 2824 3653 voces
2856 3612 3021 3653 unam
3047 3613 3162 3655 rem
3196 3601 3533 3672 signiﬁcant;
3562 3612 3659 3671 ut,
3684 3623 3760 3662 eis

2164 3702 2296 3741 ecce.
2335 3687 2403 3741 Et
2424 3702 2562 3757 pene
2591 3689 2648 3745 in
2687 3690 2937 3747 omnibus
2972 3691 3456 3763 signiﬁcationibus
3485 3696 3757 3756 invenies.

2165 3774 2491 3850 Polyonyma
2512 3821 2527 3847 ,
2558 3789 2648 3845 ιιι,
2678 3782 2799 3849 ubi,
2826 3799 2928 3854 quo
2945 3824 2961 3849 ,
2983 3800 3089 3855 qua
3106 3826 3122 3853 ,
3148 3790 3438 3856 quomodo.
3468 3803 3590 3858 qua:
3624 3799 3759 3847 sunt

2163 3866 2427 3923 inﬁnitiva
2446 3910 2461 3935 ,
2486 3878 2542 3925 et
2567 3872 2947 3943 interrogativa
2968 3883 3025 3930 et
3046 3876 3287 3933 relativa.
3326 3875 3393 3945 0,
3423 3895 3642 3952 quoque
3662 3883 3753 3937 di-

2162 3976 2347 4018 versas
2372 3963 2535 4019 habet
2556 3964 2999 4035 signiﬁcationes.
3032 3968 3129 4024 Est
3149 3969 3471 4028 adverbium
3494 3976 3751 4032 vocandi.

2161 4049 2415 4123 Virgilius
2444 4053 2597 4127 (ίΕη.
2626 4072 2667 4123 ι,
2694 4055 2817 4130 528)
2853 4075 2867 4113 :

2288 4165 2329 4218 Ο
2359 4169 2553 4230 regina,
2577 4181 2754 4219 novam
2779 4170 2859 4220 cui
2874 4170 3090 4223 condere
3114 4170 3313 4237 Jupiter
3336 4176 3535 4230 urbem.

2158 4270 2255 4327 Est
2275 4272 2596 4329 admirandi.
2626 4272 2902 4332 Iuvenalis
2930 4276 3099 4351 (Sat.,
3122 4294 3176 4347 ι,
3204 4279 3327 4351 157)
3361 4299 3376 4337 :

2282 4382 2323 4434 Ο
2343 4385 2497 4447 qualis
2518 4384 2771 4440 lacies.....

474 4500 828 4556 dextrorsum.
858 4453 1325 4559 Italiam’versum.
1355 4456 1422 4560 ἐι
1436 4455 1711 4576 quorsu’m,
1744 4505 1800 4559 id
1819 4514 1923 4571 est,
1946 4455 2053 4575 qut;
2080 4452 2132 4514 υ
2156 4492 2253 4549 ES‘
2279 4493 2590 4566 ίιιάίεηειηάί
2610 4539 2625 4564 ν
2654 4507 2745 4567 υίν
2778 4497 2823 4555 θ
2845 4501 3113 4574 τεθηροναέ
3145 4520 3177 4558 ο
3209 4504 3414 4561 πῖονεεῖ
3438 4506 3536 4563 Εει
3559 4516 3615 4565 ει
3642 4522 3746 4581 ορ-

474 4604 713 4645 versum.
742 4591 862 4646 Alia
896 4593 1245 4662 dehortativa,
1294 4604 1373 4661 ut,
1419 4613 1511 4662 ne,
1542 4597 1689 4665 quod
1721 4611 1822 4665 pro
1851 4612 2049 4666 neque,

475 4689 528 4735 et
546 4695 646 4749 pro
666 4697 793 4749 non,
817 4692 874 4738 et
909 4699 1009 4755 pro
1037 4684 1193 4742 valde
1215 4687 1497 4757 accipitur.
1528 4686 1719 4743 Cicero
1769 4706 1782 4741 :
1832 4684 1916 4742 Ne
1944 4688 2053 4742 dici

474 4773 683 4843 quidem
703 4792 831 4847 opus
860 4787 955 4843 est,
985 4793 1107 4849 pro,
1131 4796 1295 4851 neque
1322 4779 1448 4833 dici.
1483 4778 1704 4835 Terent.
1752 4778 1837 4834 Ne
1872 4780 2050 4833 dicam

471 4864 615 4931 dolo,
642 4882 759 4937 pro,
784 4886 888 4925 non
915 4872 1109 4927 dicam.
1139 4872 1287 4928 Idem
1316 4892 1329 4928 :
1360 4871 1443 4927 Ne
1478 4872 1574 4927 illa
1598 4872 1749 4926 illum
1770 4870 1914 4926 haud
1936 4888 2049 4926 mo-

471 4956 565 5022 vit,
600 4972 718 5027 pro,
746 4960 895 5017 valde
923 4963 1035 5018 illa.
1061 4964 1178 5019 Alia
1212 4964 1573 5034 confirmativa
1601 4978 1620 5017 :
1648 4952 1905 5035 profecto,
1939 4964 2046 5018 sei-

470 5049 612 5117 licet,
651 5053 857 5124 quippe,
906 5055 1166 5123 videlicet,
1219 5073 1420 5127 nempe.
1450 5056 1805 5113 Inveniuntur
1831 5072 2050 5128 quoque

469 5142 589 5197 dum
612 5154 794 5213 partes
814 5160 913 5215 pro
938 5147 1023 5201 his
1051 5147 1197 5217 poni,
1225 5155 1303 5212 ut,
1336 5149 1551 5220 quidni,
1580 5166 1675 5204 cur
1704 5166 1768 5205 ne
1790 5190 1805 5217 ,
1834 5150 1910 5204 sic
1936 5158 2043 5217 est,

466 5233 593 5302 quid
639 5236 776 5291 istic.
814 5237 965 5302 Alia,
1010 5239 1266 5309 jurativa,
1300 5249 1378 5306 ut,
1408 5242 1639 5313 wdepol,
1672 5253 1914 5310 mecstor,
1940 5244 2047 5316 [er-

466 5322 588 5396 cle],
621 5326 820 5381 medius
845 5328 1026 5398 ﬁdius.
1076 5328 1178 5384 Per
1214 5347 1427 5403 quoque
1473 5335 1781 5405 praepositio
1826 5352 1927 5407 pro
1956 5337 2045 5393 his

465 5414 750 5485 accipitur,
782 5426 843 5472 ut
868 5417 1125 5491 Virgilius
1146 5421 1299 5495 (ΑΕη.
1335 5440 1390 5490 x,
1418 5425 1545 5498 596)
1576 5443 1589 5480 :

589 5528 687 5579 Per
706 5538 777 5592 te,
801 5545 891 5595 per
914 5535 998 5597 qui
1020 5539 1073 5585 te
1095 5535 1244 5587 talem
1269 5550 1517 5600 genuere,
1539 5547 1788 5601 parentes.

466 5610 562 5667 Est
590 5629 803 5685 quoque
830 5620 1400 5686 permnﬁrmativum.
1432 5624 1720 5684 Terentius
1757 5645 1770 5681 :
1807 5628 1886 5684 Tu
1911 5646 2043 5702 quo-

539 5722 569 5752 ⁸
608 5721 753 5798 Virg.
787 5728 926 5799 apud
956 5730 1293 5791 Priscianum

2155 4585 2322 4641 tendi.
2358 4586 2612 4659 Virgilius
2639 4609 2652 4646 :

2276 4701 2421 4753 Adsis
2435 4716 2465 4755 ο
2483 4705 2678 4757 tandem
2701 4706 2842 4771 ωε..
2870 4716 3099 4776 tantum).

2148 4805 2207 4860 In
2259 4807 2380 4865 aliis
2430 4825 2645 4883 quoque
2694 4815 2879 4873 multis
2925 4818 3197 4877 adverbiis
3239 4821 3486 4877 invenies
3534 4821 3742 4878 multas

2149 4899 2569 4969 signiﬁcationes
2613 4906 2669 4960 in
2724 4923 2831 4963 una
2875 4908 3171 4982 eademque
3231 4927 3393 4981 voce;
3458 4914 3738 4985 quomodo

2148 4991 2312 5047 etiam
2335 5008 2367 5048 a
2393 4997 2666 5052 contrario
2685 4998 2740 5053 in
2768 5000 2992 5057 diversis
3018 5002 3240 5058 vocibus
3266 5019 3429 5059 unam
3460 5004 3737 5077 signiﬁca-

2148 5084 2347 5140 tionem
2367 5128 2381 5153 ,
2410 5096 2499 5154 ut,
2530 5089 2845 5163 aliquando,
2884 5093 3007 5149 olim
3030 5134 3046 5161 ,
3075 5095 3307 5162 dudum,
3349 5097 3449 5152 cito
3467 5139 3482 5165 ,
3512 5115 3735 5171 propere

2149 5176 2293 5249 [Ed.,
2320 5178 2526 5253 prope],
2551 5180 2801 5248 celeriter,
2831 5196 3085 5242 actutum.
3262 5194 3265 5197 ’

2215 5267 2314 5325 Fu.
2461 5275 2866 5333 convenientius
2905 5290 3289 5351 praeponuntur
3324 5282 3611 5347 adverbia,
3643 5281 3732 5339 vel

2144 5363 2553 5435 subponuntur?
2579 5398 2649 5408 —
2676 5368 2838 5425 Saxo.
2878 5369 3159 5428 Manifeste
3194 5375 3372 5444 aptius
3407 5390 3732 5445 prteponuno

2146 5464 2255 5522 tur,
2276 5457 2544 5526 quomodo
2570 5457 2832 5529 adjectiva
2860 5462 3099 5530 nomina,
3127 5473 3209 5529 ut,
3238 5466 3402 5520 bonus
3423 5479 3579 5519 homo
3602 5466 3730 5521 bene

2142 5548 2282 5618 agit;
2311 5548 2457 5603 ’ortis
2485 5551 2766 5622 imperator
2790 5552 2995 5622 fortiter
3019 5566 3239 5626 pugnat.
3278 5556 3481 5613 Tamen
3510 5571 3725 5629 prapo-

2140 5644 2287 5696 stere
2320 5639 2664 5697 Inveniuntur
2687 5644 2814 5711 poni
2862 5644 3060 5712 multa,
3099 5655 3297 5718 praeter
3330 5650 3721 5722 monosyllaba,
