4062 6346
338 276 461 334 889
1249 294 1255 301 ~
1446 261 1916 328 DlDASCALlCA.
1946 298 2019 313 -
2052 264 2530 333 GRAMMATICA.
2822 263 2835 285 '
3504 283 3613 342 suo

351 408 435 465 ut,
465 414 587 460 non,
617 393 766 460 dum,
796 409 881 460 en,
912 408 1024 448 cur.
1056 390 1483 449 Demonstrativa
1521 406 1736 462 quoque
1762 398 1817 446 et
1841 390 1926 445 in-
1953 386 2007 449 Δ
2029 390 2349 459 dicendum;
2395 393 2518 461 sed,
2558 393 2672 465 lego
2713 402 2760 449 et
2786 394 2957 450 scribo
2986 435 3002 463 ,
3046 393 3205 453 doceo
3244 408 3296 454 et
3331 402 3510 460 discis.
3549 404 3613 468 Si

352 489 682 561 terrogativa
710 497 766 544 et
784 488 1070 554 hortativa,
1093 494 1147 541 et
1179 485 1562 551 similitudinis,
1594 484 1837 540 vocativo
1876 491 1932 538 et
2032 484 2375 554 participium
2402 484 2524 540 loco
2551 485 2751 556 prioris
2776 485 2929 541 verbi
2958 501 3145 557 ponas,
3176 490 3314 546 bene
3338 492 3456 548 sine
3481 510 3614 553 con-

349 583 586 654 optativa
624 578 878 636 adverbia
921 588 1324 649 praeponuntur,
1366 585 1460 643 ut,
1492 594 1556 632 en
1576 618 1592 643 ,
1628 592 1774 642 ecce,
1813 592 1929 642 cur,
2022 574 2301 645 junctione
2337 577 2630 647 profertur,
2664 588 2755 646 ut,
2787 580 2959 651 legens
2989 583 3179 649 scribo,
3208 584 3397 641 docens
3427 588 3610 646 discis.

347 690 510 744 quare
528 714 542 738 ,
563 673 670 737 eia,
696 688 812 742 age,
840 687 932 725 ceu
949 709 965 736 ,
987 669 1169 740 quasi,
1194 669 1321 725 heus
1338 709 1354 737 ,
1380 677 1604 723 utinam.
1632 667 1714 723 En
1739 667 1928 733 babes,

347 762 580 829 France,
608 761 674 816 de
703 759 956 815 adverbio
982 759 1132 815 satis.

420 852 521 909 Fs.
581 851 701 908 Non
762 851 938 919 satis;
996 865 1287 923 pausemus
1342 857 1524 909 tamen
1584 849 1653 907 ad
1713 849 1925 906 horam.

345 977 419 993 -—-
445 947 607 1003 Suo.
636 944 956 1003 Pausemus.

870 1078 960 1134 DE
994 1077 1395 1135 PARTICIPIO.

419 1216 581 1290 292
597 1215 698 1274 Fs.
722 1215 914 1287 Surge,
939 1214 1103 1271 Saxo.
1119 1214 1365 1271 -SAXO.
1391 1214 1530 1283 Quid
1552 1215 1656 1281 vis,
1679 1214 1925 1272 France?

416 1308 517 1366 Fu.
547 1306 619 1367 Ut
644 1310 857 1381 regulas
879 1308 1286 1381 participiorum
1316 1307 1522 1378 pandas
1562 1307 1696 1363 mihi
1740 1306 1921 1363 velim.

343 1433 418 1445 —
444 1401 607 1459 Saxo.
643 1400 901 1457 Pandam.
938 1398 1045 1456 Sed
1082 1398 1172 1454 illa
1204 1412 1335 1468 pars
1363 1412 1557 1468 parum
1594 1398 1725 1468 quid
1764 1397 1928 1453 habet

347 1493 709 1551 obscuritatis.
745 1492 950 1548 Tamen
994 1492 1041 1546 si
1070 1489 1199 1561 quid
1230 1504 1366 1560 opus
1401 1490 1596 1555 habes,
1629 1490 1921 1560 interroga.

414 1581 514 1637 Fit.
552 1581 737 1638 Primo
765 1578 1206 1649 interrogandum
1241 1590 1385 1644 reor,
1414 1575 1555 1631 unde
1580 1575 1925 1646 participium

2027 667 2197 739 Igitur
2223 670 2566 741 participium
2596 672 2869 729 inventum
2895 682 2998 739 est,
3026 682 3087 730 ut
3112 675 3167 730 in
3198 678 3533 738 nominativo
3557 691 3615 739 et

2028 758 2275 814 vocativo
2294 759 2413 816 sine
2432 762 2811 832 conjunctione
2825 762 3133 834 proferatur
3151 782 3274 822 cum
3295 770 3403 825 alio
3420 774 3611 841 verbo,

2028 855 2107 914 ut,
2135 848 2309 919 legens
2337 851 2527 918 doceo,
2556 867 2687 923 pro,
2718 854 2837 925 lego
2866 865 2923 911 et
2948 857 3117 913 doceo
3148 877 3161 913 :
3193 867 3271 929 et,
3301 861 3473 934 legens
3502 866 3610 936 fac,

2026 954 2144 1011 pro,
2168 939 2285 1012 lege
2308 949 2365 996 et
2382 940 2486 1006 fac,
2511 959 2631 1014 quae
2652 944 2850 1015 positio
2878 947 3218 1005 intransitiva
3243 958 3347 1007 est.
3378 954 3481 1009 hoc
3504 965 3608 1023 est,

2028 1033 2197 1102 ipsam
2226 1034 2464 1090 ostendit
2489 1033 2544 1089 in
2576 1050 2636 1091 se
2663 1051 2881 1093 manere
2908 1053 3212 1109 personam.
3237 1042 3452 1116 Obliqui
3482 1060 3614 1104 vero

2028 1136 2189 1179 casus
2213 1124 2623 1194 participiorum
2648 1127 2715 1181 ad
2741 1128 2845 1183 hoc
2868 1138 2995 1183 sunt
3015 1131 3193 1193 utiles,
3221 1135 3365 1202 quod
3391 1150 3497 1191 non
3525 1152 3614 1193 so-

2026 1213 2138 1269 lum
2161 1215 2277 1271 sine
2297 1215 2675 1287 conjunctione
2699 1218 3069 1289 proleruntur,
3095 1225 3189 1279 sed
3207 1226 3372 1281 etiam
3392 1226 3459 1282 ad
3476 1227 3612 1285 alias

2030 1314 2309 1362 transeant
2343 1322 2635 1378 personas;
2676 1317 2756 1377 ut,
2788 1311 3020 1367 docentis
3057 1316 3249 1384 potior,
3285 1318 3491 1374 docenti
3529 1337 3613 1376 re-

2025 1397 2277 1469 spondeo,
2312 1398 2578 1454 docentem
2604 1401 2785 1465 audio,
2807 1400 2899 1456 illo
2923 1402 3136 1457 docente
3155 1404 3337 1460 didici.

2013 1500 2023 1553 ',
2095 1488 2194 1543 Fn.
2233 1488 2377 1557 Quot
2398 1489 2650 1545 accidunt
2675 1493 2963 1562 participio
2990 1491 3121 1564 [Al.,
3148 1496 3412 1552 accedunt
3441 1500 3612 1569 parti-

2026 1579 2338 1651 cipiis]?-—
2363 1579 2526 1637 Saxo.
2569 1580 2696 1637 Sex.
2737 1582 2941 1649 Genus,
2972 1602 3125 1640 casus
3162 1601 3230 1642 ex
3267 1590 3502 1657 nomine,
3537 1594 3611 1647 si-

343 1672 548 1730 dictum
594 1674 685 1729 sit.
727 1702 801 1714 —
839 1670 1004 1727 Saxo.
1048 1669 1400 1739 Participium
1426 1667 1630 1722 dictum
1655 1674 1767 1731 est,
1797 1666 1923 1736 quia
1953 1742 1993 1752 _
2025 1670 2293 1742 gniﬁcatio
2316 1712 2332 1738 ,
2372 1681 2573 1743 tempus
2620 1688 2687 1729 ex
2732 1675 2935 1742 verbo,
2982 1692 3268 1747 numerus,
3311 1680 3488 1752 ﬁgura
3539 1698 3606 1740 ex

340 1774 555 1837 partem
582 1762 817 1819 nominis
843 1768 1160 1831 partemque
1190 1759 1344 1814 verbi
1377 1765 1552 1822 tenet,
1591 1765 1648 1812 et
1684 1756 1920 1811 medium
1952 1742 1997 1803 Β
2026 1770 2275 1832 utroque.

340 1857 487 1911 inter
513 1869 579 1910 ea
604 1854 780 1908 locum
808 1851 999 1917 habet,
1030 1859 1086 1905 et
1109 1864 1323 1920 semper
1360 1849 1414 1903 in
1440 1848 1769 1904 derivatione
1808 1857 1920 1915 est;

336 1947 489 2018 quod
514 1946 667 2002 nulla
701 1944 803 1999 alia
824 1957 955 2014 pars
986 1941 1249 1999 orationis
1282 1939 1473 2004 habet,
1502 1938 1627 1993 dum
1654 1939 1771 1994 aliae
1795 1955 1922 2010 par-

341 2047 425 2093 tes
461 2036 768 2106 primitivas
795 2033 997 2089 habent
1024 2032 1232 2103 species
1252 2072 1268 2096 ,
1294 2031 1439 2085 unde
1476 2030 1810 2095 derivantur,
1842 2038 1920 2095 ut,

341 2142 375 2184 a
399 2143 541 2197 rege,
571 2125 768 2197 regalis
796 2142 810 2178 :
839 2140 871 2179 a
895 2124 1028 2189 mei,
1057 2137 1211 2178 meus
1238 2140 1251 2175 :
1278 2137 1311 2176 a
1347 2122 1547 2191 ferveo,
1585 2121 1858 2188 fervesco;
1890 2138 1923 2177 a

339 2233 529 2290 prope,
557 2215 780 2286 propius
810 2231 825 2268 :
869 2214 937 2269 ab
962 2229 1060 2279 ex,
1100 2220 1276 2267 extra.
1306 2210 1591 2281 Participia
1623 2227 1752 2267 vero
1782 2227 1923 2267 sem-

339 2322 439 2380 per
464 2322 496 2362 a
527 2305 708 2362 verbis
734 2305 1067 2369 derivantur,
1100 2311 1154 2359 et
1181 2303 1639 2372 comparationem
1668 2318 1774 2357 non
1804 2318 1925 2371 pos-

339 2409 467 2457 sunt
487 2398 714 2459 habere.
746 2396 805 2453 Si
835 2404 1236 2468 comparantur,
1269 2402 1550 2450 transeunt
1573 2396 1627 2450 in
1657 2397 1876 2451 nomina
1901 2415 1916 2451 :

339 2498 434 2556 ut,
476 2504 663 2544 amans
694 2486 764 2543 ab
810 2503 927 2541 amo
962 2486 1127 2542 verbo
1163 2485 1403 2540 veniens.
1445 2483 1504 2539 Si
1539 2482 1673 2540 facis
1709 2502 1915 2552 amans,

337 2582 621 2650 amantior,
666 2579 1058 2636 amantissimus
1079 2618 1094 2644 ,
1147 2592 1345 2633 nomen
1395 2585 1509 2643 est,
1553 2592 1746 2633 carens
1783 2585 1919 2633 tem-

334 2689 490 2747 pore.

404 2764 503 2819 Fn.
545 2762 654 2819 Sed
691 2762 832 2819 unde
870 2773 1104 2831 agnosco
1145 2775 1215 2814 an
1254 2774 1451 2815 nomen
1482 2760 1553 2814 sit
1584 2760 1667 2815 vel
1700 2760 1919 2831 partici-

333 2856 484 2929 pium
520 2855 643 2911 talis
672 2855 871 2911 dictio?
893 2883 961 2893 -—
996 2852 1160 2908 Suo.
1193 2850 1268 2906 Ex
1305 2866 1529 2906 casuum
1556 2851 1917 2907 circumstan-

334 2949 429 3006 tia.
461 2947 597 3003 Nam
625 2946 965 3018 participium
1007 2958 1191 3001 casum
1230 2943 1315 2999 sui
1357 2944 1507 2999 verbi
1533 2945 1799 3014 sequitur,
1831 2953 1912 3011 ut,

331 3059 453 3099 amo
478 3042 663 3108 illum,
686 3056 869 3095 amans
894 3036 1062 3092 illum.
1093 3036 1298 3091 Nomen
1337 3050 1466 3091 vero
1495 3036 1541 3090 si
1573 3035 1695 3101 ﬁet,
1725 3051 1913 3091 casum

2096 1854 2195 1909 Fu.
2235 1855 2377 1923 Quot
2416 1872 2614 1929 genera
2653 1860 2856 1916 habet?
2881 1890 2954 1903 -
2982 1861 3148 1921 Suo.
3178 1864 3437 1932 Quatuor.
3470 1869 3610 1927 Mas-

2025 1944 2294 2012 culinum,
2331 1956 2412 2014 ut,
2446 1959 2673 2004 amatus.
2706 1950 3075 2018 Femininum,
3108 1963 3191 2021 ut,
3235 1968 3433 2013 amata.
3466 1959 3609 2015 Neu-

2022 2040 2192 2100 trum,
2225 2042 2305 2103 ut,
2337 2048 2594 2093 amatum.
2626 2039 2816 2096 Omnis
2844 2044 3086 2112 generis,
3117 2052 3199 2111 ut,
3226 2044 3310 2099 hic
3333 2055 3389 2101 et
3415 2047 3526 2103 lucc
3554 2060 3609 2105 et

2021 2124 2119 2179 hoc
2143 2144 2345 2183 amans.
2372 2127 2505 2183 Nam
2534 2145 2818 2187 commune
2846 2134 3009 2188 duum
3040 2150 3298 2205 generum
3328 2146 3383 2194 et
3408 2139 3608 2209 epicos-

2021 2232 2253 2273 nomena
2283 2218 2412 2291 [Al.,
2445 2222 2728 2295 epicenon]
2776 2225 2830 2278 in
2878 2227 3164 2297 participio
3207 2229 3468 2298 inveniri,
3512 2249 3608 2289 na-

2022 2314 2143 2363 tura
2172 2310 2286 2379 ipsa
2314 2312 2583 2380 prohibet.
2617 2312 2752 2369 Cum
2782 2317 2925 2371 enim
2955 2320 3121 2374 verba
3142 2360 3157 2386 ,
3192 2335 3257 2376 ex
3288 2325 3482 2392 quibus
3509 2342 3605 2382 na-

2020 2409 2245 2455 scuntur
2270 2404 2577 2474 participia,
2607 2406 2816 2475 pariter
2843 2410 3094 2465 omnibus
3115 2409 3414 2484 jungantur
3439 2431 3603 2487 gene-

2019 2497 2202 2564 ribus,
2227 2505 2314 2562 ut,
2346 2498 2467 2570 legit
2500 2503 2594 2565 t'ir,
2640 2500 2760 2573 legit
2798 2502 3028 2573 femina,
3070 2506 3193 2576 legit
3236 2514 3552 2583 mancipium
3583 2529 3606 2569 :

2018 2590 2328 2644 necessario
2367 2592 2747 2661 participium,
2797 2595 2943 2664 quod
2987 2612 3053 2651 ex
3109 2613 3175 2653 eo
3218 2602 3604 2675 proﬁciscitur,

2016 2680 2219 2735 eisdem
2257 2681 2544 2751 generibus
2584 2685 2900 2739 associatur.
2939 2686 3007 2741 Et
3050 2702 3209 2743 omne
3253 2692 3599 2763 participium

2017 2771 2073 2825 in
2102 2788 2196 2825 ans
2216 2772 2301 2825 vel
2323 2772 2378 2826 in
2399 2790 2511 2838 ens,
2532 2789 2771 2844 praesens
2796 2785 2851 2831 et
2869 2779 3202 2849 praeteritum
3225 2781 3601 2851 imperfectum

2016 2862 2130 2917 sive
2176 2860 2336 2916 trium
2362 2877 2620 2931 generum
2649 2873 2769 2930 est;
2799 2874 2888 2932 ut,
2927 2868 3012 2921 hic
3042 2877 3098 2924 et
3137 2870 3249 2925 lucc
3275 2881 3331 2927 et
3359 2872 3456 2929 hoc
3484 2875 3606 2932 lau-
3637 2878 3649 2882 ”

2015 2953 2170 3018 dans,
2210 2953 2431 3020 docens,
2462 2954 2633 3025 legens
2652 2997 2666 3020 ,
2691 2956 2931 3012 audiens.
2965 2957 3023 3013 Si
3053 2974 3181 3016 vero
3216 2962 3271 3017 in
3310 2980 3371 3018 us
3402 2965 3600 3022 ﬁniun-

2015 3052 2124 3110 tur,
2153 3047 2428 3114 praaterita
2457 3047 2542 3102 vel
2568 3046 2771 3113 futura,
2798 3051 3016 3105 mobilia
3043 3036 3291 3124 suntper
3316 3058 3415 3112 tria
3442 3073 3603 3129 gene-

328 3133 567 3190 Vel'balis
604 3130 734 3205 [Ala
766 3127 1043 3201 νθτδίδίίδ]
1071 3127 1303 3219 nomini?
1343 3126 1604 3219 sequitur,
1639 3133 1718 3191 ut,
1744 3142 1912 3219 ama-
1938 3118 1985 3184 C
2015 3151 2072 3189 ra
2091 3176 2106 3201 ,
2135 3144 2196 3190 ut
2216 3146 2457 3203 amatus,
2487 3148 2686 3206 amata,
2719 3149 2974 3214 amatum.
2999 3118 3305 3212 Amantius,
3331 3118 3600 3219 ama‘tura,

330 3235 414 3280 tor
435 3224 607 3289 illius,
635 3224 715 3278 sic
740 3221 1004 3277 dicimus:
1030 3235 1213 3273 amans
1237 3217 1401 3271 illius.
1428 3217 1591 3272 Vides
1616 3217 1761 3287 quod
1785 3233 1911 3287 par-

330 3316 573 3387 ticipium
599 3312 930 3375 accusativo,
954 3325 1149 3366 nomen
1179 3309 1414 3380 genitivo
1434 3306 1699 3378 jungitur.
1729 3305 1835 3364 Sed
1857 3315 1913 3364 et

327 3406 610 3478 participia
635 3412 849 3475 tempus
874 3402 1199 3473 signiﬁcant.

401 3496 502 3551 Fu.
526 3494 778 3566 Nunquid
804 3508 911 3548 non
938 3492 1186 3562 quaedam
1214 3491 1431 3546 nomina
1456 3505 1673 3562 quoque
1700 3498 1910 3562 tempus

328 3584 673 3658 signiﬁcant,
701 3590 765 3636 ut
791 3596 995 3646 annus,
1036 3582 1270 3646 mensis,
1308 3581 1455 3645 dies,
1502 3581 1672 3649 hora,
1711 3590 1769 3638 et
1806 3583 1909 3640 alia

328 3677 497 3737 multa
510 3677 615 3731 μ·
630 3672 793 3730 Suo.
813 3671 1152 3743 Signiﬁcant.
1172 3671 1279 3727 Sed
1293 3672 1674 3743 interestquod
1689 3676 1908 3730 nomina

327 3770 417 3826 illa
443 3765 580 3823 nihil
599 3764 746 3820 aliud
770 3762 1100 3833 signiﬁcant,
1123 3762 1227 3817 nisi
1253 3763 1429 3833 ipsum
1451 3771 1664 3833 tempus
1690 3779 1789 3835 per
1813 3780 1906 3822 se;

326 3858 613 3931 participia
639 3856 820 3925 itaque
842 3854 1110 3911 actionem
1136 3854 1220 3910 vel
1249 3854 1553 3924 passionem
1594 3855 1649 3908 in
1670 3854 1911 3924 quolibet

326 3961 573 4023 tempore
615 3948 734 4005 ﬁeri
771 3950 1171 4013 demonstrant,
1198 3962 1305 4002 non
1335 3947 1509 4016 ipsum
1545 3954 1756 4018 tempus
1786 3964 1801 4002 :
1841 3947 1912 4003 Et

326 4046 471 4116 quod
489 4041 831 4114 participium
851 4040 1164 4110 exsequitur
1186 4054 1364 4104 casus,
1389 4052 1525 4108 quos
1548 4047 1601 4093 et
1626 4040 1813 4105 verba,
1840 4054 1906 4093 ex

325 4136 523 4207 quibus
550 4140 846 4189 nascuntur
874 4146 889 4186 :
917 4140 973 4187 et
998 4130 1141 4201 quod
1171 4128 1458 4184 verborum
1487 4129 1907 4199 signiﬁcationes

326 4226 559 4293 habent,
585 4233 640 4280 et
678 4224 820 4297 quod
854 4239 953 4295 pro
980 4223 1143 4278 verbo
1169 4230 1462 4293 ponuntur.
1505 4221 1657 4277 Unde
1686 4222 1905 4291 quidam

323 4317 666 4392 participium
697 4316 925 4373 verbum
972 4314 1189 4371 casuale
1232 4313 1541 4380 nominant;
1593 4314 1718 4382 quia
1762 4314 1907 4383 quod

322 4410 490 4469 verbo
512 4425 611 4483 per
631 4425 691 4466 se
715 4408 899 4474 deest,
930 4407 984 4462 id
1011 4414 1095 4463 est
1118 4421 1274 4462 casus
1291 4446 1305 4471 ,
1333 4402 1575 4475 possidet
1604 4404 1659 4458 in
1684 4403 1905 4474 partici-

320 4505 429 4576 pio.
470 4502 597 4559 ideo
635 4503 692 4558 in
728 4500 1130 4558 constructione
1164 4514 1263 4570 per
1297 4497 1542 4569 obliquos
1578 4511 1769 4563 casus,
1809 4494 1901 4550 ubi

320 4580 546 4653 verbum
568 4595 723 4668 jungi
747 4610 855 4651 non
884 4602 1082 4666 potest,
1110 4593 1454 4665 participium
1487 4591 1607 4647 loco
1632 4590 1785 4646 verbi
1812 4604 1902 4646 su-

320 4690 430 4756 bit;
461 4698 524 4745 ut
559 4690 721 4744 bonus
758 4687 958 4761 [homo]
1004 4687 1310 4759 loquebatur
1342 4700 1359 4738 :
1392 4685 1513 4740 boni
1551 4685 1777 4740 hominis
1824 4683 1902 4737 lo-

318 4783 523 4853 quentis
570 4780 859 4835 orationem
899 4778 1107 4845 audivi;
1151 4778 1284 4833 bono
1318 4777 1517 4831 homini
1557 4776 1785 4848 loquenti
1818 4792 1902 4830 re-

318 4873 539 4945 spondi;
576 4871 768 4926 bonum
807 4871 1068 4925 hominem
1102 4870 1392 4941 loquentem
1425 4869 1637 4935 audivi;
1674 4877 1732 4922 tu
1771 4869 1899 4923 bone

317 4966 473 5020 homo
502 4962 743 5037 loquere;
765 4979 799 5016 a
827 4962 959 5017 bono
981 4962 1185 5016 homine
1211 4961 1451 5033 loquente
1471 4961 1657 5015 didici.
1684 4958 1796 5033 [Et]
1832 4974 1901 5016 ex

317 5074 383 5135 eo
414 5057 777 5113 nominativus
813 5064 869 5112 et
891 5057 1169 5111 vocativus
1190 5056 1325 5111 recti
1349 5070 1510 5112 casus
1531 5054 1898 5122 nominantur,

318 5150 443 5221 quia
472 5164 569 5220 per
596 5163 654 5203 se
679 5147 857 5203 verbis
875 5147 1031 5219 jungi
1059 5155 1301 5216 possunt.
1373 5210 1389 5224 .

364 5246 487 5301 Fs.
528 5245 703 5314 Quam
736 5244 1027 5300 utilitatem
1062 5243 1225 5298 habet
1254 5244 1593 5315 participium
1630 5243 1686 5299 in
1728 5244 1902 5301 nomi-

319 5344 502 5399 nativo
528 5350 586 5397 et
608 5342 885 5407 vocativo,
918 5340 964 5396 si
1004 5339 1083 5394 sic
1112 5339 1261 5395 verbi
1299 5338 1417 5394 loco
1455 5339 1686 5409 obliquis
1705 5337 1901 5410 junga-

319 5437 532 5491 tur?‘—
564 5434 731 5489 Suo.
761 5433 916 5501 Quod
952 5433 1115 5487 verba
1156 5431 1270 5486 sine
1309 5428 1687 5498 conjunctione
1720 5430 1774 5485 in
1804 5444 1902 5485 no-

317 5528 581 5585 minativo
606 5536 663 5583 et
687 5526 934 5582 vocativo
961 5522 1285 5595 conjungere
1315 5530 1488 5594 potes.
1525 5521 1660 5576 Nam
1688 5521 1900 5577 diversa

316 5618 485 5689 verba
509 5617 627 5674 sine
654 5617 1034 5688 conjunctione
1062 5616 1195 5671 recti
1224 5613 1379 5687 [Ms.,
1408 5612 1577 5685 recte]
1606 5610 1759 5683 jungi
1793 5628 1901 5669 non

318 5720 581 5789 possunt,
607 5718 697 5779 ut,
728 5709 872 5782 lego,
900 5708 1104 5779 scribo;
1131 5708 1218 5767 vel
1251 5708 1433 5776 doceo,
1459 5705 1651 5773 discis,
1682 5720 1788 5761 non
1820 5715 1903 5764 est

1927 4473 1981 4535 D

2012 3235 2331 3281 amaturum.

2078 3316 2179 3371 Fs.
2215 3317 2384 3375 Casus
2424 3322 2836 3393 participiorum
2883 3340 3093 3397 expone
3136 3329 3289 3384 mihi.
3322 3361 3393 3372 —
3429 3331 3596 3391 Saxo.

2008 3408 2181 3464 Casus
2203 3411 2615 3482 participiorum
2640 3406 2732 3468 sex
2764 3424 2909 3481 sunt,
2934 3417 3076 3472 sicut
3094 3425 3149 3473 et
3171 3421 3467 3477 nominum.
3488 3423 3601 3481 Nec

2008 3508 2136 3554 sunt
2160 3500 2379 3555 inventa
2406 3503 2693 3572 participia
2719 3504 2773 3558 in
2805 3506 2988 3576 aliquo
3016 3502 3495 3579 casu'deﬁcientia,
3527 3515 3601 3570 si-

2009 3598 2100 3647 cut
2128 3591 2288 3662 293
2317 3607 2418 3647 nec
2448 3595 2666 3648 nomina
2690 3596 2908 3649 mobilia
2937 3598 3020 3652 vel
3049 3614 3103 3651 ιη
3131 3599 3265 3655 duas
3290 3601 3598 3663 desinentes

2009 3690 2386 3737 consonantes.
2417 3681 2547 3750 Quae
2574 3684 2719 3739 enim
2756 3686 3045 3755 deﬁciunt,
3073 3688 3182 3746 ﬁxa
3211 3702 3365 3761 sunt;
3394 3704 3485 3764 ut,
3515 3698 3598 3767 fas

2012 3770 2256 3845 [ditione]
2284 3773 2425 3828 tabo.
2902 3800 2903 3803 η
3544 3782 3545 3785 “

2078 3862 2177 3917 Fu.
2219 3860 2509 3931 Quomodo‘
2528 3866 2866 3923 declinantur
2892 3871 3301 3943 participia?—-
3322 3875 3487 3934 Suo.
3514 3878 3597 3937 Ad

2009 3955 2415 4011 similitudinem
2454 3957 2733 4013 nominum
2772 3960 2830 4015 in
2868 3977 2959 4016 ens
2995 3962 3391 4035 desinentium,
3420 3969 3505 4025 vel
3540 3970 3595 4028 in

2007 4063 2071 4101 us
2100 4046 2400 4102 mobilium.

2077 4137 2177 4192 Fs.
2219 4137 2483 4209 Tempora
2522 4142 2930 4214 participiorum
2969 4145 3203 4216 qualiter
3238 4153 3502 4207 currunt?
3524 4180 3595 4197 -

2009 4228 2174 4285 Sno.
2204 4228 2497 4300 Participia
2518 4232 2816 4302 ,conjuncta
2843 4236 3073 4303 habent,
3107 4239 3248 4295 sicut
3272 4241 3439 4296 verba
3468 4242 3591 4299 inﬁ-

2006 4322 2194 4388 nitiva,
2224 4322 2279 4378 id
2301 4332 2401 4389 est,
2427 4340 2664 4395 praesens
2687 4335 2899 4398 tempus
2926 4327 3121 4400 [Edit.,
3148 4333 3433 4400 praesentis
3456 4342 3593 4391 tem-

2005 4414 2175 4487 poris]
2224 4423 2280 4469 et
2326 4417 2658 4486 praeteritum
2710 4417 3108 4488 imperfectum.
3153 4420 3285 4476 item
3327 4425 3588 4494 praeterit.

2005 4505 2230 4577 perfect.
2276 4514 2333 4562 et
2397 4507 2908 4579 plusquamperfect.
2980 4511 3208 4581 pariter,
3258 4520 3319 4566 ut
3359 4530 3373 4567 :
3416 4512 3592 4585 legens

2002 4596 2192 4662 scribo,
2217 4596 2388 4668 legens
2410 4597 2731 4664 scribebam;
2754 4598 2917 4655 lectus
2942 4601 3040 4670 fui,
3067 4600 3233 4657 lectus
3257 4602 3484 4672 fueram.

2072 4690 2172 4744 Fs.
2207 4690 2291 4745 An
2334 4705 2399 4746 ex
2447 4691 2594 4746 omni
2640 4691 3031 4762 signiﬁcatidne
3068 4694 3360 4749 verborum
3406 4695 3590 4754 omnia

2003 4790 2246 4851 tempora
2268 4782 2613 4836 inveniuntur
2640 4782 2694 4835 in
2718 4782 3056 4851 participiis?
3074 4813 3145 4823 —
3171 4782 3336 4840 Suo.
3369 4784 3587 4858 Nequa-

2002 4889 2184 4943 quam.
2215 4873 2349 4929 Nam
2374 4890 2495 4930 cum
2523 4874 2761 4944 quinque
2784 4875 2896 4929 sint
2922 4875 3209 4932 verborum
3233 4876 3585 4949 signiﬁcatio-

2005 4980 2119 5031 nes,
2153 4965 2350 5031 activa,
2371 4964 2607 5036 passiva,
2630 4971 2845 5033 neutra,
2870 4968 3195 5033 communia,
3228 4968 3581 5039 deponentis;

2003 5056 2288 5126 participia
2326 5057 2394 5112 ab
2439 5055 2629 5133 activis
2681 5057 2899 5125 quidem
2942 5065 2999 5113 et
3044 5060 3252 5115 neutris
3302 5057 3585 5129 praesentis

2005 5148 2268 5219 temporis
2288 5148 2633 5203 inveniuntur
2652 5155 2709 5202 et
2725 5146 2922 5215 futuri;
2952 5157 3014 5204 ut
3036 5165 3241 5215 amans,
3264 5158 3538 5203 amaturus
3560 5158 3581 5200 :

2005 5253 2149 5298 stans
2170 5283 2183 5306 ,
2221 5251 2456 5298 staturus
2485 5253 2504 5292 :
2543 5239 2637 5295 sed
2674 5242 2955 5310 praesentis
2994 5240 3335 5313 participium
3367 5249 3424 5296 et
3455 5238 3587 5295 sub-

2005 5336 2296 5392 stantivum
2325 5332 2547 5397 verbum
2576 5350 2720 5400 sum,
2745 5334 3079 5404 pneteritum
3116 5331 3413 5403 perfectum
3450 5345 3581 5402 pro-

2003 5427 2254 5493 ferimus;
2300 5433 2389 5493 ut,
2431 5441 2616 5480 amans
2663 5425 2777 5495 fui,
2808 5425 2986 5494 fuisti,
3026 5423 3158 5493 fuit,
3203 5437 3343 5492 pro,
3379 5421 3581 5490 amavi,

2004 5521 2270 5587 amavisti,
2304 5519 2504 5575 amavit
2517 5537 2532 5581 ;
2573 5526 2628 5573 et
2662 5520 2741 5575 sic
2778 5534 2877 5589 per
2918 5530 3106 5573 omnes
3141 5514 3330 5571 modos
3360 5514 3415 5570 in
3446 5523 3584 5571 tem-

2004 5628 2133 5684 pore
2165 5612 2437 5684 praeterito
2461 5600 2703 5683 perfecto
2730 5619 2787 5665 et
2821 5604 3365 5680 plusquamperfecto.
3394 5605 3584 5676 Itaque

2003 5705 2147 5777 quod
2192 5704 2344 5760 deest
2391 5702 2712 5759 naturaliter
2745 5699 2971 5771 simplici
3014 5698 3247 5757 dictione
3271 5738 3287 5767 ,
3328 5694 3583 5771 impletur
