4062 6346
14 404 29 435 lt

16 444 31 467 υς

14 480 27 521 ἓ

14 524 27 1201 ἶ

446 245 545 305 sat
796 304 801 307 κ
1268 245 1329 301 B.
1371 214 1699 302 nrtme
1734 241 1867 299 seu
1902 239 2179 299 ALCUINI
2216 243 2500 305 orenam
2539 246 2718 309 rans
2764 244 2863 298 tu.
3588 248 3701 305 se:

441 367 709 439 iuncturae
739 360 971 417 ratione.
1006 358 1354 416 Inveniuntur
1390 367 1569 413 tamen
1611 358 1664 411 in
1702 356 2019 426 quibusdam
2047 355 2101 416 Δ
2124 370 2314 419 amans
2343 358 2565 424 :habea,
2586 358 2766 423 habet,
2789 359 3015 422 habens,
3044 356 3361 429 interposita
3389 375 3426 413 n
3449 361 3702 427 secundm

444 457 652 513 neutris
676 454 959 526 participia
988 452 1259 523 praeterita
1276 492 1291 518 ,
1318 460 1411 516 ιιι,
1439 466 1471 504 a
1500 466 1642 504 cteno
1670 457 1913 504 coenatus
1942 467 1955 502 :
1989 463 2022 503 a

444 548 675 620 prandeo
698 561 927 617 pransus
964 564 976 598 :
1010 560 1042 598 a
1064 544 1244 614 placeo
1276 543 1507 613 placitus
1539 560 1552 595 :
1589 558 1621 595 a
1645 542 1782 597 nubo
1809 551 1975 613 nupta
2002 559 2018 597 :

447 656 478 696 a
500 649 654 713 patec
681 654 891 709 passus.
925 636 1178 709 Virgilius
1209 635 1363 707 (/En.
1388 652 1427 702 l,
1455 634 1582 706 484)
1618 652 1632 690 :

422 724 423 727 Ἴ
628 750 861 799 Crinibus
876 747 1059 797 Hisdes
1092 750 1246 808 passis
1264 780 1281 807 ,

446 829 499 885 id
524 838 628 895 est,
656 829 931 899 dispersis.
960 828 1051 884 Fit
1075 842 1289 901 quoque
1312 842 1345 882 a
1371 828 1546 896 patior
1579 842 1770 898 passus
1801 846 1815 883 :
1845 828 1883 882 a”
1896 826 2022 899 jura

437 918 654 988 juratus
685 937 699 973 :
733 920 800 973 ab
827 918 1081 973 adsch
1104 920 1359 973 adsuetus
1392 937 1404 971 :
1435 934 1465 973 a
1490 917 1656 972 titubo
1684 918 1944 975 titubatus
1969 926 2024 974 et

444 1012 573 1069 talia
598 1010 797 1073 multa;
828 1020 921 1076 ut,
947 1011 1235 1076 discessus,
1260 1013 1532 1077 interitus,
1564 1012 1752 1073 abitus,
1786 1029 2041 1077 occasus,

441 1116 592 1175 potus
609 1144 633 1170 ,λ
652 1115 859 1161 enectus
902 1104 1052 1180 [Ed.,
1087 1105 1367 1176 senectush
1400 1105 1599 1160 Neutra
1645 1119 1861 1174 quoque
1895 1121 2021 1173 pas-

442 1195 590 1261 siva,
637 1209 759 1264 quae
796 1196 1032 1265 quinque
1076 1203 1239 1261 sunt,
1282 1198 1446 1251 trium
1486 1205 1785 1264 temporum
1826 1197 2023 1251 habent

440 1286 759 1355 participia;
786 1295 866 1353 ut,
891 1286 1115 1357 gaudeo,
1139 1287 1402 1356 gaudens,
1430 1289 1666 1357 gauisus,
1697 1289 1972 1358 gavisurus
2000 1301 2020 1341 :

440 1376 629 1442 audeo,
659 1377 885 1442 audens,
903 1393 1086 1441 atssus,
1110 1394 1339 1433 ausurus
1368 1377 1571 1442 :solea,
1594 1377 1787 1437 solens.
1814 1379 2019 1444 salitus,

438 1466 690 1521 soliturus
738 1481 757 1519 :
802 1466 913 1535 ﬁo,
944 1468 1114 1536 ﬂens,
1164 1469 1371 1537 factus,
1410 1469 1654 1539 futurus;
1706 1468 2022 1523 differentia:

439 1570 623 1623 causa,
655 1571 724 1611 ne
745 1558 793 1612 si
820 1558 1057 1627 facturus
1083 1560 1372 1625 diceretur,
1403 1576 1433 1615 a
1457 1561 1596 1629 facio
1625 1561 1790 1615 verbo
1812 1569 2024 1628 putare.

440 1656 530 1702 tur
577 1649 723 1718 quod
750 1650 859 1707 vim
881 1651 1115 1707 activam
1143 1652 1329 1717 habet,
1348 1650 1503 1719 cujus
1529 1652 1800 1720 passivum
1823 1652 1895 1719 fio
1915 1660 2019 1707 est.

438 1736 578 1792 Fida
604 1755 845 1809 quoque,
872 1740 1067 1809 ﬁdens,
1098 1741 1261 1809 ﬁsus,
1301 1742 1499 1811 ﬁsurus
1537 1742 1683 1796 facit.
1723 1742 1768 1795 Λ
1806 1743 2022 1811 passiva

439 1827 830 1897 signiﬁcatione
854 1831 960 1886 duo
993 1847 1211 1902 quoque
1236 1833 1456 1887 veniunt
1485 1833 1771 1903 participia
1788 1874 1804 1897 ,
1828 1826 2022 1904 praete-

436 1918 605 1973 ritum
633 1928 689 1974 et
715 1919 986 1987 futurum;
1022 1930 1114 1987 ut,
1146 1932 1388 1988 amatus,
1416 1923 1711 1989 mundus;
1741 1940 1843 1993 pro
1869 1924 2022 1990 cujus

435 2009 688 2079 praesenti
718 2025 861 2081 sazpe
883 2010 1224 2067 necessitatis
1258 2028 1420 2067 causa
1458 2021 1711 2069 auctores
1745 2014 2021 2083 praeterito

434 2099 517 2155 uti
539 2100 908 2156 inveniuntur.
931 2101 979 2156 Α
1001 2106 1283 2159 communi.
1320 2104 1484 2159 verba
1517 2111 1749 2173 quatuor
1789 2122 2022 2161 nascun-

434 2198 525 2246 tur
542 2192 859 2263 participia;
892 2202 946 2248 et
973 2210 1079 2250 non
1109 2197 1328 2260 mirum,
1352 2197 1477 2265 quia
1507 2197 1737 2250 activam
1765 2198 1931 2253 habet
1949 2198 2022 2252 si-

434 2282 834 2351 gnificationem
856 2294 907 2339 et
930 2287 1200 2355 passivam
1226 2302 1511 2343 commune
1536 2289 1779 2344 verbum.
1806 2291 1873 2344 Et
1897 2291 2018 2347 ideo

434 2374 717 2445 utriusque
737 2376 1149 2444 significationis
1170 2378 1337 2434 habet
1353 2379 1639 2449 participia
1660 2398 1676 2445 ;
1704 2380 1912 2445 activae,
1937 2390 2016 2448 ut,

434 2465 719 2519 criminum
757 2475 815 2520 et
848 2468 1225 2523 criminaturus
1261 2486 1279 2524 :
1310 2472 1530 2539 pessime
1550 2511 1563 2535 ,
1596 2479 1686 2535 ut,
1713 2472 2019 2527 criminatus

432 2562 489 2608 et
514 2556 892 2613 criminandus.
932 2557 1038 2614 Sed
1064 2561 1370 2615 criminatus
1407 2561 1462 2614 in
1490 2569 1718 2630 utraque
1747 2562 2019 2617 invenitur

433 2646 845 2717 significatione.
893 2648 1180 2705 Sciendum
1226 2661 1310 2707 est
1357 2652 1489 2718 tibi,
1528 2668 1561 2707 ο
1597 2652 1829 2708 France!
1874 2655 2019 2723 quod

430 2738 613 2795 onmia
654 2741 939 2813 participia
977 2743 1033 2798 in
1069 2744 1168 2798 dus
1210 2743 1515 2800 desinentia
1556 2745 1748 2801 eadem
1788 2755 2019 2816 possunt

432 2843 552 2884 esse
580 2836 636 2885 et
667 2833 908 2889 nomina.

502 2920 603 2975 Fit.
644 2922 714 2977 Et
746 2927 1015 2996 quomodo
1054 2942 1307 2996 possum,
1335 2943 1370 2984 ο
1396 2928 1569 2984 Saxo!
1600 2929 1768 2994 scire,
1810 2944 1879 2984 an
1911 2930 2020 2986 sint

432 3013 651 3069 nomina
679 3015 763 3070 vel
790 3018 1111 3088 participia?
1142 3050 1214 3059 -—
1255 3019 1419 3075 Suo.
1451 3022 1589 3075 Dum
1625 3022 1842 3075 nomina
1868 3028 2013 3085 sunt,

2122 461 2369 515 persona:
2394 449 2599 504 ultimis
2628 448 2845 504 litteris.
2872 446 2929 502 In
2960 448 3118 502 tertia
3146 457 3198 504 et
3226 460 3419 518 quarta
3440 465 3698 523 emunga-

2122 537 2267 593 tionc
2312 555 2341 591 ο
2389 554 2649 593 conversa
2685 540 2740 593 in
2773 555 2862 593 ens
2902 537 3039 593 fiunt
3075 538 3391 607 participia,
3430 540 3593 615 294
3618 550 3700 608 ιιι,

2121 626 2255 698 lego,
2284 628 2495 697 legens;
2525 629 2704 695 audio,
2733 628 2975 686 audiens.
3005 628 3266 683 Prmteriti
3296 632 3553 700 temporis
3578 649 3705 702 par-

2122 718 2302 789 ticipia
2331 729 2383 775 et
2411 719 2575 775 futuri
2604 722 2825 775 veniunt
2855 738 2884 775 a
2922 723 3113 791 supino
3136 723 3301 777 verbo
3328 740 3363 776 ιι
3402 722 3575 803 finito,
3609 726 3705 779 ad-

2123 811 2233 866 dita
2255 830 2278 865 s
2303 813 2353 867 in
2378 813 2682 884 praeterito;
2709 831 2796 868 rus
2818 814 2871 867 in
2894 812 3074 869 futuro
3100 832 3112 867 :
3137 821 3216 875 ut,
3239 824 3441 881 amata,
3462 798 3701 882 amatus,
3732 798 3746 811 ’

2123 914 2401 958 amaturus
2433 922 2446 955 :
2478 914 2700 967 ctenatu,
2733 915 2993 969 coenatus,
3020 914 3331 962 ccenaturus
3354 923 3367 959 :
3394 906 3701 973 criminatu,

2124 994 2458 1065 criminatus,
2484 994 3112 1058 criminaturuszlocutu,
3145 995 3373 1061 locutus,
3402 995 3702 1052 locuturus.

2124 1084 2366 1139 Mortuus
2396 1086 2568 1141 solum
2596 1102 2626 1140 ει
2662 1087 2859 1141 morior
2891 1086 2996 1140 duo
3027 1103 3063 1139 tt
3088 1086 3271 1140 habet.
3316 1086 3533 1142 Passiva
3565 1086 3701 1159 [Al.,

2121 1176 2428 1248 participia]
2471 1192 2601 1232 vero
2636 1176 2813 1231 futura
2840 1178 3062 1232 veniunt
3106 1193 3136 1230 a
3165 1176 3400 1246 genitivo
3436 1179 3707 1253 participii

2123 1268 2406 1336 prtesentis
2436 1268 2723 1337 temporis,
2751 1270 2817 1322 tis
2848 1268 2900 1323 in
2931 1267 3028 1323 dus
3056 1282 3347 1334 conversa,
3379 1277 3467 1336 ut,
3494 1285 3703 1335 amans,

2124 1362 2369 1423 amantis,
2404 1360 2685 1415 amandus.

2197 1451 2292 1506 Fn.
2335 1450 2378 1506 0
2403 1451 2448 1505 si
2476 1450 2737 1506 voluisses
2774 1450 3024 1523 colligere
3060 1446 3361 1511 difficiliora
3390 1452 3553 1506 verba
3582 1468 3705 1507 cum

2124 1541 2399 1611 praeterito
2437 1540 2675 1612 perfecto
2710 1550 2765 1597 et
2794 1539 2946 1614 μὴ..
2981 1539 3037 1614 a]
3082 1543 3274 1615 supino
3308 1549 3361 1597 et
3397 1543 3705 1614 participio,

2126 1648 2286 1702 quam
2307 1635 2669 1691 necessarium
2689 1642 2834 1691 esset
2850 1636 2863 1688 !
2878 1663 2947 1673 —
2963 1632 3124 1690 Sno.
3140 1634 3519 1709 Necessarium
3543 1647 3703 1705 esset,

2054 1713 2099 1775 Β
2124 1729 2218 1783 sed
2246 1728 2464 1783 modum
2490 1728 2658 1783 nostri
2688 1727 2797 1782 ludi
2831 1729 3133 1785 excederet.

2195 1818 2291 1873 [εἰς.
2332 1818 2533 1874 Tamen
2563 1818 2741 1889 aliqua
2777 1818 2960 1888 profer
2999 1818 3319 1892 [difﬁciliora
3342 1819 3526 1892 verba]
3555 1839 3567 1875 :
3599 1836 3706 1877 cte-

2123 1912 2240 1967 ter'a
2271 1910 2480 1967 facilius
2503 1909 2751 1979 coniicio.
2776 1942 2849 1952 —
2878 1911 3041 1968 Suo.
3069 1912 3307 1967 Faciam.
3340 1913 3499 1975 Ama,
3535 1930 3707 1980 antas,

2123 2002 2317 2068 amavi,
2341 2011 2595 2067 amatum,
2619 2012 2847 2056 amatus.
2876 2002 2927 2056 Ν
2931 2012 3065 2069 ecta,
3083 2005 3262 2070 nectis,
3289 2005 3469 2069 nerui,
3494 2020 3705 2070 nexum,

2123 2112 2317 2160 nexus,
2348 2103 2403 2150 et
2436 2112 2505 2151 ex
2540 2110 2604 2151 eo
2643 2094 3098 2165 frequentativum
3132 2113 3283 2153 nexo.
3325 2097 3392 2151 Et
3429 2097 3535 2165 da,
3562 2096 3707 2163 dedi,

2122 2187 2326 2251 datum,
2357 2186 2603 2252 daturus,
2626 2205 2659 2241 a
2688 2188 2839 2243 brevi
2866 2189 3083 2259 ubique.
3111 2187 3240 2255 Ora,
3278 2190 3447 2255 arari,
3475 2200 3708 2255 aratum,

2123 2284 2386 2331 oraturus.
2416 2275 2569 2342 Seco,
2607 2278 2772 2344 secui,
2798 2288 3017 2343 sectum,
3050 2288 3307 2334 seclurus.
3342 2277 3510 2343 Neco,
3535 2280 3709 2347 necui,

2122 2377 2346 2434 nectam,
2379 2380 2622 2423 necturus
2645 2388 2664 2424 :
2691 2386 2723 2425 a
2752 2387 2876 2425 neco
2902 2387 3117 2442 quoque
3143 2381 3382 2427 necatum
3411 2371 3711 2437 invenitur,

2121 2459 2212 2513 sed
2248 2470 2460 2513 necatus
2480 2502 2494 2525 ,
2526 2459 2672 2515 ferro
2700 2462 2940 2527 occisus,
2974 2462 3171 2517 dicitur
3190 2480 3211 2529 ι
3232 2464 3420 2517 nectus
3444 2478 3574 2518 vero
3600 2462 3713 2518 alio

2118 2549 2358 2619 quolibet
2385 2549 2563 2605 modo.
2598 2548 2747 2605 Plica
2785 2560 2840 2607 et
2865 2551 3082 2623 plicari,
3115 2562 3169 2608 et
3193 2552 3355 2624 plicui
3386 2553 3519 2609 facit
3546 2572 3557 2607 :
3591 2554 3712 2610 ideo

2118 2648 2173 2695 et
2209 2639 2455 2710 plicatam
2486 2650 2539 2695 et
2567 2640 2802 2711 plicitum
2831 2640 3129 2709 invenitur;
3172 2644 3248 2697 ita
3278 2653 3333 2698 et
3359 2659 3429 2698 ex
3468 2659 3533 2698 eo
3560 2659 3713 2699 com-

2118 2733 2290 2803 posita
2322 2751 2333 2786 :
2362 2732 2585 2804 explica,
2608 2733 2837 2804 duplica,
2860 2735 3088 2806 implica,
3116 2735 3399 2805 dupliciter
3417 2734 3711 2804 proferunt-

2119 2832 2227 2878 tur.
2259 2824 2393 2881 Nam
2426 2823 2528 2880 lavi
2556 2832 2612 2881 et
2637 2826 2749 2881 cavi
2777 2836 2832 2882 et
2861 2826 2966 2896 fari
2996 2825 3311 2882 differentiae
3338 2843 3503 2882 causa
3528 2845 3559 2881 a
3587 2826 3709 2882 Ion-

2118 2928 2239 2981 gam
2268 2913 2320 2967 in
2350 2931 2418 2967 au
2445 2922 2679 2980 mutant,
2704 2923 2787 2978 ut,
2815 2914 2961 2969 lauta
2987 2924 3042 2970 et
3069 2916 3275 2982 lautus;
3306 2926 3467 2973 cauta
3496 2927 3550 2973 et
3576 2935 3707 2972 cau-

2121 3013 2240 3069 tus;
2265 3006 2415 3074 fautu
2440 3014 2493 3060 et
2519 3006 2697 3075 [auius
2725 3005 2948 3073 faciunt,
2977 3007 3101 3078 quia
3131 3008 3293 3061 latum
3312 3049 3329 3075 ,
3356 3016 3411 3063 et
3443 3018 3619 3063 catum
3656 3018 3713 3063 et

435 3106 691 3161 ammth
727 3073 1006 3177 ter-“pom:
1035 3118 1094 3164 ut
1131 3073 1392 3166 olim‘ﬁbi
1412 3073 1415 3074 ν
1589 3131 1602 3167 ε
2046 3073 2091 3136 C
2125 3073 2292 3166 fatum
2321 3097 2453 3153 alias
2486 3073 2686 3153 habent.
2714 3073 3153 3167 significationes.
3188 3073 3461 3165 Sta,»stas,
3488 3109 3707 3166 statum,

432 3211 551 3250 sum
582 3198 927 3268 participium
949 3208 1032 3254 est
1066 3218 1077 3252 :
1108 3201 1176 3253 ad
1208 3201 1495 3256 docendam
1534 3202 1843 3256 rhetoricam
1882 3204 2019 3268 veni,

2121 3196 2414 3253 staturum,
2446 3188 2603 3259 longa
2628 3206 2658 3241 a
2691 3204 2813 3244 cum
2841 3189 2892 3242 in
2933 3187 3241 3244 nominibus
3268 3188 3399 3261 [Αι.,
3433 3188 3706 3262 omnibus]

434 3300 633 3341 nomen
674 3295 778 3343 est.
820 3288 863 3342 Α
908 3290 1196 3358 deponenti
1240 3292 1407 3347 trium
1450 3301 1751 3362 temporum
1798 3294 2016 3349 veniunt

2122 3278 2192 3332 ab
2217 3294 2281 3333 eo
2310 3279 2566 3334 derivatis
2587 3279 2784 3350 ubique
2812 3279 3103 3347 brevietur,
3140 3289 3199 3337 ut
3236 3289 3422 3347 status,
3450 3281 3653 3337 stabilis
3685 3296 3704 3333 :

434 3377 748 3447 participia;
773 3381 1057 3449 praesentis
1080 3390 1134 3438 et
1151 3384 1413 3452 prseteriti
1434 3384 1735 3455 imperfect.
1759 3402 1974 3456 sequens
1999 3399 2018 3437 :

432 3469 697 3537 praeteriti
733 3470 959 3541 perfect.
1001 3480 1056 3528 et
1093 3472 1602 3547 plusquamperfect.
1644 3487 1850 3530 secutus
1882 3490 1900 3528 :
1929 3476 2019 3531 fu-

434 3560 565 3623 turi,
595 3570 888 3618 secuturus.
913 3561 1018 3618 Sed
1047 3565 1189 3634 apud
1218 3567 1469 3637 antiquos
1487 3582 1556 3622 ex
1575 3567 1878 3638 bujusmodi
1896 3584 2017 3625 ver-

432 3651 519 3707 bis
546 3654 830 3724 participia
856 3657 1120 3726 praeteriti
1160 3658 1418 3728 temporis
1445 3668 1554 3714 tam
1586 3662 1817 3716 activam
1853 3678 2020 3733 quam

432 3745 707 3809 passivam
744 3744 1189 3813 significationem
1227 3748 1480 3804 habentia
1530 3751 1894 3819 inveniuntur,
1934 3761 2014 3820 ut,

430 3834 743 3903 meditatus,
787 3837 1108 3904 auxiliatus,
1157 3840 1484 3909 amplexatus
1508 3882 1524 3907 ,
1574 3844 2013 3913 adminiculatusi

431 3926 714 3997 utriusque
740 3927 1151 3999 signiﬁcationis
1175 3942 1401 4000 possunt
1423 3949 1565 3990 esse.

499 4016 597 4072 Fn.
633 4017 898 4077 Numeros
931 4023 1338 4094 participiorum
1375 4026 1576 4096 profer.
1608 4059 1679 4068 —
1708 4028 1872 4087 Saxo.
1902 4032 2015 4087 Nu-

430 4109 566 4163 meri
592 4110 998 4182 participiorum
1025 4114 1131 4170 duo
1150 4124 1293 4171 sunt.
1320 4115 1642 4189 Singularis,
1668 4130 1747 4187 ut,
1780 4138 2012 4178 currens.

431 4200 695 4269 Pluralis,
725 4211 815 4270 ut,
840 4216 1128 4263 canentes.
1158 4209 1227 4263 Et
1265 4211 1409 4266 sicut
1441 4226 1547 4266 non
1584 4213 1840 4269 deficiunt
1878 4218 2019 4271 casi-

430 4291 551 4356 bus,
583 4292 661 4347 sic
689 4308 790 4348 nec
816 4297 1057 4353 numeris
1083 4298 1346 4375 defectiva
1376 4302 1617 4359 invenies
1640 4306 1941 4375 participia.

501 4379 600 4434 Fu.
626 4380 839 4451 Figurae
867 4387 1293 4457 participiorum.
1306 4392 1447 4449 unde
1473 4394 1729 4451 veniunt?
1746 4425 1819 4436 --
1842 4396 2009 4453 Suo.

429 4468 477 4524 Α
507 4470 687 4525 verbis
712 4486 952 4542 semper,
976 4484 1038 4529 ut
1060 4478 1129 4531 ab
1149 4480 1335 4548 editio,
1358 4481 1595 4539 alliciens
1619 4503 1633 4537 :
1666 4486 1733 4540 ab
1756 4487 2010 4559 intelligo,

431 4559 757 4630 intelligens.
784 4560 919 4616 Nam
942 4579 1039 4634 per
1066 4581 1127 4621 se
1164 4583 1438 4639 nunquam
1475 4575 1814 4643 componitur
1846 4579 2015 4646 parti-

430 4651 651 4722 cipium,
680 4652 785 4707 nisi
814 4654 965 4724 prius
988 4670 1342 4728 componatur
1369 4663 1488 4735 ejus
1512 4666 1756 4722 verbum.
1783 4668 1842 4724 Si
1867 4672 2012 4727 enim

430 4742 548 4812 ipsa
595 4755 989 4815 componuntur
1028 4765 1127 4820 per
1172 4768 1260 4818 se,
1304 4763 1585 4813 transeunt
1630 4760 1685 4815 in
1733 4764 2012 4820 nominum

431 4833 571 4900 vim;
598 4844 678 4901 ut,
707 4852 886 4906 noceo,
908 4857 1133 4909 nocens;
1152 4845 1401 4904 inuocem
1422 4864 1619 4905 nomen
1641 4860 1743 4919 est,
1766 4855 2013 4910 innocen-

430 4924 534 4979 tior
559 4924 816 4986 faciens:
860 4935 1028 5004 sapia,
1064 4938 1304 5008 sapiens;
1346 4941 1598 5013 insipiens
1638 4943 2009 5021 [insipientior]

431 5036 629 5078 nomen
653 5032 757 5080 est.
790 5023 1065 5097 Simplicia
1094 5031 1240 5085 enim
1265 5048 1452 5089 eorum
1472 5047 1698 5106 possunt
1715 5048 1769 5094 et
1791 5041 2013 5098 nomina

428 5119 486 5169 et
516 5116 805 5188 participia
839 5134 963 5178 esse
994 5138 1011 5176 :~
1051 5126 1347 5193 composita
1377 5142 1507 5186 vero
1538 5137 1749 5188 tantum
1790 5133 2010 5191 nomina

430 5219 570 5266 esse.

497 5297 599 5354 Fn.
642 5300 858 5359 Memini
880 5312 935 5361 te
958 5306 1164 5366 dixisse
1192 5313 1373 5369 omnia
1401 5317 1689 5390 participia
1714 5335 1836 5377 esse
1863 5323 2012 5380 deri-

429 5391 606 5449 vativa
633 5406 665 5446 a
686 5396 885 5452 verbis.
925 5396 1096 5454 Velim
1122 5401 1263 5458 scire
1287 5420 1317 5457 a
1351 5407 1545 5475 quibus
1569 5411 1902 5478 temporibus
1925 5414 2011 5469 vel

430 5485 605 5540 modis
633 5487 741 5541 sint
774 5488 1153 5549 derivatai.-
1194 5495 1359 5553 Suo.
1397 5498 1480 5553 Ab
1518 5500 1809 5558 indicativo
1849 5506 2010 5562 rnodo

428 5577 712 5643 pmsentis
725 5580 983 5649 temporis
1005 5581 1143 5639 fiunt
1166 5589 1449 5658 participia
1471 5594 1776 5659 praesentia,
1801 5603 1857 5651 et
1868 5612 1980 5653 sein

430 5667 608 5740 pet-iu
648 5686 745 5728 ant
784 5672 872 5732 vel
914 5674 972 5732 in
1007 5692 1101 5733 ens
1139 5679 1426 5750 desinunt,
1468 5692 1527 5739 ut
1555 5684 1625 5742 ab
1657 5705 1796 5757 amo,
1836 5708 2003 5761 antas,

2120 3377 2180 3424 ut
2210 3367 2461 3425 Lucanus
2491 3369 2568 3440 (χ,
2598 3370 2724 3444 240)
2755 3389 2766 3424 :

2462 3516 2474 3527 .
2496 3515 2513 3531 .
2536 3515 2553 3530 .
2580 3517 2594 3531 .
2618 3481 2833 3540 Quarum
2854 3488 2978 3533 stata
2998 3488 3220 3546 tempora
3242 3483 3401 3537 flatus.

2116 3579 2271 3648 Juoa,
2309 3582 2444 3653 juvi,
2476 3584 2685 3653 jutum,
2731 3584 2887 3657 longa
2923 3602 2979 3640 tt.
3022 3586 3175 3642 Unde
3208 3588 3442 3658 adjutus.
3485 3586 3701 3655 Sterno,

2118 3673 2301 3738 stravi,
2326 3682 2573 3737 stratum,
2596 3683 2877 3730 straturus.
2906 3675 3045 3743 Eda,
3067 3678 3178 3743 edi,
3207 3695 3375 3743 esum,
3394 3696 3612 3743 esurus;
3636 3694 3705 3733 ex

2118 3781 2226 3836 quo
2266 3766 2438 3820 esurio
2479 3766 2715 3839 [esuris].
2756 3767 2927 3834 Erua,
2968 3771 3127 3836 eruis,
3164 3782 3391 3838 erutum,
3432 3781 3705 3827 erutuns.

2120 3862 2236 3928 Cio,
2260 3866 2379 3931 ciui,
2415 3866 2594 3932 citum,
2620 3868 2840 3922 citurus.
2880 3868 3083 3934 Moveo,
3114 3872 3268 3936 mari,
3291 3880 3510 3936 motum,
3534 3882 3708 3927 motu-

2120 3968 2227 4006 rus.
2272 3953 2457 4019 Sedea,
2491 3956 2619 4020 sedi,
2652 3974 2865 4023 sessum,
2899 3976 3170 4026 sessurus;
3211 3964 3350 4031 quod
3377 3965 3619 4034 geminat
3654 3980 3703 4028 s,

2118 4060 2189 4100 ne
2214 4045 2332 4102 dum
2360 4057 2541 4119 partes
2569 4056 2842 4121 putentur.
2875 4050 3071 4121 Faveo,
3094 4053 3219 4125 fam,
3251 4056 3437 4125 fatum,
3471 4056 3701 4126 folms.

2118 4135 2307 4201 Facio,
2348 4139 2467 4208 feci,
2499 4140 2720 4209 factum,
2742 4141 3002 4211 facturus.

2188 4226 2256 4280 Et
2283 4228 2674 4284 observandum
2701 4239 2785 4285 est
2811 4233 2934 4297 tibi,
2963 4249 2996 4289 ο
3022 4232 3260 4301 France,
3299 4236 3441 4305 quod
3479 4253 3619 4308 pene
3649 4240 3703 4295 in

2118 4319 2370 4375 omnibus
2407 4322 2588 4376 verbis
2628 4338 2748 4392 quae
2786 4310 3037 4380 minuunt
3075 4328 3308 4397 syllabas
3335 4330 3388 4383 in
3424 4333 3706 4400 prater-ito

2041 4457 2094 4522 Β
2117 4409 2378 4480 perfecto,
2405 4428 2620 4483 semper
2636 4416 2960 4484 pemiltimas
2979 4420 3314 4490 producunt,
3339 4423 3465 4479 licet
3485 4426 3543 4480 in
3560 4441 3703 4496 pra-

2117 4503 2258 4557 senti
2290 4513 2550 4573 correptre
2578 4518 2777 4562 essent.

2186 4594 2285 4648 Fn.
2330 4596 2481 4651 Unde
2513 4598 2612 4653 hac
2651 4600 2751 4654 fit?
2775 4633 2847 4643 —
2886 4603 3048 4659 Suo.
3082 4606 3151 4662 Ut
3183 4618 3533 4680 compensent
3567 4619 3703 4666 tem-

2115 4688 2339 4755 poribus
2361 4691 2503 4758 quod
2530 4692 2679 4749 deest
2706 4695 2757 4748 in
2798 4688 3038 4766 syllﬁiis,
3079 4709 3157 4765 ut,
3183 4717 3319 4767 sera,
3347 4705 3472 4768 sevi,
3504 4714 3703 4769 satum,

2115 4788 2343 4841 saturus,
2372 4782 2512 4835 unde
2537 4792 2724 4838 sertus.
2752 4784 2901 4852 Sino,
2926 4790 3042 4853 sivi,
3066 4792 3245 4856 situm,
3277 4794 3494 4849 siturus.
3526 4794 3700 4862 Pana,

2112 4871 2287 4939 posui,
2324 4874 2570 4941 positum,
2611 4877 2891 4945 positum.
2933 4878 3084 4947 Lino,
3125 4883 3235 4949 lini,
3275 4885 3443 4951 litum,
3491 4888 3700 4943 lituras.

2115 4958 2219 5025 Ea,
2246 4961 2335 5027 ivi,
2360 4964 2512 5029 itum,
2540 4964 2728 5020 iturus.
2758 4968 2944 5035 Rideo,
2982 4972 3089 5036 risi,
3133 4976 3315 5041 risum,
3348 4977 3571 5032 risurtts'.
3612 4978 3709 5033 Vi-

2114 5050 2233 5118 deo,
2260 5054 2383 5121 vidi,
2411 5058 2596 5123 uisum,
2640 5060 2868 5114 uisurus.
2902 5061 3095 5129 Ardea,
3130 5067 3258 5129 arsi,
3299 5084 3497 5132 orsum,
3540 5086 3703 5123 arsu-

2115 5157 2225 5197 rus.
2260 5143 2496 5211 Mordeo,
2525 5151 2805 5217 momordi,
2834 5168 3087 5221 morsum,
3129 5172 3417 5213 mersuras.
3462 5157 3701 5225 Pendeo.

2112 5238 2349 5307 pependi,
2380 5255 2617 5309 pensum,
2650 5241 2857 5315 [pensa]
2886 5263 3160 5315 pensurus.
3206 5248 3433 5318 Tandeo,
3474 5256 3706 5321 totondi,

2115 5337 2339 5389 tonsum,
2382 5330 2578 5404 [tonsa]
2620 5343 2886 5390 tonsuras.
2929 5337 3200 5407 Spondeo,
3233 5346 3506 5415 spopondi,
3544 5364 3711 5413 spots-

2114 5434 2249 5483 sum,
2286 5436 2571 5489 spansurus
2613 5440 2633 5477 :
2672 5426 2815 5494 quod
2843 5445 2868 5481 s
2898 5428 2950 5482 in
2980 5432 3211 5488 secunda
3238 5435 3439 5491 amittit
3474 5437 3704 5508 syllaba.

2116 5509 2347 5579 Candeo,
2398 5517 2599 5582 studeo,
2633 5517 2851 5584 frondea
2891 5520 3039 5592 [Ed.,
3070 5525 3284 5598 fundo],
3317 5529 3583 5588 splendeo.
3611 5531 3707 5585 fa-

2114 5604 2263 5659 ciunt
2291 5607 2477 5675 supina
2507 5626 2519 5659 :
2548 5609 2833 5675 conditum,
2870 5614 3144 5681 staditum,
3182 5617 3493 5686 fronditum.
3518 5619 3707 5694 splen-

2115 5696 2303 5764 ditum,
2334 5696 2458 5753 licet
2487 5699 2763 5757 rarissnme
2790 5720 2819 5757 a
2846 5706 3050 5762 neutris
3078 5708 3329 5766 secunda:
3362 5712 3708 5787 coniugatio-

2733 5812 2759 5830 δ
