4062 6346
1474 314 1941 371 DIDASCALICA.
1977 342 2048 359 --
2080 318 2553 382 GRAMMATICA.

3535 338 3640 396 894

382 419 472 475 nis
502 418 694 487 supina
729 420 814 476 vel
857 423 1141 494 participia
1182 424 1456 493 invenias;
1498 438 1558 482 ut
1590 429 1759 495 calea,
1796 440 1959 500 tepeo,
1989 435 2042 494 Α
2066 445 2409 488 commentum
2439 450 2457 487 :
2485 437 2749 507 adipiscar
2776 440 3044 510 adeptum.
3070 441 3278 512 Tunde,
3304 449 3501 515 tutudi,
3526 460 3641 504 tun-

380 510 590 576 Iiarreo,
636 516 815 577 rubea,
857 514 1048 583 pallae,
1091 526 1145 572 et
1180 526 1373 573 caetera
1418 520 1565 574 talia.
1608 521 1715 576 Sed
1743 536 1848 575 non
1880 530 1963 577 est

378 612 513 667 opus
549 600 647 655 tibi
688 609 749 656 ut
784 603 1137 672 quadriformi
1170 608 1382 663 tramite
1420 625 1517 680 per
1560 611 1767 681 singula
1796 611 1960 666 verba

376 706 613 746 curram.
645 692 855 751 Poteris
887 712 954 752 ex
995 700 1203 768 supinis
1227 702 1508 774 participia
1546 704 1842 774 intelligere
1873 703 1960 758 vel

375 797 441 836 ex
465 784 765 854 participiis
792 789 1004 857 supina.

440 874 540 929 Fn.
580 874 707 941 Fac,
736 887 794 932 ut
825 881 1033 950 placeat
1059 891 1257 949 tamen,
1301 896 1362 941 ut
1398 888 1711 944 obscuriora
1743 905 1956 961 semper

368 966 595 1035 pandas.
622 988 695 1011 -'-'-
723 970 888 1027 Saxo.
929 974 973 1028 Α
1011 987 1183 1045 puteo,
1228 978 1391 1047 potui,
1433 996 1648 1050 passum
1691 982 1949 1037 nascitur.

370 1057 530 1124 Meia,
560 1062 711 1129 misti,
743 1066 985 1130 mictum,
1032 1077 1105 1133 et,
1149 1070 1345 1141 minga,
1390 1074 1584 1137 minxi,
1632 1075 1875 1143 mictum,
1917 1095 1951 1132 η

366 1154 647 1222 euphonia:
688 1172 851 1212 causa
893 1159 1146 1215 amittens
1180 1180 1192 1214 :
1224 1172 1277 1216 et
1305 1162 1427 1218 inde
1463 1164 1734 1219 micturus.
1769 1165 1948 1223 Flecte

366 1243 705 1321 (Ms.,ﬂe.ra),
729 1248 924 1323 [ﬂexis]
949 1252 1093 1321 ﬂexi,
1118 1250 1306 1317 ﬂexus,
1327 1248 1583 1309 ﬂexurus.
1606 1253 1764 1321 Flua,
1791 1259 1944 1327 ﬂuxi,

363 1336 634 1413 [ﬂuxum],
676 1341 934 1398 llttxurus.
973 1342 1213 1408 Obsolea,
1254 1346 1496 1409 obsalevi,
1523 1348 1843 1415 obsoletum,
1878 1352 1945 1407 ab

362 1432 449 1488 abs
475 1444 529 1489 et
554 1434 665 1490 alea
695 1438 1069 1505 compositum,
1105 1434 1256 1509 [non]
1292 1454 1323 1492 a
1354 1439 1514 1493 solea.
1549 1439 1593 1493 A
1620 1458 1792 1506 careo,
1822 1458 1944 1497 cas-

360 1541 472 1591 sus,
494 1527 765 1591 cariturus
795 1530 1087 1584 invenitur.
1117 1529 1297 1584 llabeo
1321 1530 1524 1602 [habui]
1552 1533 1817 1598 habitum,
1849 1534 1945 1588 ha-

355 1616 582 1685 biturus.
616 1614 780 1682 Cada,
824 1621 1002 1683 cecidi,
1047 1636 1253 1688 casum,
1297 1639 1541 1677 casurus.
1585 1620 1746 1689 Cedo,
1787 1629 1939 1692 cessi,

355 1720 590 1772 cessum,
640 1723 910 1764 cessurus.
948 1709 1167 1782 [Fadio]
1205 1712 1335 1781 fodi,
1382 1710 1584 1767 fessum
1626 1713 1934 1787 [iussurus].

2066 539 2240 577 surus.
2275 523 2449 593 Rado,
2503 530 2630 595 rasi,
2668 528 2895 603 [rasum]
2944 549 3181 589 rasurus.
3233 534 3423 605 Credo,
3471 541 3640 595 credi-

2062 619 2193 678 tum,
2228 616 2541 672 crediturus.
2571 619 2739 687 Cada,
2780 640 2959 677 casum
3004 643 3035 679 a
3078 625 3357 695 producta.
3396 628 3453 684 In
3491 631 3639 689 omni

2062 703 2206 757 enim
2233 707 2423 775 supino
2448 717 2499 762 et
2539 712 2822 782 participio
2863 717 3123 783 prieteriti
3168 720 3427 788 temporis
3453 739 3485 775 a
3512 737 3636 790 pro-

2061 793 2276 849 ducitur
2304 792 2357 850 in
2402 800 2716 867 penultima,
2763 807 3003 875 exceptis
3037 807 3218 861 datum
3255 817 3309 864 et
3334 820 3548 878 statum,
3579 819 3636 868 et

2058 895 2251 939 satum.
2278 883 2473 954 Fiuda,
2497 888 2614 959 ﬁdi,
2660 894 2865 962 ﬁssum,
2897 898 3139 966 ﬁssurus.
3169 899 3209 954 Α
3256 903 3467 957 comedo
3494 919 3631 974 quo-

2057 988 2160 1042 que
2216 992 2492 1032 comesum
2550 990 2631 1035 ett
2667 996 2961 1041 comestunt
3034 990 3321 1046 invenitur.
3376 990 3630 1062 Ostende,

2056 1074 2315 1120 ostentum
2367 1069 2452 1122 vel
2498 1080 2783 1141 ostensum,
2827 1088 3149 1134 ostensurus.
3201 1081 3401 1153 Merga,
3450 1088 3605 1140 mersi

2054 1168 2299 1222 mersum,
2355 1176 2639 1216 mersurus.
2704 1162 2890 1236 Terga,
2939 1170 3062 1222 tersi
3108 1179 3323 1238 tersum,
3370 1182 3623 1230 tersurus.

2053 1244 2263 1319 Punga,
2290 1254 2485 1321 pupugi
2513 1254 2596 1307 vel
2622 1258 2809 1325 punxi,
2833 1270 3103 1328 punctum.
3137 1262 3269 1333 Age,
3300 1265 3401 1335 egi,
3428 1277 3624 1332 actum,

2052 1348 2285 1393 acturus.
2336 1341 2543 1414 Pango,
2569 1349 2761 1418 pepigi,
2808 1360 3039 1421 pactum,
3099 1362 3153 1407 et
3196 1369 3262 1408 ex
3300 1371 3363 1410 eo
3398 1357 3625 1429 impinge

2053 1426 2307 1501 [impegi].
2343 1428 2533 1502 Finge,
2560 1436 2713 1502 ﬁnxi,
2760 1437 2958 1507 ﬁctum.
2994 1439 3236 1511 Stinguo,
3283 1426 3626 1509 stinxi,vstin-

2048 1530 2217 1585 ctum;
2249 1531 2302 1575 et
2324 1538 2390 1576 ex
2432 1539 2496 1579 eo
2528 1529 2821 1599 exstingua.
2851 1531 3020 1602 Auge,
3050 1530 3226 1606 [anxi]
3268 1546 3497 1601 anetum,
3531 1556 3628 1592 an-

2045 1620 2230 1661 murus.
2265 1607 2425 1680 Coga,
2471 1616 2635 1684 coegi,
2684 1628 2938 1672 coactum.
3002 1619 3161 1679 Velia.
3220 1625 3354 1690 rexi,
3382 1636 3622 1697 uectum.

2046 1695 2251 1764 Psalle,
2278 1701 2435 1770 psalli
2480 1704 2630 1772 facit,
2663 1707 2816 1776 cujus
2846 1728 2946 1765 nec
2992 1715 3239 1784 supinum
3270 1733 3369 1772 nec
3398 1720 3619 1789 partici-

357 1797 508 1863 Dedi,
528 1800 708 1859 datum
732 1817 745 1865 ;
767 1802 982 1866 credidi,
1003 1803 1299 1869 creditum;
1330 1805 1500 1873 capia,
1530 1807 1659 1875 cepi,
1684 1816 1924 1875 captum;

2041 1790 2191 1859 pium
2239 1792 2363 1862 legi.
2408 1792 2574 1862 Velle,
2620 1800 2772 1866 uulsi,
2820 1802 3040 1858 vulsum.
3076 1805 3243 1861 Pella.
3279 1810 3473 1881 pepuli,
3499 1812 3621 1883 pul-

350 1888 500 1959 cmpi,
533 1900 789 1960 emptum,
822 1890 973 1959 cujus
1011 1898 1249 1961 praesens
1283 1895 1441 1964 coepio
1473 1896 1524 1948 in
1554 1912 1650 1950 usu
1680 1912 1784 1951 non
1819 1906 1901 1953 est
1916 1914 1937 1964 ;·

347 1980 539 2045 saaivi,
572 1984 835 2050 sapitum;
868 1986 1063 2053 peperi,
1091 1994 1324 2054 partum,
1353 1988 1646 2055 periturus,
1686 1997 1740 2043 et
1774 2005 1840 2044 ex
1870 2006 1935 2045 eo

347 2070 624 2139 parturio;
667 2074 825 2133 orior,
877 2082 1048 2137 ortus,
1091 2082 1308 2131 arturus
1354 2075 1485 2149 [At.,
1524 2079 1783 2150 oriturus]
1826 2096 1839 2134 :
1879 2089 1933 2137 et

347 2163 565 2228 moriar,
608 2171 852 2217 mortuus
900 2180 915 2219 :
961 2166 1065 2221 hoc
1095 2167 1267 2222 solum
1307 2184 1406 2239 per
1445 2168 1553 2225 duo
1596 2188 1629 2224 u
1658 2172 1934 2241 profertur

348 2253 708 2329 [moriturus].
737 2256 978 2323 Quatiar,
994 2274 1267 2327 quassum,
1290 2264 1429 2315 unde
1455 2262 1928 2333 frequentativum,

345 2363 553 2417 quassa,
583 2360 819 2419 quassas.
854 2348 1117 2414 Perrutia,
1141 2355 1394 2421 percussi,
1432 2370 1807 2423 percussurus,
1836 2374 1935 2427 per

344 2438 448 2493 duo
474 2457 517 2493 s.
549 2437 676 2503 Uro,
700 2442 828 2506 ussi,
864 2458 1115 2508 ussurus;
1156 2444 1347 2512 [αι-εἰσ,
1381 2445 1533 2515 farsi,
1567 2445 1792 2514 farsum,
1823 2449 1931 2503 far-

343 2545 532 2594 surus;
565 2531 755 2597 sarcia,
785 2532 943 2598 sarsi,
968 2549 1199 2599 sursum,
1221 2551 1505 2601 sarsurus;
1544 2540 1735 2609 patior,
1766 2538 1929 2611 [poti-

343 2619 476 2691 tus],
503 2621 804 2689 potiturus;
840 2623 1050 2697 [arguo]
1084 2628 1255 2696 argui,
1287 2638 1556 2697 argutum,
1588 2629 1638 2685 id
1672 2640 1773 2695 est,
1801 2648 1930 2687 eon-

340 2712 561 2778 victum,
586 2724 893 2785 argnturus.
925 2716 1040 2771 Rue
1066 2717 1248 2791 [ruis],
1291 2721 1493 2775 ruitum
1518 2720 1668 2794 [Ms.,
1696 2724 1922 2797 rutum],

339 2804 609 2871 ruiturus;
629 2804 830 2877 loquar,
857 2806 1117 2875 locutum,
1145 2809 1441 2866 locuturus.
1474 2812 1667 2877 Fruar,
1692 2814 1925 2870 fructum

337 2897 491 2963 facit,
536 2898 694 2963 sicut,
729 2908 896 2965 strue,
939 2908 1221 2965 structum,
1268 2902 1430 2973 295
1472 2910 1791 2960 structurus.
1824 2905 1926 2959 Ca-

337 2987 444 3051 luo,
481 2989 531 3043 id
570 2997 653 3044 est
694 2991 924 3061 decipio,
968 2991 1127 3056 calui,
1172 2992 1426 3048 caluitum
1472 2992 1624 3065 [Ms.,
1662 2988 1921 3069 ealutum]

336 3082 630 3136 secundum
656 3083 893 3154 regulam
921 3084 1079 3139 debet
1104 3085 1283 3141 facere
1313 3104 1326 3139 :
1356 3100 1421 3140 ex
1443 3102 1507 3142 eo
1528 3088 1803 3143 derivatur
1832 3104 1922 3144 ca-

334 3172 558 3230 lumnia.
610 3175 748 3242 Neo,
791 3176 923 3244 neri,
964 3185 1175 3246 notum,
1218 3185 1445 3236 neturus
1484 3178 1630 3252 [Al.,
1670 3189 1915 3249 uentum,

334 3267 643 3340 uenturus].

405 3358 691 3413 Sciendum
725 3370 939 3431 quoque
980 3363 1081 3417 tibi
1128 3370 1210 3420 est
1260 3363 1401 3433 quod
1442 3378 1583 3433 saepe
1630 3380 1694 3419 ea
1742 3366 1906 3421 verba

331 3460 451 3518 qtae
477 3448 532 3503 in
562 3452 836 3519 praeterito
858 3454 1109 3522 perfecto
1127 3472 1156 3509 υ
1179 3466 1571 3511 consonantem
1598 3466 1913 3524 assumunt,

334 3540 387 3594 in
415 3542 645 3595 secunda
667 3551 722 3596 et
746 3544 905 3597 tertia
933 3559 1161 3612 persona
1190 3562 1483 3617 syncopam
1510 3548 1809 3616 patiantur,
1831 3555 1913 3614 ut,

335 3633 615 3702 neohneri,
649 3632 831 3685 uenisti
862 3634 943 3688 vel
971 3636 1120 3689 nesti.
1163 3635 1313 3698 Ama,
1355 3636 1616 3702 amaaisti,
1643 3637 1727 3692 vel
1765 3653 1914 3691 anta—

331 3702 400 3776 sti
438 3696 549 3776 :.et
573 3722 626 3775 in
654 3722 847 3791 plurali
900 3706 1239 3798 [amiwistis],
1276 3727 1358 3781 vel
1394 3712 1640 3793 amastis,
1678 3726 1913 3799 [amave-

331 3812 477 3884 runt]
506 3814 589 3869 vel
618 3825 883 3869 amarunt.
932 3816 1024 3869 Illa
1052 3832 1183 3872 vero
1225 3833 1345 3887 quae
1376 3819 1430 3873 in
1473 3820 1729 3889 praesenti
1760 3839 1788 3874 v
1818 3822 1914 3875 hae

330 3906 461 3959 bent
489 3915 895 3971 consonantem,
930 3924 1037 3965 non
1068 3911 1387 3977 possuntin
1415 3912 1693 3981 praeterito
1720 3927 1911 3982 synco-

328 4013 454 4069 pam
486 3998 628 4068 pati;
659 4011 732 4062 ut,
783 3999 924 4065 lava,
952 4001 1171 4062 levasti:
1213 4018 1371 4059 nemo
1398 4003 1551 4069 dicit,
1579 4004 1701 4058 lasti
1726 4005 1809 4059 vel
1836 4004 1911 4059 la-

330 4091 450 4156 stis,
480 4090 565 4146 vel
602 4090 799 4145 larunt.
826 4091 938 4156 Ica,
971 4094 1062 4158 ici,
1090 4094 1271 4157 ictum,
1310 4097 1543 4160 icturus;
1573 4094 1703 4167 [vel]
1732 4096 1912 4151 brevis

330 4184 430 4239 iin
460 4187 711 4254 praesenti
740 4193 795 4242 et
839 4188 1145 4255 praeterito;
1199 4187 1329 4261 [vel]
1383 4189 1561 4260 longa,
1610 4199 1689 4255 ut,
1720 4192 1907 4261 quievi,

330 4276 622 4346 quieturus.
673 4274 920 4350 [Linque]
971 4276 1121 4349 liqui,
1168 4278 1316 4344 (ictu,
1347 4279 1598 4343 licturus;
1645 4290 1698 4335 et
1726 4296 1793 4335 ex
1819 4296 1907 4346 eo,

333 4367 539 4438 reliqui,
591 4367 871 4442 [relictum]
926 4370 1224 4427 relicturus.
1282 4371 1460 4437 Vince,
1506 4375 1623 4439 vici,
1657 4375 1905 4429 uicturus.

2038 1899 2172 1936 sum.
2204 1884 2323 1950 Ala,
2357 1886 2488 1952 alui,
2516 1889 2673 1944 alitus
2704 1893 2788 1946 vel
2814 1894 2972 1950 altus.
3002 1895 3171 1963 Tollo,
3199 1901 3411 1967 sustuli,
3438 1900 3625 1958 subla-'

2036 1984 2169 2040 tum,
2195 1976 2517 2033 sublaturus.
2546 1979 2958 2055 Cama,campsi,
2990 2000 3271 2059 comptum,
3295 2002 3615 2063 campturus.

2034 2064 2220 2132 Deme,
2249 2068 2469 2140 dempsi,
2506 2072 2769 2143 demptum
2806 2076 3176 2153 [dempturus].
3211 2081 3500 2139 Sciendum
3536 2094 3621 2141 est

2036 2156 2131 2250 tibi
2164 2161 2305 2229 quod
2356 2162 2659 2233 hujnsmodi
2701 2169 3058 2238 positionibus
3094 2173 3393 2232 litterarum
3422 2177 3619 2250 ubique

2033 2245 2176 2301 inter
2202 2265 2252 2302 m
2276 2258 2329 2304 et
2351 2259 2458 2305 tum
2484 2269 2516 2322 p
2544 2259 2853 2324 ponendum
2880 2269 2981 2315 est.

2114 2336 2294 2403 Vama,
2335 2344 2530 2408 vomui,
2562 2342 2838 2402 uomitum.
2868 2347 3080 2418 Preme,
3125 2356 3313 2423 pressi,
3354 2374 3612 2427 pressum,

2029 2447 2326 2500 pressurus.
2357 2434 2523 2500 Cana,
2554 2440 2751 2506 cecini;
2802 2456 2869 2496 ex
2904 2457 2991 2506 eo,
3041 2447 3244 2513 accino,
3275 2450 3500 2516 occinui,
3531 2469 3619 2506 ac;-

2031 2533 2257 2575 centum.
2288 2523 2537 2593 Succino,
2562 2540 2883 2586 succentum.
2905 2529 3120 2601 Temua,
3145 2539 3349 2609 tempsi,
3367 2548 3615 2612 temptum

2032 2610 2161 2683 [Al.,
2187 2625 2513 2687 contempno,
2532 2624 2834 2693 contempsi,
2868 2628 3259 2700 contemptum].
3284 2630 3435 2697 Creo,
3459 2622 3612 2699 crevi,

2030 2712 2264 2770 cretum;
2304 2721 2370 2760 ex
2399 2723 2463 2763 eo
2494 2720 2547 2763 et
2573 2710 2639 2764 da
2666 2712 2850 2779 verba,
2892 2716 3046 2769 credo
3074 2721 3433 2788 componitur,
3459 2722 3621 2791 quasi

2030 2806 2237 2854 certum
2256 2802 2343 2855 do.
2362 2801 2514 2870 Lina,
2549 2805 2668 2877 [lini
2685 2807 2761 2879 et]
2787 2808 2909 2875 livi;
2934 2811 3017 2866 vel
3035 2812 3185 2878 linia,
3204 2814 3378 2881 litum,
3397 2816 3607 2873 (iturus.

2030 2889 2318 2945 Sciendum
2333 2898 2569 2977 estquod
2583 2905 2694 2952 tam
2726 2898 2879 2971 [Ms.,
2904 2903 3107 2977 tamen]
3136 2904 3285 2959 litum
3305 2916 3359 2961 et
3382 2909 3535 2974 itum,
3557 2918 3613 2963 et

2028 3001 2097 3040 ex
2118 3000 2183 3041 eo
2201 2990 2526 3058 composita,
2546 2976 2741 3059 abitus,
2757 2998 3075 3064 prwteritus,
3102 3001 3349 3067 etsitum,
3376 3009 3431 3056 et
3456 3019 3609 3073 queo,

2026 3079 2251 3148 quitum,
2269 3088 2365 3135 eta
2389 3100 2501 3148 cro,
2528 3086 2709 3151 citum,
2735 3102 2764 3141 a
2786 3104 3002 3157 nequeo,
3027 3094 3285 3161 nequitus,
3312 3094 3612 3163 corripiunt

2025 3173 2374 3241 penultimas,
2418 3177 2561 3246 quod
2588 3177 2640 3231 in
2671 3176 2791 3232 aliis
2832 3181 3037 3249 supinis
3068 3190 3121 3236 et
3142 3183 3462 3252 participiis,
3491 3198 3611 3254 qua:

2022 3279 2053 3318 a
2082 3267 2381 3332 praeteritis
2428 3268 2485 3322 in
2526 3270 2572 3323 vi
2601 3271 3015 3327 terminantibus
3042 3288 3149 3328 non
3201 3275 3481 3341 invenies;
3530 3283 3607 3343 ut,

2024 3361 2220 3423 amari,
2248 3370 2488 3426 amatus;
2518 3364 2672 3429 mari,
2711 3374 2915 3429 matus;
2943 3367 3133 3435 cupivi,
3165 3368 3432 3437 cupitum;
3474 3369 3607 3435 nevi,

2022 3458 2219 3503 netum.
2253 3449 2481 3522 Rumpe,
2511 3453 2650 3523 rupi,
2680 3463 2911 3523 ruptum.
2951 3451 3138 3519 Verre,
3173 3452 3328 3526 [uersi
3354 3455 3462 3528 vel]
3492 3472 3609 3511 ver-

2016 3544 2086 3607 ri,
2136 3560 2361 3610 rersum,
2424 3561 2685 3600 versuras.
2761 3547 2976 3613 Qumro,
3024 3550 3262 3615 qutrsivi,
3310 3550 3603 3619 qutrsitum.

2016 3630 2178 3698 Reor,
2229 3642 2415 3698 ratus;
2462 3650 2667 3700 exsere,
2720 3636 2948 3699 emerui,
3000 3646 3282 3701 exsertum,
3310 3647 3609 3692 erserturus
3656 3626 3659 3627 ν

2018 3723 2162 3797 [Ms.,
2191 3724 2390 3791 Exerit,
2438 3726 2640 3792 emerui,
2690 3737 2947 3791 exertam,
2991 3725 3145 3799 etc.].
3184 3725 3345 3794 Meto,
3391 3728 3603 3793 messui,

2014 3828 2259 3883 ntessum,
2313 3834 2598 3871 messurus.
2646 3816 2820 3882 Mitto,
2861 3819 3005 3882 misi,
3057 3820 3295 3884 missum,
3348 3819 3607 3873 missurus

2014 3922 2112 3978 per
2144 3909 2249 3963 duo
2273 3924 2346 3973 ss,
2376 3924 2497 3962 cum
2525 3908 2646 3961 misi
2672 3918 2768 3977 per
2792 3916 2959 3961 unum
2998 3906 3189 3962 debeat
3231 3907 3415 3962 scribi.
3451 3906 3600 3973 Peto,

2013 4002 2187 4072 petivi,
2215 4003 2453 4073 petitum,
2482 4003 2634 4073 longa
2664 4002 2977 4072 penultima.
3005 4000 3167 4069 Temo,
3195 4003 3358 4068 texui,
3382 4012 3599 4058 textum.

2015 4091 2189 4159 Nero,
2242 4096 2423 4159 nerui,
2476 4111 2685 4149 nexum.
2742 4092 2958 4159 Furcia,
2999 4094 3150 4164 farsi,
3185 4093 3421 4163 fartum;
3459 4092 3603 4147 unde

2013 4184 2235 4252 fartores
2260 4201 2278 4238 :
2304 4185 2442 4239 sicut
2466 4200 2498 4239 a
2532 4186 2726 4250 sarcia,
2752 4187 2911 4251 sarsi,
2939 4194 3162 4251 sartum,
3194 4193 3439 4238 sartares.
3472 4184 3603 4238 Sen-

2012 4277 2106 4341 tia,
2155 4278 2315 4341 sensi,
2367 4264 2869 4343 sensum/Reuda,
2912 4278 3078 4343 rausi,
3129 4294 3365 4332 rausum.
3421 4274 3598 4347 Sapio,

2012 4370 2168 4437 sepsi,
2206 4380 2427 4440 septum.
2462 4368 2648 4437 Venio,
2676 4372 2812 4434 veni,
2842 4383 3067 4435 ventum,
3101 4381 3365 4425 venturus.
3408 4368 3596 4435 Ruria,

332 4461 543 4527 Cresco,
571 4464 725 4527 crevi,
756 4474 976 4530 cretum,
1005 4476 1261 4521 arcturus.
1308 4466 1448 4529 Scia,
1498 4469 1642 4533 scivi,
1693 4471 1903 4534 scitum,

2029 4460 2207 4529 reperi,
2235 4471 2467 4530 partum,
2490 4470 2758 4531 parturus.
2791 4460 2934 4525 Scia,
2964 4462 3111 4527 scivi,
3157 4462 3367 4526 scitum,
3409 4459 3600 4530 penul-

330 4556 593 4619 sciturus;
630 4563 682 4610 et
719 4571 787 4611 ex
815 4572 881 4612 eo
909 4559 1092 4613 scisca.
1127 4559 1321 4625 Nosco,
1353 4563 1492 4625 novi,
1520 4571 1724 4625 natum,
1754 4572 1909 4615 natu-

332 4660 441 4699 rus.
490 4643 732 4715 Ignosco,
760 4648 1056 4716 ignaturus.
1089 4648 1277 4723 Pasca,
1306 4653 1444 4719 pavi,
1472 4662 1700 4721 pastum,
1731 4664 1909 4723 pastu—

330 4755 443 4792 rus.
476 4736 652 4803 Disce,
684 4738 953 4805 discitum,
999 4715 1301 4795 diaetﬁtrus.
1333 4742 1528 4808 Parca,
1569 4760 1753 4813 parsu,
1780 4761 1906 4813 par-

330 4846 507 4885 surus.
551 4829 822 4897 Paciscar,
854 4842 1082 4902 pactum,
1111 4842 1379 4903 pacturus.
1416 4833 1755 4902 Praﬁciscar,
1784 4850 1904 4905 pta-

332 4919 549 4990 fectum,
589 4918 939 4990 profecturus.
974 4921 1336 4992 Expergiscar,
1389 4924 1685 4993 prmterito,
1728 4940 1910 4995 exper-

332 5022 505 5067 rectus
534 5010 729 5084 [Edit.,
756 5014 1049 5083 expergitus
1096 5013 1260 5086 sum],
1303 5026 1625 5086 experrectu,
1670 5032 1909 5086 experre-

332 5113 532 5158 cturus.
578 5102 891 5168 Nanciscar,
943 5114 1127 5158 nactus
1170 5122 1306 5171 sum,
1356 5115 1588 5171 nactum,
1638 5116 1908 5171 nacturus,

333 5196 536 5265 absque
564 5212 617 5249 η.
661 5192 896 5266 Panger,
923 5206 1125 5266 pactus,
1151 5205 1421 5266 pacturus.
1474 5196 1521 5250 F
1524 5200 1697 5268 inger,
1733 5198 1910 5266 ﬁctus,

331 5292 576 5362 ﬂeturus.
608 5290 836 5362 Tunger,
888 5302 1078 5355 tactus,
1109 5300 1369 5348 tacturus.
1401 5294 1627 5364 Jungor,
1666 5296 1905 5364 junctus,

323 5381 633 5452 juncturus.
703 5380 941 5453 Fungar,
1010 5382 1243 5452 furiatus,
1300 5385 1597 5454 {uncturus.
1656 5384 1907 5457 Plangar,

331 5473 595 5544 planctus.
627 5473 827 5545 Angor,
865 5483 1082 5539 auctus;
1132 5476 1394 5544 prieteriti
1441 5477 1782 5546 participium
1831 5476 1910 5532 fa-

332 5568 503 5624 ciunt.
534 5566 625 5623 Sic
651 5576 706 5623 et
729 5568 979 5635 ulciscar,
1003 5568 1146 5624 ultus
1173 5588 1191 5624 :
1220 5569 1457 5637 Irascor,
1497 5572 1666 5624 iratus
1692 5588 1709 5625 :
1742 5571 1908 5640 Defa-
1948 5626 1955 5629 .

333 5660 495 5717 tiscar
521 5660 672 5732 [Ms.,
718 5661 1038 5733 deficiscor],
1068 5663 1321 5733 defessus,
1369 5665 1425 5720 id
1461 5674 1564 5732 est,
1613 5665 1905 5737 fatigatus;

332 5766 462 5808 nam
509 5767 539 5807 a
560 5752 748 5823 deﬁcio
773 5753 1001 5824 defectus
1031 5752 1091 5809 tit
1118 5754 1484 5827 participium.
1529 5754 1910 5813 Comminiscar

2013 4550 2142 4604 tinta
2167 4550 2366 4619 ubique
2393 4551 2576 4621 longa,
2621 4558 2681 4605 ut
2716 4549 2948 4615 auditus,
2980 4553 3231 4617 munitus,
3280 4550 3596 4614 arcessitus;

2012 4641 2115 4696 nisi
2150 4642 2200 4695 in
2231 4642 2633 4711 przenominatis
2671 4640 2826 4713 [Ms.,
2857 4639 3221 4713 praenotatis].
3256 4636 3482 4710 Sepelit),
3514 4654 3596 4693 se-

2010 4730 2185 4802 pelivi,
2214 4732 2468 4802 sepultus,
2495 4732 2815 4803 sepulturus.
2852 4730 3020 4796 Salio,
3050 4732 3189 4786 salui
3216 4730 3366 4803 [Ms.,
3394 4729 3591 4802 salivi],

2011 4824 2223 4877 saltum.
2256 4823 2403 4878 Salia
2435 4841 2464 4879 a
2493 4826 2625 4889 sale,
2652 4825 2823 4889 salici,
2872 4824 3089 4889 salsum,
3120 4823 3389 4890 salsurus;
3415 4822 3595 4880 Partln‘

2012 4917 2212 4987 cipiunt
2241 4932 2457 4987 quoque
2483 4930 2551 4972 ex
2595 4930 2666 4987 eo
2704 4916 3039 4987 praeteritum
3066 4922 3166 4983 est.
3200 4916 3387 4971 salitus
3410 4920 3463 4972 et
3484 4915 3593 4973 salv

2012 5028 2101 5067 sus
2128 5012 2237 5083 [vel
2281 5012 2491 5084 sallus].
2524 5012 2731 5077 Ambia,
2784 5010 2995 5077 ambiri,
3026 5012 3314 5073 ambitum:
3340 5018 3395 5066 et
3427 5024 3493 5064 ex
3527 5022 3592 5062 eo

2011 5105 2238 5157 ambitus
2260 5118 2478 5169 nomen,
2502 5109 2749 5171 correpta
2775 5102 3070 5173 penultima

2083 5196 2247 5267 296
2272 5196 2369 5249 Fn.
2418 5193 2529 5251 Cur
2575 5196 2723 5250 hoc?
2746 5225 2817 5236 -
2846 5194 3011 5250 Saxo.
3045 5193 3181 5262 Quia
3211 5192 3391 5248 ambio
3435 5191 3505 5245 ab
3530 5206 3590 5243 ea

2010 5292 2178 5346 verba
2214 5290 2568 5360 compositum
2604 5296 2705 5344 est.
2737 5286 2872 5343 Nam
2894 5289 3134 5344 verbalia
3176 5285 3394 5341 nomina
3438 5297 3469 5336 a
3504 5294 3591 5337 βου

2014 5382 2197 5438 cunda-
2241 5382 2508 5437 venientia
2563 5383 2943 5454 coniugatione
2990 5378 3341 5451 penultimam
3389 5373 3590 5429 habent

2010 5479 2262 5541 brevem;
2293 5483 2371 5539 ut,
2396 5477 2622 5541 habitus,
2668 5476 2914 5530 monitus.
2946 5469 3346 5527 Memorandum
3374 5478 3595 5537 quoque

2010 5572 2108 5627 tibi
2131 5579 2233 5637 est,
2260 5571 2636 5642 impersonalia
2661 5570 2867 5639 supinis
2891 5575 2945 5623 et
2970 5563 3270 5637 participiis
3297 5561 3579 5623 deiecisse,

2010 5666 2111 5720 nisi
2145 5664 2316 5729 raris;
2350 5672 2408 5718 ut
2446 5680 2477 5718 a
2521 5663 2728 5734 penitet
2766 5659 3057 5730 paenitens,
3084 5655 3229 5711 unde
3253 5663 3310 5710 et
3342 5652 3587 5725 pauitan-

2010 5758 2119 5824 tia;
2148 5764 2201 5811 et
2222 5772 2249 5810 a
2275 5756 2392 5812 licet
2414 5756 2629 5812 licentia
2654 5762 2708 5810 et
2744 5754 2923 5809 licitus
2951 5769 2963 5806 :
2999 5758 3054 5806 et
3080 5766 3111 5805 a
3140 5749 3285 5819 libet,
3313 5747 3521 5806 libens:
