4062 6346
418 307 527 371 895

884 411 973 470 DE
1000 398 1545 469 CONJUNCTIONE.

488 533 589 590 Fu.
630 530 784 587 Nunc
811 526 943 584 ordo
973 522 1207 596 partium
1248 519 1454 591 ﬂagitat
1483 526 1544 574 ut
1583 518 1649 574 de
1678 517 2004 590 coniunctio-

423 645 493 686 ne
518 629 685 684 dicas.
707 655 778 665 —
807 621 972 677 Suo.
1006 617 1327 688 Coniunctio
1355 625 1439 671 est
1464 630 1592 685 pars
1634 612 1895 669 orationis
1917 611 2003 665 in-

425 715 781 782 declinabilis,
808 711 1148 781 coniunctiva
1175 716 1229 763 et
1256 706 1620 779 signiﬁcativa
1650 704 1807 778 [Ms.,
1834 702 2007 758 consi-

425 807 778 886 gnilicativa],
821 805 1051 860 aliarum
1095 800 1333 872 partium
1377 799 1489 854 vim
1529 806 1585 853 et
1612 794 2007 853 ordinationem

429 905 829 961 demonstrans.

493 993 592 1049 Fn.
634 988 911 1059 Quomodo
933 987 1045 1042 vim
1069 993 1126 1040 et
1152 982 1550 1041 ordinationem
1576 975 2007 1037 demonstrans?

430 1114 502 1126 —
529 1080 693 1139 Saxo.
721 1080 868 1145 Vim,
910 1078 1124 1150 quando
1153 1074 1360 1144 aliquas
1403 1086 1493 1127 res
1534 1069 1693 1126 simul
1718 1067 2005 1139 signiﬁcat,

426 1184 508 1241 ut,
532 1184 580 1230 et
602 1174 719 1245 pius
739 1179 786 1227 et
804 1169 955 1240 fortis
979 1169 1077 1240 fuit
1096 1166 1316 1221 /Eneas.
1344 1163 1769 1225 Ordinationem,
1795 1159 2012 1230 quando

430 1264 877 1336 consequentiam
928 1262 1232 1331 aliquarum
1284 1258 1619 1312 demonstrat
1672 1268 1890 1319 rerum;
1930 1259 2009 1319 ut,

430 1361 475 1415 si
519 1357 776 1425 ambulat,
821 1364 1092 1421 movetur;
1136 1352 1382 1423 sequitur
1417 1350 1561 1405 enim
1591 1346 2014 1403 ambulationem

433 1458 633 1507 motus.

504 1543 604 1598 Fu.
644 1540 788 1609 Quot
823 1540 1077 1596 accidunt
1124 1536 1528 1609 coniunctioni?
1555 1533 1811 1589 -8Αιιο.
1842 1532 1973 1588 Tria
1999 1548 2013 1586 :

434 1637 625 1707 ﬁgura,
670 1643 727 1691 et
756 1636 985 1705 species,
1023 1641 1079 1689 et
1105 1632 1259 1688 ordo.
1297 1630 1498 1702 Figura
1526 1628 1776 1698 simplex,
1806 1635 1866 1681 ut
1895 1645 1907 1680 :
1938 1634 2017 1692 at,

436 1740 507 1795 et,
535 1728 644 1785 sed.
672 1728 1003 1798 Composita,
1034 1735 1127 1781 ut:
1159 1734 1333 1795 atque,
1360 1724 1571 1788 etenim,
1612 1721 1862 1775 sedenim.
1892 1718 2018 1775 Haec

436 1819 583 1875 enim
609 1833 674 1873 ex
701 1827 926 1873 accentu
950 1817 1246 1886 composita
1270 1802 1387 1870 esse
1414 1820 1732 1870 noscuntur.

509 1907 611 1965 Fu.
675 1909 755 1964 Da
802 1909 1102 1980 specierum
1147 1922 1360 1978 quoque
1406 1906 1692 1961 rationem.
1734 1934 1805 1944 —
1853 1902 2020 1958 Suo.

441 2001 676 2071 Species,
710 2017 846 2072 quas
882 2002 1120 2055 Donatus
1150 2005 1476 2069 potestatem
1526 1995 1790 2060 nominat,
1833 2008 2025 2048 secun-

440 2095 567 2150 dum
597 2109 722 2149 eum
748 2094 986 2164 quinque
1022 2100 1149 2147 sunt
1183 2110 1197 2145 :
1222 2084 1548 2160 copulativa,
1590 2087 1877 2158 expletiva,
1904 2100 2027 2140 cau-

442 2186 591 2251 salis,
624 2186 969 2257 disiunctiva,
1003 2182 1306 2239 rationalis.
1348 2181 1655 2237 Secundum
1690 2178 2027 2234 Priscianum

440 2279 642 2351 plures.
663 2279 771 2334 Sed
788 2280 871 2334 ha:
894 2277 1131 2349 quinque
1145 2276 1353 2346 species
1364 2273 1690 2346 principales
1703 2282 1849 2340 sunt,
1871 2271 2030 2327 alias-

443 2389 548 2446 que
576 2375 633 2430 in
665 2390 723 2431 se
748 2376 1089 2430 continentes
1122 2374 1350 2444 species.

514 2463 615 2519 Fu.
682 2463 866 2519 Pande
921 2463 1257 2534 singularum
1303 2463 1549 2533 exempla
1611 2462 1933 2533 specierum.
1960 2489 2033 2504 -—

447 2558 613 2615 Ssxo.
654 2555 976 2628 Copulativce
1020 2565 1166 2621 sunt,
1210 2571 1330 2627 qua:
1374 2556 1630 2627 capulant
1679 2564 1791 2610 tam
1840 2555 2028 2619 verba,

446 2667 608 2723 quam
643 2665 854 2718 sensus,
876 2659 974 2705 ut:
1001 2659 1073 2717 et,
1106 2667 1227 2722 que,
1253 2660 1330 2716 at,
1357 2660 1535 2721 atque,
1565 2666 1648 2715 ac,
1678 2658 1779 2704 ast.
1814 2648 2035 2718 Disjuu-

396 2762 397 2765 ‘
447 2748 594 2801 etim
619 2755 768 2813 sunt,
797 2762 918 2817 qua:
947 2747 1196 2817 quamvis
1234 2746 1500 2802 dictiones
1543 2746 1795 2816 iungant,
1844 2759 2035 2800 sensus

449 2834 559 2908 [ΑΙ.
609 2837 796 2911 sensu]
828 2847 1009 2893 tamen
1060 2837 1395 2908 disiungunt,
1440 2845 1495 2892 et
1538 2852 1703 2891 unum
1752 2852 1783 2891 e
1828 2837 2036 2891 duobus

448 2945 570 2986 esse
594 2932 1047 3003 signilicant,ut:
1097 2932 1193 2997 uel,
1218 2949 1295 2998 ve,
1337 2948 1425 2999 ne,
1462 2948 1579 2997 nec,
1631 2946 1817 3000 neque,
1872 2927 2033 3001 [aut].

450 3022 739 3094 Expletivae
770 3034 897 3081 sunt
930 3042 1051 3096 qua:
1093 3027 1178 3080 vel
1206 3027 1409 3081 bonum
1444 3025 1529 3081 vel
1576 3026 1777 3080 malum
1824 3024 2042 3093 explent

1234 298 1292 355 Β.
1333 296 1396 352 F.
1437 288 1664 351 ALBINI
1701 280 1833 351 SE13
1872 287 2146 349 ALCUINI
2183 276 2466 365 OPEBUM
2502 280 2683 341 PARS
2726 278 2831 337 Vll.

2030 408 2085 468 Α
2110 400 2249 457 Sunt
2277 412 2489 472 quoque
2528 384 2939 464 coniunctiones
2965 381 3291 449 dubitatione,
3314 392 3418 436 ut:
3455 395 3541 448 ne,
3564 394 3689 447 nec,

3574 262 3685 329 896

2103 510 2259 550 anne.
2292 490 2549 563 Virgilius
2587 485 2743 558 (Ain.
2783 498 2882 548 ιιι,
2912 478 3013 546 ὅθς
3043 493 3132 544 ιι,
3164 474 3291 545 126)
3317 492 3331 530 ς

2348 602 2560 665 Eloquar
2585 611 2644 648 an
2664 598 2920 665 sileam._...
2937 591 2964 643 ?

2351 648 2628 716 Ingnium
2651 648 2786 723 prius
2806 660 2983 719 mirer,
3005 652 3194 704 belline
3219 651 3416 703 rabores
3437 648 3465 701 τ

2108 773 2247 830 Sunt
2294 770 2447 845 [Ms.,
2496 766 2654 839 ﬁunt]
2706 764 2909 821 easdem
2964 758 3370 829 interrogative,
3419 762 3483 810 ut
3517 753 3694 828 (En.

2107 862 2358 935 x,668):

2291 993 2486 1046 Duxisti
2500 992 2524 1043 *ἶ

2109 1077 2273 1134 Fiunt
2296 1086 2353 1133 et
2378 1075 2625 1141 electimc,
2672 1071 2888 1144 quando
2914 1084 2984 1126 ex
3028 1066 3262 1123 diversis
3288 1065 3455 1121 rebus
3496 1056 3703 1133 aliquid

2111 1171 2350 1241 eligitur,
2386 1176 2482 1223 ut:
2527 1167 2681 1221 Dives
2706 1182 2814 1220 esse
2839 1162 2974 1226 volo,
3014 1176 3175 1231 quam
3211 1173 3428 1229 pauper.
3456 1154 3619 1210 Fiunt
3645 1160 3706 1209 et

2113 1260 2449 1332 adjunctivaa,
2499 1272 2622 1314 cum
2677 1254 2860 1311 verbis
2908 1247 3266 1319 subiunctivis
3315 1245 3704 1316 adiunguntur,

2113 1362 2216 1409 ut:
2270 1353 2352 1420 si,
2405 1368 2543 1416 cum,
2573 1359 2648 1414 ut,
2710 1347 2857 1412 dum,
2903 1353 3179 1413 quatenus.
3230 1338 3340 1396 Ut:
3388 1338 3449 1395 Si
3502 1338 3705 1405 venias,

2117 1445 2255 1516 facio
2279 1458 2297 1497 :

2242 1537 2359 1589 Cum
2385 1533 2556 1586 factam
2583 1531 2731 1586 vitula
2755 1542 2844 1595 pro
2865 1525 3118 1593 frugibus,
3142 1525 3249 1588 ipsa
3267 1524 3439 1574 venito
3458 1523 3520 1571 ιε

2121 1619 2189 1676 Ut
2210 1620 2374 1692 prosit
2405 1619 2535 1684 tibi,
2567 1616 2706 1687 facio
2733 1629 2751 1667 .'
3571 1603 3575 1607 ’

2183 1710 2332 1762 multa
2349 1721 2545 1773 quoque
2562 1717 2614 1759 et
2631 1705 2762 1758 bello
2788 1715 2976 1769 passus,
3003 1699 3118 1752 dum
3139 1697 3379 1749 conderet
3401 1695 3574 1745 urbem
3595 1691 3679 1758 ις,

2126 1816 2395 1884 Quatenus
2430 1813 2485 1867 id
2513 1811 2732 1866 libenter
2768 1808 2931 1876 facio.
2973 1804 3210 1865 Passum
3235 1810 3290 1857 et
3321 1801 3405 1856 hae
3431 1799 3559 1870 ipsa:
3581 1812 3714 1853 cau-

2125 1908 2264 1964 sales
2289 1920 2428 1962 esse.

2195 2003 2295 2057 Fu.
2328 2000 2435 2057 Sed
2462 1997 2607 2053 unde
2633 1996 2803 2053 sciam
2828 1995 2894 2049 ad
2917 2008 3081 2065 quam
3108 1989 3346 2062 speciem
3370 1982 3720 2058 pertineant?

2126 2124 2197 2134 —
2220 2094 2383 2149 Suo.
2415 2089 2750 2159 Adiunctivaa
2788 2102 2912 2142 cum
2945 2082 3279 2140 dubitatione
3318 2076 3669 2149 proferuntur
3699 2088 3719 2130 :

2128 2185 2371 2245 causales
2393 2199 2516 2239 cum
2562 2180 2937 2245 aliirmatione,
2968 2186 3063 2231 ut:
3094 2174 3218 2229 Eris
3242 2174 3446 2237 doctus,
3474 2171 3519 2225 si
3553 2168 3717 2239 legas.

2129 2280 2290 2351 297
2328 2280 2488 2345 Sunt,
2519 2291 2638 2332 una:
2675 2272 3086 2331 diminutionem
3109 2266 3437 2340 signiﬁcant.
3464 2271 3526 2318 ut
3557 2258 3721 2334 (Ain.

2130 2388 2204 2439 tv,
2235 2369 2359 2443 527)
2384 2387 2397 2423 :

2256 2460 2460 2518 Saltem,
2482 2460 2523 2509 sl
2546 2469 2642 2520 qua
2675 2456 2794 2505 mihi
2819 2451 3044 2516 (soboles)
3067 2448 3135 2501 de
3154 2456 3207 2501 te
3223 2452 3447 2507 suscepta
3466 2445 3661 2495 fuisset.

2736 925 2964 980 Tantone
2980 935 3063 976 me
3096 921 3303 973 crimine
3325 920 3524 985 dignum

2133 2567 2299 2623 Fiunt
2352 2574 2407 2621 et
2458 2564 2777 2618 continuata:
2824 2560 2983 2633 [Ms.,
3043 2553 3477 2626 continuatime];
3529 2560 3630 2607 ut:
3677 2551 3733 2606 si

2134 2658 2389 2721 ambulat,
2448 2664 2716 2720 movetur;
2764 2654 3046 2708 continuat
3102 2650 3250 2705 enim
3305 2646 3733 2703 ambulationem

2135 2760 2333 2808 motus.
2364 2750 2458 2806 lla:
2486 2758 2543 2806 et
2562 2750 2681 2805 aliae
2710 2747 2922 2819 species
2960 2748 3015 2801 in
3040 2744 3323 2801 Prisciano
3357 2743 3731 2813 reperiuntur,

2137 2861 2257 2917 qua:
2294 2853 2474 2900 tamen
2519 2842 2760 2898 incidere
2791 2848 3021 2913 possunt
3049 2840 3106 2893 in
3150 2836 3438 2908 praedictas
3466 2836 3730 2907 quinque.

2140 2937 2247 2995 Sed
2272 2952 2417 2994 nunc
2438 2937 2556 2993 haec
2589 2936 2791 2991 habeto
2822 2936 2886 2990 de
2916 2930 3406 3002 coniunctionibus.

2604 3049 2692 3104 DE
2730 3044 3279 3104 PREPOSITIONE.

454 3128 695 3212 ω’
750 3124 814 3169 ιη
856 3128 871 3170 ³
896 3114 1128 3185 quidem
1153 3116 1413 3212 “We”,
1441 3114 1625 3170 ³⁸⁸³⁸⁷⁷³
1649 3115 1780 3188 [Αιη
1808 3113 2033 3187 Μαίων
2062 3126 2109 3189 C
2209 3141 2309 3197 Fu.
2336 3140 2655 3212 Praepositio
2686 3140 2817 3212 quid
2842 3138 3236 3196 estt—Suo.
3287 3136 3424 3193 Pars
3459 3134 3728 3193 orationis

454 3203 712 3269 videlicet,
749 3221 1071 3275 quanquam,
1092 3206 1350 3275 quamvis,
1377 3221 1600 3276 quoque,
1625 3215 1819 3269 autem,
1845 3220 2002 3275 porro
2019 3244 2034 3269 ,

452 3293 670 3359 scilicet,
713 3303 906 3347 tamen.
937 3291 1189 3347 Causales
1217 3301 1364 3359 sunt,
1409 3309 1531 3363 qua:
1559 3308 1781 3349 causam
1825 3300 2042 3349 antece-

456 3384 677 3439 dentem
702 3383 1031 3455 signiﬁcant,
1076 3392 1136 3439 ut
1164 3402 1176 3438 :
1210 3384 1391 3439 doctus
1415 3402 1554 3451 sum,
1584 3403 1707 3440 nam
1735 3384 1869 3457 legi;
1895 3387 1939 3440 si
1963 3384 2041 3441 sol

454 3485 555 3541 est,
573 3477 692 3547 jam
732 3477 890 3531 lucet.
935 3476 1110 3532 Causa
1132 3478 1277 3532 enim
1307 3476 1526 3533 luminis
1572 3478 1653 3533 sol
1674 3486 1775 3533 est.
1804 3478 1873 3532 Et
1916 3485 2045 3533 sunt

454 3571 572 3628 lucc
600 3589 613 3624 :
644 3568 726 3636 Si,
752 3571 871 3637 etsi,
893 3571 1121 3635 etiamsi,
1147 3570 1425 3641 siquidm,
1452 3571 1689 3642 quando,
1714 3571 2043 3643 quandoqui-

456 3663 594 3729 dem,
619 3663 926 3734 quinetiam,
951 3672 1231 3734 quatenus,
1255 3665 1361 3729 sin,
1385 3680 1497 3731 seu,
1528 3665 1634 3719 sive
1676 3663 1866 3737 [neue],
1896 3681 2047 3719 nam-

462 3775 581 3829 que,
631 3758 706 3825 ni,
748 3760 849 3814 nisi
880 3757 1005 3832 [nisi
1051 3759 1143 3833 si],
1194 3762 1354 3826 enim,
1385 3762 1594 3828 etenim,
1652 3779 1740 3828 ne,
1793 3762 2043 3829 sedenim,

458 3849 679 3917 interea,
720 3851 1076 3922 quamobrem,
1115 3853 1425 3923 praesertim,
1457 3854 1601 3919 item,
1645 3854 1890 3925 itemque,
1917 3862 2050 3908 cete-

460 3956 601 4007 rum,
641 3941 898 4014 alioquin,
924 3952 1195 4013 praeterea.
1227 3942 1536 3999 Rationales
1564 3953 1709 4011 sunt,
1736 3960 1857 4015 quas
1881 3944 2050 4001 ratio-

460 4048 585 4087 nem
608 4034 687 4088 rei
716 4035 968 4101 reddunt,
992 4044 1052 4091 ut
1077 4054 1091 4091 :
1134 4038 1231 4101 ita,
1260 4037 1459 4107 itaque,
1484 4038 1755 4108 quoniam,
1785 4037 1945 4101 enim,
1973 4046 2051 4091 et-

459 4124 621 4189 enim,
665 4126 943 4192 enimvero,
988 4127 1131 4198 quia,
1179 4144 1361 4198 quare,
1402 4138 1735 4199 quapropter,
1780 4128 2047 4199 quoniam,

459 4213 691 4282 quidem,
743 4216 951 4288 quippe,
996 4235 1136 4290 ergo,
1164 4219 1282 4274 ideo
1310 4218 1540 4293 [igitur],
1567 4220 1788 4286 scilicet,
1815 4228 2053 4291 propter-

462 4318 525 4356 ea
560 4301 864 4378 [videlicet].

534 4393 634 4447 Fn.
697 4394 842 4451 Ordo
888 4397 1330 4468 coniunctionum
1379 4417 1438 4456 in
1482 4417 1589 4473 quo
1632 4405 1753 4459 est?
1783 4433 1856 4445 —
1884 4402 2049 4460 Suo.

462 4483 601 4553 Quia
631 4486 752 4541 alia:
780 4495 929 4555 sunt,
978 4506 1100 4560 qua:
1143 4506 1359 4561 semper
1383 4504 1792 4563 praeponuntur,
1822 4506 1883 4552 ut
1907 4514 1921 4549 :
1969 4506 2045 4563 at,
2074 4485 2129 4546 Ῑ)

464 4587 568 4644 ast,
592 4588 705 4644 aut,
732 4596 817 4646 ac,
844 4578 942 4647 vel,
986 4597 1100 4647 nec,
1129 4599 1313 4654 neque,
1360 4585 1428 4650 si,
1466 4586 1611 4657 quia,
1641 4596 1920 4657 quatenus,
1945 4588 2049 4656 sin,

466 4687 582 4737 seu,
616 4673 743 4739 sive,
772 4673 827 4726 ni
858 4672 1053 4746 [nam].
1084 4674 1219 4730 Alia:
1263 4688 1655 4748 supponuntur,
1686 4690 1781 4736 ut:
1818 4682 2049 4753 quidem,

463 4779 686 4836 quoque,
738 4775 933 4821 autem.
980 4766 1115 4823 Aliae
1163 4783 1303 4838 pene
1356 4786 1544 4828 omnes
1591 4773 1959 4831 indill‘erenter
1998 4783 2056 4832 et

464 4859 704 4928 praeponi
732 4867 788 4915 et
814 4875 1038 4932 supponi
1065 4872 1311 4931 possunt,
1345 4874 1443 4920 ut:
1476 4883 1616 4938 ergo,
1661 4868 1844 4937 igitur.
1893 4867 2051 4923 inve-

464 4951 689 5007 niuntur
724 4966 942 5023 quoque
970 4970 1111 5024 saepe
1142 4955 1553 5025 coniunctiones
1584 4960 1639 5015 in
1668 4960 1896 5016 aliarum
1925 4976 2055 5017 con-

460 5044 799 5116 iunctionum
829 5054 1155 5117 potestatem
1187 5052 1439 5117 transire,
1488 5062 1549 5108 ut
1580 5070 1593 5107 :
1638 5052 1719 5108 vel
1745 5053 2054 5109 distinctiva

465 5137 776 5209 coniunctio
804 5154 904 5209 pro
932 5141 1241 5212 copulativa
1276 5145 1513 5212 ponitur,
1545 5149 1605 5200 ut
1631 5146 1937 5203 Terentius.
1966 5188 1979 5201 .
1999 5187 2012 5201 .
2036 5186 2050 5201 .

480 5226 567 5282 Vel
595 5246 704 5298 rex,
748 5246 870 5302 pro,
925 5234 1085 5288 etiam
1136 5251 1248 5289 rex.
1296 5234 1646 5292 Inveniuntur
1689 5252 1903 5307 quoque
1937 5237 2055 5292 alia:

466 5327 649 5389 partes
693 5336 792 5390 pro
851 5324 1232 5395 conjunctione
1280 5327 1440 5395 poni;
1506 5328 1745 5394 nomina,
1794 5336 1895 5382 ut:
1950 5344 2055 5398 qua

466 5428 626 5466 causa
641 5414 665 5466 ?
682 5431 787 5484 qua
807 5418 1019 5487 gratia?
1036 5435 1194 5489 quam
1216 5420 1278 5472 ob
1301 5420 1449 5473 rem?
1471 5419 1727 5485 Verbum,
1752 5428 1840 5485 ut;
1863 5437 2054 5491 quam-

467 5505 564 5573 vis,
595 5514 649 5562 et
674 5506 793 5563 licet
819 5524 919 5578 pro
950 5528 1249 5582 quanquam
1285 5512 1542 5583 Virgilius
1590 5512 1743 5584 (£11.
1774 5530 1851 5579 ιι,
1883 5513 2009 5586 ⁸548)
2036 5529 2052 5569 :

536 5619 708 5672 Dicam
731 5624 982 5688 equidem,
1005 5626 1123 5677 licet
1144 5639 1282 5678 arma
1305 5627 1441 5691 mihi,
1468 5635 1776 5694 mortemque
1814 5631 2052 5682 minetur.

430 5805 439 5812 -
542 5783 569 5814 ι
609 5770 785 5846 Virg.,
820 5774 1003 5849 Eclog.
1029 5792 1120 5845 ιιι,
1154 5777 1245 5832 77.

2144 3232 2569 3289 indeclinabilis.

2212 3323 2313 3380 Fu.
2352 3322 2491 3391 Quid
2541 3322 2706 3380 habet
2742 3322 2943 3379 ollicii?
2979 3352 3051 3363 —
3088 3322 3254 3379 Saxo.
3308 3320 3380 3377 Ut
3422 3319 3548 3375 aliis
3594 3333 3737 3389 prie.

2144 3424 2377 3487 ponatur
2437 3416 2685 3486 partibus
2747 3414 2833 3471 vel
2887 3413 3257 3487 appositione.
3322 3412 3408 3469 vel
3465 3410 3736 3482 composi-

2145 3510 2314 3567 tione.

2217 3603 2316 3658 Fn.
2348 3602 2696 3675 Appositione
2716 3604 3029 3676 quomodo?
3048 3634 3119 3645 —
3136 3601 3305 3661 Suo.
3337 3601 3563 3669 Quando
3597 3598 3737 3673 foris

2148 3697 2441 3768 apponitur
2467 3697 2722 3763 dictioni;
2747 3706 2804 3753 et
2850 3698 2977 3765 hoc,
2999 3697 3219 3753 nomine
3245 3695 3331 3749 vel
3377 3694 3732 3766 pronomine;

2149 3802 2279 3842 casu
2313 3788 2625 3844 accusativo
2650 3789 2734 3844 vel
2763 3788 3021 3855 ablativo,
3050 3795 3113 3843 ιιι
3158 3806 3172 3843 :
3204 3787 3274 3842 ad
3299 3787 3596 3853 hominem;
3627 3785 3735 3853 vel,

2149 3878 2214 3932 ab
2237 3878 2445 3933 homine
2476 3893 2495 3932 :
2522 3880 2593 3933 ad
2612 3878 2786 3947 illum,
2810 3880 2875 3934 ab
2903 3879 3016 3935 illo.

2218 3968 2319 4023 Fu.
2337 3968 2617 4035 Quomodo
2633 3984 2733 4042 per
2751 3971 3201 4042 compositionem
3215 3970 3309 4025 ?—
3322 3968 3492 4025 Suo.
3513 3968 3740 4038 Quando

2151 4076 2274 4117 cum
2302 4061 2422 4116 aliis
2446 4062 2693 4131 partibus
2716 4060 3110 4135 [componitur]
3141 4062 3193 4116 in
3224 4076 3386 4115 unam
3423 4060 3736 4123 dictionem,

2151 4164 2211 4211 ut
2237 4156 2456 4211 nomine
2479 4153 2635 4227 [Ms.,
2666 4154 2919 4227 nomini],
2951 4170 3053 4225 per
3075 4169 3264 4211 omnes
3309 4168 3507 4209 casus:
3538 4162 3621 4217 ιιι,
3660 4152 3743 4205 in-

2153 4248 2359 4313 doctus,
2383 4246 2603 4313 indocti,
2617 4247 2847 4311 indocto,
2862 4246 3154 4311 indoctum,
3170 4244 3400 4311 indocte,
3419 4245 3485 4297 ab
3505 4243 3737 4297 indocto.

2152 4341 2466 4397 Pronomini
2489 4356 2596 4395 non
2621 4340 2985 4411 componitur.
3037 4339 3218 4395 Verbo
3247 4336 3613 4408 componitur,
3653 4343 3737 4401 ut,

2153 4433 2370 4498 induco,
2396 4430 2596 4504 expleo.
2622 4431 2919 4502 Participio
2946 4442 3048 4501 per
3078 4428 3471 4485 derivationem
3502 4426 3590 4481 vel
3615 4440 3742 4481 wn-

2153 4522 2487 4592 sequentiam
2515 4520 2938 4591 compositorum
2975 4520 3286 4583 verborum,
3331 4527 3411 4583 ut,
3466 4517 3739 4583 inducens,

2152 4614 2383 4686 explens.
2410 4613 2679 4669 Adverbio
2712 4626 3046 4686 quoque_pcr
3094 4610 3543 4681 compositionem
3564 4606 3744 4679 iungi-

2152 4626 2383 4686 exptens.
2410 4626 2679 4669 Advernio
2712 4626 3046 4760 quoque’pcr
3094 4626 3543 4681 composmonem
3564 4626 3742 4679 iungi-

2152 4718 2262 4774 tur,
2288 4717 2370 4774 ut,
2399 4707 2633 4779 perinde,
2660 4708 2868 4772 abhinc,
2933 4707 3158 4777 einceps.
3190 4704 3326 4761 Nam
3352 4712 3408 4758 et
3434 4702 3536 4777 [in]
3566 4702 3742 4773 seipse

2155 4797 2309 4871 [Ms.,
2339 4800 2393 4854 in
2420 4797 2792 4870 semetipsam]
2837 4813 2933 4869 per
2982 4796 3430 4867 compositionem
3480 4794 3737 4858 nectitur,

2152 4902 2232 4959 nt,
2265 4893 2550 4963 imperitus
2571 4890 2723 4964 [Ms.,
2754 4887 3201 4961 imperterritus].
3241 4878 3387 4943 Loco
3424 4886 3587 4942 etiam
3616 4899 3742 4941 oon-

2147 4983 2445 5054 junctionis
2493 4984 2726 5039 causalis
2755 4981 2950 5055 [Edit.,
2983 4981 3237 5053 casualis]
3266 4982 3403 5036 solet
3439 4980 3633 5050 accipi.
3661 4986 3739 5045 ιιι,

2152 5093 2236 5147 per
2263 5076 2518 5130 desidiam
2538 5075 2756 5129 malitia:
2779 5084 3092 5139 nascuntur,
3109 5074 3165 5128 id
3185 5083 3289 5131 est.
3305 5087 3470 5128 causa
3487 5070 3735 5135 desidia;

2154 5168 2407 5223 similiter
2433 5176 2644 5238 propter
2669 5175 2723 5221 et
2746 5166 2806 5220 ob
2832 5165 2959 5236 poni
2984 5172 3230 5235 possunt.

2224 5259 2323 5314 Fu.
2384 5257 2441 5313 Si
2484 5274 2720 5328 unquam
2775 5264 3157 5327 supponuntur
3200 5253 3736 5326 praepositiones?—

2155 5350 2319 5408 Sno.
2367 5350 2566 5414 Etiam,
2596 5350 2690 5405 sed
2721 5365 2865 5405 raro.
2912 5348 2979 5403 Et
3024 5348 3128 5403 hoc
3168 5346 3451 5417 euphonia:
3479 5360 3664 5411 causa,
3687 5341 3738 5398 id

2154 5450 2256 5508 est,
2287 5439 2485 5514 [boum]
2519 5440 2855 5503 sonoritatis,
2880 5447 2943 5492 ut
2971 5438 3024 5491 in
3052 5437 3486 5507 pronominibus,
3517 5448 3735 5498 mecum,

2154 5545 2343 5598 tecum,
2372 5550 2569 5599 secum,
2614 5533 2903 5596 nobiscum,
2954 5530 3240 5584 vobiscum.
3290 5528 3398 5583 Sed
3444 5538 3498 5583 et
3534 5527 3735 5600 poetica

2155 5627 2482 5683 auctoritate
2512 5626 2565 5680 in
2594 5626 2784 5681 metris
2810 5631 3143 5696 praepostere
3184 5622 3312 5693 poni
3355 5636 3449 5678 eas
3479 5621 3734 5690 invenies,

2225 5782 2254 5824 δ
2294 5783 2445 5856 Virg.
2485 5781 2642 5854 Em,
2677 5799 2729 5853 ι,
2759 5783 2813 5840 9.
