  <div class='ocr_page' id='page_1' title='image "/cluster/home/n/w/nwhite01/storage/ocr_20150623/101/hvd.32044004824769/454.png"; bbox 0 0 4062 6346; ppageno 0'>
   <div class='ocr_carea' id='block_1_1' title="bbox 426 322 523 381">
    <p class='ocr_par' dir='ltr' id='par_1_1' title="bbox 426 322 523 381">
     <span class='ocr_line' id='line_1_1' title="bbox 426 322 523 381; baseline 0.021 -2"><span class='ocrx_word' id='word_1_1' title='bbox 426 322 523 381; x_wconf 81' lang='lat'><strong>897</strong></span> 
     </span>
    </p>
   </div>
   <div class='ocr_carea' id='block_1_2' title="bbox 1539 313 2630 377">
    <p class='ocr_par' dir='ltr' id='par_1_2' title="bbox 1539 313 2630 377">
     <span class='ocr_line' id='line_1_2' title="bbox 1539 313 2630 377; baseline 0.005 -6"><span class='ocrx_word' id='word_1_2' title='bbox 1539 313 2009 371; x_wconf 77' lang='lat' dir='ltr'><strong>DIDASCALICA.</strong></span> <span class='ocrx_word' id='word_1_3' title='bbox 2049 345 2119 358; x_wconf 91' lang='lat'><strong>—-</strong></span> <span class='ocrx_word' id='word_1_4' title='bbox 2155 317 2630 377; x_wconf 76' lang='lat' dir='ltr'><strong>GRAMMATICA.</strong></span> 
     </span>
    </p>
   </div>
   <div class='ocr_carea' id='block_1_3' title="bbox 425 427 3673 508">
    <p class='ocr_par' dir='ltr' id='par_1_3' title="bbox 425 427 3673 508">
     <span class='ocr_line' id='line_1_3' title="bbox 425 427 3673 508; baseline 0.001 -15"><span class='ocrx_word' id='word_1_5' title='bbox 425 446 512 493; x_wconf 92' lang='lat' dir='ltr'><strong>ut:</strong></span> <span class='ocrx_word' id='word_1_6' title='bbox 535 435 710 493; x_wconf 79' lang='lat' dir='ltr'><strong>Maria</strong></span> <span class='ocrx_word' id='word_1_7' title='bbox 731 436 905 492; x_wconf 89' lang='lat' dir='ltr'><strong>omnia</strong></span> <span class='ocrx_word' id='word_1_8' title='bbox 927 435 1147 502; x_wconf 86' lang='lat' dir='ltr'><strong>circum,</strong></span> <span class='ocrx_word' id='word_1_9' title='bbox 1170 441 1225 490; x_wconf 90' lang='lat' dir='ltr'><strong>et</strong></span> <span class='ocrx_word' id='word_1_10' title='bbox 1247 432 1321 490; x_wconf 87' lang='lat' dir='ltr'><strong>ibi</strong></span> <span class='ocrx_word' id='word_1_11' title='bbox 1342 429 1517 486; x_wconf 91' lang='lat' dir='ltr'><strong>ﬁnalis</strong></span> <span class='ocrx_word' id='word_1_12' title='bbox 1543 427 1745 499; x_wconf 80' lang='lat' dir='ltr'><strong>syllaba</strong></span> <span class='ocrx_word' id='word_1_13' title='bbox 1767 427 1996 492; x_wconf 78' lang='lat' dir='ltr'><strong>acuitur,</strong></span> <span class='ocrx_word' id='word_1_14' title='bbox 2025 427 2077 489; x_wconf 79' lang='grc' dir='ltr'>Α</span> <span class='ocrx_word' id='word_1_15' title='bbox 2104 444 2169 500; x_wconf 86' lang='lat' dir='ltr'><strong>ge</strong></span> <span class='ocrx_word' id='word_1_16' title='bbox 2220 439 2272 486; x_wconf 92' lang='lat' dir='ltr'><strong>te</strong></span> <span class='ocrx_word' id='word_1_17' title='bbox 2315 430 2448 504; x_wconf 80' lang='lat' dir='ltr'><strong>[Al.,</strong></span> <span class='ocrx_word' id='word_1_18' title='bbox 2503 431 2860 506; x_wconf 82' lang='lat' dir='ltr'><strong>succingere].</strong></span> <span class='ocrx_word' id='word_1_19' title='bbox 2886 463 2959 474; x_wconf 94' lang='lat'><strong><em>—</em></strong></span> <span class='ocrx_word' id='word_1_20' title='bbox 2978 433 3142 491; x_wconf 59' lang='lat' dir='ltr'><strong>Saxo.</strong></span> <span class='ocrx_word' id='word_1_21' title='bbox 3181 433 3388 504; x_wconf 82' lang='lat' dir='ltr'><strong>Dicam.</strong></span> <span class='ocrx_word' id='word_1_22' title='bbox 3413 436 3495 492; x_wconf 81' lang='lat' dir='ltr'><strong>Ad</strong></span> <span class='ocrx_word' id='word_1_23' title='bbox 3509 437 3673 508; x_wconf 77' lang='lat' dir='ltr'><strong>juxta</strong></span> 
     </span>
    </p>
   </div>
   <div class='ocr_carea' id='block_1_4' title="bbox 426 537 983 600">
    <p class='ocr_par' dir='ltr' id='par_1_4' title="bbox 426 537 983 600">
     <span class='ocr_line' id='line_1_4' title="bbox 426 537 983 600; baseline -0.009 -14"><span class='ocrx_word' id='word_1_24' title='bbox 426 545 496 586; x_wconf 83' lang='lat' dir='ltr'><strong>ne</strong></span> <span class='ocrx_word' id='word_1_25' title='bbox 524 545 718 584; x_wconf 86' lang='lat' dir='ltr'><strong>nomen</strong></span> <span class='ocrx_word' id='word_1_26' title='bbox 745 537 983 600; x_wconf 91' lang='lat' dir='ltr'><strong>putetur.</strong></span> 
     </span>
    </p>
   </div>
   <div class='ocr_carea' id='block_1_5' title="bbox 494 613 1999 691">
    <p class='ocr_par' dir='ltr' id='par_1_5' title="bbox 494 613 1999 691">
     <span class='ocr_line' id='line_1_5' title="bbox 494 613 1999 691; baseline -0.007 -15"><span class='ocrx_word' id='word_1_27' title='bbox 494 622 594 676; x_wconf 72' lang='lat' dir='ltr'><strong>Fu.</strong></span> <span class='ocrx_word' id='word_1_28' title='bbox 653 621 863 676; x_wconf 84' lang='lat' dir='ltr'><strong>Habent</strong></span> <span class='ocrx_word' id='word_1_29' title='bbox 911 620 1320 691; x_wconf 86' lang='lat' dir='ltr'><strong>praepositiones</strong></span> <span class='ocrx_word' id='word_1_30' title='bbox 1363 624 1620 671; x_wconf 84' lang='lat' dir='ltr'><strong>accentus</strong></span> <span class='ocrx_word' id='word_1_31' title='bbox 1665 629 1764 684; x_wconf 91' lang='lat' dir='ltr'><strong>per</strong></span> <span class='ocrx_word' id='word_1_32' title='bbox 1813 613 1999 667; x_wconf 79' lang='lat' dir='ltr'><strong>se?—</strong></span> 
     </span>
    </p>
   </div>
   <div class='ocr_carea' id='block_1_6' title="bbox 426 704 2001 775">
    <p class='ocr_par' dir='ltr' id='par_1_6' title="bbox 426 704 2001 775">
     <span class='ocr_line' id='line_1_6' title="bbox 426 704 2001 775; baseline -0.007 -6"><span class='ocrx_word' id='word_1_33' title='bbox 426 713 592 772; x_wconf 75' lang='lat' dir='ltr'><strong>Suo.</strong></span> <span class='ocrx_word' id='word_1_34' title='bbox 627 713 837 767; x_wconf 78' lang='lat' dir='ltr'><strong>Habent</strong></span> <span class='ocrx_word' id='word_1_35' title='bbox 876 719 1094 767; x_wconf 89' lang='lat' dir='ltr'><strong>acutum</strong></span> <span class='ocrx_word' id='word_1_36' title='bbox 1148 717 1430 766; x_wconf 85' lang='lat' dir='ltr'><strong>accentum</strong></span> <span class='ocrx_word' id='word_1_37' title='bbox 1467 709 1521 762; x_wconf 92' lang='lat' dir='ltr'><strong>in</strong></span> <span class='ocrx_word' id='word_1_38' title='bbox 1564 708 1689 773; x_wconf 88' lang='lat' dir='ltr'><strong>ﬁne,</strong></span> <span class='ocrx_word' id='word_1_39' title='bbox 1724 715 1832 760; x_wconf 88' lang='lat' dir='ltr'><strong>tam</strong></span> <span class='ocrx_word' id='word_1_40' title='bbox 1860 704 2001 775; x_wconf 91' lang='lat' dir='ltr'><strong>apud</strong></span> 
     </span>
    </p>
   </div>
   <div class='ocr_carea' id='block_1_7' title="bbox 423 799 2000 877">
    <p class='ocr_par' dir='ltr' id='par_1_7' title="bbox 423 799 2000 877">
     <span class='ocr_line' id='line_1_7' title="bbox 423 799 2000 877; baseline -0.009 -12"><span class='ocrx_word' id='word_1_41' title='bbox 423 808 666 873; x_wconf 78' lang='lat' dir='ltr'><strong>Graecos,</strong></span> <span class='ocrx_word' id='word_1_42' title='bbox 692 821 853 877; x_wconf 89' lang='lat' dir='ltr'><strong>quam</strong></span> <span class='ocrx_word' id='word_1_43' title='bbox 881 807 1022 876; x_wconf 89' lang='lat' dir='ltr'><strong>apud</strong></span> <span class='ocrx_word' id='word_1_44' title='bbox 1070 805 1324 868; x_wconf 87' lang='lat' dir='ltr'><strong>Latinos;</strong></span> <span class='ocrx_word' id='word_1_45' title='bbox 1369 803 1459 872; x_wconf 87' lang='lat' dir='ltr'><strong>qui</strong></span> <span class='ocrx_word' id='word_1_46' title='bbox 1489 809 1669 855; x_wconf 89' lang='lat' dir='ltr'><strong>tamen</strong></span> <span class='ocrx_word' id='word_1_47' title='bbox 1697 799 1750 853; x_wconf 88' lang='lat' dir='ltr'><strong>iu</strong></span> <span class='ocrx_word' id='word_1_48' title='bbox 1781 811 2000 870; x_wconf 88' lang='lat' dir='ltr'><strong>gravem</strong></span> 
     </span>
    </p>
   </div>
   <div class='ocr_carea' id='block_1_8' title="bbox 425 886 2002 969">
    <p class='ocr_par' dir='ltr' id='par_1_8' title="bbox 425 886 2002 969">
     <span class='ocr_line' id='line_1_8' title="bbox 425 886 2002 969; baseline -0.008 -15"><span class='ocrx_word' id='word_1_49' title='bbox 425 912 640 969; x_wconf 81' lang='lat' dir='ltr'><strong>semper</strong></span> <span class='ocrx_word' id='word_1_50' title='bbox 681 897 933 962; x_wconf 82' lang='lat' dir='ltr'><strong>vertitur,</strong></span> <span class='ocrx_word' id='word_1_51' title='bbox 979 896 1104 965; x_wconf 84' lang='lat' dir='ltr'><strong>quia</strong></span> <span class='ocrx_word' id='word_1_52' title='bbox 1153 893 1461 964; x_wconf 78' lang='lat' dir='ltr'><strong>praepositio</strong></span> <span class='ocrx_word' id='word_1_53' title='bbox 1513 892 1714 962; x_wconf 88' lang='lat' dir='ltr'><strong>ubique</strong></span> <span class='ocrx_word' id='word_1_54' title='bbox 1756 886 2002 958; x_wconf 85' lang='lat' dir='ltr'><strong>sequenti</strong></span> 
     </span>
    </p>
   </div>
   <div class='ocr_carea' id='block_1_9' title="bbox 423 981 2002 1058">
    <p class='ocr_par' dir='ltr' id='par_1_9' title="bbox 423 981 2002 1058">
     <span class='ocr_line' id='line_1_9' title="bbox 423 981 2002 1058; baseline -0.006 -14"><span class='ocrx_word' id='word_1_55' title='bbox 423 989 645 1046; x_wconf 87' lang='lat' dir='ltr'><strong>dictioni</strong></span> <span class='ocrx_word' id='word_1_56' title='bbox 674 1003 768 1043; x_wconf 90' lang='lat' dir='ltr'><strong>seu</strong></span> <span class='ocrx_word' id='word_1_57' title='bbox 795 1004 892 1058; x_wconf 90' lang='lat' dir='ltr'><strong>per</strong></span> <span class='ocrx_word' id='word_1_58' title='bbox 920 986 1330 1057; x_wconf 89' lang='lat' dir='ltr'><strong>appositionem,</strong></span> <span class='ocrx_word' id='word_1_59' title='bbox 1362 1001 1458 1040; x_wconf 91' lang='lat' dir='ltr'><strong>seu</strong></span> <span class='ocrx_word' id='word_1_60' title='bbox 1513 998 1612 1054; x_wconf 89' lang='lat' dir='ltr'><strong>per</strong></span> <span class='ocrx_word' id='word_1_61' title='bbox 1660 981 2002 1051; x_wconf 83' lang='lat' dir='ltr'><strong>compositio-</strong></span> 
     </span>
    </p>
   </div>
   <div class='ocr_carea' id='block_1_10' title="bbox 422 1071 1996 1148">
    <p class='ocr_par' dir='ltr' id='par_1_10' title="bbox 422 1071 1996 1148">
     <span class='ocr_line' id='line_1_10' title="bbox 422 1071 1996 1148; baseline -0.008 -12"><span class='ocrx_word' id='word_1_62' title='bbox 422 1096 548 1136; x_wconf 85' lang='lat' dir='ltr'><strong>nem</strong></span> <span class='ocrx_word' id='word_1_63' title='bbox 575 1079 898 1143; x_wconf 83' lang='lat' dir='ltr'><strong>adnectitur,</strong></span> <span class='ocrx_word' id='word_1_64' title='bbox 923 1087 978 1133; x_wconf 89' lang='lat' dir='ltr'><strong>et</strong></span> <span class='ocrx_word' id='word_1_65' title='bbox 1001 1077 1156 1148; x_wconf 90' lang='lat' dir='ltr'><strong>quasi</strong></span> <span class='ocrx_word' id='word_1_66' title='bbox 1185 1093 1294 1132; x_wconf 88' lang='lat' dir='ltr'><strong>una</strong></span> <span class='ocrx_word' id='word_1_67' title='bbox 1317 1091 1445 1147; x_wconf 90' lang='lat' dir='ltr'><strong>pars</strong></span> <span class='ocrx_word' id='word_1_68' title='bbox 1473 1090 1595 1129; x_wconf 90' lang='lat' dir='ltr'><strong>cum</strong></span> <span class='ocrx_word' id='word_1_69' title='bbox 1619 1089 1682 1128; x_wconf 90' lang='lat' dir='ltr'><strong>ea</strong></span> <span class='ocrx_word' id='word_1_70' title='bbox 1702 1071 1996 1141; x_wconf 79' lang='lat' dir='ltr'><strong>profertur.</strong></span> 
     </span>
    </p>
   </div>
   <div class='ocr_carea' id='block_1_11' title="bbox 420 1160 2001 1238">
    <p class='ocr_par' dir='ltr' id='par_1_11' title="bbox 420 1160 2001 1238">
     <span class='ocr_line' id='line_1_11' title="bbox 420 1160 2001 1238; baseline -0.006 -14"><span class='ocrx_word' id='word_1_71' title='bbox 420 1168 771 1224; x_wconf 83' lang='lat' dir='ltr'><strong>Inveniuntur</strong></span> <span class='ocrx_word' id='word_1_72' title='bbox 823 1183 1038 1238; x_wconf 89' lang='lat' dir='ltr'><strong>quoque</strong></span> <span class='ocrx_word' id='word_1_73' title='bbox 1090 1166 1496 1238; x_wconf 76' lang='lat' dir='ltr'><strong>przepositiones</strong></span> <span class='ocrx_word' id='word_1_74' title='bbox 1544 1165 1599 1218; x_wconf 92' lang='lat' dir='ltr'><strong>in</strong></span> <span class='ocrx_word' id='word_1_75' title='bbox 1649 1163 1825 1217; x_wconf 89' lang='lat' dir='ltr'><strong>media</strong></span> <span class='ocrx_word' id='word_1_76' title='bbox 1875 1160 2001 1231; x_wconf 91' lang='lat' dir='ltr'><strong>poni</strong></span> 
     </span>
    </p>
   </div>
   <div class='ocr_carea' id='block_1_12' title="bbox 425 1255 1963 1330">
    <p class='ocr_par' dir='ltr' id='par_1_12' title="bbox 425 1255 1963 1330">
     <span class='ocr_line' id='line_1_12' title="bbox 425 1255 1963 1330; baseline -0.005 -16"><span class='ocrx_word' id='word_1_77' title='bbox 425 1260 682 1324; x_wconf 85' lang='lat' dir='ltr'><strong>dictione,</strong></span> <span class='ocrx_word' id='word_1_78' title='bbox 709 1268 791 1326; x_wconf 83' lang='lat' dir='ltr'><strong>ut,</strong></span> <span class='ocrx_word' id='word_1_79' title='bbox 821 1276 924 1330; x_wconf 88' lang='lat' dir='ltr'><strong>qua</strong></span> <span class='ocrx_word' id='word_1_80' title='bbox 948 1259 1012 1312; x_wconf 89' lang='lat' dir='ltr'><strong>de</strong></span> <span class='ocrx_word' id='word_1_81' title='bbox 1045 1275 1120 1324; x_wconf 91' lang='lat' dir='ltr'><strong>re,</strong></span> <span class='ocrx_word' id='word_1_82' title='bbox 1142 1274 1298 1329; x_wconf 88' lang='lat' dir='ltr'><strong>quam</strong></span> <span class='ocrx_word' id='word_1_83' title='bbox 1322 1257 1382 1310; x_wconf 87' lang='lat' dir='ltr'><strong>ob</strong></span> <span class='ocrx_word' id='word_1_84' title='bbox 1416 1273 1545 1321; x_wconf 90' lang='lat' dir='ltr'><strong>rem,</strong></span> <span class='ocrx_word' id='word_1_85' title='bbox 1583 1272 1686 1326; x_wconf 91' lang='lat' dir='ltr'><strong>qua</strong></span> <span class='ocrx_word' id='word_1_86' title='bbox 1715 1255 1770 1307; x_wconf 90' lang='lat' dir='ltr'><strong>in</strong></span> <span class='ocrx_word' id='word_1_87' title='bbox 1797 1260 1963 1322; x_wconf 88' lang='lat' dir='ltr'><strong>parte.</strong></span> 
     </span>
    </p>
   </div>
   <div class='ocr_carea' id='block_1_13' title="bbox 497 1343 2004 1418">
    <p class='ocr_par' dir='ltr' id='par_1_13' title="bbox 497 1343 2004 1418">
     <span class='ocr_line' id='line_1_13' title="bbox 497 1343 2004 1418; baseline -0.007 -14"><span class='ocrx_word' id='word_1_88' title='bbox 497 1349 597 1404; x_wconf 78' lang='lat' dir='ltr'><strong>Fit.</strong></span> <span class='ocrx_word' id='word_1_89' title='bbox 652 1349 737 1403; x_wconf 83' lang='lat' dir='ltr'><strong>An</strong></span> <span class='ocrx_word' id='word_1_90' title='bbox 787 1363 975 1403; x_wconf 90' lang='lat' dir='ltr'><strong>omnes</strong></span> <span class='ocrx_word' id='word_1_91' title='bbox 1027 1348 1437 1418; x_wconf 65' lang='lat' dir='ltr'><strong>praepositiones</strong></span> <span class='ocrx_word' id='word_1_92' title='bbox 1487 1343 2004 1412; x_wconf 80' lang='lat' dir='ltr'><strong>componuntur?—</strong></span> 
     </span>
    </p>
   </div>
   <div class='ocr_carea' id='block_1_14' title="bbox 421 1439 2001 1508">
    <p class='ocr_par' dir='ltr' id='par_1_14' title="bbox 421 1439 2001 1508">
     <span class='ocr_line' id='line_1_14' title="bbox 421 1439 2001 1508; baseline -0.008 -10"><span class='ocrx_word' id='word_1_93' title='bbox 421 1440 587 1498; x_wconf 62' lang='lat' dir='ltr'><strong>Saxo.</strong></span> <span class='ocrx_word' id='word_1_94' title='bbox 621 1439 878 1507; x_wconf 69' lang='lat' dir='ltr'><strong>Quaedam</strong></span> <span class='ocrx_word' id='word_1_95' title='bbox 909 1449 1056 1503; x_wconf 89' lang='lat' dir='ltr'><strong>sunt,</strong></span> <span class='ocrx_word' id='word_1_96' title='bbox 1081 1447 1141 1492; x_wconf 91' lang='lat' dir='ltr'><strong>ut</strong></span> <span class='ocrx_word' id='word_1_97' title='bbox 1162 1452 1438 1508; x_wconf 84' lang='lat' dir='ltr'><strong>nunquam</strong></span> <span class='ocrx_word' id='word_1_98' title='bbox 1476 1440 1891 1505; x_wconf 85' lang='lat' dir='ltr'><strong>componantur,</strong></span> <span class='ocrx_word' id='word_1_99' title='bbox 1917 1440 2001 1496; x_wconf 89' lang='lat' dir='ltr'><strong>ut,</strong></span> 
     </span>
    </p>
   </div>
   <div class='ocr_carea' id='block_1_15' title="bbox 420 1525 2000 1604">
    <p class='ocr_par' dir='ltr' id='par_1_15' title="bbox 420 1525 2000 1604">
     <span class='ocr_line' id='line_1_15' title="bbox 420 1525 2000 1604; baseline -0.006 -16"><span class='ocrx_word' id='word_1_100' title='bbox 420 1533 588 1604; x_wconf 80' lang='lat' dir='ltr'><strong>apud,</strong></span> <span class='ocrx_word' id='word_1_101' title='bbox 613 1549 760 1604; x_wconf 87' lang='lat' dir='ltr'><strong>erga,</strong></span> <span class='ocrx_word' id='word_1_102' title='bbox 785 1533 940 1598; x_wconf 87' lang='lat' dir='ltr'><strong>citra,</strong></span> <span class='ocrx_word' id='word_1_103' title='bbox 965 1533 1126 1597; x_wconf 91' lang='lat' dir='ltr'><strong>circa,</strong></span> <span class='ocrx_word' id='word_1_104' title='bbox 1148 1541 1318 1596; x_wconf 80' lang='lat' dir='ltr'><strong>extra,</strong></span> <span class='ocrx_word' id='word_1_105' title='bbox 1338 1529 1501 1599; x_wconf 76' lang='lat' dir='ltr'><strong>infra,</strong></span> <span class='ocrx_word' id='word_1_106' title='bbox 1523 1530 1706 1598; x_wconf 70' lang='lat' dir='ltr'><strong>juxta,</strong></span> <span class='ocrx_word' id='word_1_107' title='bbox 1723 1543 1848 1596; x_wconf 86' lang='lat' dir='ltr'><strong>pene</strong></span> <span class='ocrx_word' id='word_1_108' title='bbox 1869 1525 2000 1597; x_wconf 86' lang='lat' dir='ltr'><strong>[Al.,</strong></span> 
     </span>
    </p>
   </div>
   <div class='ocr_carea' id='block_1_16' title="bbox 418 1615 2005 1693">
    <p class='ocr_par' dir='ltr' id='par_1_16' title="bbox 418 1615 2005 1693">
     <span class='ocr_line' id='line_1_16' title="bbox 418 1615 2005 1693; baseline -0.004 -17"><span class='ocrx_word' id='word_1_109' title='bbox 418 1620 600 1693; x_wconf 84' lang='lat' dir='ltr'><strong>pone],</strong></span> <span class='ocrx_word' id='word_1_110' title='bbox 624 1638 802 1692; x_wconf 89' lang='lat' dir='ltr'><strong>prope,</strong></span> <span class='ocrx_word' id='word_1_111' title='bbox 853 1622 1161 1686; x_wconf 87' lang='lat' dir='ltr'><strong>secundum,</strong></span> <span class='ocrx_word' id='word_1_112' title='bbox 1194 1620 1355 1683; x_wconf 88' lang='lat' dir='ltr'><strong>ultra,</strong></span> <span class='ocrx_word' id='word_1_113' title='bbox 1388 1635 1567 1688; x_wconf 90' lang='lat' dir='ltr'><strong>supra,</strong></span> <span class='ocrx_word' id='word_1_114' title='bbox 1596 1616 1820 1670; x_wconf 80' lang='lat' dir='ltr'><strong>circiter.</strong></span> <span class='ocrx_word' id='word_1_115' title='bbox 1850 1615 2005 1681; x_wconf 66' lang='lat' dir='ltr'><strong>Quie-</strong></span> 
     </span>
    </p>
   </div>
   <div class='ocr_carea' id='block_1_17' title="bbox 419 1706 2001 1782">
    <p class='ocr_par' dir='ltr' id='par_1_17' title="bbox 419 1706 2001 1782">
     <span class='ocr_line' id='line_1_17' title="bbox 419 1706 2001 1782; baseline -0.004 -16"><span class='ocrx_word' id='word_1_116' title='bbox 419 1712 543 1766; x_wconf 86' lang='lat' dir='ltr'><strong>dam</strong></span> <span class='ocrx_word' id='word_1_117' title='bbox 573 1720 698 1768; x_wconf 90' lang='lat' dir='ltr'><strong>sunt</strong></span> <span class='ocrx_word' id='word_1_118' title='bbox 724 1727 844 1780; x_wconf 76' lang='lat' dir='ltr'><strong>qua:</strong></span> <span class='ocrx_word' id='word_1_119' title='bbox 873 1727 1148 1782; x_wconf 85' lang='lat' dir='ltr'><strong>nunquam</strong></span> <span class='ocrx_word' id='word_1_120' title='bbox 1177 1717 1518 1780; x_wconf 86' lang='lat' dir='ltr'><strong>separantur,</strong></span> <span class='ocrx_word' id='word_1_121' title='bbox 1549 1716 1627 1773; x_wconf 88' lang='lat' dir='ltr'><strong>ut,</strong></span> <span class='ocrx_word' id='word_1_122' title='bbox 1655 1724 1770 1774; x_wconf 91' lang='lat' dir='ltr'><strong>con,</strong></span> <span class='ocrx_word' id='word_1_123' title='bbox 1794 1708 1866 1770; x_wconf 87' lang='lat' dir='ltr'><strong>di,</strong></span> <span class='ocrx_word' id='word_1_124' title='bbox 1899 1706 2001 1770; x_wconf 85' lang='lat' dir='ltr'><strong>dis,</strong></span> 
     </span>
    </p>
   </div>
   <div class='ocr_carea' id='block_1_18' title="bbox 2103 522 3672 597">
    <p class='ocr_par' dir='ltr' id='par_1_18' title="bbox 2103 522 3672 597">
     <span class='ocr_line' id='line_1_18' title="bbox 2103 522 3672 597; baseline 0.006 -22"><span class='ocrx_word' id='word_1_125' title='bbox 2103 522 2369 591; x_wconf 89' lang='lat' dir='ltr'><strong>signiﬁcat</strong></span> <span class='ocrx_word' id='word_1_126' title='bbox 2400 525 2455 579; x_wconf 93' lang='lat' dir='ltr'><strong>in</strong></span> <span class='ocrx_word' id='word_1_127' title='bbox 2492 527 2898 596; x_wconf 90' lang='lat' dir='ltr'><strong>compositione,</strong></span> <span class='ocrx_word' id='word_1_128' title='bbox 2954 527 3038 581; x_wconf 88' lang='lat' dir='ltr'><strong>vel</strong></span> <span class='ocrx_word' id='word_1_129' title='bbox 3088 528 3439 597; x_wconf 87' lang='lat' dir='ltr'><strong>appositione,</strong></span> <span class='ocrx_word' id='word_1_130' title='bbox 3487 538 3566 590; x_wconf 82' lang='lat' dir='ltr'><strong>ut.</strong></span> <span class='ocrx_word' id='word_1_131' title='bbox 3603 531 3672 584; x_wconf 87' lang='lat' dir='ltr'><strong>ad</strong></span> 
     </span>
    </p>
   </div>
   <div class='ocr_carea' id='block_1_19' title="bbox 2103 617 3675 692">
    <p class='ocr_par' dir='ltr' id='par_1_19' title="bbox 2103 617 3675 692">
     <span class='ocr_line' id='line_1_19' title="bbox 2103 617 3675 692; baseline 0.007 -26"><span class='ocrx_word' id='word_1_132' title='bbox 2103 631 2332 678; x_wconf 88' lang='lat' dir='ltr'><strong>currum,</strong></span> <span class='ocrx_word' id='word_1_133' title='bbox 2360 632 2480 686; x_wconf 90' lang='lat' dir='ltr'><strong>pro,</strong></span> <span class='ocrx_word' id='word_1_134' title='bbox 2502 617 2654 685; x_wconf 80' lang='lat' dir='ltr'><strong>juxta</strong></span> <span class='ocrx_word' id='word_1_135' title='bbox 2684 634 2934 682; x_wconf 90' lang='lat' dir='ltr'><strong>currum;</strong></span> <span class='ocrx_word' id='word_1_136' title='bbox 2979 619 3048 672; x_wconf 88' lang='lat' dir='ltr'><strong>ad</strong></span> <span class='ocrx_word' id='word_1_137' title='bbox 3091 618 3324 690; x_wconf 89' lang='lat' dir='ltr'><strong>Trojam,</strong></span> <span class='ocrx_word' id='word_1_138' title='bbox 3357 635 3475 691; x_wconf 86' lang='lat' dir='ltr'><strong>pro,</strong></span> <span class='ocrx_word' id='word_1_139' title='bbox 3518 621 3675 692; x_wconf 83' lang='lat' dir='ltr'><strong>juxta</strong></span> 
     </span>
    </p>
   </div>
   <div class='ocr_carea' id='block_1_20' title="bbox 2103 703 3676 779">
    <p class='ocr_par' dir='ltr' id='par_1_20' title="bbox 2103 703 3676 779">
     <span class='ocr_line' id='line_1_20' title="bbox 2103 703 3676 779; baseline 0.005 -22"><span class='ocrx_word' id='word_1_140' title='bbox 2103 703 2340 773; x_wconf 88' lang='lat' dir='ltr'><strong>Trojam.</strong></span> <span class='ocrx_word' id='word_1_141' title='bbox 2389 705 2671 779; x_wconf 85' lang='lat' dir='ltr'><strong>Signiﬁcat</strong></span> <span class='ocrx_word' id='word_1_142' title='bbox 2718 724 2930 778; x_wconf 90' lang='lat' dir='ltr'><strong>quoque</strong></span> <span class='ocrx_word' id='word_1_143' title='bbox 2977 718 3193 775; x_wconf 90' lang='lat' dir='ltr'><strong>contra;</strong></span> <span class='ocrx_word' id='word_1_144' title='bbox 3238 710 3307 762; x_wconf 91' lang='lat' dir='ltr'><strong>ad</strong></span> <span class='ocrx_word' id='word_1_145' title='bbox 3353 709 3502 763; x_wconf 88' lang='lat' dir='ltr'><strong>illum</strong></span> <span class='ocrx_word' id='word_1_146' title='bbox 3546 711 3676 765; x_wconf 75' lang='lat' dir='ltr'><strong>mihi</strong></span> 
     </span>
    </p>
   </div>
   <div class='ocr_carea' id='block_1_21' title="bbox 2101 798 3676 871">
    <p class='ocr_par' dir='ltr' id='par_1_21' title="bbox 2101 798 3676 871">
     <span class='ocr_line' id='line_1_21' title="bbox 2101 798 3676 871; baseline 0.006 -23"><span class='ocrx_word' id='word_1_147' title='bbox 2101 813 2275 866; x_wconf 86' lang='lat' dir='ltr'><strong>pugna</strong></span> <span class='ocrx_word' id='word_1_148' title='bbox 2322 807 2422 863; x_wconf 87' lang='lat' dir='ltr'><strong>est,</strong></span> <span class='ocrx_word' id='word_1_149' title='bbox 2470 800 2572 853; x_wconf 92' lang='lat' dir='ltr'><strong>hoc</strong></span> <span class='ocrx_word' id='word_1_150' title='bbox 2596 808 2700 865; x_wconf 88' lang='lat' dir='ltr'><strong>est,</strong></span> <span class='ocrx_word' id='word_1_151' title='bbox 2731 809 2918 854; x_wconf 88' lang='lat' dir='ltr'><strong>contra</strong></span> <span class='ocrx_word' id='word_1_152' title='bbox 2967 799 3132 854; x_wconf 90' lang='lat' dir='ltr'><strong>illum.</strong></span> <span class='ocrx_word' id='word_1_153' title='bbox 3187 798 3461 869; x_wconf 86' lang='lat' dir='ltr'><strong>Accipitur</strong></span> <span class='ocrx_word' id='word_1_154' title='bbox 3489 809 3542 856; x_wconf 88' lang='lat' dir='ltr'><strong>et</strong></span> <span class='ocrx_word' id='word_1_155' title='bbox 3575 815 3676 871; x_wconf 90' lang='lat' dir='ltr'><strong>pro</strong></span> 
     </span>
    </p>
   </div>
   <div class='ocr_carea' id='block_1_22' title="bbox 2103 891 3671 964">
    <p class='ocr_par' dir='ltr' id='par_1_22' title="bbox 2103 891 3671 964">
     <span class='ocr_line' id='line_1_22' title="bbox 2103 891 3671 964; baseline 0.004 -22"><span class='ocrx_word' id='word_1_156' title='bbox 2103 905 2265 959; x_wconf 85' lang='lat' dir='ltr'><strong>usque</strong></span> <span class='ocrx_word' id='word_1_157' title='bbox 2291 904 2308 940; x_wconf 90' lang='lat'><strong><em>:</em></strong></span> <span class='ocrx_word' id='word_1_158' title='bbox 2337 892 2405 945; x_wconf 92' lang='lat' dir='ltr'><strong>ad</strong></span> <span class='ocrx_word' id='word_1_159' title='bbox 2434 892 2622 946; x_wconf 89' lang='lat' dir='ltr'><strong>bellum</strong></span> <span class='ocrx_word' id='word_1_160' title='bbox 2647 891 2939 958; x_wconf 80' lang='lat' dir='ltr'><strong>Persicum,</strong></span> <span class='ocrx_word' id='word_1_161' title='bbox 2969 895 3072 949; x_wconf 86' lang='lat' dir='ltr'><strong>hoc</strong></span> <span class='ocrx_word' id='word_1_162' title='bbox 3101 900 3207 959; x_wconf 91' lang='lat' dir='ltr'><strong>est,</strong></span> <span class='ocrx_word' id='word_1_163' title='bbox 3256 911 3427 964; x_wconf 90' lang='lat' dir='ltr'><strong>usque</strong></span> <span class='ocrx_word' id='word_1_164' title='bbox 3449 895 3671 949; x_wconf 90' lang='lat' dir='ltr'><strong>bellum.</strong></span> 
     </span>
    </p>
   </div>
   <div class='ocr_carea' id='block_1_23' title="bbox 2105 977 3673 1054">
    <p class='ocr_par' dir='ltr' id='par_1_23' title="bbox 2105 977 3673 1054">
     <span class='ocr_line' id='line_1_23' title="bbox 2105 977 3673 1054; baseline 0.003 -20"><span class='ocrx_word' id='word_1_165' title='bbox 2105 977 2183 1035; x_wconf 87' lang='lat' dir='ltr'><strong>Ob</strong></span> <span class='ocrx_word' id='word_1_166' title='bbox 2208 990 2261 1035; x_wconf 89' lang='lat' dir='ltr'><strong>et</strong></span> <span class='ocrx_word' id='word_1_167' title='bbox 2284 999 2377 1051; x_wconf 90' lang='lat' dir='ltr'><strong>pro</strong></span> <span class='ocrx_word' id='word_1_168' title='bbox 2408 991 2461 1037; x_wconf 90' lang='lat' dir='ltr'><strong>et</strong></span> <span class='ocrx_word' id='word_1_169' title='bbox 2489 993 2670 1037; x_wconf 88' lang='lat' dir='ltr'><strong>contra</strong></span> <span class='ocrx_word' id='word_1_170' title='bbox 2715 993 2769 1038; x_wconf 88' lang='lat' dir='ltr'><strong>et</strong></span> <span class='ocrx_word' id='word_1_171' title='bbox 2798 985 2995 1038; x_wconf 85' lang='lat' dir='ltr'><strong>circum</strong></span> <span class='ocrx_word' id='word_1_172' title='bbox 3036 984 3328 1054; x_wconf 89' lang='lat' dir='ltr'><strong>signiﬁcat;</strong></span> <span class='ocrx_word' id='word_1_173' title='bbox 3361 993 3422 1039; x_wconf 92' lang='lat' dir='ltr'><strong>ut</strong></span> <span class='ocrx_word' id='word_1_174' title='bbox 3457 1003 3469 1037; x_wconf 89' lang='lat'><strong>:</strong></span> <span class='ocrx_word' id='word_1_175' title='bbox 3501 985 3673 1039; x_wconf 82' lang='lat' dir='ltr'><strong>haud-</strong></span> 
     </span>
    </p>
   </div>
   <div class='ocr_carea' id='block_1_24' title="bbox 2102 1075 3674 1148">
    <p class='ocr_par' dir='ltr' id='par_1_24' title="bbox 2102 1075 3674 1148">
     <span class='ocr_line' id='line_1_24' title="bbox 2102 1075 3674 1148; baseline 0.004 -22"><span class='ocrx_word' id='word_1_176' title='bbox 2102 1091 2368 1145; x_wconf 84' lang='lat' dir='ltr'><strong>quaquam</strong></span> <span class='ocrx_word' id='word_1_177' title='bbox 2393 1075 2452 1129; x_wconf 88' lang='lat' dir='ltr'><strong>ob</strong></span> <span class='ocrx_word' id='word_1_178' title='bbox 2499 1077 2760 1142; x_wconf 87' lang='lat' dir='ltr'><strong>meritum,</strong></span> <span class='ocrx_word' id='word_1_179' title='bbox 2813 1077 2866 1131; x_wconf 92' lang='lat' dir='ltr'><strong>id</strong></span> <span class='ocrx_word' id='word_1_180' title='bbox 2892 1086 2994 1144; x_wconf 89' lang='lat' dir='ltr'><strong>est,</strong></span> <span class='ocrx_word' id='word_1_181' title='bbox 3022 1094 3120 1148; x_wconf 92' lang='lat' dir='ltr'><strong>pro</strong></span> <span class='ocrx_word' id='word_1_182' title='bbox 3144 1079 3356 1134; x_wconf 88' lang='lat' dir='ltr'><strong>merito.</strong></span> <span class='ocrx_word' id='word_1_183' title='bbox 3393 1077 3470 1134; x_wconf 86' lang='lat' dir='ltr'><strong>0b</strong></span> <span class='ocrx_word' id='word_1_184' title='bbox 3497 1080 3674 1145; x_wconf 88' lang='lat' dir='ltr'><strong>unius,</strong></span> 
     </span>
    </p>
   </div>
   <div class='ocr_carea' id='block_1_25' title="bbox 2104 1168 3678 1234">
    <p class='ocr_par' dir='ltr' id='par_1_25' title="bbox 2104 1168 3678 1234">
     <span class='ocr_line' id='line_1_25' title="bbox 2104 1168 3678 1234; baseline 0.006 -15"><span class='ocrx_word' id='word_1_185' title='bbox 2104 1176 2285 1220; x_wconf 89' lang='lat' dir='ltr'><strong>contra</strong></span> <span class='ocrx_word' id='word_1_186' title='bbox 2336 1168 2495 1222; x_wconf 84' lang='lat' dir='ltr'><strong>unius</strong></span> <span class='ocrx_word' id='word_1_187' title='bbox 2537 1168 2875 1234; x_wconf 83' lang='lat' dir='ltr'><strong>:obambulo,</strong></span> <span class='ocrx_word' id='word_1_188' title='bbox 2917 1170 3343 1226; x_wconf 87' lang='lat' dir='ltr'><strong>circumambulo.</strong></span> <span class='ocrx_word' id='word_1_189' title='bbox 3375 1171 3482 1226; x_wconf 86' lang='lat' dir='ltr'><strong>Per</strong></span> <span class='ocrx_word' id='word_1_190' title='bbox 3519 1181 3602 1227; x_wconf 87' lang='lat' dir='ltr'><strong>est</strong></span> <span class='ocrx_word' id='word_1_191' title='bbox 3623 1181 3678 1228; x_wconf 90' lang='lat' dir='ltr'><strong>et</strong></span> 
     </span>
    </p>
   </div>
   <div class='ocr_carea' id='block_1_26' title="bbox 2102 1256 3674 1334">
    <p class='ocr_par' dir='ltr' id='par_1_26' title="bbox 2102 1256 3674 1334">
     <span class='ocr_line' id='line_1_26' title="bbox 2102 1256 3674 1334; baseline 0.006 -25"><span class='ocrx_word' id='word_1_192' title='bbox 2102 1256 2310 1321; x_wconf 91' lang='lat' dir='ltr'><strong>localis,</strong></span> <span class='ocrx_word' id='word_1_193' title='bbox 2335 1266 2393 1312; x_wconf 92' lang='lat' dir='ltr'><strong>ut</strong></span> <span class='ocrx_word' id='word_1_194' title='bbox 2427 1274 2439 1311; x_wconf 95' lang='lat'>:</span> <span class='ocrx_word' id='word_1_195' title='bbox 2471 1256 2577 1311; x_wconf 90' lang='lat' dir='ltr'><strong>Per</strong></span> <span class='ocrx_word' id='word_1_196' title='bbox 2624 1259 2847 1312; x_wconf 87' lang='lat' dir='ltr'><strong>medium</strong></span> <span class='ocrx_word' id='word_1_197' title='bbox 2892 1259 3086 1327; x_wconf 83' lang='lat' dir='ltr'><strong>forum.</strong></span> <span class='ocrx_word' id='word_1_198' title='bbox 3132 1262 3226 1316; x_wconf 91' lang='lat' dir='ltr'><strong>Est</strong></span> <span class='ocrx_word' id='word_1_199' title='bbox 3261 1271 3316 1317; x_wconf 90' lang='lat' dir='ltr'><strong>et</strong></span> <span class='ocrx_word' id='word_1_200' title='bbox 3342 1263 3674 1334; x_wconf 82' lang='lat' dir='ltr'><strong>temporalis,</strong></span> 
     </span>
    </p>
   </div>
   <div class='ocr_carea' id='block_1_27' title="bbox 2103 1346 3367 1418">
    <p class='ocr_par' dir='ltr' id='par_1_27' title="bbox 2103 1346 3367 1418">
     <span class='ocr_line' id='line_1_27' title="bbox 2103 1346 3367 1418; baseline 0.006 -18"><span class='ocrx_word' id='word_1_201' title='bbox 2103 1355 2164 1400; x_wconf 91' lang='lat' dir='ltr'><strong>ut</strong></span> <span class='ocrx_word' id='word_1_202' title='bbox 2195 1361 2209 1400; x_wconf 89' lang='lat'>:</span> <span class='ocrx_word' id='word_1_203' title='bbox 2245 1346 2348 1401; x_wconf 89' lang='lat' dir='ltr'><strong>Per</strong></span> <span class='ocrx_word' id='word_1_204' title='bbox 2372 1348 2600 1401; x_wconf 87' lang='lat' dir='ltr'><strong>medium</strong></span> <span class='ocrx_word' id='word_1_205' title='bbox 2621 1347 2778 1403; x_wconf 86' lang='lat' dir='ltr'><strong>diem.</strong></span> <span class='ocrx_word' id='word_1_206' title='bbox 2808 1348 2904 1405; x_wconf 88' lang='lat' dir='ltr'><strong>Est</strong></span> <span class='ocrx_word' id='word_1_207' title='bbox 2928 1357 2981 1404; x_wconf 90' lang='lat' dir='ltr'><strong>et</strong></span> <span class='ocrx_word' id='word_1_208' title='bbox 2997 1349 3234 1418; x_wconf 88' lang='lat' dir='ltr'><strong>jurandi,</strong></span> <span class='ocrx_word' id='word_1_209' title='bbox 3265 1361 3324 1407; x_wconf 92' lang='lat' dir='ltr'><strong>ut</strong></span> <span class='ocrx_word' id='word_1_210' title='bbox 3354 1371 3367 1406; x_wconf 86' lang='lat'><strong>:</strong></span> 
     </span>
    </p>
   </div>
   <div class='ocr_carea' id='block_1_28' title="bbox 2229 1479 3463 1549">
    <p class='ocr_par' dir='ltr' id='par_1_28' title="bbox 2229 1479 3463 1549">
     <span class='ocr_line' id='line_1_28' title="bbox 2229 1479 3463 1549; baseline 0.005 -21"><span class='ocrx_word' id='word_1_211' title='bbox 2229 1479 2328 1528; x_wconf 88' lang='lat' dir='ltr'><strong>Per</strong></span> <span class='ocrx_word' id='word_1_212' title='bbox 2350 1484 2418 1540; x_wconf 88' lang='lat' dir='ltr'><strong>te,</strong></span> <span class='ocrx_word' id='word_1_213' title='bbox 2440 1493 2530 1542; x_wconf 89' lang='lat' dir='ltr'><strong>per</strong></span> <span class='ocrx_word' id='word_1_214' title='bbox 2547 1485 2632 1543; x_wconf 92' lang='lat' dir='ltr'><strong>qui</strong></span> <span class='ocrx_word' id='word_1_215' title='bbox 2653 1487 2702 1532; x_wconf 88' lang='lat' dir='ltr'><strong>te</strong></span> <span class='ocrx_word' id='word_1_216' title='bbox 2729 1481 2875 1533; x_wconf 83' lang='lat' dir='ltr'><strong>talem</strong></span> <span class='ocrx_word' id='word_1_217' title='bbox 2899 1495 3126 1548; x_wconf 77' lang='lat' dir='ltr'><strong>genuere</strong></span> <span class='ocrx_word' id='word_1_218' title='bbox 3149 1491 3382 1549; x_wconf 86' lang='lat' dir='ltr'><strong>parentes</strong></span> <span class='ocrx_word' id='word_1_219' title='bbox 3405 1488 3463 1534; x_wconf 56' lang='grc' dir='ltr'><strong>’.ί</strong></span> 
     </span>
    </p>
   </div>
   <div class='ocr_carea' id='block_1_29' title="bbox 2103 1578 3674 1663">
    <p class='ocr_par' dir='ltr' id='par_1_29' title="bbox 2103 1578 3674 1663">
     <span class='ocr_line' id='line_1_29' title="bbox 2103 1578 3674 1663; baseline 0.008 -32"><span class='ocrx_word' id='word_1_220' title='bbox 2103 1578 2355 1634; x_wconf 88' lang='lat' dir='ltr'><strong>Adverbii</strong></span> <span class='ocrx_word' id='word_1_221' title='bbox 2386 1596 2599 1650; x_wconf 88' lang='lat' dir='ltr'><strong>quoque</strong></span> <span class='ocrx_word' id='word_1_222' title='bbox 2625 1583 2776 1638; x_wconf 79' lang='lat' dir='ltr'><strong>valde</strong></span> <span class='ocrx_word' id='word_1_223' title='bbox 2801 1585 2910 1639; x_wconf 91' lang='lat' dir='ltr'><strong>vim</strong></span> <span class='ocrx_word' id='word_1_224' title='bbox 2937 1587 3146 1641; x_wconf 86' lang='lat' dir='ltr'><strong>obtinet</strong></span> <span class='ocrx_word' id='word_1_225' title='bbox 3198 1586 3349 1660; x_wconf 81' lang='lat' dir='ltr'><strong>[Ms.,</strong></span> <span class='ocrx_word' id='word_1_226' title='bbox 3387 1589 3674 1663; x_wconf 90' lang='lat' dir='ltr'><strong>continet].</strong></span> 
     </span>
    </p>
   </div>
   <div class='ocr_carea' id='block_1_30' title="bbox 2106 1671 3680 1747">
    <p class='ocr_par' dir='ltr' id='par_1_30' title="bbox 2106 1671 3680 1747">
     <span class='ocr_line' id='line_1_30' title="bbox 2106 1671 3680 1747; baseline 0.011 -23"><span class='ocrx_word' id='word_1_227' title='bbox 2106 1671 2424 1728; x_wconf 85' lang='lat' dir='ltr'><strong>Terentius:</strong></span> <span class='ocrx_word' id='word_1_228' title='bbox 2455 1674 2718 1730; x_wconf 87' lang='lat' dir='ltr'><strong>Perscitus</strong></span> <span class='ocrx_word' id='word_1_229' title='bbox 2735 1695 2883 1747; x_wconf 88' lang='lat' dir='ltr'><strong>puer,</strong></span> <span class='ocrx_word' id='word_1_230' title='bbox 2910 1679 2964 1734; x_wconf 91' lang='lat' dir='ltr'><strong>id</strong></span> <span class='ocrx_word' id='word_1_231' title='bbox 2985 1689 3084 1746; x_wconf 90' lang='lat' dir='ltr'><strong>est,</strong></span> <span class='ocrx_word' id='word_1_232' title='bbox 3116 1680 3270 1736; x_wconf 88' lang='lat' dir='ltr'><strong>valde</strong></span> <span class='ocrx_word' id='word_1_233' title='bbox 3293 1683 3478 1739; x_wconf 88' lang='lat' dir='ltr'><strong>scitus.</strong></span> <span class='ocrx_word' id='word_1_234' title='bbox 3502 1684 3680 1741; x_wconf 83' lang='lat' dir='ltr'><strong>Abne-</strong></span> 
     </span>
    </p>
   </div>
   <div class='ocr_carea' id='block_1_31' title="bbox 418 1763 3678 1874">
    <p class='ocr_par' dir='ltr' id='par_1_31' title="bbox 418 1763 3678 1874">
     <span class='ocr_line' id='line_1_31' title="bbox 418 1763 3678 1874; baseline 0.006 -21"><span class='ocrx_word' id='word_1_235' title='bbox 418 1763 694 1867; x_wconf 64' lang='lat' dir='ltr'><strong>;;,&quot;;e;&#39;an</strong></span> <span class='ocrx_word' id='word_1_236' title='bbox 724 1763 872 1874; x_wconf 53' lang='lat' dir='ltr'><strong>fas,</strong></span> <span class='ocrx_word' id='word_1_237' title='bbox 1066 1802 1198 1855; x_wconf 53' lang='lat' dir='ltr'><strong>sua</strong></span> <span class='ocrx_word' id='word_1_238' title='bbox 1228 1763 1365 1870; x_wconf 73' lang='lat' dir='ltr'><strong>pene</strong></span> <span class='ocrx_word' id='word_1_239' title='bbox 1392 1814 1582 1854; x_wconf 90' lang='lat' dir='ltr'><strong>omnes</strong></span> <span class='ocrx_word' id='word_1_240' title='bbox 1610 1806 2006 1865; x_wconf 66' lang='grc' dir='ltr'><strong>ροηιροηυηιυτ</strong></span> <span class='ocrx_word' id='word_1_241' title='bbox 2031 1775 2081 1836; x_wconf 80' lang='lat' dir='ltr'><strong>B</strong></span> <span class='ocrx_word' id='word_1_242' title='bbox 2105 1773 2375 1874; x_wconf 55' lang='grc' dir='ltr'><strong>ετξξιξξιῖτη</strong></span> <span class='ocrx_word' id='word_1_243' title='bbox 2425 1781 2653 1874; x_wconf 51' lang='lat'><strong>290:1“?</strong></span> <span class='ocrx_word' id='word_1_244' title='bbox 2701 1770 2968 1874; x_wconf 60' lang='grc' dir='ltr'><strong>ειεηιέξεειι</strong></span> <span class='ocrx_word' id='word_1_245' title='bbox 3028 1791 3083 1874; x_wconf 60' lang='grc' dir='ltr'><strong>ιει</strong></span> <span class='ocrx_word' id='word_1_246' title='bbox 3142 1777 3550 1846; x_wconf 71' lang='grc' dir='ltr'><strong>οοηιροείιίοηθν</strong></span> <span class='ocrx_word' id='word_1_247' title='bbox 3597 1786 3678 1874; x_wconf 67' lang='grc' dir='ltr'><strong>ξιιν</strong></span> 
     </span>
    </p>
   </div>
   <div class='ocr_carea' id='block_1_32' title="bbox 415 1887 2003 1966">
    <p class='ocr_par' dir='ltr' id='par_1_32' title="bbox 415 1887 2003 1966">
     <span class='ocr_line' id='line_1_32' title="bbox 415 1887 2003 1966; baseline -0.006 -17"><span class='ocrx_word' id='word_1_248' title='bbox 415 1902 474 1949; x_wconf 86' lang='lat' dir='ltr'><strong>et</strong></span> <span class='ocrx_word' id='word_1_249' title='bbox 495 1903 836 1966; x_wconf 85' lang='lat' dir='ltr'><strong>separantur.</strong></span> <span class='ocrx_word' id='word_1_250' title='bbox 867 1894 935 1948; x_wconf 87' lang='lat' dir='ltr'><strong>Et</strong></span> <span class='ocrx_word' id='word_1_251' title='bbox 963 1895 1081 1948; x_wconf 69' lang='lat' dir='ltr'><strong>alim</strong></span> <span class='ocrx_word' id='word_1_252' title='bbox 1109 1901 1374 1962; x_wconf 71' lang='lat' dir='ltr'><strong>suntquae</strong></span> <span class='ocrx_word' id='word_1_253' title='bbox 1403 1893 1459 1945; x_wconf 90' lang='lat' dir='ltr'><strong>in</strong></span> <span class='ocrx_word' id='word_1_254' title='bbox 1488 1888 1872 1959; x_wconf 89' lang='lat' dir='ltr'><strong>compositione</strong></span> <span class='ocrx_word' id='word_1_255' title='bbox 1893 1887 2003 1942; x_wconf 90' lang='lat' dir='ltr'><strong>col-</strong></span> 
     </span>
    </p>
   </div>
   <div class='ocr_carea' id='block_1_33' title="bbox 418 1985 2000 2058">
    <p class='ocr_par' dir='ltr' id='par_1_33' title="bbox 418 1985 2000 2058">
     <span class='ocr_line' id='line_1_33' title="bbox 418 1985 2000 2058; baseline -0.003 -18"><span class='ocrx_word' id='word_1_256' title='bbox 418 1985 667 2042; x_wconf 88' lang='lat' dir='ltr'><strong>lisionem</strong></span> <span class='ocrx_word' id='word_1_257' title='bbox 699 1988 979 2058; x_wconf 89' lang='lat' dir='ltr'><strong>patiuntur</strong></span> <span class='ocrx_word' id='word_1_258' title='bbox 1011 2005 1041 2041; x_wconf 89' lang='lat' dir='ltr'><strong>a</strong></span> <span class='ocrx_word' id='word_1_259' title='bbox 1068 1987 1422 2056; x_wconf 88' lang='lat' dir='ltr'><strong>consequenti</strong></span> <span class='ocrx_word' id='word_1_260' title='bbox 1470 1985 1665 2049; x_wconf 88' lang='lat' dir='ltr'><strong>vocali,</strong></span> <span class='ocrx_word' id='word_1_261' title='bbox 1691 1993 1770 2047; x_wconf 89' lang='lat' dir='ltr'><strong>ut,</strong></span> <span class='ocrx_word' id='word_1_262' title='bbox 1817 2000 2000 2052; x_wconf 86' lang='lat' dir='ltr'><strong>coago,</strong></span> 
     </span>
    </p>
   </div>
   <div class='ocr_carea' id='block_1_34' title="bbox 417 2080 1999 2149">
    <p class='ocr_par' dir='ltr' id='par_1_34' title="bbox 417 2080 1999 2149">
     <span class='ocr_line' id='line_1_34' title="bbox 417 2080 1999 2149; baseline 0 -19"><span class='ocrx_word' id='word_1_263' title='bbox 417 2095 670 2148; x_wconf 81' lang='lat' dir='ltr'><strong>coargue,</strong></span> <span class='ocrx_word' id='word_1_264' title='bbox 693 2088 896 2145; x_wconf 90' lang='lat' dir='ltr'><strong>coarto,</strong></span> <span class='ocrx_word' id='word_1_265' title='bbox 929 2097 1158 2149; x_wconf 75' lang='lat' dir='ltr'><strong>coa&#39;quo.</strong></span> <span class='ocrx_word' id='word_1_266' title='bbox 1190 2080 1322 2132; x_wconf 62' lang='lat' dir='ltr'><strong>Aliae</strong></span> <span class='ocrx_word' id='word_1_267' title='bbox 1355 2086 1480 2132; x_wconf 89' lang='lat' dir='ltr'><strong>sunt</strong></span> <span class='ocrx_word' id='word_1_268' title='bbox 1527 2091 1646 2144; x_wconf 61' lang='lat' dir='ltr'><strong>quae</strong></span> <span class='ocrx_word' id='word_1_269' title='bbox 1699 2089 1999 2130; x_wconf 90' lang='lat' dir='ltr'><strong>consonan-</strong></span> 
     </span>
    </p>
   </div>
   <div class='ocr_carea' id='block_1_35' title="bbox 416 2164 2003 2233">
    <p class='ocr_par' dir='ltr' id='par_1_35' title="bbox 416 2164 2003 2233">
     <span class='ocr_line' id='line_1_35' title="bbox 416 2164 2003 2233; baseline 0.001 -16"><span class='ocrx_word' id='word_1_270' title='bbox 416 2171 527 2219; x_wconf 88' lang='lat' dir='ltr'><strong>tem</strong></span> <span class='ocrx_word' id='word_1_271' title='bbox 552 2164 585 2216; x_wconf 88' lang='lat' dir='ltr'><strong>d</strong></span> <span class='ocrx_word' id='word_1_272' title='bbox 611 2179 709 2233; x_wconf 91' lang='lat' dir='ltr'><strong>pro</strong></span> <span class='ocrx_word' id='word_1_273' title='bbox 739 2169 987 2233; x_wconf 85' lang='lat' dir='ltr'><strong>sequenti</strong></span> <span class='ocrx_word' id='word_1_274' title='bbox 1006 2169 1176 2220; x_wconf 79' lang='lat' dir='ltr'><strong>vocali</strong></span> <span class='ocrx_word' id='word_1_275' title='bbox 1200 2173 1502 2230; x_wconf 88' lang='lat' dir='ltr'><strong>assumunt,</strong></span> <span class='ocrx_word' id='word_1_276' title='bbox 1521 2175 1605 2231; x_wconf 92' lang='lat' dir='ltr'><strong>ut,</strong></span> <span class='ocrx_word' id='word_1_277' title='bbox 1622 2183 1753 2228; x_wconf 91' lang='lat' dir='ltr'><strong>emo,</strong></span> <span class='ocrx_word' id='word_1_278' title='bbox 1779 2166 2003 2231; x_wconf 85' lang='lat' dir='ltr'><strong>redimo;</strong></span> 
     </span>
    </p>
   </div>
   <div class='ocr_carea' id='block_1_36' title="bbox 421 2254 2002 2326">
    <p class='ocr_par' dir='ltr' id='par_1_36' title="bbox 421 2254 2002 2326">
     <span class='ocr_line' id='line_1_36' title="bbox 421 2254 2002 2326; baseline -0.001 -17"><span class='ocrx_word' id='word_1_279' title='bbox 421 2271 540 2324; x_wconf 88' lang='lat' dir='ltr'><strong>ago,</strong></span> <span class='ocrx_word' id='word_1_280' title='bbox 576 2254 786 2325; x_wconf 79' lang='lat' dir='ltr'><strong>redigo;</strong></span> <span class='ocrx_word' id='word_1_281' title='bbox 816 2256 1025 2325; x_wconf 89' lang='lat' dir='ltr'><strong>prodes,</strong></span> <span class='ocrx_word' id='word_1_282' title='bbox 1059 2257 1288 2325; x_wconf 86' lang='lat' dir='ltr'><strong>prodest.</strong></span> <span class='ocrx_word' id='word_1_283' title='bbox 1315 2255 1569 2323; x_wconf 71' lang='lat' dir='ltr'><strong>Qumdam</strong></span> <span class='ocrx_word' id='word_1_284' title='bbox 1599 2270 1886 2326; x_wconf 81' lang='lat' dir='ltr'><strong>syncopam</strong></span> <span class='ocrx_word' id='word_1_285' title='bbox 1909 2270 2002 2324; x_wconf 86' lang='lat' dir='ltr'><strong>pa-</strong></span> 
     </span>
    </p>
   </div>
   <div class='ocr_carea' id='block_1_37' title="bbox 415 2345 2000 2416">
    <p class='ocr_par' dir='ltr' id='par_1_37' title="bbox 415 2345 2000 2416">
     <span class='ocr_line' id='line_1_37' title="bbox 415 2345 2000 2416; baseline -0.001 -16"><span class='ocrx_word' id='word_1_286' title='bbox 415 2345 650 2409; x_wconf 89' lang='lat' dir='ltr'><strong>tiuntur,</strong></span> <span class='ocrx_word' id='word_1_287' title='bbox 683 2353 762 2412; x_wconf 90' lang='lat' dir='ltr'><strong>ut,</strong></span> <span class='ocrx_word' id='word_1_288' title='bbox 793 2363 953 2416; x_wconf 83' lang='lat' dir='ltr'><strong>supra</strong></span> <span class='ocrx_word' id='word_1_289' title='bbox 975 2362 1073 2416; x_wconf 92' lang='lat' dir='ltr'><strong>pro</strong></span> <span class='ocrx_word' id='word_1_290' title='bbox 1096 2361 1310 2416; x_wconf 89' lang='lat' dir='ltr'><strong>supera,</strong></span> <span class='ocrx_word' id='word_1_291' title='bbox 1344 2355 1491 2400; x_wconf 76' lang='lat' dir='ltr'><strong>extra</strong></span> <span class='ocrx_word' id='word_1_292' title='bbox 1510 2361 1610 2416; x_wconf 91' lang='lat' dir='ltr'><strong>pro</strong></span> <span class='ocrx_word' id='word_1_293' title='bbox 1627 2353 1836 2410; x_wconf 76' lang='lat' dir='ltr'><strong>extera,</strong></span> <span class='ocrx_word' id='word_1_294' title='bbox 1859 2346 2000 2414; x_wconf 80' lang='lat' dir='ltr'><strong>infra</strong></span> 
     </span>
    </p>
   </div>
   <div class='ocr_carea' id='block_1_38' title="bbox 418 2440 2001 2512">
    <p class='ocr_par' dir='ltr' id='par_1_38' title="bbox 418 2440 2001 2512">
     <span class='ocr_line' id='line_1_38' title="bbox 418 2440 2001 2512; baseline 0.002 -18"><span class='ocrx_word' id='word_1_295' title='bbox 418 2454 520 2510; x_wconf 90' lang='lat' dir='ltr'><strong>pro</strong></span> <span class='ocrx_word' id='word_1_296' title='bbox 546 2440 741 2496; x_wconf 81' lang='lat' dir='ltr'><strong>infera.</strong></span> <span class='ocrx_word' id='word_1_297' title='bbox 769 2440 876 2496; x_wconf 90' lang='lat' dir='ltr'><strong>Sed</strong></span> <span class='ocrx_word' id='word_1_298' title='bbox 919 2450 974 2496; x_wconf 90' lang='lat' dir='ltr'><strong>et</strong></span> <span class='ocrx_word' id='word_1_299' title='bbox 1011 2441 1240 2497; x_wconf 89' lang='lat' dir='ltr'><strong>diversis</strong></span> <span class='ocrx_word' id='word_1_300' title='bbox 1271 2442 1444 2496; x_wconf 89' lang='lat' dir='ltr'><strong>modis</strong></span> <span class='ocrx_word' id='word_1_301' title='bbox 1490 2441 1898 2512; x_wconf 67' lang='lat' dir='ltr'><strong>praepositiones</strong></span> <span class='ocrx_word' id='word_1_302' title='bbox 1946 2442 2001 2497; x_wconf 91' lang='lat' dir='ltr'><strong>in</strong></span> 
     </span>
    </p>
   </div>
   <div class='ocr_carea' id='block_1_39' title="bbox 420 2531 2000 2602">
    <p class='ocr_par' dir='ltr' id='par_1_39' title="bbox 420 2531 2000 2602">
     <span class='ocr_line' id='line_1_39' title="bbox 420 2531 2000 2602; baseline 0.003 -18"><span class='ocrx_word' id='word_1_303' title='bbox 420 2531 903 2602; x_wconf 86' lang='lat' dir='ltr'><strong>compositionibus</strong></span> <span class='ocrx_word' id='word_1_304' title='bbox 933 2531 1068 2586; x_wconf 88' lang='lat' dir='ltr'><strong>alias</strong></span> <span class='ocrx_word' id='word_1_305' title='bbox 1101 2539 1287 2601; x_wconf 90' lang='lat' dir='ltr'><strong>partes</strong></span> <span class='ocrx_word' id='word_1_306' title='bbox 1335 2541 1708 2602; x_wconf 89' lang='lat' dir='ltr'><strong>corrumpunt,</strong></span> <span class='ocrx_word' id='word_1_307' title='bbox 1767 2541 1822 2587; x_wconf 89' lang='lat' dir='ltr'><strong>et</strong></span> <span class='ocrx_word' id='word_1_308' title='bbox 1871 2533 2000 2602; x_wconf 83' lang='lat' dir='ltr'><strong>ipsae</strong></span> 
     </span>
    </p>
   </div>
   <div class='ocr_carea' id='block_1_40' title="bbox 418 2623 2001 2695">
    <p class='ocr_par' dir='ltr' id='par_1_40' title="bbox 418 2623 2001 2695">
     <span class='ocr_line' id='line_1_40' title="bbox 418 2623 2001 2695; baseline 0.004 -21"><span class='ocrx_word' id='word_1_309' title='bbox 418 2630 862 2692; x_wconf 87' lang='lat' dir='ltr'><strong>corrumpuntur,</strong></span> <span class='ocrx_word' id='word_1_310' title='bbox 889 2623 1033 2691; x_wconf 92' lang='lat' dir='ltr'><strong>quod</strong></span> <span class='ocrx_word' id='word_1_311' title='bbox 1054 2623 1248 2678; x_wconf 63' lang='lat' dir='ltr'><strong>saeuius</strong></span> <span class='ocrx_word' id='word_1_312' title='bbox 1275 2630 1381 2680; x_wconf 91' lang='lat' dir='ltr'><strong>est.</strong></span> <span class='ocrx_word' id='word_1_313' title='bbox 1426 2639 1590 2681; x_wconf 84' lang='lat' dir='ltr'><strong>uuam</strong></span> <span class='ocrx_word' id='word_1_314' title='bbox 1616 2624 1891 2695; x_wconf 76' lang='lat' dir='ltr'><strong>exemplis</strong></span> <span class='ocrx_word' id='word_1_315' title='bbox 1919 2625 2001 2680; x_wconf 91' lang='lat' dir='ltr'><strong>in-</strong></span> 
     </span>
    </p>
   </div>
   <div class='ocr_carea' id='block_1_41' title="bbox 423 2709 623 2781">
    <p class='ocr_par' dir='ltr' id='par_1_41' title="bbox 423 2709 623 2781">
     <span class='ocr_line' id='line_1_41' title="bbox 423 2709 623 2781; baseline -0.005 -15"><span class='ocrx_word' id='word_1_316' title='bbox 423 2709 623 2781; x_wconf 89' lang='lat' dir='ltr'><strong>digeat.</strong></span> 
     </span>
    </p>
   </div>
   <div class='ocr_carea' id='block_1_42' title="bbox 485 2802 2000 2882">
    <p class='ocr_par' dir='ltr' id='par_1_42' title="bbox 485 2802 2000 2882">
     <span class='ocr_line' id='line_1_42' title="bbox 485 2802 2000 2882; baseline 0.006 -26"><span class='ocrx_word' id='word_1_317' title='bbox 485 2802 584 2857; x_wconf 80' lang='lat' dir='ltr'><strong>Fn.</strong></span> <span class='ocrx_word' id='word_1_318' title='bbox 621 2803 924 2861; x_wconf 90' lang='lat' dir='ltr'><strong>Possuntne</strong></span> <span class='ocrx_word' id='word_1_319' title='bbox 945 2807 1353 2877; x_wconf 82' lang='lat' dir='ltr'><strong>praepositiones</strong></span> <span class='ocrx_word' id='word_1_320' title='bbox 1379 2808 1436 2864; x_wconf 90' lang='lat' dir='ltr'><strong>in</strong></span> <span class='ocrx_word' id='word_1_321' title='bbox 1463 2808 1600 2865; x_wconf 87' lang='lat' dir='ltr'><strong>alias</strong></span> <span class='ocrx_word' id='word_1_322' title='bbox 1621 2808 1856 2865; x_wconf 89' lang='lat' dir='ltr'><strong>transire</strong></span> <span class='ocrx_word' id='word_1_323' title='bbox 1876 2825 2000 2882; x_wconf 87' lang='lat' dir='ltr'><strong>par-</strong></span> 
     </span>
    </p>
   </div>
   <div class='ocr_carea' id='block_1_43' title="bbox 411 2896 1116 2955">
    <p class='ocr_par' dir='ltr' id='par_1_43' title="bbox 411 2896 1116 2955">
     <span class='ocr_line' id='line_1_43' title="bbox 411 2896 1116 2955; baseline 0.004 -3"><span class='ocrx_word' id='word_1_324' title='bbox 411 2897 532 2952; x_wconf 80' lang='lat' dir='ltr'><strong>tes?</strong></span> <span class='ocrx_word' id='word_1_325' title='bbox 559 2928 630 2936; x_wconf 95' lang='lat'><strong>—</strong></span> <span class='ocrx_word' id='word_1_326' title='bbox 659 2896 824 2953; x_wconf 65' lang='lat' dir='ltr'><strong>Saxo.</strong></span> <span class='ocrx_word' id='word_1_327' title='bbox 860 2899 1116 2955; x_wconf 89' lang='lat' dir='ltr'><strong>Possunt.</strong></span> 
     </span>
    </p>
   </div>
   <div class='ocr_carea' id='block_1_44' title="bbox 483 2987 1995 3068">
    <p class='ocr_par' dir='ltr' id='par_1_44' title="bbox 483 2987 1995 3068">
     <span class='ocr_line' id='line_1_44' title="bbox 483 2987 1995 3068; baseline 0.009 -28"><span class='ocrx_word' id='word_1_328' title='bbox 483 2987 582 3041; x_wconf 82' lang='lat' dir='ltr'><strong>Fn.</strong></span> <span class='ocrx_word' id='word_1_329' title='bbox 614 2988 690 3042; x_wconf 91' lang='lat' dir='ltr'><strong>Da</strong></span> <span class='ocrx_word' id='word_1_330' title='bbox 720 2992 984 3061; x_wconf 78' lang='lat' dir='ltr'><strong>exempla.</strong></span> <span class='ocrx_word' id='word_1_331' title='bbox 1013 3023 1084 3032; x_wconf 88' lang='lat'><strong>—-</strong></span> <span class='ocrx_word' id='word_1_332' title='bbox 1115 2993 1279 3048; x_wconf 74' lang='lat' dir='ltr'><strong>Suo.</strong></span> <span class='ocrx_word' id='word_1_333' title='bbox 1326 2993 1476 3062; x_wconf 88' lang='lat' dir='ltr'><strong>Post,</strong></span> <span class='ocrx_word' id='word_1_334' title='bbox 1537 2997 1852 3068; x_wconf 65' lang='lat' dir='ltr'><strong>praepositio</strong></span> <span class='ocrx_word' id='word_1_335' title='bbox 1891 3005 1995 3055; x_wconf 88' lang='lat' dir='ltr'><strong>est.</strong></span> 
     </span>
    </p>
   </div>
   <div class='ocr_carea' id='block_1_45' title="bbox 414 3076 1230 3157">
    <p class='ocr_par' dir='ltr' id='par_1_45' title="bbox 414 3076 1230 3157">
     <span class='ocr_line' id='line_1_45' title="bbox 414 3076 1230 3157; baseline 0.011 -26"><span class='ocrx_word' id='word_1_336' title='bbox 414 3076 672 3150; x_wconf 77' lang='lat' dir='ltr'><strong>Virgilius</strong></span> <span class='ocrx_word' id='word_1_337' title='bbox 697 3079 908 3153; x_wconf 84' lang='lat' dir='ltr'><strong>(Georg.</strong></span> <span class='ocrx_word' id='word_1_338' title='bbox 942 3099 1026 3149; x_wconf 83' lang='lat' dir='ltr'>III,</span> <span class='ocrx_word' id='word_1_339' title='bbox 1054 3085 1180 3157; x_wconf 75' lang='grc'>215)</span> <span class='ocrx_word' id='word_1_340' title='bbox 1214 3102 1230 3140; x_wconf 88' lang='lat'><strong>:</strong></span> 
     </span>
    </p>
   </div>
   <div class='ocr_carea' id='block_1_46' title="bbox 601 3188 1290 3258">
    <p class='ocr_par' dir='ltr' id='par_1_46' title="bbox 601 3188 1290 3258">
     <span class='ocr_line' id='line_1_46' title="bbox 601 3188 1290 3258; baseline 0.009 -20"><span class='ocrx_word' id='word_1_341' title='bbox 601 3188 718 3239; x_wconf 81' lang='lat' dir='ltr'><strong>Post</strong></span> <span class='ocrx_word' id='word_1_342' title='bbox 739 3199 958 3242; x_wconf 89' lang='lat' dir='ltr'><strong>montem</strong></span> <span class='ocrx_word' id='word_1_343' title='bbox 977 3195 1252 3256; x_wconf 87' lang='lat' dir='ltr'><strong>oppositum</strong></span> <span class='ocrx_word' id='word_1_344' title='bbox 1275 3209 1290 3258; x_wconf 93' lang='lat'><strong>;</strong></span> 
     </span>
    </p>
   </div>
   <div class='ocr_carea' id='block_1_47' title="bbox 413 3271 1681 3354">
    <p class='ocr_par' dir='ltr' id='par_1_47' title="bbox 413 3271 1681 3354">
     <span class='ocr_line' id='line_1_47' title="bbox 413 3271 1681 3354; baseline 0.012 -32"><span class='ocrx_word' id='word_1_345' title='bbox 413 3271 608 3324; x_wconf 88' lang='lat' dir='ltr'><strong>transit</strong></span> <span class='ocrx_word' id='word_1_346' title='bbox 640 3272 695 3325; x_wconf 92' lang='lat' dir='ltr'><strong>in</strong></span> <span class='ocrx_word' id='word_1_347' title='bbox 723 3274 1056 3332; x_wconf 88' lang='lat' dir='ltr'><strong>adverbium.</strong></span> <span class='ocrx_word' id='word_1_348' title='bbox 1083 3277 1226 3332; x_wconf 91' lang='lat' dir='ltr'><strong>Idem</strong></span> <span class='ocrx_word' id='word_1_349' title='bbox 1259 3278 1415 3351; x_wconf 70' lang='lat' dir='ltr'><strong>(/En.</strong></span> <span class='ocrx_word' id='word_1_350' title='bbox 1447 3295 1487 3347; x_wconf 83' lang='grc' dir='ltr'><strong>ι,</strong></span> <span class='ocrx_word' id='word_1_351' title='bbox 1518 3281 1681 3354; x_wconf 72' lang='grc' dir='ltr'>140)ε</span> 
     </span>
    </p>
   </div>
   <div class='ocr_carea' id='block_1_48' title="bbox 540 3381 1722 3452">
    <p class='ocr_par' dir='ltr' id='par_1_48' title="bbox 540 3381 1722 3452">
     <span class='ocr_line' id='line_1_48' title="bbox 540 3381 1722 3452; baseline 0.012 -20"><span class='ocrx_word' id='word_1_352' title='bbox 540 3381 660 3434; x_wconf 87' lang='lat' dir='ltr'><strong>Post</strong></span> <span class='ocrx_word' id='word_1_353' title='bbox 681 3385 800 3434; x_wconf 87' lang='lat' dir='ltr'><strong>mihi</strong></span> <span class='ocrx_word' id='word_1_354' title='bbox 821 3399 917 3435; x_wconf 87' lang='lat' dir='ltr'><strong>non</strong></span> <span class='ocrx_word' id='word_1_355' title='bbox 940 3387 1086 3438; x_wconf 80' lang='lat' dir='ltr'><strong>simili</strong></span> <span class='ocrx_word' id='word_1_356' title='bbox 1112 3403 1254 3452; x_wconf 70' lang='lat' dir='ltr'><strong>paena</strong></span> <span class='ocrx_word' id='word_1_357' title='bbox 1284 3394 1538 3443; x_wconf 80' lang='lat' dir='ltr'><strong>commissa</strong></span> <span class='ocrx_word' id='word_1_358' title='bbox 1557 3393 1722 3445; x_wconf 86' lang='lat' dir='ltr'><strong>luetis.</strong></span> 
     </span>
    </p>
   </div>
   <div class='ocr_carea' id='block_1_49' title="bbox 412 3483 1608 3566">
    <p class='ocr_par' dir='ltr' id='par_1_49' title="bbox 412 3483 1608 3566">
     <span class='ocr_line' id='line_1_49' title="bbox 412 3483 1608 3566; baseline 0.011 -28"><span class='ocrx_word' id='word_1_359' title='bbox 412 3483 546 3540; x_wconf 84' lang='lat' dir='ltr'><strong>Ante</strong></span> <span class='ocrx_word' id='word_1_360' title='bbox 586 3489 914 3557; x_wconf 62' lang='lat' dir='ltr'><strong>praepositio.</strong></span> <span class='ocrx_word' id='word_1_361' title='bbox 947 3491 1096 3562; x_wconf 80' lang='lat' dir='ltr'><strong>Virg.</strong></span> <span class='ocrx_word' id='word_1_362' title='bbox 1121 3491 1332 3565; x_wconf 84' lang='lat' dir='ltr'><strong>(Georg.</strong></span> <span class='ocrx_word' id='word_1_363' title='bbox 1363 3512 1405 3561; x_wconf 85' lang='grc' dir='ltr'><strong>ι,</strong></span> <span class='ocrx_word' id='word_1_364' title='bbox 1441 3495 1566 3566; x_wconf 78' lang='grc'>125)</span> <span class='ocrx_word' id='word_1_365' title='bbox 1595 3515 1608 3551; x_wconf 91' lang='lat'>:</span> 
     </span>
    </p>
   </div>
   <div class='ocr_carea' id='block_1_50' title="bbox 537 3597 1661 3672">
    <p class='ocr_par' dir='ltr' id='par_1_50' title="bbox 537 3597 1661 3672">
     <span class='ocr_line' id='line_1_50' title="bbox 537 3597 1661 3672; baseline 0.01 -24"><span class='ocrx_word' id='word_1_366' title='bbox 537 3597 670 3648; x_wconf 77' lang='lat' dir='ltr'><strong>Ante</strong></span> <span class='ocrx_word' id='word_1_367' title='bbox 695 3600 865 3651; x_wconf 85' lang='lat' dir='ltr'><strong>Jovem</strong></span> <span class='ocrx_word' id='word_1_368' title='bbox 890 3602 1008 3651; x_wconf 89' lang='lat' dir='ltr'><strong>nulli</strong></span> <span class='ocrx_word' id='word_1_369' title='bbox 1031 3605 1323 3668; x_wconf 79' lang='lat' dir='ltr'><strong>subigebant</strong></span> <span class='ocrx_word' id='word_1_370' title='bbox 1343 3621 1455 3658; x_wconf 84' lang='lat' dir='ltr'><strong>arva</strong></span> <span class='ocrx_word' id='word_1_371' title='bbox 1476 3608 1661 3672; x_wconf 88' lang='lat' dir='ltr'><strong>coloni;</strong></span> 
     </span>
    </p>
   </div>
   <div class='ocr_carea' id='block_1_51' title="bbox 413 3698 1092 3757">
    <p class='ocr_par' dir='ltr' id='par_1_51' title="bbox 413 3698 1092 3757">
     <span class='ocr_line' id='line_1_51' title="bbox 413 3698 1092 3757; baseline 0.009 -6"><span class='ocrx_word' id='word_1_372' title='bbox 413 3698 613 3752; x_wconf 87' lang='lat' dir='ltr'><strong>transit</strong></span> <span class='ocrx_word' id='word_1_373' title='bbox 647 3698 701 3753; x_wconf 92' lang='lat' dir='ltr'><strong>in</strong></span> <span class='ocrx_word' id='word_1_374' title='bbox 732 3700 1047 3757; x_wconf 85' lang='lat' dir='ltr'><strong>adverbium</strong></span> <span class='ocrx_word' id='word_1_375' title='bbox 1078 3719 1092 3756; x_wconf 89' lang='lat'><strong>:</strong></span> 
     </span>
    </p>
   </div>
   <div class='ocr_carea' id='block_1_52' title="bbox 535 3812 1776 3878">
    <p class='ocr_par' dir='ltr' id='par_1_52' title="bbox 535 3812 1776 3878">
     <span class='ocr_line' id='line_1_52' title="bbox 535 3812 1776 3878; baseline 0.015 -18"><span class='ocrx_word' id='word_1_376' title='bbox 535 3812 686 3872; x_wconf 74' lang='lat' dir='ltr'><strong>Ante,</strong></span> <span class='ocrx_word' id='word_1_377' title='bbox 713 3818 767 3862; x_wconf 90' lang='lat' dir='ltr'><strong>et</strong></span> <span class='ocrx_word' id='word_1_378' title='bbox 795 3812 1044 3866; x_wconf 87' lang='lat' dir='ltr'><strong>Trlnacria</strong></span> <span class='ocrx_word' id='word_1_379' title='bbox 1069 3821 1332 3869; x_wconf 88' lang='lat' dir='ltr'><strong>tentandus</strong></span> <span class='ocrx_word' id='word_1_380' title='bbox 1356 3833 1524 3872; x_wconf 87' lang='lat' dir='ltr'><strong>remus</strong></span> <span class='ocrx_word' id='word_1_381' title='bbox 1547 3826 1595 3873; x_wconf 91' lang='lat' dir='ltr'><strong>in</strong></span> <span class='ocrx_word' id='word_1_382' title='bbox 1628 3825 1776 3878; x_wconf 86' lang='lat' dir='ltr'><strong>unda.</strong></span> 
     </span>
    </p>
   </div>
   <div class='ocr_carea' id='block_1_53' title="bbox 414 3890 1855 3970">
    <p class='ocr_par' dir='ltr' id='par_1_53' title="bbox 414 3890 1855 3970">
     <span class='ocr_line' id='line_1_53' title="bbox 414 3890 1855 3970; baseline 0.013 -24"><span class='ocrx_word' id='word_1_383' title='bbox 414 3890 508 3947; x_wconf 90' lang='lat' dir='ltr'><strong>Sic</strong></span> <span class='ocrx_word' id='word_1_384' title='bbox 537 3909 716 3964; x_wconf 84' lang='lat' dir='ltr'><strong>supra,</strong></span> <span class='ocrx_word' id='word_1_385' title='bbox 743 3905 944 3961; x_wconf 90' lang='lat' dir='ltr'><strong>contra,</strong></span> <span class='ocrx_word' id='word_1_386' title='bbox 975 3915 1154 3970; x_wconf 82' lang='lat' dir='ltr'><strong>prope,</strong></span> <span class='ocrx_word' id='word_1_387' title='bbox 1183 3909 1466 3961; x_wconf 88' lang='lat' dir='ltr'><strong>transeunt</strong></span> <span class='ocrx_word' id='word_1_388' title='bbox 1494 3907 1546 3959; x_wconf 92' lang='lat' dir='ltr'><strong>in</strong></span> <span class='ocrx_word' id='word_1_389' title='bbox 1578 3909 1855 3965; x_wconf 87' lang='lat' dir='ltr'><strong>adverbia.</strong></span> 
     </span>
    </p>
   </div>
   <div class='ocr_carea' id='block_1_54' title="bbox 489 3981 2000 4067">
    <p class='ocr_par' dir='ltr' id='par_1_54' title="bbox 489 3981 2000 4067">
     <span class='ocr_line' id='line_1_54' title="bbox 489 3981 2000 4067; baseline 0.013 -32"><span class='ocrx_word' id='word_1_390' title='bbox 489 3982 589 4036; x_wconf 79' lang='lat' dir='ltr'><strong>Fn.</strong></span> <span class='ocrx_word' id='word_1_391' title='bbox 632 3981 690 4038; x_wconf 85' lang='lat' dir='ltr'><strong>Si</strong></span> <span class='ocrx_word' id='word_1_392' title='bbox 719 3985 838 4041; x_wconf 75' lang='lat' dir='ltr'><strong>alia:</strong></span> <span class='ocrx_word' id='word_1_393' title='bbox 870 3995 1053 4056; x_wconf 86' lang='lat' dir='ltr'><strong>partes</strong></span> <span class='ocrx_word' id='word_1_394' title='bbox 1084 3989 1135 4043; x_wconf 92' lang='lat' dir='ltr'><strong>in</strong></span> <span class='ocrx_word' id='word_1_395' title='bbox 1182 3995 1590 4063; x_wconf 66' lang='lat' dir='ltr'><strong>praepositiones</strong></span> <span class='ocrx_word' id='word_1_396' title='bbox 1618 3997 1850 4053; x_wconf 87' lang='lat' dir='ltr'><strong>transire</strong></span> <span class='ocrx_word' id='word_1_397' title='bbox 1876 4012 2000 4067; x_wconf 86' lang='lat' dir='ltr'><strong>pos-</strong></span> 
     </span>
    </p>
   </div>
   <div class='ocr_carea' id='block_1_55' title="bbox 415 4071 2000 4157">
    <p class='ocr_par' dir='ltr' id='par_1_55' title="bbox 415 4071 2000 4157">
     <span class='ocr_line' id='line_1_55' title="bbox 415 4071 2000 4157; baseline 0.011 -31"><span class='ocrx_word' id='word_1_398' title='bbox 415 4071 816 4129; x_wconf 67' lang='lat' dir='ltr'><strong>sunt?—Saxo.</strong></span> <span class='ocrx_word' id='word_1_399' title='bbox 840 4076 1087 4134; x_wconf 87' lang='lat' dir='ltr'><strong>Possunt.</strong></span> <span class='ocrx_word' id='word_1_400' title='bbox 1113 4081 1249 4136; x_wconf 87' lang='lat' dir='ltr'><strong>Nam</strong></span> <span class='ocrx_word' id='word_1_401' title='bbox 1276 4085 1528 4140; x_wconf 89' lang='lat' dir='ltr'><strong>adverbia</strong></span> <span class='ocrx_word' id='word_1_402' title='bbox 1556 4101 1697 4157; x_wconf 84' lang='lat' dir='ltr'><strong>saepe</strong></span> <span class='ocrx_word' id='word_1_403' title='bbox 1717 4097 2000 4145; x_wconf 90' lang='lat' dir='ltr'><strong>transeunt</strong></span> 
     </span>
    </p>
   </div>
   <div class='ocr_carea' id='block_1_56' title="bbox 414 4162 1997 4244">
    <p class='ocr_par' dir='ltr' id='par_1_56' title="bbox 414 4162 1997 4244">
     <span class='ocr_line' id='line_1_56' title="bbox 414 4162 1997 4244; baseline 0.013 -27"><span class='ocrx_word' id='word_1_404' title='bbox 414 4162 471 4217; x_wconf 94' lang='lat' dir='ltr'><strong>in</strong></span> <span class='ocrx_word' id='word_1_405' title='bbox 517 4166 946 4236; x_wconf 73' lang='lat' dir='ltr'><strong>praepositiones,</strong></span> <span class='ocrx_word' id='word_1_406' title='bbox 997 4180 1058 4225; x_wconf 90' lang='lat' dir='ltr'><strong>ut</strong></span> <span class='ocrx_word' id='word_1_407' title='bbox 1100 4189 1113 4226; x_wconf 89' lang='lat'>:</span> <span class='ocrx_word' id='word_1_408' title='bbox 1164 4175 1332 4244; x_wconf 83' lang='lat' dir='ltr'><strong>pridie</strong></span> <span class='ocrx_word' id='word_1_409' title='bbox 1359 4175 1650 4232; x_wconf 83' lang='lat' dir='ltr'><strong>Kalendas.</strong></span> <span class='ocrx_word' id='word_1_410' title='bbox 1682 4178 1864 4234; x_wconf 83' lang='lat' dir='ltr'><strong>Pridie</strong></span> <span class='ocrx_word' id='word_1_411' title='bbox 1894 4181 1997 4236; x_wconf 89' lang='lat' dir='ltr'><strong>hoc</strong></span> 
     </span>
    </p>
   </div>
   <div class='ocr_carea' id='block_1_57' title="bbox 411 4252 1997 4339">
    <p class='ocr_par' dir='ltr' id='par_1_57' title="bbox 411 4252 1997 4339">
     <span class='ocr_line' id='line_1_57' title="bbox 411 4252 1997 4339; baseline 0.012 -31"><span class='ocrx_word' id='word_1_412' title='bbox 411 4252 532 4309; x_wconf 89' lang='lat' dir='ltr'><strong>loco</strong></span> <span class='ocrx_word' id='word_1_413' title='bbox 574 4258 886 4327; x_wconf 72' lang='lat' dir='ltr'><strong>prtepositio</strong></span> <span class='ocrx_word' id='word_1_414' title='bbox 927 4269 1028 4316; x_wconf 87' lang='lat' dir='ltr'><strong>est.</strong></span> <span class='ocrx_word' id='word_1_415' title='bbox 1092 4261 1395 4321; x_wconf 86' lang='lat' dir='ltr'><strong>Subtractae</strong></span> <span class='ocrx_word' id='word_1_416' title='bbox 1434 4284 1649 4339; x_wconf 88' lang='lat' dir='ltr'><strong>quoque</strong></span> <span class='ocrx_word' id='word_1_417' title='bbox 1687 4271 1997 4329; x_wconf 89' lang='lat' dir='ltr'><strong>nominibus</strong></span> 
     </span>
    </p>
   </div>
   <div class='ocr_carea' id='block_1_58' title="bbox 411 4345 1990 4433">
    <p class='ocr_par' dir='ltr' id='par_1_58' title="bbox 411 4345 1990 4433">
     <span class='ocr_line' id='line_1_58' title="bbox 411 4345 1990 4433; baseline 0.012 -36"><span class='ocrx_word' id='word_1_418' title='bbox 411 4345 738 4414; x_wconf 89' lang='lat' dir='ltr'><strong>quibusdam</strong></span> <span class='ocrx_word' id='word_1_419' title='bbox 769 4349 889 4405; x_wconf 91' lang='lat' dir='ltr'><strong>loco</strong></span> <span class='ocrx_word' id='word_1_420' title='bbox 916 4351 1295 4410; x_wconf 83' lang='lat' dir='ltr'><strong>adverbiorum</strong></span> <span class='ocrx_word' id='word_1_421' title='bbox 1325 4356 1529 4414; x_wconf 78' lang='lat' dir='ltr'><strong>faciunt</strong></span> <span class='ocrx_word' id='word_1_422' title='bbox 1550 4361 1764 4415; x_wconf 91' lang='lat' dir='ltr'><strong>nomina</strong></span> <span class='ocrx_word' id='word_1_423' title='bbox 1794 4363 1990 4433; x_wconf 87' lang='lat' dir='ltr'><strong>accipi,</strong></span> 
     </span>
    </p>
   </div>
   <div class='ocr_carea' id='block_1_59' title="bbox 411 4436 2072 4546">
    <p class='ocr_par' dir='ltr' id='par_1_59' title="bbox 411 4436 2072 4546">
     <span class='ocr_line' id='line_1_59' title="bbox 411 4436 2072 4546; baseline 0.014 -58"><span class='ocrx_word' id='word_1_424' title='bbox 411 4443 496 4501; x_wconf 89' lang='lat' dir='ltr'><strong>ut,</strong></span> <span class='ocrx_word' id='word_1_425' title='bbox 517 4436 671 4492; x_wconf 88' lang='lat' dir='ltr'><strong>domo</strong></span> <span class='ocrx_word' id='word_1_426' title='bbox 695 4440 861 4508; x_wconf 83' lang='lat' dir='ltr'><strong>venio,</strong></span> <span class='ocrx_word' id='word_1_427' title='bbox 891 4457 1010 4512; x_wconf 90' lang='lat' dir='ltr'><strong>pro,</strong></span> <span class='ocrx_word' id='word_1_428' title='bbox 1041 4460 1073 4498; x_wconf 90' lang='lat' dir='ltr'><strong>a</strong></span> <span class='ocrx_word' id='word_1_429' title='bbox 1097 4446 1278 4503; x_wconf 88' lang='lat' dir='ltr'><strong>domo.</strong></span> <span class='ocrx_word' id='word_1_430' title='bbox 1308 4448 1374 4503; x_wconf 87' lang='lat' dir='ltr'><strong>Et</strong></span> <span class='ocrx_word' id='word_1_431' title='bbox 1403 4468 1416 4504; x_wconf 91' lang='lat'>:</span> <span class='ocrx_word' id='word_1_432' title='bbox 1444 4450 1655 4506; x_wconf 89' lang='lat' dir='ltr'><strong>domum</strong></span> <span class='ocrx_word' id='word_1_433' title='bbox 1677 4470 1757 4520; x_wconf 88' lang='lat' dir='ltr'><strong>eo,</strong></span> <span class='ocrx_word' id='word_1_434' title='bbox 1782 4469 1898 4524; x_wconf 90' lang='lat' dir='ltr'><strong>pro,</strong></span> <span class='ocrx_word' id='word_1_435' title='bbox 1923 4455 1992 4510; x_wconf 85' lang='lat' dir='ltr'><strong>ad</strong></span> <span class='ocrx_word' id='word_1_436' title='bbox 2018 4483 2072 4546; x_wconf 70' lang='grc' dir='ltr'>Ι)</span> 
     </span>
    </p>
   </div>
   <div class='ocr_carea' id='block_1_60' title="bbox 411 4526 653 4584">
    <p class='ocr_par' dir='ltr' id='par_1_60' title="bbox 411 4526 653 4584">
     <span class='ocr_line' id='line_1_60' title="bbox 411 4526 653 4584; baseline 0.008 -2"><span class='ocrx_word' id='word_1_437' title='bbox 411 4526 653 4584; x_wconf 87' lang='lat' dir='ltr'><strong>domum.</strong></span> 
     </span>
    </p>
   </div>
   <div class='ocr_carea' id='block_1_61' title="bbox 481 4618 1994 4705">
    <p class='ocr_par' dir='ltr' id='par_1_61' title="bbox 481 4618 1994 4705">
     <span class='ocr_line' id='line_1_61' title="bbox 481 4618 1994 4705; baseline 0.016 -31"><span class='ocrx_word' id='word_1_438' title='bbox 481 4618 581 4675; x_wconf 81' lang='lat' dir='ltr'><strong>Fn.</strong></span> <span class='ocrx_word' id='word_1_439' title='bbox 625 4621 899 4694; x_wconf 72' lang='lat' dir='ltr'><strong>Separatze</strong></span> <span class='ocrx_word' id='word_1_440' title='bbox 936 4631 1345 4699; x_wconf 83' lang='lat' dir='ltr'><strong>praepositiones</strong></span> <span class='ocrx_word' id='word_1_441' title='bbox 1372 4635 1568 4704; x_wconf 88' lang='lat' dir='ltr'><strong>quibus</strong></span> <span class='ocrx_word' id='word_1_442' title='bbox 1611 4638 1828 4696; x_wconf 87' lang='lat' dir='ltr'><strong>casibus</strong></span> <span class='ocrx_word' id='word_1_443' title='bbox 1873 4639 1994 4705; x_wconf 86' lang='lat' dir='ltr'><strong>iun-</strong></span> 
     </span>
    </p>
   </div>
   <div class='ocr_carea' id='block_1_62' title="bbox 410 4716 1624 4806">
    <p class='ocr_par' dir='ltr' id='par_1_62' title="bbox 410 4716 1624 4806">
     <span class='ocr_line' id='line_1_62' title="bbox 410 4716 1624 4806; baseline 0.015 -41"><span class='ocrx_word' id='word_1_444' title='bbox 410 4716 646 4783; x_wconf 80' lang='lat' dir='ltr'><strong>guntur?</strong></span> <span class='ocrx_word' id='word_1_445' title='bbox 663 4745 734 4755; x_wconf 94' lang='lat'><strong>——</strong></span> <span class='ocrx_word' id='word_1_446' title='bbox 765 4716 928 4773; x_wconf 75' lang='lat' dir='ltr'><strong>Suo.</strong></span> <span class='ocrx_word' id='word_1_447' title='bbox 954 4721 1278 4778; x_wconf 89' lang='lat' dir='ltr'><strong>Accusativo</strong></span> <span class='ocrx_word' id='word_1_448' title='bbox 1292 4717 1354 4806; x_wconf 60' lang='lat' dir='ltr'><strong>et</strong></span> <span class='ocrx_word' id='word_1_449' title='bbox 1373 4727 1624 4783; x_wconf 91' lang='lat' dir='ltr'><strong>ablativo.</strong></span> 
     </span>
    </p>
   </div>
   <div class='ocr_carea' id='block_1_63' title="bbox 481 4805 1994 4892">
    <p class='ocr_par' dir='ltr' id='par_1_63' title="bbox 481 4805 1994 4892">
     <span class='ocr_line' id='line_1_63' title="bbox 481 4805 1994 4892; baseline 0.015 -33"><span class='ocrx_word' id='word_1_450' title='bbox 481 4805 648 4876; x_wconf 77' lang='lat'><strong>298</strong></span> <span class='ocrx_word' id='word_1_451' title='bbox 683 4807 782 4863; x_wconf 82' lang='lat' dir='ltr'><strong>Fn.</strong></span> <span class='ocrx_word' id='word_1_452' title='bbox 820 4807 1129 4868; x_wconf 87' lang='lat' dir='ltr'><strong>Accusativi</strong></span> <span class='ocrx_word' id='word_1_453' title='bbox 1161 4805 1572 4885; x_wconf 86' lang='lat' dir='ltr'><strong>praepositiones</strong></span> <span class='ocrx_word' id='word_1_454' title='bbox 1598 4837 1719 4892; x_wconf 71' lang='lat' dir='ltr'><strong>quae</strong></span> <span class='ocrx_word' id='word_1_455' title='bbox 1757 4827 1994 4881; x_wconf 74' lang='lat' dir='ltr'><strong>sunt?—</strong></span> 
     </span>
    </p>
   </div>
   <div class='ocr_carea' id='block_1_64' title="bbox 409 4893 1988 4985">
    <p class='ocr_par' dir='ltr' id='par_1_64' title="bbox 409 4893 1988 4985">
     <span class='ocr_line' id='line_1_64' title="bbox 409 4893 1988 4985; baseline 0.018 -39"><span class='ocrx_word' id='word_1_456' title='bbox 409 4893 577 4985; x_wconf 59' lang='lat' dir='ltr'><strong>Saxo.</strong></span> <span class='ocrx_word' id='word_1_457' title='bbox 609 4896 983 4970; x_wconf 72' lang='lat' dir='ltr'><strong>Monosyllaba:</strong></span> <span class='ocrx_word' id='word_1_458' title='bbox 1012 4906 1094 4960; x_wconf 70' lang='lat' dir='ltr'><strong>hat</strong></span> <span class='ocrx_word' id='word_1_459' title='bbox 1118 4920 1132 4958; x_wconf 90' lang='lat'><strong>:</strong></span> <span class='ocrx_word' id='word_1_460' title='bbox 1163 4907 1261 4972; x_wconf 86' lang='lat' dir='ltr'><strong>Ad,</strong></span> <span class='ocrx_word' id='word_1_461' title='bbox 1289 4910 1375 4977; x_wconf 84' lang='lat' dir='ltr'><strong>ob,</strong></span> <span class='ocrx_word' id='word_1_462' title='bbox 1399 4929 1513 4982; x_wconf 92' lang='lat' dir='ltr'><strong>per,</strong></span> <span class='ocrx_word' id='word_1_463' title='bbox 1539 4924 1678 4985; x_wconf 88' lang='lat' dir='ltr'><strong>post,</strong></span> <span class='ocrx_word' id='word_1_464' title='bbox 1708 4919 1803 4981; x_wconf 87' lang='lat' dir='ltr'><strong>cis,</strong></span> <span class='ocrx_word' id='word_1_465' title='bbox 1822 4929 1988 4974; x_wconf 87' lang='lat' dir='ltr'><strong>trans.</strong></span> 
     </span>
    </p>
   </div>
   <div class='ocr_carea' id='block_1_65' title="bbox 409 4983 1991 5075">
    <p class='ocr_par' dir='ltr' id='par_1_65' title="bbox 409 4983 1991 5075">
     <span class='ocr_line' id='line_1_65' title="bbox 409 4983 1991 5075; baseline 0.015 -35"><span class='ocrx_word' id='word_1_466' title='bbox 409 4983 730 5055; x_wconf 69' lang='lat' dir='ltr'><strong>Dissyllaba:</strong></span> <span class='ocrx_word' id='word_1_467' title='bbox 761 5009 772 5043; x_wconf 93' lang='lat'>:</span> <span class='ocrx_word' id='word_1_468' title='bbox 797 4991 972 5062; x_wconf 84' lang='lat' dir='ltr'><strong>Apud,</strong></span> <span class='ocrx_word' id='word_1_469' title='bbox 997 5006 1136 5062; x_wconf 88' lang='lat' dir='ltr'><strong>ante,</strong></span> <span class='ocrx_word' id='word_1_470' title='bbox 1169 4999 1323 5067; x_wconf 89' lang='lat' dir='ltr'><strong>citra,</strong></span> <span class='ocrx_word' id='word_1_471' title='bbox 1351 5003 1515 5068; x_wconf 87' lang='lat' dir='ltr'><strong>circa,</strong></span> <span class='ocrx_word' id='word_1_472' title='bbox 1540 4983 1690 5075; x_wconf 83' lang='lat' dir='ltr'><strong>erga,</strong></span> <span class='ocrx_word' id='word_1_473' title='bbox 1717 5018 1886 5074; x_wconf 68' lang='lat' dir='ltr'><strong>extra,</strong></span> <span class='ocrx_word' id='word_1_474' title='bbox 1908 5011 1991 5064; x_wconf 85' lang='lat' dir='ltr'><strong>in-</strong></span> 
     </span>
    </p>
   </div>
   <div class='ocr_carea' id='block_1_66' title="bbox 405 5076 1992 5165">
    <p class='ocr_par' dir='ltr' id='par_1_66' title="bbox 405 5076 1992 5165">
     <span class='ocr_line' id='line_1_66' title="bbox 405 5076 1992 5165; baseline 0.016 -38"><span class='ocrx_word' id='word_1_475' title='bbox 405 5082 512 5140; x_wconf 86' lang='lat' dir='ltr'><strong>ter,</strong></span> <span class='ocrx_word' id='word_1_476' title='bbox 543 5076 704 5145; x_wconf 89' lang='lat' dir='ltr'><strong>intra,</strong></span> <span class='ocrx_word' id='word_1_477' title='bbox 718 5080 900 5148; x_wconf 76' lang='lat' dir='ltr'><strong>juxta,</strong></span> <span class='ocrx_word' id='word_1_478' title='bbox 924 5101 1102 5155; x_wconf 80' lang='lat' dir='ltr'><strong>prope,</strong></span> <span class='ocrx_word' id='word_1_479' title='bbox 1125 5105 1280 5158; x_wconf 85' lang='lat' dir='ltr'><strong>pone,</strong></span> <span class='ocrx_word' id='word_1_480' title='bbox 1328 5101 1539 5160; x_wconf 61' lang='lat' dir='ltr'><strong>praeter,</strong></span> <span class='ocrx_word' id='word_1_481' title='bbox 1567 5105 1800 5165; x_wconf 88' lang='lat' dir='ltr'><strong>propter,</strong></span> <span class='ocrx_word' id='word_1_482' title='bbox 1830 5097 1992 5164; x_wconf 92' lang='lat' dir='ltr'><strong>ultra,</strong></span> 
     </span>
    </p>
   </div>
   <div class='ocr_carea' id='block_1_67' title="bbox 407 5172 1997 5253">
    <p class='ocr_par' dir='ltr' id='par_1_67' title="bbox 407 5172 1997 5253">
     <span class='ocr_line' id='line_1_67' title="bbox 407 5172 1997 5253; baseline 0.018 -36"><span class='ocrx_word' id='word_1_483' title='bbox 407 5180 594 5236; x_wconf 86' lang='lat' dir='ltr'><strong>usque,</strong></span> <span class='ocrx_word' id='word_1_484' title='bbox 621 5186 795 5238; x_wconf 84' lang='lat' dir='ltr'><strong>penes.</strong></span> <span class='ocrx_word' id='word_1_485' title='bbox 825 5172 1208 5246; x_wconf 85' lang='lat' dir='ltr'><strong>Trissyllabae:</strong></span> <span class='ocrx_word' id='word_1_486' title='bbox 1241 5183 1469 5250; x_wconf 84' lang='lat' dir='ltr'><strong>circiter,</strong></span> <span class='ocrx_word' id='word_1_487' title='bbox 1490 5184 1788 5253; x_wconf 86' lang='lat' dir='ltr'><strong>adversum,</strong></span> <span class='ocrx_word' id='word_1_488' title='bbox 1813 5206 1997 5244; x_wconf 87' lang='lat' dir='ltr'><strong>secun-</strong></span> 
     </span>
    </p>
   </div>
   <div class='ocr_carea' id='block_1_68' title="bbox 409 5257 561 5315">
    <p class='ocr_par' dir='ltr' id='par_1_68' title="bbox 409 5257 561 5315">
     <span class='ocr_line' id='line_1_68' title="bbox 409 5257 561 5315; baseline 0.033 -5"><span class='ocrx_word' id='word_1_489' title='bbox 409 5257 561 5315; x_wconf 88' lang='lat' dir='ltr'><strong>dum.</strong></span> 
     </span>
    </p>
   </div>
   <div class='ocr_carea' id='block_1_69' title="bbox 480 5350 1998 5436">
    <p class='ocr_par' dir='ltr' id='par_1_69' title="bbox 480 5350 1998 5436">
     <span class='ocr_line' id='line_1_69' title="bbox 480 5350 1998 5436; baseline 0.015 -32"><span class='ocrx_word' id='word_1_490' title='bbox 480 5350 580 5406; x_wconf 81' lang='lat' dir='ltr'><strong>Fn.</strong></span> <span class='ocrx_word' id='word_1_491' title='bbox 620 5354 756 5411; x_wconf 87' lang='lat' dir='ltr'><strong>Num</strong></span> <span class='ocrx_word' id='word_1_492' title='bbox 778 5359 1002 5430; x_wconf 66' lang='lat' dir='ltr'><strong>singulas</strong></span> <span class='ocrx_word' id='word_1_493' title='bbox 1032 5370 1210 5418; x_wconf 77' lang='lat' dir='ltr'><strong>certas</strong></span> <span class='ocrx_word' id='word_1_494' title='bbox 1231 5364 1431 5421; x_wconf 89' lang='lat' dir='ltr'><strong>habent</strong></span> <span class='ocrx_word' id='word_1_495' title='bbox 1465 5366 1890 5436; x_wconf 85' lang='lat' dir='ltr'><strong>signiﬁcationes</strong></span> <span class='ocrx_word' id='word_1_496' title='bbox 1903 5373 1998 5426; x_wconf 70' lang='grc'><strong>2-</strong></span> 
     </span>
    </p>
   </div>
   <div class='ocr_carea' id='block_1_70' title="bbox 410 5437 1996 5530">
    <p class='ocr_par' dir='ltr' id='par_1_70' title="bbox 410 5437 1996 5530">
     <span class='ocr_line' id='line_1_70' title="bbox 410 5437 1996 5530; baseline 0.015 -34"><span class='ocrx_word' id='word_1_497' title='bbox 410 5437 578 5498; x_wconf 73' lang='lat' dir='ltr'><strong>Suo.</strong></span> <span class='ocrx_word' id='word_1_498' title='bbox 610 5446 726 5501; x_wconf 84' lang='lat' dir='ltr'><strong>Non</strong></span> <span class='ocrx_word' id='word_1_499' title='bbox 755 5460 952 5517; x_wconf 89' lang='lat' dir='ltr'><strong>certas,</strong></span> <span class='ocrx_word' id='word_1_500' title='bbox 980 5453 1073 5508; x_wconf 91' lang='lat' dir='ltr'><strong>sed</strong></span> <span class='ocrx_word' id='word_1_501' title='bbox 1100 5454 1362 5512; x_wconf 88' lang='lat' dir='ltr'><strong>diversas.</strong></span> <span class='ocrx_word' id='word_1_502' title='bbox 1409 5457 1516 5513; x_wconf 88' lang='lat' dir='ltr'><strong>Sed</strong></span> <span class='ocrx_word' id='word_1_503' title='bbox 1544 5459 1761 5530; x_wconf 90' lang='lat' dir='ltr'><strong>longum</strong></span> <span class='ocrx_word' id='word_1_504' title='bbox 1787 5470 1870 5517; x_wconf 90' lang='lat' dir='ltr'><strong>est</strong></span> <span class='ocrx_word' id='word_1_505' title='bbox 1903 5479 1996 5519; x_wconf 89' lang='lat' dir='ltr'><strong>ea-</strong></span> 
     </span>
    </p>
   </div>
   <div class='ocr_carea' id='block_1_71' title="bbox 411 5539 1312 5617">
    <p class='ocr_par' dir='ltr' id='par_1_71' title="bbox 411 5539 1312 5617">
     <span class='ocr_line' id='line_1_71' title="bbox 411 5539 1312 5617; baseline 0.016 -27"><span class='ocrx_word' id='word_1_506' title='bbox 411 5551 532 5591; x_wconf 87' lang='lat' dir='ltr'><strong>rum</strong></span> <span class='ocrx_word' id='word_1_507' title='bbox 563 5539 985 5609; x_wconf 90' lang='lat' dir='ltr'><strong>signiﬁcationes</strong></span> <span class='ocrx_word' id='word_1_508' title='bbox 1005 5547 1312 5617; x_wconf 80' lang='lat' dir='ltr'><strong>explanare.</strong></span> 
     </span>
    </p>
   </div>
   <div class='ocr_carea' id='block_1_72' title="bbox 481 5631 1993 5718">
    <p class='ocr_par' dir='ltr' id='par_1_72' title="bbox 481 5631 1993 5718">
     <span class='ocr_line' id='line_1_72' title="bbox 481 5631 1993 5718; baseline 0.016 -34"><span class='ocrx_word' id='word_1_509' title='bbox 481 5631 581 5685; x_wconf 87' lang='lat' dir='ltr'><strong>Fn.</strong></span> <span class='ocrx_word' id='word_1_510' title='bbox 621 5633 720 5689; x_wconf 88' lang='lat' dir='ltr'><strong>Dic</strong></span> <span class='ocrx_word' id='word_1_511' title='bbox 745 5645 944 5704; x_wconf 87' lang='lat' dir='ltr'><strong>tamen,</strong></span> <span class='ocrx_word' id='word_1_512' title='bbox 975 5649 1031 5694; x_wconf 90' lang='lat' dir='ltr'><strong>et</strong></span> <span class='ocrx_word' id='word_1_513' title='bbox 1050 5652 1250 5712; x_wconf 89' lang='lat' dir='ltr'><strong>quanta</strong></span> <span class='ocrx_word' id='word_1_514' title='bbox 1275 5645 1537 5702; x_wconf 86' lang='lat' dir='ltr'><strong>brevitate</strong></span> <span class='ocrx_word' id='word_1_515' title='bbox 1558 5648 1752 5718; x_wconf 88' lang='lat' dir='ltr'><strong>possis,</strong></span> <span class='ocrx_word' id='word_1_516' title='bbox 1781 5665 1993 5708; x_wconf 71' lang='lat' dir='ltr'><strong>succuu-</strong></span> 
     </span>
    </p>
   </div>
   <div class='ocr_carea' id='block_1_73' title="bbox 483 5741 1110 5816">
    <p class='ocr_par' dir='ltr' id='par_1_73' title="bbox 483 5741 1110 5816">
     <span class='ocr_line' id='line_1_73' title="bbox 483 5741 1110 5816; baseline 0.016 -20"><span class='ocrx_word' id='word_1_517' title='bbox 483 5753 508 5782; x_wconf 76' lang='grc' dir='ltr'>ι</span> <span class='ocrx_word' id='word_1_518' title='bbox 545 5741 711 5816; x_wconf 78' lang='lat' dir='ltr'><strong>Virg.,</strong></span> <span class='ocrx_word' id='word_1_519' title='bbox 750 5746 876 5806; x_wconf 72' lang='grc' dir='ltr'><strong>ιιΕη.</strong></span> <span class='ocrx_word' id='word_1_520' title='bbox 909 5767 962 5814; x_wconf 84' lang='lat' dir='ltr'><strong>x.</strong></span> <span class='ocrx_word' id='word_1_521' title='bbox 989 5751 1110 5808; x_wconf 82' lang='lat'><strong>597.</strong></span> 
     </span>
    </p>
   </div>
   <div class='ocr_carea' id='block_1_74' title="bbox 2106 1854 3681 1934">
    <p class='ocr_par' dir='ltr' id='par_1_74' title="bbox 2106 1854 3681 1934">
     <span class='ocr_line' id='line_1_74' title="bbox 2106 1854 3681 1934; baseline 0.013 -29"><span class='ocrx_word' id='word_1_522' title='bbox 2106 1854 2358 1923; x_wconf 81' lang='lat' dir='ltr'><strong>per/idus.</strong></span> <span class='ocrx_word' id='word_1_523' title='bbox 2414 1855 2544 1910; x_wconf 86' lang='lat' dir='ltr'><strong>Post</strong></span> <span class='ocrx_word' id='word_1_524' title='bbox 2605 1861 2946 1928; x_wconf 83' lang='lat' dir='ltr'><strong>componitur</strong></span> <span class='ocrx_word' id='word_1_525' title='bbox 3008 1871 3064 1917; x_wconf 92' lang='lat' dir='ltr'><strong>et</strong></span> <span class='ocrx_word' id='word_1_526' title='bbox 3117 1875 3432 1934; x_wconf 86' lang='lat' dir='ltr'><strong>separatur,</strong></span> <span class='ocrx_word' id='word_1_527' title='bbox 3494 1875 3550 1923; x_wconf 89' lang='lat' dir='ltr'><strong>et</strong></span> <span class='ocrx_word' id='word_1_528' title='bbox 3602 1868 3681 1924; x_wconf 91' lang='lat' dir='ltr'><strong>lo-</strong></span> 
     </span>
    </p>
   </div>
   <div class='ocr_carea' id='block_1_75' title="bbox 2104 1945 3681 2024">
    <p class='ocr_par' dir='ltr' id='par_1_75' title="bbox 2104 1945 3681 2024">
     <span class='ocr_line' id='line_1_75' title="bbox 2104 1945 3681 2024; baseline 0.011 -27"><span class='ocrx_word' id='word_1_529' title='bbox 2104 1959 2228 1998; x_wconf 89' lang='lat' dir='ltr'><strong>cum</strong></span> <span class='ocrx_word' id='word_1_530' title='bbox 2280 1945 2566 2017; x_wconf 85' lang='lat' dir='ltr'><strong>signiﬁcat.</strong></span> <span class='ocrx_word' id='word_1_531' title='bbox 2618 1947 2872 2018; x_wconf 79' lang='lat' dir='ltr'><strong>Virgilius</strong></span> <span class='ocrx_word' id='word_1_532' title='bbox 2927 1949 3136 2024; x_wconf 82' lang='lat' dir='ltr'><strong>(Georg.</strong></span> <span class='ocrx_word' id='word_1_533' title='bbox 3188 1971 3271 2019; x_wconf 84' lang='grc' dir='ltr'><strong>ιιι,</strong></span> <span class='ocrx_word' id='word_1_534' title='bbox 3313 1957 3438 2024; x_wconf 72' lang='grc'>215)</span> <span class='ocrx_word' id='word_1_535' title='bbox 3493 1977 3506 2011; x_wconf 93' lang='lat'>:</span> <span class='ocrx_word' id='word_1_536' title='bbox 3552 1958 3681 2015; x_wconf 87' lang='lat' dir='ltr'><strong>Post</strong></span> 
     </span>
    </p>
   </div>
   <div class='ocr_carea' id='block_1_76' title="bbox 2103 2036 3682 2120">
    <p class='ocr_par' dir='ltr' id='par_1_76' title="bbox 2103 2036 3682 2120">
     <span class='ocr_line' id='line_1_76' title="bbox 2103 2036 3682 2120; baseline 0.012 -33"><span class='ocrx_word' id='word_1_537' title='bbox 2103 2044 2330 2090; x_wconf 87' lang='lat' dir='ltr'><strong>montem</strong></span> <span class='ocrx_word' id='word_1_538' title='bbox 2387 2038 2697 2107; x_wconf 89' lang='lat' dir='ltr'><strong>oppositum.</strong></span> <span class='ocrx_word' id='word_1_539' title='bbox 2749 2036 3029 2112; x_wconf 81' lang='lat' dir='ltr'><strong>Signiﬁcat</strong></span> <span class='ocrx_word' id='word_1_540' title='bbox 3065 2053 3121 2099; x_wconf 89' lang='lat' dir='ltr'><strong>et</strong></span> <span class='ocrx_word' id='word_1_541' title='bbox 3169 2053 3400 2116; x_wconf 89' lang='lat' dir='ltr'><strong>tempus,</strong></span> <span class='ocrx_word' id='word_1_542' title='bbox 3441 2057 3521 2115; x_wconf 89' lang='lat' dir='ltr'><strong>ut,</strong></span> <span class='ocrx_word' id='word_1_543' title='bbox 3566 2059 3682 2120; x_wconf 84' lang='lat' dir='ltr'><strong>post</strong></span> 
     </span>
    </p>
   </div>
   <div class='ocr_carea' id='block_1_77' title="bbox 2102 2127 3684 2210">
    <p class='ocr_par' dir='ltr' id='par_1_77' title="bbox 2102 2127 3684 2210">
     <span class='ocr_line' id='line_1_77' title="bbox 2102 2127 3684 2210; baseline 0.012 -31"><span class='ocrx_word' id='word_1_544' title='bbox 2102 2127 2324 2181; x_wconf 86' lang='lat' dir='ltr'><strong>multum</strong></span> <span class='ocrx_word' id='word_1_545' title='bbox 2403 2137 2622 2200; x_wconf 85' lang='lat' dir='ltr'><strong>tempus.</strong></span> <span class='ocrx_word' id='word_1_546' title='bbox 2693 2131 2780 2185; x_wconf 86' lang='lat' dir='ltr'><strong>Cis</strong></span> <span class='ocrx_word' id='word_1_547' title='bbox 2833 2133 3059 2188; x_wconf 82' lang='lat' dir='ltr'><strong>localem</strong></span> <span class='ocrx_word' id='word_1_548' title='bbox 3120 2137 3282 2192; x_wconf 86' lang='lat' dir='ltr'><strong>habet</strong></span> <span class='ocrx_word' id='word_1_549' title='bbox 3333 2139 3684 2210; x_wconf 86' lang='lat' dir='ltr'><strong>signiﬁcatio-</strong></span> 
     </span>
    </p>
   </div>
   <div class='ocr_carea' id='block_1_78' title="bbox 2102 2223 3679 2298">
    <p class='ocr_par' dir='ltr' id='par_1_78' title="bbox 2102 2223 3679 2298">
     <span class='ocr_line' id='line_1_78' title="bbox 2102 2223 3679 2298; baseline 0.01 -25"><span class='ocrx_word' id='word_1_550' title='bbox 2102 2235 2246 2284; x_wconf 90' lang='lat' dir='ltr'><strong>nem,</strong></span> <span class='ocrx_word' id='word_1_551' title='bbox 2300 2228 2380 2287; x_wconf 91' lang='lat' dir='ltr'><strong>ut,</strong></span> <span class='ocrx_word' id='word_1_552' title='bbox 2433 2223 2504 2277; x_wconf 88' lang='lat' dir='ltr'><strong>cis</strong></span> <span class='ocrx_word' id='word_1_553' title='bbox 2539 2223 2784 2294; x_wconf 87' lang='lat' dir='ltr'><strong>Alpinam</strong></span> <span class='ocrx_word' id='word_1_554' title='bbox 2813 2224 3063 2280; x_wconf 85' lang='lat' dir='ltr'><strong>Galliam.</strong></span> <span class='ocrx_word' id='word_1_555' title='bbox 3113 2228 3180 2282; x_wconf 88' lang='lat' dir='ltr'><strong>Et</strong></span> <span class='ocrx_word' id='word_1_556' title='bbox 3215 2243 3316 2298; x_wconf 91' lang='lat' dir='ltr'><strong>pro</strong></span> <span class='ocrx_word' id='word_1_557' title='bbox 3365 2229 3506 2285; x_wconf 90' lang='lat' dir='ltr'><strong>ultra</strong></span> <span class='ocrx_word' id='word_1_558' title='bbox 3533 2233 3679 2288; x_wconf 90' lang='lat' dir='ltr'><strong>acci-</strong></span> 
     </span>
    </p>
   </div>
   <div class='ocr_carea' id='block_1_79' title="bbox 2102 2311 3681 2388">
    <p class='ocr_par' dir='ltr' id='par_1_79' title="bbox 2102 2311 3681 2388">
     <span class='ocr_line' id='line_1_79' title="bbox 2102 2311 3681 2388; baseline 0.01 -25"><span class='ocrx_word' id='word_1_559' title='bbox 2102 2311 2265 2381; x_wconf 86' lang='lat' dir='ltr'><strong>pitur,</strong></span> <span class='ocrx_word' id='word_1_560' title='bbox 2299 2320 2380 2378; x_wconf 92' lang='lat' dir='ltr'><strong>ut,</strong></span> <span class='ocrx_word' id='word_1_561' title='bbox 2409 2314 2482 2367; x_wconf 89' lang='lat' dir='ltr'><strong>cis</strong></span> <span class='ocrx_word' id='word_1_562' title='bbox 2507 2314 2783 2382; x_wconf 78' lang='lat' dir='ltr'><strong>deﬁnitum</strong></span> <span class='ocrx_word' id='word_1_563' title='bbox 2813 2325 3035 2388; x_wconf 88' lang='lat' dir='ltr'><strong>tempus,</strong></span> <span class='ocrx_word' id='word_1_564' title='bbox 3063 2320 3165 2374; x_wconf 89' lang='lat' dir='ltr'><strong>hoc</strong></span> <span class='ocrx_word' id='word_1_565' title='bbox 3198 2328 3300 2385; x_wconf 89' lang='lat' dir='ltr'><strong>est,</strong></span> <span class='ocrx_word' id='word_1_566' title='bbox 3328 2321 3488 2376; x_wconf 90' lang='lat' dir='ltr'><strong>ultra.</strong></span> <span class='ocrx_word' id='word_1_567' title='bbox 3523 2324 3591 2378; x_wconf 89' lang='lat' dir='ltr'><strong>Et</strong></span> <span class='ocrx_word' id='word_1_568' title='bbox 3614 2340 3681 2381; x_wconf 82' lang='lat' dir='ltr'><strong>ex</strong></span> 
     </span>
    </p>
   </div>
   <div class='ocr_carea' id='block_1_80' title="bbox 2101 2404 3682 2485">
    <p class='ocr_par' dir='ltr' id='par_1_80' title="bbox 2101 2404 3682 2485">
     <span class='ocr_line' id='line_1_80' title="bbox 2101 2404 3682 2485; baseline 0.01 -30"><span class='ocrx_word' id='word_1_569' title='bbox 2101 2416 2186 2469; x_wconf 86' lang='lat' dir='ltr'><strong>eo,</strong></span> <span class='ocrx_word' id='word_1_570' title='bbox 2213 2404 2367 2458; x_wconf 83' lang='lat' dir='ltr'><strong>citra.</strong></span> <span class='ocrx_word' id='word_1_571' title='bbox 2394 2404 2562 2459; x_wconf 83' lang='lat' dir='ltr'><strong>Trans</strong></span> <span class='ocrx_word' id='word_1_572' title='bbox 2582 2409 2928 2476; x_wconf 87' lang='lat' dir='ltr'><strong>componitur</strong></span> <span class='ocrx_word' id='word_1_573' title='bbox 2953 2418 3007 2464; x_wconf 88' lang='lat' dir='ltr'><strong>et</strong></span> <span class='ocrx_word' id='word_1_574' title='bbox 3031 2420 3335 2482; x_wconf 88' lang='lat' dir='ltr'><strong>separatur,</strong></span> <span class='ocrx_word' id='word_1_575' title='bbox 3359 2421 3440 2478; x_wconf 90' lang='lat' dir='ltr'><strong>ut,</strong></span> <span class='ocrx_word' id='word_1_576' title='bbox 3456 2415 3682 2485; x_wconf 76' lang='lat' dir='ltr'><strong>transfe-</strong></span> 
     </span>
    </p>
   </div>
   <div class='ocr_carea' id='block_1_81' title="bbox 2103 2496 3681 2577">
    <p class='ocr_par' dir='ltr' id='par_1_81' title="bbox 2103 2496 3681 2577">
     <span class='ocr_line' id='line_1_81' title="bbox 2103 2496 3681 2577; baseline 0.009 -28"><span class='ocrx_word' id='word_1_577' title='bbox 2103 2513 2184 2562; x_wconf 86' lang='lat' dir='ltr'><strong>ro,</strong></span> <span class='ocrx_word' id='word_1_578' title='bbox 2207 2506 2263 2552; x_wconf 90' lang='lat' dir='ltr'><strong>et</strong></span> <span class='ocrx_word' id='word_1_579' title='bbox 2297 2506 2443 2552; x_wconf 87' lang='lat' dir='ltr'><strong>trans</strong></span> <span class='ocrx_word' id='word_1_580' title='bbox 2474 2496 2703 2554; x_wconf 87' lang='lat' dir='ltr'><strong>Padum.</strong></span> <span class='ocrx_word' id='word_1_581' title='bbox 2734 2500 2802 2555; x_wconf 92' lang='lat' dir='ltr'><strong>Et</strong></span> <span class='ocrx_word' id='word_1_582' title='bbox 2830 2501 2885 2556; x_wconf 92' lang='lat' dir='ltr'><strong>in</strong></span> <span class='ocrx_word' id='word_1_583' title='bbox 2910 2504 3298 2574; x_wconf 88' lang='lat' dir='ltr'><strong>compositione</strong></span> <span class='ocrx_word' id='word_1_584' title='bbox 3338 2521 3479 2577; x_wconf 78' lang='lat' dir='ltr'><strong>saepe</strong></span> <span class='ocrx_word' id='word_1_585' title='bbox 3514 2525 3548 2561; x_wconf 90' lang='grc' dir='ltr'><em>η</em></span> <span class='ocrx_word' id='word_1_586' title='bbox 3572 2517 3627 2563; x_wconf 83' lang='lat' dir='ltr'><strong>et</strong></span> <span class='ocrx_word' id='word_1_587' title='bbox 3656 2527 3681 2564; x_wconf 90' lang='lat' dir='ltr'><strong>s</strong></span> 
     </span>
    </p>
   </div>
   <div class='ocr_carea' id='block_1_82' title="bbox 2103 2587 3684 2668">
    <p class='ocr_par' dir='ltr' id='par_1_82' title="bbox 2103 2587 3684 2668">
     <span class='ocr_line' id='line_1_82' title="bbox 2103 2587 3684 2668; baseline 0.009 -29"><span class='ocrx_word' id='word_1_588' title='bbox 2103 2587 2328 2653; x_wconf 89' lang='lat' dir='ltr'><strong>amittit,</strong></span> <span class='ocrx_word' id='word_1_589' title='bbox 2356 2596 2435 2653; x_wconf 89' lang='lat' dir='ltr'><strong>ut,</strong></span> <span class='ocrx_word' id='word_1_590' title='bbox 2466 2591 2708 2655; x_wconf 88' lang='lat' dir='ltr'><strong>traduco,</strong></span> <span class='ocrx_word' id='word_1_591' title='bbox 2732 2593 2904 2659; x_wconf 87' lang='lat' dir='ltr'><strong>trado,</strong></span> <span class='ocrx_word' id='word_1_592' title='bbox 2933 2603 3106 2649; x_wconf 87' lang='lat' dir='ltr'><strong>trano.</strong></span> <span class='ocrx_word' id='word_1_593' title='bbox 3132 2596 3200 2650; x_wconf 84' lang='lat' dir='ltr'><strong>Et</strong></span> <span class='ocrx_word' id='word_1_594' title='bbox 3226 2612 3327 2666; x_wconf 90' lang='lat' dir='ltr'><strong>pro</strong></span> <span class='ocrx_word' id='word_1_595' title='bbox 3348 2614 3504 2668; x_wconf 86' lang='lat' dir='ltr'><strong>super</strong></span> <span class='ocrx_word' id='word_1_596' title='bbox 3528 2600 3684 2668; x_wconf 85' lang='lat' dir='ltr'><strong>poni—</strong></span> 
     </span>
    </p>
   </div>
   <div class='ocr_carea' id='block_1_83' title="bbox 2103 2683 3683 2759">
    <p class='ocr_par' dir='ltr' id='par_1_83' title="bbox 2103 2683 3683 2759">
     <span class='ocr_line' id='line_1_83' title="bbox 2103 2683 3683 2759; baseline 0.01 -27"><span class='ocrx_word' id='word_1_597' title='bbox 2103 2687 2225 2744; x_wconf 89' lang='lat' dir='ltr'><strong>tur;</strong></span> <span class='ocrx_word' id='word_1_598' title='bbox 2252 2687 2330 2746; x_wconf 91' lang='lat' dir='ltr'><strong>ut,</strong></span> <span class='ocrx_word' id='word_1_599' title='bbox 2355 2689 2730 2752; x_wconf 82' lang='lat' dir='ltr'><strong>transgressus,</strong></span> <span class='ocrx_word' id='word_1_600' title='bbox 2757 2683 2810 2738; x_wconf 93' lang='lat' dir='ltr'><strong>id</strong></span> <span class='ocrx_word' id='word_1_601' title='bbox 2837 2693 2938 2747; x_wconf 88' lang='lat' dir='ltr'><strong>est,</strong></span> <span class='ocrx_word' id='word_1_602' title='bbox 2968 2701 3367 2758; x_wconf 88' lang='lat' dir='ltr'><strong>supergressus.</strong></span> <span class='ocrx_word' id='word_1_603' title='bbox 3420 2691 3572 2759; x_wconf 83' lang='lat' dir='ltr'><strong>Apud</strong></span> <span class='ocrx_word' id='word_1_604' title='bbox 3605 2691 3683 2748; x_wconf 93' lang='lat' dir='ltr'><strong>lo-</strong></span> 
     </span>
    </p>
   </div>
   <div class='ocr_carea' id='block_1_84' title="bbox 2102 2772 3687 2844">
    <p class='ocr_par' dir='ltr' id='par_1_84' title="bbox 2102 2772 3687 2844">
     <span class='ocr_line' id='line_1_84' title="bbox 2102 2772 3687 2844; baseline 0.007 -19"><span class='ocrx_word' id='word_1_605' title='bbox 2102 2786 2225 2826; x_wconf 83' lang='lat' dir='ltr'><strong>cum</strong></span> <span class='ocrx_word' id='word_1_606' title='bbox 2251 2772 2538 2842; x_wconf 87' lang='lat' dir='ltr'><strong>signiﬁcat,</strong></span> <span class='ocrx_word' id='word_1_607' title='bbox 2565 2781 2646 2840; x_wconf 91' lang='lat' dir='ltr'><strong>ut,</strong></span> <span class='ocrx_word' id='word_1_608' title='bbox 2671 2776 2813 2844; x_wconf 85' lang='lat' dir='ltr'><strong>apud</strong></span> <span class='ocrx_word' id='word_1_609' title='bbox 2854 2775 3221 2832; x_wconf 89' lang='lat' dir='ltr'><strong>Numantiam.</strong></span> <span class='ocrx_word' id='word_1_610' title='bbox 3249 2779 3384 2833; x_wconf 85' lang='lat' dir='ltr'><strong>Ante</strong></span> <span class='ocrx_word' id='word_1_611' title='bbox 3428 2780 3603 2835; x_wconf 83' lang='lat' dir='ltr'><strong>locum</strong></span> <span class='ocrx_word' id='word_1_612' title='bbox 3629 2790 3687 2838; x_wconf 85' lang='lat' dir='ltr'><strong>et</strong></span> 
     </span>
    </p>
   </div>
   <div class='ocr_carea' id='block_1_85' title="bbox 2104 2863 3684 2939">
    <p class='ocr_par' dir='ltr' id='par_1_85' title="bbox 2104 2863 3684 2939">
     <span class='ocr_line' id='line_1_85' title="bbox 2104 2863 3684 2939; baseline 0.006 -23"><span class='ocrx_word' id='word_1_613' title='bbox 2104 2870 2319 2932; x_wconf 79' lang='lat' dir='ltr'><strong>tempus</strong></span> <span class='ocrx_word' id='word_1_614' title='bbox 2346 2863 2636 2931; x_wconf 82' lang='lat' dir='ltr'><strong>signiﬁcat,</strong></span> <span class='ocrx_word' id='word_1_615' title='bbox 2669 2875 2747 2930; x_wconf 87' lang='lat' dir='ltr'><strong>ut,</strong></span> <span class='ocrx_word' id='word_1_616' title='bbox 2779 2875 2901 2919; x_wconf 89' lang='lat' dir='ltr'><strong>ante</strong></span> <span class='ocrx_word' id='word_1_617' title='bbox 2911 2867 3160 2936; x_wconf 89' lang='lat' dir='ltr'><strong>januam,</strong></span> <span class='ocrx_word' id='word_1_618' title='bbox 3189 2878 3311 2924; x_wconf 87' lang='lat' dir='ltr'><strong>ante</strong></span> <span class='ocrx_word' id='word_1_619' title='bbox 3338 2887 3553 2925; x_wconf 88' lang='lat' dir='ltr'><strong>annum.</strong></span> <span class='ocrx_word' id='word_1_620' title='bbox 3582 2872 3684 2939; x_wconf 81' lang='lat' dir='ltr'><strong>De—</strong></span> 
     </span>
    </p>
   </div>
   <div class='ocr_carea' id='block_1_86' title="bbox 2102 2955 3686 3028">
    <p class='ocr_par' dir='ltr' id='par_1_86' title="bbox 2102 2955 3686 3028">
     <span class='ocr_line' id='line_1_86' title="bbox 2102 2955 3686 3028; baseline 0.005 -20"><span class='ocrx_word' id='word_1_621' title='bbox 2102 2955 2351 3009; x_wconf 89' lang='lat' dir='ltr'><strong>rivantur</strong></span> <span class='ocrx_word' id='word_1_622' title='bbox 2378 2972 2443 3010; x_wconf 81' lang='lat' dir='ltr'><strong>ex</strong></span> <span class='ocrx_word' id='word_1_623' title='bbox 2478 2971 2543 3011; x_wconf 91' lang='lat' dir='ltr'><strong>eo</strong></span> <span class='ocrx_word' id='word_1_624' title='bbox 2572 2957 2838 3026; x_wconf 86' lang='lat' dir='ltr'><strong>antiquus,</strong></span> <span class='ocrx_word' id='word_1_625' title='bbox 2869 2959 3222 3028; x_wconf 86' lang='lat' dir='ltr'><strong>antiquarius,</strong></span> <span class='ocrx_word' id='word_1_626' title='bbox 3253 2962 3488 3018; x_wconf 89' lang='lat' dir='ltr'><strong>nomina.</strong></span> <span class='ocrx_word' id='word_1_627' title='bbox 3537 2959 3686 3016; x_wconf 88' lang='lat' dir='ltr'><strong>Citra</strong></span> 
     </span>
    </p>
   </div>
   <div class='ocr_carea' id='block_1_87' title="bbox 2101 3048 3685 3120">
    <p class='ocr_par' dir='ltr' id='par_1_87' title="bbox 2101 3048 3685 3120">
     <span class='ocr_line' id='line_1_87' title="bbox 2101 3048 3685 3120; baseline 0.003 -16"><span class='ocrx_word' id='word_1_628' title='bbox 2101 3064 2240 3118; x_wconf 87' lang='lat' dir='ltr'><strong>pene</strong></span> <span class='ocrx_word' id='word_1_629' title='bbox 2269 3049 2514 3104; x_wconf 91' lang='lat' dir='ltr'><strong>eamdem</strong></span> <span class='ocrx_word' id='word_1_630' title='bbox 2545 3048 2994 3118; x_wconf 87' lang='lat' dir='ltr'><strong>signiﬁcationem</strong></span> <span class='ocrx_word' id='word_1_631' title='bbox 3045 3050 3210 3106; x_wconf 86' lang='lat' dir='ltr'><strong>habet</strong></span> <span class='ocrx_word' id='word_1_632' title='bbox 3237 3066 3398 3120; x_wconf 87' lang='lat' dir='ltr'><strong>quam</strong></span> <span class='ocrx_word' id='word_1_633' title='bbox 3453 3053 3552 3118; x_wconf 88' lang='lat' dir='ltr'><strong>cis,</strong></span> <span class='ocrx_word' id='word_1_634' title='bbox 3578 3053 3685 3109; x_wconf 85' lang='lat' dir='ltr'><strong>nisi</strong></span> 
     </span>
    </p>
   </div>
   <div class='ocr_carea' id='block_1_88' title="bbox 2025 3124 3683 3214">
    <p class='ocr_par' dir='ltr' id='par_1_88' title="bbox 2025 3124 3683 3214">
     <span class='ocr_line' id='line_1_88' title="bbox 2025 3124 3683 3214; baseline 0.004 -22"><span class='ocrx_word' id='word_1_635' title='bbox 2025 3124 2071 3187; x_wconf 83' lang='lat' dir='ltr'><strong><em>C</em></strong></span> <span class='ocrx_word' id='word_1_636' title='bbox 2106 3140 2249 3209; x_wconf 90' lang='lat' dir='ltr'><strong>quod</strong></span> <span class='ocrx_word' id='word_1_637' title='bbox 2278 3142 2513 3210; x_wconf 83' lang='lat' dir='ltr'><strong>prepriis</strong></span> <span class='ocrx_word' id='word_1_638' title='bbox 2539 3141 2848 3196; x_wconf 86' lang='lat' dir='ltr'><strong>nominibus</strong></span> <span class='ocrx_word' id='word_1_639' title='bbox 2895 3143 2990 3208; x_wconf 89' lang='lat' dir='ltr'><strong>cis,</strong></span> <span class='ocrx_word' id='word_1_640' title='bbox 3040 3150 3096 3198; x_wconf 86' lang='lat' dir='ltr'><strong>et</strong></span> <span class='ocrx_word' id='word_1_641' title='bbox 3138 3143 3474 3214; x_wconf 88' lang='lat' dir='ltr'><strong>appellativis</strong></span> <span class='ocrx_word' id='word_1_642' title='bbox 3526 3146 3683 3211; x_wconf 88' lang='lat' dir='ltr'><strong>citra,</strong></span> 
     </span>
    </p>
   </div>
   <div class='ocr_carea' id='block_1_89' title="bbox 2105 3233 3686 3306">
    <p class='ocr_par' dir='ltr' id='par_1_89' title="bbox 2105 3233 3686 3306">
     <span class='ocr_line' id='line_1_89' title="bbox 2105 3233 3686 3306; baseline 0.001 -18"><span class='ocrx_word' id='word_1_643' title='bbox 2105 3233 2300 3303; x_wconf 61' lang='lat' dir='ltr'><strong>saepius</strong></span> <span class='ocrx_word' id='word_1_644' title='bbox 2323 3234 2562 3304; x_wconf 68' lang='lat' dir='ltr'><strong>praeponi</strong></span> <span class='ocrx_word' id='word_1_645' title='bbox 2602 3233 2771 3289; x_wconf 85' lang='lat' dir='ltr'><strong>solet:</strong></span> <span class='ocrx_word' id='word_1_646' title='bbox 2800 3233 2872 3288; x_wconf 91' lang='lat' dir='ltr'><strong>cis</strong></span> <span class='ocrx_word' id='word_1_647' title='bbox 2910 3233 3180 3301; x_wconf 80' lang='lat' dir='ltr'><strong>Rhenum;</strong></span> <span class='ocrx_word' id='word_1_648' title='bbox 3225 3237 3298 3290; x_wconf 90' lang='lat' dir='ltr'><strong>cis</strong></span> <span class='ocrx_word' id='word_1_649' title='bbox 3325 3234 3480 3306; x_wconf 85' lang='lat' dir='ltr'><strong>Alpes</strong></span> <span class='ocrx_word' id='word_1_650' title='bbox 3508 3237 3686 3290; x_wconf 87' lang='lat' dir='ltr'><strong>:citra</strong></span> 
     </span>
    </p>
   </div>
   <div class='ocr_carea' id='block_1_90' title="bbox 2103 3323 3685 3393">
    <p class='ocr_par' dir='ltr' id='par_1_90' title="bbox 2103 3323 3685 3393">
     <span class='ocr_line' id='line_1_90' title="bbox 2103 3323 3685 3393; baseline 0.004 -17"><span class='ocrx_word' id='word_1_651' title='bbox 2103 3323 2298 3392; x_wconf 81' lang='lat' dir='ltr'><strong>forum.</strong></span> <span class='ocrx_word' id='word_1_652' title='bbox 2325 3323 2389 3377; x_wconf 85' lang='lat' dir='ltr'><strong>Et</strong></span> <span class='ocrx_word' id='word_1_653' title='bbox 2422 3339 2452 3377; x_wconf 89' lang='lat' dir='ltr'><strong>a</strong></span> <span class='ocrx_word' id='word_1_654' title='bbox 2484 3325 2578 3390; x_wconf 88' lang='lat' dir='ltr'><strong>cis,</strong></span> <span class='ocrx_word' id='word_1_655' title='bbox 2608 3325 2744 3380; x_wconf 86' lang='lat' dir='ltr'><strong>citra</strong></span> <span class='ocrx_word' id='word_1_656' title='bbox 2773 3325 3077 3392; x_wconf 80' lang='lat' dir='ltr'><strong>derivatur;</strong></span> <span class='ocrx_word' id='word_1_657' title='bbox 3124 3342 3155 3381; x_wconf 90' lang='lat' dir='ltr'><strong>a</strong></span> <span class='ocrx_word' id='word_1_658' title='bbox 3179 3327 3335 3392; x_wconf 88' lang='lat' dir='ltr'><strong>citra,</strong></span> <span class='ocrx_word' id='word_1_659' title='bbox 3367 3327 3525 3393; x_wconf 85' lang='lat' dir='ltr'><strong>citer,</strong></span> <span class='ocrx_word' id='word_1_660' title='bbox 3551 3327 3685 3383; x_wconf 85' lang='lat' dir='ltr'><strong>cite-</strong></span> 
     </span>
    </p>
   </div>
   <div class='ocr_carea' id='block_1_91' title="bbox 2101 3417 3678 3490">
    <p class='ocr_par' dir='ltr' id='par_1_91' title="bbox 2101 3417 3678 3490">
     <span class='ocr_line' id='line_1_91' title="bbox 2101 3417 3678 3490; baseline 0.002 -19"><span class='ocrx_word' id='word_1_661' title='bbox 2101 3417 2237 3482; x_wconf 88' lang='lat' dir='ltr'><strong>rior,</strong></span> <span class='ocrx_word' id='word_1_662' title='bbox 2268 3417 2582 3473; x_wconf 91' lang='lat' dir='ltr'><strong>citissimus.</strong></span> <span class='ocrx_word' id='word_1_663' title='bbox 2617 3417 2792 3485; x_wconf 86' lang='lat' dir='ltr'><strong>Circa,</strong></span> <span class='ocrx_word' id='word_1_664' title='bbox 2841 3418 2944 3475; x_wconf 91' lang='lat' dir='ltr'><strong>loci</strong></span> <span class='ocrx_word' id='word_1_665' title='bbox 2988 3428 3044 3474; x_wconf 90' lang='lat' dir='ltr'><strong>et</strong></span> <span class='ocrx_word' id='word_1_666' title='bbox 3094 3419 3372 3490; x_wconf 90' lang='lat' dir='ltr'><strong>temporis,</strong></span> <span class='ocrx_word' id='word_1_667' title='bbox 3402 3434 3500 3489; x_wconf 91' lang='lat' dir='ltr'><strong>pro</strong></span> <span class='ocrx_word' id='word_1_668' title='bbox 3521 3418 3678 3489; x_wconf 78' lang='lat' dir='ltr'><strong>juxta</strong></span> 
     </span>
    </p>
   </div>
   <div class='ocr_carea' id='block_1_92' title="bbox 2100 3506 3683 3579">
    <p class='ocr_par' dir='ltr' id='par_1_92' title="bbox 2100 3506 3683 3579">
     <span class='ocr_line' id='line_1_92' title="bbox 2100 3506 3683 3579; baseline 0.004 -19"><span class='ocrx_word' id='word_1_669' title='bbox 2100 3507 2318 3573; x_wconf 88' lang='lat' dir='ltr'><strong>ponitur</strong></span> <span class='ocrx_word' id='word_1_670' title='bbox 2346 3506 2498 3578; x_wconf 83' lang='lat' dir='ltr'><strong>[Ms.,</strong></span> <span class='ocrx_word' id='word_1_671' title='bbox 2536 3508 2770 3578; x_wconf 87' lang='lat' dir='ltr'><strong>positum</strong></span> <span class='ocrx_word' id='word_1_672' title='bbox 2801 3506 3117 3579; x_wconf 88' lang='lat' dir='ltr'><strong>invenitur],</strong></span> <span class='ocrx_word' id='word_1_673' title='bbox 3148 3517 3207 3561; x_wconf 92' lang='lat' dir='ltr'><strong>ut</strong></span> <span class='ocrx_word' id='word_1_674' title='bbox 3237 3511 3375 3562; x_wconf 86' lang='lat' dir='ltr'><strong>circa</strong></span> <span class='ocrx_word' id='word_1_675' title='bbox 3406 3509 3683 3579; x_wconf 83' lang='lat' dir='ltr'><strong>templum,</strong></span> 
     </span>
    </p>
   </div>
   <div class='ocr_carea' id='block_1_93' title="bbox 2102 3597 3679 3670">
    <p class='ocr_par' dir='ltr' id='par_1_93' title="bbox 2102 3597 3679 3670">
     <span class='ocr_line' id='line_1_93' title="bbox 2102 3597 3679 3670; baseline 0.005 -21"><span class='ocrx_word' id='word_1_676' title='bbox 2102 3603 2159 3649; x_wconf 90' lang='lat' dir='ltr'><strong>et</strong></span> <span class='ocrx_word' id='word_1_677' title='bbox 2188 3597 2326 3649; x_wconf 86' lang='lat' dir='ltr'><strong>circa</strong></span> <span class='ocrx_word' id='word_1_678' title='bbox 2350 3598 2529 3666; x_wconf 83' lang='lat' dir='ltr'><strong>viginti</strong></span> <span class='ocrx_word' id='word_1_679' title='bbox 2551 3615 2738 3654; x_wconf 89' lang='lat' dir='ltr'><strong>annos.</strong></span> <span class='ocrx_word' id='word_1_680' title='bbox 2761 3597 2972 3653; x_wconf 86' lang='lat' dir='ltr'><strong>Circum</strong></span> <span class='ocrx_word' id='word_1_681' title='bbox 2992 3598 3332 3668; x_wconf 90' lang='lat' dir='ltr'><strong>componitur</strong></span> <span class='ocrx_word' id='word_1_682' title='bbox 3354 3607 3410 3654; x_wconf 89' lang='lat' dir='ltr'><strong>et</strong></span> <span class='ocrx_word' id='word_1_683' title='bbox 3453 3601 3679 3670; x_wconf 89' lang='lat' dir='ltr'><strong>apponi-</strong></span> 
     </span>
    </p>
   </div>
   <div class='ocr_carea' id='block_1_94' title="bbox 2105 3687 3687 3763">
    <p class='ocr_par' dir='ltr' id='par_1_94' title="bbox 2105 3687 3687 3763">
     <span class='ocr_line' id='line_1_94' title="bbox 2105 3687 3687 3763; baseline 0.006 -24"><span class='ocrx_word' id='word_1_684' title='bbox 2105 3693 2215 3750; x_wconf 92' lang='lat' dir='ltr'><strong>tur,</strong></span> <span class='ocrx_word' id='word_1_685' title='bbox 2245 3694 2324 3752; x_wconf 90' lang='lat' dir='ltr'><strong>ut,</strong></span> <span class='ocrx_word' id='word_1_686' title='bbox 2349 3687 2678 3758; x_wconf 79' lang='lat' dir='ltr'><strong>circumfero,</strong></span> <span class='ocrx_word' id='word_1_687' title='bbox 2711 3690 2908 3744; x_wconf 88' lang='lat' dir='ltr'><strong>circum</strong></span> <span class='ocrx_word' id='word_1_688' title='bbox 2935 3707 3099 3745; x_wconf 90' lang='lat' dir='ltr'><strong>mare.</strong></span> <span class='ocrx_word' id='word_1_689' title='bbox 3135 3688 3354 3746; x_wconf 88' lang='lat' dir='ltr'><strong>Circiter</strong></span> <span class='ocrx_word' id='word_1_690' title='bbox 3382 3692 3449 3747; x_wconf 89' lang='lat' dir='ltr'><strong>ad</strong></span> <span class='ocrx_word' id='word_1_691' title='bbox 3476 3699 3687 3763; x_wconf 80' lang='lat' dir='ltr'><strong>tempus</strong></span> 
     </span>
    </p>
   </div>
   <div class='ocr_carea' id='block_1_95' title="bbox 2101 3777 3686 3854">
    <p class='ocr_par' dir='ltr' id='par_1_95' title="bbox 2101 3777 3686 3854">
     <span class='ocr_line' id='line_1_95' title="bbox 2101 3777 3686 3854; baseline 0.005 -24"><span class='ocrx_word' id='word_1_692' title='bbox 2101 3777 2273 3832; x_wconf 90' lang='lat' dir='ltr'><strong>solum</strong></span> <span class='ocrx_word' id='word_1_693' title='bbox 2297 3778 2548 3846; x_wconf 87' lang='lat' dir='ltr'><strong>pertinet,</strong></span> <span class='ocrx_word' id='word_1_694' title='bbox 2580 3786 2660 3845; x_wconf 90' lang='lat' dir='ltr'><strong>ut,</strong></span> <span class='ocrx_word' id='word_1_695' title='bbox 2687 3780 2892 3833; x_wconf 89' lang='lat' dir='ltr'><strong>circiter</strong></span> <span class='ocrx_word' id='word_1_696' title='bbox 2917 3780 3187 3836; x_wconf 87' lang='lat' dir='ltr'><strong>Kalendas</strong></span> <span class='ocrx_word' id='word_1_697' title='bbox 3206 3781 3520 3837; x_wconf 76' lang='lat' dir='ltr'><strong>Ianuarias.</strong></span> <span class='ocrx_word' id='word_1_698' title='bbox 3538 3783 3686 3854; x_wconf 87' lang='lat' dir='ltr'><strong>Erga</strong></span> 
     </span>
    </p>
   </div>
   <div class='ocr_carea' id='block_1_96' title="bbox 2100 3868 3686 3942">
    <p class='ocr_par' dir='ltr' id='par_1_96' title="bbox 2100 3868 3686 3942">
     <span class='ocr_line' id='line_1_96' title="bbox 2100 3868 3686 3942; baseline 0.006 -23"><span class='ocrx_word' id='word_1_699' title='bbox 2100 3881 2206 3920; x_wconf 90' lang='lat' dir='ltr'><strong>non</strong></span> <span class='ocrx_word' id='word_1_700' title='bbox 2228 3868 2588 3936; x_wconf 88' lang='lat' dir='ltr'><strong>componitur,</strong></span> <span class='ocrx_word' id='word_1_701' title='bbox 2609 3877 2663 3923; x_wconf 92' lang='lat' dir='ltr'><strong>et</strong></span> <span class='ocrx_word' id='word_1_702' title='bbox 2685 3869 2939 3926; x_wconf 72' lang='lat' dir='ltr'><strong>affectum</strong></span> <span class='ocrx_word' id='word_1_703' title='bbox 2981 3872 3277 3942; x_wconf 84' lang='lat' dir='ltr'><strong>signiﬁcat,</strong></span> <span class='ocrx_word' id='word_1_704' title='bbox 3311 3882 3391 3939; x_wconf 91' lang='lat' dir='ltr'><strong>ut,</strong></span> <span class='ocrx_word' id='word_1_705' title='bbox 3421 3874 3586 3929; x_wconf 84' lang='lat' dir='ltr'><strong>bonus</strong></span> <span class='ocrx_word' id='word_1_706' title='bbox 3606 3883 3686 3930; x_wconf 88' lang='lat' dir='ltr'><strong>est</strong></span> 
     </span>
    </p>
   </div>
   <div class='ocr_carea' id='block_1_97' title="bbox 2100 3959 3681 4034">
    <p class='ocr_par' dir='ltr' id='par_1_97' title="bbox 2100 3959 3681 4034">
     <span class='ocr_line' id='line_1_97' title="bbox 2100 3959 3681 4034; baseline 0.008 -28"><span class='ocrx_word' id='word_1_707' title='bbox 2100 3972 2221 4024; x_wconf 87' lang='lat' dir='ltr'><strong>erga</strong></span> <span class='ocrx_word' id='word_1_708' title='bbox 2272 3959 2608 4029; x_wconf 88' lang='lat' dir='ltr'><strong>propinquos.</strong></span> <span class='ocrx_word' id='word_1_709' title='bbox 2639 3959 2836 4014; x_wconf 84' lang='lat' dir='ltr'><strong>Contra</strong></span> <span class='ocrx_word' id='word_1_710' title='bbox 2886 3972 3170 4032; x_wconf 87' lang='lat' dir='ltr'><strong>separatur</strong></span> <span class='ocrx_word' id='word_1_711' title='bbox 3209 3973 3265 4017; x_wconf 90' lang='lat' dir='ltr'><strong>et</strong></span> <span class='ocrx_word' id='word_1_712' title='bbox 3295 3965 3637 4034; x_wconf 87' lang='lat' dir='ltr'><strong>componitur</strong></span> <span class='ocrx_word' id='word_1_713' title='bbox 3667 3983 3681 4018; x_wconf 90' lang='lat'><strong>:</strong></span> 
     </span>
    </p>
   </div>
   <div class='ocr_carea' id='block_1_98' title="bbox 2099 4047 3683 4126">
    <p class='ocr_par' dir='ltr' id='par_1_98' title="bbox 2099 4047 3683 4126">
     <span class='ocr_line' id='line_1_98' title="bbox 2099 4047 3683 4126; baseline 0.009 -29"><span class='ocrx_word' id='word_1_714' title='bbox 2099 4055 2281 4100; x_wconf 88' lang='lat' dir='ltr'><strong>contra</strong></span> <span class='ocrx_word' id='word_1_715' title='bbox 2311 4047 2648 4116; x_wconf 87' lang='lat' dir='ltr'><strong>adulterium,</strong></span> <span class='ocrx_word' id='word_1_716' title='bbox 2677 4060 2731 4106; x_wconf 91' lang='lat' dir='ltr'><strong>et</strong></span> <span class='ocrx_word' id='word_1_717' title='bbox 2782 4053 3104 4107; x_wconf 87' lang='lat' dir='ltr'><strong>contradico.</strong></span> <span class='ocrx_word' id='word_1_718' title='bbox 3148 4055 3319 4110; x_wconf 72' lang='lat' dir='ltr'><strong>Extra</strong></span> <span class='ocrx_word' id='word_1_719' title='bbox 3374 4056 3683 4126; x_wconf 90' lang='lat' dir='ltr'><strong>apponitur,</strong></span> 
     </span>
    </p>
   </div>
   <div class='ocr_carea' id='block_1_99' title="bbox 2099 4138 3686 4215">
    <p class='ocr_par' dir='ltr' id='par_1_99' title="bbox 2099 4138 3686 4215">
     <span class='ocr_line' id='line_1_99' title="bbox 2099 4138 3686 4215; baseline 0.009 -26"><span class='ocrx_word' id='word_1_720' title='bbox 2099 4143 2181 4203; x_wconf 90' lang='lat' dir='ltr'><strong>ut,</strong></span> <span class='ocrx_word' id='word_1_721' title='bbox 2208 4147 2355 4191; x_wconf 78' lang='lat' dir='ltr'><strong>extra</strong></span> <span class='ocrx_word' id='word_1_722' title='bbox 2379 4156 2476 4193; x_wconf 87' lang='lat' dir='ltr'><strong>me.</strong></span> <span class='ocrx_word' id='word_1_723' title='bbox 2509 4138 2679 4208; x_wconf 85' lang='lat' dir='ltr'><strong>Inter,</strong></span> <span class='ocrx_word' id='word_1_724' title='bbox 2702 4151 3012 4213; x_wconf 90' lang='lat' dir='ltr'><strong>utrumque,</strong></span> <span class='ocrx_word' id='word_1_725' title='bbox 3046 4154 3131 4209; x_wconf 94' lang='lat' dir='ltr'><strong>ut,</strong></span> <span class='ocrx_word' id='word_1_726' title='bbox 3160 4147 3299 4199; x_wconf 87' lang='lat' dir='ltr'><strong>inter</strong></span> <span class='ocrx_word' id='word_1_727' title='bbox 3341 4148 3563 4215; x_wconf 86' lang='lat' dir='ltr'><strong>amicos,</strong></span> <span class='ocrx_word' id='word_1_728' title='bbox 3605 4149 3686 4203; x_wconf 88' lang='lat' dir='ltr'><strong>in-</strong></span> 
     </span>
    </p>
   </div>
   <div class='ocr_carea' id='block_1_100' title="bbox 2098 4227 3680 4304">
    <p class='ocr_par' dir='ltr' id='par_1_100' title="bbox 2098 4227 3680 4304">
     <span class='ocr_line' id='line_1_100' title="bbox 2098 4227 3680 4304; baseline 0.008 -24"><span class='ocrx_word' id='word_1_729' title='bbox 2098 4227 2391 4295; x_wconf 81' lang='lat' dir='ltr'><strong>tervallum,</strong></span> <span class='ocrx_word' id='word_1_730' title='bbox 2425 4231 2698 4302; x_wconf 87' lang='lat' dir='ltr'><strong>interpres,</strong></span> <span class='ocrx_word' id='word_1_731' title='bbox 2749 4231 2898 4301; x_wconf 89' lang='lat' dir='ltr'><strong>cujus</strong></span> <span class='ocrx_word' id='word_1_732' title='bbox 2927 4234 3155 4304; x_wconf 79' lang='lat' dir='ltr'><strong>simplex</strong></span> <span class='ocrx_word' id='word_1_733' title='bbox 3208 4236 3262 4290; x_wconf 91' lang='lat' dir='ltr'><strong>in</strong></span> <span class='ocrx_word' id='word_1_734' title='bbox 3311 4251 3414 4291; x_wconf 90' lang='lat' dir='ltr'><strong>usu</strong></span> <span class='ocrx_word' id='word_1_735' title='bbox 3441 4252 3549 4291; x_wconf 89' lang='lat' dir='ltr'><strong>non</strong></span> <span class='ocrx_word' id='word_1_736' title='bbox 3575 4246 3680 4294; x_wconf 85' lang='lat' dir='ltr'><strong>est.</strong></span> 
     </span>
    </p>
   </div>
   <div class='ocr_carea' id='block_1_101' title="bbox 2097 4319 3680 4402">
    <p class='ocr_par' dir='ltr' id='par_1_101' title="bbox 2097 4319 3680 4402">
     <span class='ocr_line' id='line_1_101' title="bbox 2097 4319 3680 4402; baseline 0.008 -31"><span class='ocrx_word' id='word_1_737' title='bbox 2097 4319 2164 4372; x_wconf 88' lang='lat' dir='ltr'><strong>Et</strong></span> <span class='ocrx_word' id='word_1_738' title='bbox 2186 4319 2253 4373; x_wconf 88' lang='lat' dir='ltr'><strong>ab</strong></span> <span class='ocrx_word' id='word_1_739' title='bbox 2281 4321 2335 4374; x_wconf 89' lang='lat' dir='ltr'><strong>in</strong></span> <span class='ocrx_word' id='word_1_740' title='bbox 2361 4322 2500 4376; x_wconf 89' lang='lat' dir='ltr'><strong>inter</strong></span> <span class='ocrx_word' id='word_1_741' title='bbox 2521 4330 2575 4377; x_wconf 91' lang='lat' dir='ltr'><strong>et</strong></span> <span class='ocrx_word' id='word_1_742' title='bbox 2600 4325 2740 4378; x_wconf 87' lang='lat' dir='ltr'><strong>intra</strong></span> <span class='ocrx_word' id='word_1_743' title='bbox 2775 4333 3096 4390; x_wconf 88' lang='lat' dir='ltr'><strong>nascuntur;</strong></span> <span class='ocrx_word' id='word_1_744' title='bbox 3127 4344 3158 4380; x_wconf 88' lang='lat' dir='ltr'><strong>a</strong></span> <span class='ocrx_word' id='word_1_745' title='bbox 3186 4327 3280 4381; x_wconf 87' lang='lat' dir='ltr'><strong>sub</strong></span> <span class='ocrx_word' id='word_1_746' title='bbox 3304 4328 3512 4402; x_wconf 86' lang='lat' dir='ltr'><strong>subter,</strong></span> <span class='ocrx_word' id='word_1_747' title='bbox 3535 4344 3564 4382; x_wconf 90' lang='lat' dir='ltr'><strong>a</strong></span> <span class='ocrx_word' id='word_1_748' title='bbox 3584 4346 3680 4400; x_wconf 89' lang='lat' dir='ltr'><strong>pro</strong></span> 
     </span>
    </p>
   </div>
   <div class='ocr_carea' id='block_1_102' title="bbox 2097 4415 3684 4490">
    <p class='ocr_par' dir='ltr' id='par_1_102' title="bbox 2097 4415 3684 4490">
     <span class='ocr_line' id='line_1_102' title="bbox 2097 4415 3684 4490; baseline 0.009 -29"><span class='ocrx_word' id='word_1_749' title='bbox 2097 4420 2336 4478; x_wconf 87' lang='lat' dir='ltr'><strong>propter,</strong></span> <span class='ocrx_word' id='word_1_750' title='bbox 2362 4426 2390 4464; x_wconf 86' lang='lat' dir='ltr'><strong>a</strong></span> <span class='ocrx_word' id='word_1_751' title='bbox 2419 4415 2493 4465; x_wconf 84' lang='lat' dir='ltr'><strong>cis</strong></span> <span class='ocrx_word' id='word_1_752' title='bbox 2522 4416 2678 4480; x_wconf 89' lang='lat' dir='ltr'><strong>citra,</strong></span> <span class='ocrx_word' id='word_1_753' title='bbox 2699 4417 2765 4471; x_wconf 88' lang='lat' dir='ltr'><strong>ab</strong></span> <span class='ocrx_word' id='word_1_754' title='bbox 2786 4434 2851 4471; x_wconf 83' lang='lat' dir='ltr'><strong>ea:</strong></span> <span class='ocrx_word' id='word_1_755' title='bbox 2868 4428 3050 4485; x_wconf 79' lang='lat' dir='ltr'><strong>extra,</strong></span> <span class='ocrx_word' id='word_1_756' title='bbox 3073 4435 3103 4472; x_wconf 90' lang='lat' dir='ltr'><strong>a</strong></span> <span class='ocrx_word' id='word_1_757' title='bbox 3125 4436 3234 4489; x_wconf 69' lang='lat' dir='ltr'><strong>prae</strong></span> <span class='ocrx_word' id='word_1_758' title='bbox 3267 4430 3483 4490; x_wconf 67' lang='lat' dir='ltr'><strong>praeter.</strong></span> <span class='ocrx_word' id='word_1_759' title='bbox 3515 4421 3684 4476; x_wconf 65' lang='lat' dir='ltr'><strong>Iusta</strong></span> 
     </span>
    </p>
   </div>
   <div class='ocr_carea' id='block_1_103' title="bbox 2096 4508 3686 4599">
    <p class='ocr_par' dir='ltr' id='par_1_103' title="bbox 2096 4508 3686 4599">
     <span class='ocr_line' id='line_1_103' title="bbox 2096 4508 3686 4599; baseline 0.007 -41"><span class='ocrx_word' id='word_1_760' title='bbox 2096 4519 2196 4599; x_wconf 67' lang='lat' dir='ltr'><strong>prp</strong></span> <span class='ocrx_word' id='word_1_761' title='bbox 2213 4523 2372 4576; x_wconf 89' lang='lat' dir='ltr'><strong>prope</strong></span> <span class='ocrx_word' id='word_1_762' title='bbox 2392 4508 2631 4576; x_wconf 90' lang='lat' dir='ltr'><strong>ponitur,</strong></span> <span class='ocrx_word' id='word_1_763' title='bbox 2662 4516 2742 4574; x_wconf 87' lang='lat' dir='ltr'><strong>ut,</strong></span> <span class='ocrx_word' id='word_1_764' title='bbox 2764 4509 2927 4579; x_wconf 70' lang='lat' dir='ltr'><strong>juxta</strong></span> <span class='ocrx_word' id='word_1_765' title='bbox 2953 4520 3024 4576; x_wconf 85' lang='lat' dir='ltr'><strong>te,</strong></span> <span class='ocrx_word' id='word_1_766' title='bbox 3069 4511 3124 4566; x_wconf 91' lang='lat' dir='ltr'><strong>id</strong></span> <span class='ocrx_word' id='word_1_767' title='bbox 3166 4521 3272 4578; x_wconf 88' lang='lat' dir='ltr'><strong>est,</strong></span> <span class='ocrx_word' id='word_1_768' title='bbox 3296 4527 3462 4582; x_wconf 87' lang='lat' dir='ltr'><strong>prope</strong></span> <span class='ocrx_word' id='word_1_769' title='bbox 3485 4521 3559 4569; x_wconf 87' lang='lat' dir='ltr'><strong>te.</strong></span> <span class='ocrx_word' id='word_1_770' title='bbox 3588 4511 3686 4569; x_wconf 78' lang='lat' dir='ltr'><strong>So-</strong></span> 
     </span>
    </p>
   </div>
   <div class='ocr_carea' id='block_1_104' title="bbox 2095 4599 3686 4674">
    <p class='ocr_par' dir='ltr' id='par_1_104' title="bbox 2095 4599 3686 4674">
     <span class='ocr_line' id='line_1_104' title="bbox 2095 4599 3686 4674; baseline 0.008 -23"><span class='ocrx_word' id='word_1_771' title='bbox 2095 4599 2326 4653; x_wconf 85' lang='lat' dir='ltr'><strong>cundum</strong></span> <span class='ocrx_word' id='word_1_772' title='bbox 2350 4601 2482 4656; x_wconf 89' lang='lat' dir='ltr'><strong>duas</strong></span> <span class='ocrx_word' id='word_1_773' title='bbox 2509 4602 2672 4657; x_wconf 89' lang='lat' dir='ltr'><strong>habet</strong></span> <span class='ocrx_word' id='word_1_774' title='bbox 2699 4603 3122 4674; x_wconf 87' lang='lat' dir='ltr'><strong>signiﬁcationes</strong></span> <span class='ocrx_word' id='word_1_775' title='bbox 3147 4625 3159 4659; x_wconf 91' lang='lat'><strong>:</strong></span> <span class='ocrx_word' id='word_1_776' title='bbox 3188 4607 3589 4674; x_wconf 81' lang='lat' dir='ltr'><strong>proximitatem</strong></span> <span class='ocrx_word' id='word_1_777' title='bbox 3626 4614 3686 4663; x_wconf 88' lang='lat' dir='ltr'><strong>et</strong></span> 
     </span>
    </p>
   </div>
   <div class='ocr_carea' id='block_1_105' title="bbox 2093 4689 3685 4761">
    <p class='ocr_par' dir='ltr' id='par_1_105' title="bbox 2093 4689 3685 4761">
     <span class='ocr_line' id='line_1_105' title="bbox 2093 4689 3685 4761; baseline 0.007 -18"><span class='ocrx_word' id='word_1_778' title='bbox 2093 4690 2493 4746; x_wconf 69' lang='lat' dir='ltr'><strong>mmulationem</strong></span> <span class='ocrx_word' id='word_1_779' title='bbox 2541 4689 2874 4748; x_wconf 83' lang='lat' dir='ltr'><strong>:secundum</strong></span> <span class='ocrx_word' id='word_1_780' title='bbox 2911 4713 3030 4748; x_wconf 89' lang='lat' dir='ltr'><strong>eum</strong></span> <span class='ocrx_word' id='word_1_781' title='bbox 3078 4698 3248 4761; x_wconf 87' lang='lat' dir='ltr'><strong>sedeo,</strong></span> <span class='ocrx_word' id='word_1_782' title='bbox 3294 4707 3349 4753; x_wconf 89' lang='lat' dir='ltr'><strong>et</strong></span> <span class='ocrx_word' id='word_1_783' title='bbox 3397 4699 3685 4755; x_wconf 63' lang='lat' dir='ltr'><strong>secundum</strong></span> 
     </span>
    </p>
   </div>
   <div class='ocr_carea' id='block_1_106' title="bbox 2094 4780 3679 4856">
    <p class='ocr_par' dir='ltr' id='par_1_106' title="bbox 2094 4780 3679 4856">
     <span class='ocr_line' id='line_1_106' title="bbox 2094 4780 3679 4856; baseline 0.01 -24"><span class='ocrx_word' id='word_1_784' title='bbox 2094 4796 2263 4834; x_wconf 90' lang='lat' dir='ltr'><strong>mores</strong></span> <span class='ocrx_word' id='word_1_785' title='bbox 2291 4780 2406 4852; x_wconf 85' lang='lat' dir='ltr'><strong>ejus</strong></span> <span class='ocrx_word' id='word_1_786' title='bbox 2450 4783 2582 4837; x_wconf 84' lang='lat' dir='ltr'><strong>vivo.</strong></span> <span class='ocrx_word' id='word_1_787' title='bbox 2637 4783 2762 4838; x_wconf 80' lang='lat' dir='ltr'><strong>Haec</strong></span> <span class='ocrx_word' id='word_1_788' title='bbox 2791 4785 2856 4840; x_wconf 93' lang='lat' dir='ltr'><strong>de</strong></span> <span class='ocrx_word' id='word_1_789' title='bbox 2878 4789 3348 4856; x_wconf 71' lang='lat' dir='ltr'><strong>prazpositionibus</strong></span> <span class='ocrx_word' id='word_1_790' title='bbox 3387 4792 3679 4848; x_wconf 77' lang='lat' dir='ltr'><strong>accusativi</strong></span> 
     </span>
    </p>
   </div>
   <div class='ocr_carea' id='block_1_107' title="bbox 2095 4873 3682 4944">
    <p class='ocr_par' dir='ltr' id='par_1_107' title="bbox 2095 4873 3682 4944">
     <span class='ocr_line' id='line_1_107' title="bbox 2095 4873 3682 4944; baseline 0.009 -19"><span class='ocrx_word' id='word_1_791' title='bbox 2095 4887 2277 4939; x_wconf 88' lang='lat' dir='ltr'><strong>casus,</strong></span> <span class='ocrx_word' id='word_1_792' title='bbox 2314 4889 2433 4944; x_wconf 74' lang='lat' dir='ltr'><strong>qua:</strong></span> <span class='ocrx_word' id='word_1_793' title='bbox 2461 4873 2786 4931; x_wconf 71' lang='lat' dir='ltr'><strong>difﬁciliores</strong></span> <span class='ocrx_word' id='word_1_794' title='bbox 2831 4877 3176 4943; x_wconf 85' lang='lat' dir='ltr'><strong>videbantur.</strong></span> <span class='ocrx_word' id='word_1_795' title='bbox 3229 4880 3373 4939; x_wconf 84' lang='lat' dir='ltr'><strong>dicta</strong></span> <span class='ocrx_word' id='word_1_796' title='bbox 3413 4884 3511 4941; x_wconf 90' lang='lat' dir='ltr'><strong>tibi</strong></span> <span class='ocrx_word' id='word_1_797' title='bbox 3536 4883 3682 4940; x_wconf 79' lang='lat' dir='ltr'><strong>suill-</strong></span> 
     </span>
    </p>
   </div>
   <div class='ocr_carea' id='block_1_108' title="bbox 2096 4965 2260 5020">
    <p class='ocr_par' dir='ltr' id='par_1_108' title="bbox 2096 4965 2260 5020">
     <span class='ocr_line' id='line_1_108' title="bbox 2096 4965 2260 5020; baseline 0 -1"><span class='ocrx_word' id='word_1_798' title='bbox 2096 4965 2260 5020; x_wconf 88' lang='lat' dir='ltr'><strong>ciant.</strong></span> 
     </span>
    </p>
   </div>
   <div class='ocr_carea' id='block_1_109' title="bbox 2167 5075 3683 5145">
    <p class='ocr_par' dir='ltr' id='par_1_109' title="bbox 2167 5075 3683 5145">
     <span class='ocr_line' id='line_1_109' title="bbox 2167 5075 3683 5145; baseline 0.013 -18"><span class='ocrx_word' id='word_1_799' title='bbox 2167 5075 2266 5129; x_wconf 77' lang='lat' dir='ltr'><strong>Fn.</strong></span> <span class='ocrx_word' id='word_1_800' title='bbox 2307 5075 2610 5132; x_wconf 75' lang='lat' dir='ltr'><strong>Sufﬁciunt.</strong></span> <span class='ocrx_word' id='word_1_801' title='bbox 2645 5078 2751 5136; x_wconf 88' lang='lat' dir='ltr'><strong>Sed</strong></span> <span class='ocrx_word' id='word_1_802' title='bbox 2777 5083 2844 5138; x_wconf 87' lang='lat' dir='ltr'><strong>ad</strong></span> <span class='ocrx_word' id='word_1_803' title='bbox 2889 5085 3182 5143; x_wconf 88' lang='lat' dir='ltr'><strong>ablativum</strong></span> <span class='ocrx_word' id='word_1_804' title='bbox 3221 5097 3275 5144; x_wconf 88' lang='lat' dir='ltr'><strong>te</strong></span> <span class='ocrx_word' id='word_1_805' title='bbox 3299 5096 3468 5145; x_wconf 89' lang='lat' dir='ltr'><strong>totum</strong></span> <span class='ocrx_word' id='word_1_806' title='bbox 3498 5089 3683 5145; x_wconf 80' lang='lat' dir='ltr'><strong>fer.—</strong></span> 
     </span>
    </p>
   </div>
   <div class='ocr_carea' id='block_1_110' title="bbox 2100 5166 3675 5252">
    <p class='ocr_par' dir='ltr' id='par_1_110' title="bbox 2100 5166 3675 5252">
     <span class='ocr_line' id='line_1_110' title="bbox 2100 5166 3675 5252; baseline 0.011 -31"><span class='ocrx_word' id='word_1_807' title='bbox 2100 5166 2264 5222; x_wconf 65' lang='lat' dir='ltr'><strong>Ssxo.</strong></span> <span class='ocrx_word' id='word_1_808' title='bbox 2294 5167 2526 5224; x_wconf 85' lang='lat' dir='ltr'><strong>Ablativi</strong></span> <span class='ocrx_word' id='word_1_809' title='bbox 2557 5175 2967 5244; x_wconf 65' lang='lat' dir='ltr'><strong>praepositiones</strong></span> <span class='ocrx_word' id='word_1_810' title='bbox 2990 5183 3375 5252; x_wconf 70' lang='lat' dir='ltr'><strong>monosyllaba:</strong></span> <span class='ocrx_word' id='word_1_811' title='bbox 3399 5183 3482 5237; x_wconf 72' lang='lat' dir='ltr'><strong>lite</strong></span> <span class='ocrx_word' id='word_1_812' title='bbox 3509 5193 3636 5239; x_wconf 90' lang='lat' dir='ltr'><strong>sunt</strong></span> <span class='ocrx_word' id='word_1_813' title='bbox 3662 5202 3675 5238; x_wconf 89' lang='lat'><strong>:</strong></span> 
     </span>
    </p>
   </div>
   <div class='ocr_carea' id='block_1_111' title="bbox 2098 5258 3166 5340">
    <p class='ocr_par' dir='ltr' id='par_1_111' title="bbox 2098 5258 3166 5340">
     <span class='ocr_line' id='line_1_111' title="bbox 2098 5258 3166 5340; baseline 0.014 -29"><span class='ocrx_word' id='word_1_814' title='bbox 2098 5258 2163 5322; x_wconf 84' lang='lat' dir='ltr'><strong>A,</strong></span> <span class='ocrx_word' id='word_1_815' title='bbox 2190 5259 2275 5324; x_wconf 85' lang='lat' dir='ltr'><strong>ab,</strong></span> <span class='ocrx_word' id='word_1_816' title='bbox 2301 5259 2413 5325; x_wconf 81' lang='lat' dir='ltr'><strong>abs,</strong></span> <span class='ocrx_word' id='word_1_817' title='bbox 2445 5278 2491 5326; x_wconf 90' lang='lat' dir='ltr'><strong>e,</strong></span> <span class='ocrx_word' id='word_1_818' title='bbox 2516 5279 2600 5328; x_wconf 72' lang='lat' dir='ltr'><strong>ex,</strong></span> <span class='ocrx_word' id='word_1_819' title='bbox 2632 5264 2714 5330; x_wconf 87' lang='lat' dir='ltr'><strong>de,</strong></span> <span class='ocrx_word' id='word_1_820' title='bbox 2739 5284 2857 5337; x_wconf 90' lang='lat' dir='ltr'><strong>pro,</strong></span> <span class='ocrx_word' id='word_1_821' title='bbox 2877 5287 3008 5340; x_wconf 68' lang='lat' dir='ltr'><strong>prie,</strong></span> <span class='ocrx_word' id='word_1_822' title='bbox 3029 5289 3166 5325; x_wconf 90' lang='lat' dir='ltr'><strong>cum.</strong></span> 
     </span>
    </p>
   </div>
   <div class='ocr_carea' id='block_1_112' title="bbox 2167 5371 3679 5454">
    <p class='ocr_par' dir='ltr' id='par_1_112' title="bbox 2167 5371 3679 5454">
     <span class='ocr_line' id='line_1_112' title="bbox 2167 5371 3679 5454; baseline 0.011 -29"><span class='ocrx_word' id='word_1_823' title='bbox 2167 5371 2265 5426; x_wconf 83' lang='lat' dir='ltr'><strong>Fn.</strong></span> <span class='ocrx_word' id='word_1_824' title='bbox 2309 5373 2486 5441; x_wconf 88' lang='lat' dir='ltr'><strong>Quare</strong></span> <span class='ocrx_word' id='word_1_825' title='bbox 2534 5393 2640 5434; x_wconf 92' lang='lat' dir='ltr'><strong>non</strong></span> <span class='ocrx_word' id='word_1_826' title='bbox 2696 5381 2973 5449; x_wconf 85' lang='lat' dir='ltr'><strong>addidisti,</strong></span> <span class='ocrx_word' id='word_1_827' title='bbox 3033 5384 3493 5442; x_wconf 55' lang='lat' dir='ltr'><strong>cloud—Suo.</strong></span> <span class='ocrx_word' id='word_1_828' title='bbox 3544 5386 3679 5454; x_wconf 82' lang='lat' dir='ltr'><strong>Quia</strong></span> 
     </span>
    </p>
   </div>
   <div class='ocr_carea' id='block_1_113' title="bbox 2098 5464 3682 5551">
    <p class='ocr_par' dir='ltr' id='par_1_113' title="bbox 2098 5464 3682 5551">
     <span class='ocr_line' id='line_1_113' title="bbox 2098 5464 3682 5551; baseline 0.011 -34"><span class='ocrx_word' id='word_1_829' title='bbox 2098 5464 2272 5535; x_wconf 87' lang='lat' dir='ltr'><strong>magis</strong></span> <span class='ocrx_word' id='word_1_830' title='bbox 2299 5467 2616 5526; x_wconf 87' lang='lat' dir='ltr'><strong>adverbium</strong></span> <span class='ocrx_word' id='word_1_831' title='bbox 2647 5484 2749 5539; x_wconf 89' lang='lat' dir='ltr'><strong>est,</strong></span> <span class='ocrx_word' id='word_1_832' title='bbox 2775 5476 3091 5544; x_wconf 89' lang='lat' dir='ltr'><strong>qualitatem</strong></span> <span class='ocrx_word' id='word_1_833' title='bbox 3116 5477 3447 5547; x_wconf 86' lang='lat' dir='ltr'><strong>signiﬁcans,</strong></span> <span class='ocrx_word' id='word_1_834' title='bbox 3479 5477 3578 5551; x_wconf 85' lang='lat' dir='ltr'><strong>[et]</strong></span> <span class='ocrx_word' id='word_1_835' title='bbox 3600 5480 3682 5536; x_wconf 85' lang='lat' dir='ltr'><strong>di-</strong></span> 
     </span>
    </p>
   </div>
   <div class='ocr_carea' id='block_1_114' title="bbox 2097 5557 3680 5636">
    <p class='ocr_par' dir='ltr' id='par_1_114' title="bbox 2097 5557 3680 5636">
     <span class='ocr_line' id='line_1_114' title="bbox 2097 5557 3680 5636; baseline 0.011 -27"><span class='ocrx_word' id='word_1_836' title='bbox 2097 5557 2362 5613; x_wconf 89' lang='lat' dir='ltr'><strong>minuitur</strong></span> <span class='ocrx_word' id='word_1_837' title='bbox 2377 5571 2566 5618; x_wconf 90' lang='lat' dir='ltr'><strong>contra</strong></span> <span class='ocrx_word' id='word_1_838' title='bbox 2591 5569 3030 5636; x_wconf 86' lang='lat' dir='ltr'><strong>praepositionum</strong></span> <span class='ocrx_word' id='word_1_839' title='bbox 3055 5578 3336 5635; x_wconf 89' lang='lat' dir='ltr'><strong>naturam;</strong></span> <span class='ocrx_word' id='word_1_840' title='bbox 3359 5570 3516 5636; x_wconf 89' lang='lat' dir='ltr'><strong>clam,</strong></span> <span class='ocrx_word' id='word_1_841' title='bbox 3535 5571 3680 5626; x_wconf 84' lang='lat' dir='ltr'><strong>clan-</strong></span> 
     </span>
    </p>
   </div>
   <div class='ocr_carea' id='block_1_115' title="bbox 2097 5653 3682 5744">
    <p class='ocr_par' dir='ltr' id='par_1_115' title="bbox 2097 5653 3682 5744">
     <span class='ocr_line' id='line_1_115' title="bbox 2097 5653 3682 5744; baseline 0.015 -38"><span class='ocrx_word' id='word_1_842' title='bbox 2097 5653 2292 5710; x_wconf 84' lang='lat' dir='ltr'><strong>culum.</strong></span> <span class='ocrx_word' id='word_1_843' title='bbox 2321 5657 2387 5712; x_wconf 87' lang='lat' dir='ltr'><strong>Et</strong></span> <span class='ocrx_word' id='word_1_844' title='bbox 2413 5659 2530 5716; x_wconf 90' lang='lat' dir='ltr'><strong>sine</strong></span> <span class='ocrx_word' id='word_1_845' title='bbox 2559 5677 2688 5718; x_wconf 88' lang='lat' dir='ltr'><strong>casu</strong></span> <span class='ocrx_word' id='word_1_846' title='bbox 2717 5663 2952 5733; x_wconf 80' lang='lat' dir='ltr'><strong>proferri</strong></span> <span class='ocrx_word' id='word_1_847' title='bbox 2991 5674 3193 5743; x_wconf 87' lang='lat' dir='ltr'><strong>potest,</strong></span> <span class='ocrx_word' id='word_1_848' title='bbox 3239 5675 3317 5733; x_wconf 89' lang='lat' dir='ltr'><strong>ut,</strong></span> <span class='ocrx_word' id='word_1_849' title='bbox 3348 5669 3483 5726; x_wconf 83' lang='lat' dir='ltr'><strong>bona</strong></span> <span class='ocrx_word' id='word_1_850' title='bbox 3505 5679 3682 5744; x_wconf 80' lang='lat' dir='ltr'><strong>aperto</strong></span> 
     </span>
    </p>
   </div>
   <div class='ocr_carea' id='block_1_116' title="bbox 2103 5768 2606 5832">
    <p class='ocr_par' dir='ltr' id='par_1_116' title="bbox 2103 5768 2606 5832">
     <span class='ocr_line' id='line_1_116' title="bbox 2103 5768 2606 5832; baseline 0.02 -12"><span class='ocrx_word' id='word_1_851' title='bbox 2103 5768 2251 5832; x_wconf 75' lang='lat' dir='ltr'><strong>facit.</strong></span> <span class='ocrx_word' id='word_1_852' title='bbox 2281 5772 2424 5826; x_wconf 84' lang='lat' dir='ltr'><strong>mala</strong></span> <span class='ocrx_word' id='word_1_853' title='bbox 2448 5773 2606 5829; x_wconf 83' lang='lat' dir='ltr'><strong>clam.</strong></span> 
     </span>
    </p>
   </div>
  </div>
