4062 6346
36 1534 39 1633 l

492 343 593 406 899
1335 342 1395 397 Β.
1435 342 1499 398 F.
1537 338 1763 396 ALBINI
1802 338 1933 396 SEU
1972 333 2246 399 ALCUINI
2282 333 2565 391 OPERUM
2598 335 2780 393 PARS
2818 335 2921 392 VII.
3644 344 3758 411 900’

566 464 666 519 Fu.
706 459 947 533 Sequere
968 460 1455 521 exteras—Suo.
1482 456 1797 521 Dissvllabze
1822 474 1835 511 :
1865 471 2061 518 coram,
2093 452 2143 513 Α
2168 457 2224 505 et
2268 450 2460 521 absque
2484 452 2729 522 negativa
2759 460 2905 515 sunt,
2949 460 3029 518 ut,
3058 453 3171 508 sine
3196 452 3428 525 homine,
3453 464 3533 524 et,
3564 458 3755 534 absque

478 558 684 632 palam,
711 557 845 623 sine,
866 556 1076 627 absque,
1108 565 1277 611 tenus.

557 651 658 707 Fu.
694 650 994 709 Potestates
1017 646 1347 717 singularum
1397 658 1623 715 expone.
1651 639 1913 696 —-‘S.\xo.
1947 640 1992 695 A
2015 646 2069 694 et

476 746 553 803 ab
591 752 647 800 et
686 744 778 798 abs
814 749 872 800 et
894 758 922 795 e
949 747 1003 794 et
1026 756 1089 793 ex
1115 739 1357 793 eamdem
1387 736 1498 791 fere
1526 732 1933 805 signiﬁcationis
1960 732 2069 786 vim

482 838 708 899 bal-ent.
737 835 873 890 Nam
901 840 956 887 et
1000 832 1221 898 locales,
1260 838 1313 884 et
1340 827 1685 898 temporales,
1717 836 1770 882 et
1797 824 2069 881 ordinales

482 927 735 985 similiter
765 924 1131 987 inveniuntur,
1160 929 1240 987 ut,
1275 930 1349 975 est
1380 938 1412 975 a
1449 918 1624 983 domo,
1673 935 1705 972 a
1750 917 1853 980 die,
1909 932 1941 968 a
1979 924 2069 978 te;

487 1021 566 1077 sic
594 1028 649 1074 et
671 1027 885 1074 eastern.
922 1017 1029 1072 Sed
1050 1036 1082 1071 a
1108 1024 1162 1071 et
1180 1033 1208 1070 e
1239 1015 1437 1086 amplus
1482 1010 1905 1068 consonantibus
1933 1024 2070 1079 prte-

476 1118 778 1182 rponuntur,
824 1117 905 1175 ut,
952 1126 991 1165 a
1031 1107 1244 1179 templo,
1277 1104 1578 1160 e.culmine.
1614 1103 1732 1157 Alia
1778 1109 2069 1169 utrumque

486 1211 540 1263 et
564 1201 840 1256 vocalibus
856 1209 911 1255 et
931 1199 1375 1261 consonantibus,
1404 1196 1740 1267 oppositione
1770 1203 1824 1249 et
1851 1208 2070 1262 compo-

485 1294 680 1348 sitione
703 1292 1021 1363 junguntur,
1040 1299 1129 1356 aut,
1151 1290 1314 1355 abito,
1342 1289 1403 1342 ab
1427 1286 1780 1352 illo,abduco,
1812 1288 1875 1339 ab
1914 1287 2064 1339 hora.

483 1383 552 1438 Et
574 1399 712 1452 smpe
743 1384 771 1435 b
795 1382 1078 1453 euphoniae
1106 1397 1265 1435 causa
1312 1380 1364 1434 in
1397 1379 1557 1433 aliam
1610 1379 1906 1432 mutabitur
1927 1376 2071 1429 litte-

486 1489 636 1537 ram;
671 1475 725 1527 in
772 1490 818 1537 r,
862 1480 939 1537 ut,
986 1472 1217 1541 arripio;
1253 1470 1306 1524 in
1357 1486 1414 1535 u,
1448 1477 1528 1534 ut,
1586 1468 1802 1537 aufero;
1831 1468 1883 1520 in
1908 1485 1950 1529 s,
1985 1474 2065 1531 ut,

482 1573 715 1634 asporta.
757 1562 840 1616 Ea:
882 1576 1094 1631 quoque
1131 1576 1232 1631 pro
1284 1571 1429 1614 extra
1482 1559 1609 1630 poni
1672 1557 1961 1618 invenitur,
1984 1562 2063 1619 ut,

481 1657 724 1717 excludo,
774 1670 872 1724 pro
919 1653 1233 1708 extracludo
1264 1670 1276 1705 :
1312 1650 1503 1715 Exsul,
1534 1650 1609 1721 [id
1636 1647 1763 1720 est],
1790 1655 1946 1701 extra
1973 1660 2064 1699 so-

478 1749 613 1803 lum.
646 1746 803 1801 Modo
829 1760 928 1816 pro
947 1744 1097 1799 valde
1118 1741 1442 1815 [adverbio],
1475 1749 1552 1803 ut,
1590 1738 1843 1800 excelsus,
1876 1737 1928 1791 id
1957 1742 2059 1800 est,

2171 541 2397 597 homine.
2429 542 2495 594 Et
2518 544 2629 596 sine
2652 544 2949 614 anteposita
2981 554 3253 615 gravatur,
3284 556 3369 613 ut,-
3394 545 3506 606 εἰπε
3551 550 3756 617 tutiore.

2169 630 2471 703 Postposita
2498 635 2732 702 acuitur,
2761 635 2946 708 Virgil.
2974 636 3127 709 (/En.
3148 655 3203 705 ιι,
3234 638 3326 712 51)
3351 655 3366 694 :

2292 744 2345 799 Si
2366 745 2471 793 sine
2500 757 2618 807 pace
2644 752 2743 795 tua.

2173 848 2347 953 .Tenus
2379 852 2744 924 postponitur,
2786 863 2851 913 ut
2891 857 3176 926 hactenus,
3204 865 3259 915 et
3283 860 3521 934 genitivo
3541 878 3759 943 quoque

2165 951 2433 1012 iungitur,
2458 951 2525 998 ut
2565 961 2579 997 :

2266 1096 2280 1110 .
2308 1096 2319 1107 .
2350 1096 2361 1109 .
2385 1060 2591 1111 Crurutn
2614 1066 2762 1111 tenus
2780 1073 2811 1111 ι
2831 1066 3002 1113 uento
3020 1063 3531 1131 μιωῆιιρωιεοει,

2170 1156 2309 1215 Ecce
2337 1162 2503 1217 habes
2533 1166 2966 1234 praepositiones.

2240 1252 2337 1306 Fu.
2370 1252 2550 1309 Habeo
2577 1266 2848 1327 utcunque
2874 1275 2888 1313 :
2911 1260 3005 1313 sed
3026 1274 3134 1315 non
3154 1259 3328 1317 habeo
3356 1265 3640 1337 utriusque
3664 1283 3759 1325 ca-

2170 1357 2262 1397 sus
2290 1352 2521 1411 quatuor
2542 1362 2874 1403 communes.
2898 1380 2970 1390 —
2990 1351 3157 1406 Saxo.
3186 1350 3324 1419 Quid
3374 1356 3441 1409 de
3481 1356 3589 1411 illis
3609 1373 3758 1427 qua:-

2168 1432 2268 1499 ris,
2294 1435 2398 1489 nisi
2432 1437 2573 1504 quod
2600 1437 2841 1493 Donatus
2864 1441 3016 1505 dixit,
3044 1442 3189 1511 quod
3215 1445 3526 1498 accusativa
3544 1448 3674 1502 sunt
3700 1449 3755 1502 in

2167 1532 2223 1577 et
2242 1525 2357 1590 sub,
2384 1524 2510 1580 dum
2543 1528 2608 1580 ad
2646 1528 2819 1583 locum
2854 1532 2933 1585 ire
2962 1532 3197 1600 aliquem
3232 1551 3246 1586 :
3278 1542 3390 1588 tum
3438 1536 3753 1605 ablativum,

2168 1628 2288 1668 cum
2312 1618 2364 1670 in
2388 1617 2507 1673 loco
2538 1636 2657 1676 esse
2681 1623 2914 1691 aliquem
2961 1625 3269 1694 significant
3296 1625 3450 1698 [Ms.,
3477 1629 3751 1699 signiﬁca-

2164 1706 2332 1780 mus],
2384 1718 2466 1772 ut,
2512 1712 2566 1764 in
2612 1711 2788 1765 urbem
2820 1712 2971 1779 vado,
3002 1714 3057 1768 in
3084 1714 3373 1783 urbesum.
3410 1715 3520 1771 Sub
3551 1718 3751 1774 culmen

479 1840 635 1894 valde
659 1839 855 1894 celsus.
888 1837 1043 1892 Modo
1062 1836 1386 1906 privativum
1414 1840 1498 1887 est
1521 1832 1606 1887 vel
1626 1830 1955 1885 intonsivum
1973 1828 2059 1884 vel
2090 1804 2138 1867 Β
2163 1799 2626 1906 εοζπδηθ-ξαίηξηθ
2644 1822 2781 1906 ium-

477 1931 957 2004 perfectivum,ut,
981 1928 1231 1996 exstirpo,
1256 1926 1497 1989 extendo,
1526 1924 1727 1993 expleo.
1762 1922 1808 1976 Ε
1836 1923 1889 1976 in
1912 1935 2060 1976 com-

476 2023 745 2096 positione
770 2019 1096 2092 privativum
1120 2025 1206 2071 est
1231 2016 1316 2070 vel
1338 2015 1665 2069 intensivum
1693 2020 1749 2067 et
1775 2026 1873 2083 pro
1909 2021 2060 2064 extra

477 2115 860 2184 accipitur,ut,
893 2110 1081 2165 enodes
1102 2108 1295 2171 trunci,
1326 2123 1536 2169 enarro,
1562 2106 1746 2159 educo.
1774 2104 2060 2157 Derivatur

476 2210 545 2264 ab
563 2208 675 2271 abs,
692 2206 915 2274 absque.
948 2202 1082 2255 Nam
1112 2218 1230 2271 que,
1252 2200 1469 2269 quando
1488 2197 1652 2267 299
1673 2198 1780 2251 vim
1803 2205 1859 2251 et
1889 2194 2058 2265 signi-

475 2298 785 2353 ﬁcationem
816 2292 1212 2361 coniunctionis
1239 2306 1346 2345 non
1370 2290 1554 2352 habet,
1584 2287 1787 2357 syllaba
1816 2293 1921 2349 est,
1950 2300 2060 2341 non

473 2403 603 2459 pars
627 2386 908 2447 orationis,
937 2381 1284 2451 quomodo‘in
1312 2380 1519 2449 ubique,
1541 2377 1792 2445 undique,
1810 2377 2056 2447 denique,

454 2482 670 2551 itaque,
700 2479 902 2548 utique,
926 2485 1161 2545 uterque,
1194 2473 1514 2543 plerumque,
1547 2478 1602 2524 et
1630 2469 1751 2523 ideo
1777 2478 2058 2523 accentum

472 2588 583 2628 non
610 2579 839 2626 mutant.
874 2568 1146 2638 Deprima
1192 2564 1394 2635 syllaba
1442 2563 1646 2617 additio
1675 2561 1930 2632 syllabiea
1952 2568 2057 2626 est,

471 2680 581 2721 non
603 2661 930 2730 conjunctio,
952 2667 1016 2713 ut
1058 2658 1113 2713 in
1140 2655 1459 2727 pronomine
1482 2671 1539 2708 ce
1558 2662 1623 2715 et
1650 2663 1772 2718 met,
1800 2660 1852 2706 et
1878 2660 1946 2707 te.
1976 2651 2058 2705 De

470 2753 884 2810 memorativum
908 2757 1021 2813 est,
1046 2756 1108 2800 et
1130 2744 1483 2808 intensivum,
1509 2751 1565 2797 et
1590 2742 1961 2813 privativum:
1993 2742 2058 2795 de

444 2845 699 2907 'homine,
726 2841 964 2902 detraho,
1015 2840 1218 2891 desum.
1257 2836 1363 2889 Pro
1389 2836 1441 2889 in
1470 2835 1807 2904 appositione
1834 2839 1890 2889 et
1914 2846 2058 2888 eom-

464 2933 737 3007 positio‘ne
764 2931 949 2986 locslis
977 2927 1107 3000 [est]
1130 2936 1186 2982 et
1214 2925 1525 2995 temporalis
1550 2943 1562 2977 :
1586 2942 1678 2995 pro
1700 2926 1913 2995 templo,
1938 2940 2057 2985 pro-

467 3023 635 3077 video.
660 3022 733 3075 Et
761 3022 880 3075 loco
907 3036 934 3072 ε
956 3028 1014 3073 et
1028 3034 1206 3087 super,
1230 3016 1316 3069 vel
1341 3025 1482 3080 ante,
1511 3016 1595 3071 vel
1625 3015 1695 3068 ad
1723 3015 1803 3069 vel
1830 3017 1886 3069 in
1914 3015 2058 3071 acd—

446 3116 616 3185 -pitur
650 3131 663 3165 :
698 3111 987 3175 Prominet,
1019 3109 1141 3181 [pro
1165 3109 1386 3172 eminet,
1408 3107 1493 3162 vel
1514 3106 1645 3179 pro]
1666 3106 2051 3184 supereminet.

472 3206 581 3261 Pro
598 3207 753 3259 curia
798 3206 951 3274 signa
993 3204 1147 3257 sociis
1192 3201 1341 3265 dare,
1388 3199 1446 3253 id
1484 3206 1591 3264 est,
1641 3207 1768 3263 ante
1820 3197 2047 3257 curiam.

470 3296 659 3367 Virgil.
682 3294 836 3366 (En.
858 3310 913 3357 v,
931 3293 1058 3362 500)
1080 3310 1093 3346 :

736 3407 858 3457 Tum
880 3407 1047 3457 validis
1069 3407 1224 3455 ﬂexos
1241 3406 1494 3455 incurvant
1518 3402 1703 3453 viribus
1726 3413 1871 3453 arcus

737 3468 833 3518 Pro
854 3470 1147 3530 sequistu
1168 3469 1280 3527 viri,

444 3574 526 3631 "id
544 3581 649 3639 est,
675 3574 743 3628 ad
769 3588 895 3628 suas
913 3572 1080 3626 vires.
1106 3571 1214 3625 Pro
1244 3571 1561 3635 testimonio,
1604 3569 1658 3625 id
1685 3577 1788 3634 est,
1820 3569 1876 3623 in
1900 3569 2052 3624 testi-

468 3666 729 3721 monium.
762 3665 829 3719 Et
854 3679 954 3734 pro
982 3662 1351 3730 interiectione
1376 3662 1662 3728 accipitur,
1688 3668 1770 3725 ut,
1799 3660 1928 3729 proli
1955 3660 2050 3713 do-

436 3766 439 3767 '
468 3756 573 3823 lor,
596 3764 655 3811 et
674 3754 1136 3810 circumﬂectitur.
1166 3750 1290 3806 Prw
1318 3752 1373 3805 in
1419 3750 1757 3820 oppositione
1781 3750 1867 3805 vel
1895 3764 2046 3805 com—

430 3848 736 3920 "positione
763 3846 1057 3909 invenitur,
1081 3852 1157 3908 et,
1176 3844 1250 3896 ad
1274 3842 1356 3897 vel
1376 3843 1439 3896 ob
1462 3842 1544 3897 vel
1580 3859 1757 3912 super,
1786 3841 1871 3897 vel
1897 3843 2048 3897 valde

470 3940 553 3994 vel
581 3950 700 3993 ante
717 3936 1006 4009 signiﬁcat.
1038 3936 1255 3989 Terent.
1295 3952 1308 3986 :
1335 3931 1632 4003 Contempsi
1662 3932 1810 3985 illum
1834 3933 1920 3986 hic
1938 3944 2046 4001 pro:

434 4054 435 4057 η
466 4028 696 4092 ηιε,·ἰιοο
714 4035 821 4092 est,
848 4026 915 4080 ad
938 4023 1395 4093 comparationem
1422 4022 1547 4076 mei.
1580 4022 1710 4075 Item
1739 4039 1752 4074 :
1778 4020 1838 4089 ﬁt
1854 4022 2048 4074 misera

466 4135 577 4189 pro:
603 4134 801 4180 amore,
829 4118 883 4170 id
912 4124 1016 4179 est,
1038 4116 1110 4169 ob
1129 4128 1391 4170 amorem.
1417 4112 1684 4167 Prtesideo
1723 4110 1804 4183 [id
1829 4111 1939 4184 est]
1956 4126 2050 4165 su-

434 4208 748 4279 persedeo.
777 4206 1130 4271 Prwvalidus,
1162 4206 1317 4261 valde
1355 4204 1585 4259 validus.
1630 4202 1894 4271 Praedico,
1921 4212 2047 4259 ante

468 4299 609 4353 dico.
636 4296 773 4352 Cum
802 4299 1112 4369 praipositio
1134 4306 1219 4354 est
1240 4297 1563 4369 copulativa,
1582 4306 1661 4362 ut,
1686 4314 1805 4351 cum
1825 4296 2045 4353 ducibus

465 4388 623 4443 uado.
652 4390 721 4443 Et
744 4405 1016 4458 nunquam
1043 4390 1400 4458 componitur,
1427 4388 1551 4456 quia
1581 4403 1677 4440 con
1709 4388 1760 4441 in
1788 4388 1905 4458 ejus
1926 4387 2044 4442 loco

426 4479 524 4535 "Sin
548 4481 939 4551 compositione
966 4480 1216 4548 ponitur;
1248 4486 1329 4542 ut,
1361 4493 1636 4541 concunro,
1674 4480 1952 4573 contraho‘
1976 4479 2043 4534 Et
2074 4510 2126 4572 υ

464 4573 744 4627 sciendum
795 4577 883 4625 est
926 4571 1069 4639 quod
1098 4585 1197 4622 con
1244 4577 1300 4622 et
1335 4570 1394 4622 in
1444 4577 1571 4623 tunc
1593 4575 1804 4621 mutant
1832 4570 1943 4623 nisi
1967 4586 2042 4637 m,

460 4662 682 4734 quando
706 4661 735 4714 b
778 4661 861 4715 vel
886 4677 937 4713 m
967 4658 1052 4714 vel
1076 4677 1109 4729 p
1136 4658 1399 4728 sequitur,
1418 4666 1501 4721 ut,
1547 4656 1811 4721 comburo,
1844 4658 2043 4726 imbue,

458 4757 775 4819 comminus,
804 4754 1071 4817 immunis,
1117 4750 1388 4822 compello,
1420 4749 1649 4821 impelle.
1676 4751 1827 4805 Tunc
1856 4768 1891 4805 n
1914 4766 2044 4806 cou-

452 4855 683 4901 -vertunt
704 4848 758 4900 in
787 4854 1074 4914 sequentes
1096 4850 1476 4907 consonantes,
1504 4840 1763 4911 quando!
1792 4841 1875 4896 vel
1906 4859 1933 4894 r
1958 4856 2043 4895 se-

462 4939 670 5010 quitur,
699 4944 780 5001 ut,
811 4935 1023 5000 collido,
1045 4934 1216 5000 illido,
1261 4934 1508 5003 corripio,
1554 4933 1719 4985 irruo.
1749 4930 1879 4985 Cum
1905 4946 2040 5001 quo-

461 5046 567 5100 que
584 5028 932 5099 postponitur
957 5026 1277 5098 quibusdam
1328 5023 1736 5093 pronominibus
1761 5022 2040 5092 euphouire

461 5136 646 5187 causa,
686 5127 773 5185 ut,
826 5134 1058 5182 mecum,
1120 5124 1309 5179 tecum,
1365 5130 1560 5179 secum,
1607 5112 1906 5177 nobiscum,
1944 5126 2040 5171 uo-

460 5216 751 5280 biscum,et
771 5210 1193 5282 antepcnultima
1208 5209 1263 5262 in
1284 5208 1369 5273 his
1396 5208 1665 5272 elevatur;
1693 5207 1810 5263 aliis
1830 5215 2045 5277 postpo-

460 5306 566 5365 sita
590 5306 819 5372 acuitur,
835 5313 918 5368 ut,
942 5318 1184 5375 quocum,
1202 5316 1448 5370 quacum,
1463 5300 1695 5370 quicum,
1710 5298 2034 5370 quibuscum.

462 5397 654 5455 Coram
702 5399 769 5457 ad
818 5412 1080 5470 personas
1105 5394 1361 5465 pertinet,
1398 5402 1479 5457 ut,
1512 5409 1688 5446 coram
1716 5408 1816 5454 me,
1860 5400 1930 5456 te,
1960 5406 2034 5443 se.

462 5484 655 5547 Palam
678 5489 745 5545 ad
772 5488 955 5544 omnia
978 5486 1261 5558 accipitur,
1288 5493 1368 5551 ut,
1397 5482 1573 5556 palam
1612 5482 1870 5537 omnibus.
1909 5480 2036 5537 Sine

536 5653 563 5683 ι
594 5641 765 5711 Virg,
789 5641 984 5711 Georg.
1020 5657 1104 5707 ιιι,
1129 5640 1216 5694 55.

533 5711 562 5752 δ
597 5711 728 5765 Ibid.
742 5752 755 5773 ,
792 5712 916 5764 462.

535 5791 558 5819 ο
592 5779 802 5850 Virgil.,
824 5780 1040 5837 IEneid.
1070 5796 1112 5848 ι,
1134 5779 1256 5837 666.

2234 1890 2331 1945 Fa.
2370 1892 2483 1947 Ηοιτ
2510 1895 2708 1965 placet,
2742 1897 2835 1951 sed
2862 1897 2985 1968 plus
3023 1913 3228 1968 quaero.
3259 1930 3330 1940 —
3350 1899 3517 1955 Suo.
3550 1900 3691 1968 Quid
3719 1917 3749 1957 a

2159 1999 2248 2038 me
2273 1986 2495 2054 qumris,
2528 1986 2572 2040 si
2598 1988 2693 2042 tibi
2722 1987 2963 2044 Donatus
2990 2006 3096 2044 nou
3120 1990 3353 2047 suﬂicit?

2235 2073 2331 2127 Fu.
2369 2072 2485 2126 Non
2516 2088 2545 2126 a
2575 2082 2628 2126 te
2658 2082 2808 2129 tanta
2846 2079 3187 2145 quaesissem,
3241 2081 3287 2135 si
3330 2080 3574 2137 Donatus
3620 2083 3751 2139 mihi

2160 2163 2458 2222 suffecisset
2486 2162 2643 2234 [Ms.,
2691 2164 3001 2238 suﬂieeret].
3030 2198 3100 2207 —
3122 2167 3288 2221 Saxo.
3310 2166 3448 2221 Nam
3476 2170 3556 2235 in,
3580 2171 3627 2225 si
3654 2189 3750 2242 pro

2134 2260 2347 2313 'contra
2368 2257 2453 2311 vel
2486 2256 2554 2309 ad
2581 2272 2600 2308 :
2632 2264 2685 2310 et
2710 2256 2823 2319 sub,
2853 2258 2897 2311 si
2928 2272 3028 2325 pro
3069 2266 3193 2310 ante
3238 2256 3323 2311 vel
3360 2272 3461 2326 pro
3484 2275 3578 2327 per
3596 2262 3750 2329 poni-

2140 2356 2271 2414 tur,
2300 2346 2607 2401 accusativo
2624 2346 2887 2416 jungitur,
2917 2355 2995 2411 ut,
3020 2347 3075 2401 in
3111 2348 3335 2413 hostem,
3358 2348 3461 2403 hoc
3487 2358 3593 2415 est,
3622 2367 3748 2408 con-

2159 2447 2247 2493 tra
2274 2440 2504 2494 hostem.
2532 2436 2620 2502 Et,
2644 2438 2699 2490 in
2719 2438 2934 2507 puppim
2958 2436 3158 2492 rediere
3182 2447 3340 2505 rates,
3363 2455 3496 2510 pro:
3521 2441 3589 2496 ad
3613 2456 3749 2514 pup-

2198 2545 2295 2583 Im.

2158 2544 2357 2668 plms.th
2380 2618 2538 2667 lucem
2562 2624 2806 2669 esomant
2827 2616 2951 2681 (At,
2970 2618 3271 2681 asportans)
3290 2614 3572 2684 ωιιιιιω,

2159 2738 2279 2795 pro,
2308 2731 2430 2777 ante
2453 2722 2649 2777 lucem.
2684 2722 2785 2777 Et:

2380 2852 2392 2865 .
2414 2852 2425 2863 .
2450 2851 2464 2866 .
2488 2852 2502 2865 .
2527 2855 2538 2866 .
2565 2854 2578 2867 .
2603 2856 2614 2865 .
2637 2818 2742 2868 Sub
2763 2823 2955 2867 noctem
2979 2829 3095 2868 cura
3112 2824 3341 2869 recursat
3356 2822 3404 2883 ο,

2154 2921 2272 2978 pro,
2295 2922 2392 2978 per
2408 2916 2639 2963 noctem.
2668 2908 2733 2962 In
2757 2909 2915 2964 modo
2939 2910 2991 2964 in
3012 2911 3400 2980 compositione
3419 2910 3741 2981 privativum

2158 3000 2259 3061 est,
2309 3005 2389 3062 ut,
2440 2998 2687 3067 injustus,
2738 2998 3004 3067 improbus
3034 3012 3052 3050 :
3082 3000 3242 3054 modo
3283 3001 3635 3067 intensivum,
3664 3012 3739 3068 ut,

2156 3086 2422 3157 imprimo,
2441 3088 2644 3141 incuso.
2665 3087 2774 3143 Sub
2792 3095 2875 3142 est
2893 3096 2949 3141 et
2966 3088 3173 3153 localis,
3192 3098 3270 3153 ut,
3288 3091 3465 3153 subeo,
3486 3092 3736 3162 subpono.

2077 3164 2127 3227 α
2156 3178 2254 3233 Est
2275 3186 2329 3232 et
2354 3179 2755 3243 diminutivum,
2785 3187 2861 3241 ut,
2910 3177 3177 3244 subrideo,
3228 3180 3281 3234 id
3320 3189 3426 3247 est,
3471 3182 3739 3253 paululum

2157 3270 2340 3334 rideo;
2368 3270 2660 3324 subtristis.
2686 3270 2753 3322 Et
2776 3269 2831 3322 in
2850 3277 3166 3338 sequentem
3184 3264 3365 3325 tmutat
3392 3272 3422 3323 b
3444 3262 3739 3332 censentiu-

2157 3368 2288 3424 tem,
2318 3360 2363 3414 si
2399 3377 2445 3423 c,
2491 3360 2573 3415 vel
2600 3361 2641 3428 Ι,
2668 3377 2720 3429 g,
2744 3377 2815 3424 m,
2845 3360 2929 3415 vel
2970 3377 3004 3430 ρ
3042 3362 3309 3431 sequitur,
3343 3371 3403 3417 ut
3442 3366 3734 3427 succumbo,

2154 3451 2370 3518 su/fero,
2394 3450 2896 3520 suggero,submitto
2924 3449 3134 3522 [Furta
3150 3450 3733 3524 sumnutto],wppom.

2155 3540 2347 3611 Super,
2379 3543 2422 3596 si
2449 3556 2545 3612 pro
2570 3558 2738 3611 supra
2754 3544 3002 3621 ponitur,
3028 3544 3399 3605 accusativum
3426 3553 3523 3609 est,
3550 3554 3626 3607 ut,

2343 3655 2478 3703 Saeva
2499 3653 2681 3702 sedens
2701 3667 2852 3717 super
2876 3668 3008 3704 arma
3035 3657 3086 3717 ά,

2151 3760 2206 3814 id
2249 3768 2352 3824 est,
2404 3775 2587 3831 supra.
2643 3758 2702 3825 Si
2745 3761 2811 3815 de
2850 3761 2933 3815 vel
2978 3762 3034 3815 in
3085 3761 3391 3835 signiﬁcat,
3439 3762 3731 3829 ablativum

2150 3862 2254 3918 est,
2292 3860 2352 3915 ut
2393 3872 2405 3905 :
3134 3836 3139 3841 1

2367 3941 2517 3993 Multa
2542 3954 2691 4005 super
2716 3942 2913 3995 Priamo
2942 3946 3165 4007 rogitans
3186 3945 3232 3993 ⁸.

2150 4023 2254 4089 hoc
2276 4033 2380 4091 est,
2415 4026 2481 4081 de
2508 4026 2744 4080 Priamo.
2771 4026 2903 4080 Item
2931 4044 2944 4079 :

2338 4120 2529 4170 Fronde
2552 4134 2702 4183 super
2719 4122 2859 4170 viridi
2872 4162 2875 4165 .
2888 4118 2933 4184 ι,

2148 4202 2205 4259 id
2253 4213 2353 4272 est,
2403 4205 2457 4260 in
2487 4205 2663 4260 viridi.
2720 4205 2850 4260 Item
2885 4205 3062 4263 subter
3099 4205 3467 4275 accusativum
3519 4215 3627 4275 est,
3674 4215 3732 4265 ιιι

2148 4299 2326 4353 subter
2352 4308 2566 4354 terram.
2602 4299 2735 4355 Item
2774 4300 3093 4367 ablativum,
3143 4300 3320 4357 subter
3361 4302 3528 4359 densa
3574 4312 3731 4365 testu-

2148 4391 2289 4446 dine.
3534 4372 3539 4377 ⁷

2219 4483 2316 4536 Fu.
2358 4483 2510 4538 Unde
2556 4485 2806 4539 dicuntur
2827 4484 3072 4551 quredam
3097 4486 3505 4555 przepositiones
3542 4487 3734 4559 loque-

2148 4574 2325 4629 larcs?
2350 4605 2420 4613 —
2438 4574 2601 4629 Saxo.
2626 4575 2761 4653 Quia
2791 4590 3004 4642 semper
3046 4576 3097 4629 in
3133 4578 3525 4646 compositione
3550 4578 3733 4647 loque-

2144 4663 2230 4729 lis,
2264 4666 2315 4718 id
2338 4672 2421 4719 est
2441 4665 2785 4731 dictionibus,
2812 4674 3227 4739 componuntur,
3250 4677 3306 4733 et
3326 4678 3452 4722 sunt
3478 4684 3575 4722 sex
3601 4688 3614 4722 :
3652 4669 3730 4733 di,

2144 4757 2247 4821 dis,
2298 4774 2367 4820 re,
2407 4773 2462 4811 se
2511 4774 2579 4810 an
2633 4756 2780 4828 [Ms.,
2806 4755 2936 4829 um],
2969 4773 3085 4823 con,
3121 4764 3201 4821 ut,
3224 4759 3439 4823 diduco,
3468 4759 3728 4824 distraho,

2144 4862 2375 4909 recurro,
2442 4847 2663 4911 recubo,
2712 4846 3015 4919 amplector,
3061 4862 3281 4918 congero
3314 4846 3465 4920 [Ms.,
3518 4865 3732 4918 congre-

2142 4935 2302 5009 dior].
2336 4935 2403 4989 Di
2430 4938 2645 5005 quidem
2674 4946 2727 4991 et
2770 4937 2850 4990 dis
2892 4938 3194 5005 separativa
3223 4947 3368 5001 sunt,
3400 4947 3455 4992 et
3481 4940 3730 4994 eamdem

2142 5026 2588 5097 signiﬁcationem
2614 5028 2812 5089 habent
2840 5029 3108 5096 quomodo
3148 5028 3212 5081 ab
3245 5038 3298 5083 et
3323 5029 3434 5083 abs.
3471 5028 3564 5094 Ut,
3597 5030 3730 5087 dici-

2139 5116 2227 5179 do,
2255 5117 2515 5171 distraho.
2549 5118 2615 5171 Et
2644 5118 2724 5170 dis
2748 5120 3109 5187 componitur,
3152 5121 3365 5189 quando
3411 5122 3659 5190 sequitur
3678 5139 3728 5186 ι’,

2137 5208 2179 5281 Ῑ,
2210 5227 2264 5279 p,
2293 5227 2338 5274 s,
2368 5220 2386 5263 t
2424 5218 2475 5263 et
2506 5211 2523 5261 i
2572 5210 2687 5263 loco
2717 5212 3083 5275 consonantis,
3108 5220 3187 5275 ut,
3217 5211 3483 5278 discurro,
3513 5215 3725 5285 diﬂ’ero,

2136 5301 2397 5371 di/fundo,
2425 5318 2448 5353 s
2476 5302 2529 5356 in
2560 5301 2813 5371 [mutata
2831 5304 3115 5373 euphonia:
3138 5319 3331 5367 causa;
3362 5305 3723 5377 disputo,dis-

2134 5408 2269 5457 sero,
2294 5392 2832 5463 distraho,disjungo.
2859 5393 2913 5448 In
2930 5394 3049 5450 aliis
3070 5396 3491 5450 consonantibus
3510 5397 3565 5448 di
3585 5410 3719 5465 prc-

2133 5486 2348 5557 ponitur
2373 5504 2384 5538 :
2409 5485 2622 5552 diduco,
2646 5485 2845 5556 digero,
2869 5487 3038 5554 diluo,
3066 5487 3291 5553 dimitto,
3315 5488 3501 5552 diruo,‘
3522 5494 3577 5543 et
3590 5485 3719 5551 Μία

2204 5639 2228 5677 ἀ
2260 5639 2471 5710 Virgil.,
2504 5640 2719 5696 Eneto.
2746 5658 2786 5708 ι,
2814 5642 2937 5698 295.

2209 5721 2231 5747 ο
2255 5710 2413 5774 Ibid.,
2447 5712 2568 5765 750.

2208 5778 2226 5815 ί
2264 5780 2445 5851 Virgil.
2478 5781 2659 5852 Eclog.
2691 5799 2730 5849 ι,
2758 5784 2843 5839 8i.
