4062 6346
557 323 663 381 903

1370 332 1428 386 Β.
1467 332 1529 387 F.
1568 328 1794 387 ALBINI
1832 329 1965 388 SEU
2003 329 2278 389 ALCUINI
2314 330 2599 389 OPERUM
2630 331 2811 390 PARS
2847 332 2959 391 VII.

3698 342 3810 402 θοι

556 458 755 515 aequus,
781 439 836 498 id
861 448 965 508 est,
987 439 1167 512 justus
1187 456 1287 513 per
1312 443 1416 499 duo
1441 462 1495 498 u.
1524 445 1631 500 Sed
1663 456 1845 501 tamen
1872 447 1986 502 haec
2012 461 2129 501 om-
2154 453 2202 510 Α
2231 462 2489 503 numerus
2515 464 2727 519 quoque
2768 450 3097 521 syllabarum
3117 454 3333 512 crescit.
3363 454 3625 516 Similiter
3655 462 3806 519 enim

555 532 646 587 nia
668 548 768 603 per
786 547 830 585 te
858 532 1225 603 diphthongon
1256 534 1537 589 scribenda
1560 544 1703 590 sunt.
1735 535 1913 606 Equus
1938 537 1985 591 si
2014 537 2128 590 ani-

555 621 666 677 mal
706 621 993 693 signiﬁcat,
1024 636 1121 691 per
1160 622 1457 693 simplicem
1492 640 1520 678 e
1548 625 1712 680 scribi
1754 626 1933 681 debet.
1964 624 2126 697 [Aula

555 711 746 768 Latine
770 714 960 769 domus
993 713 1141 785 regia
1169 722 1270 780 est,
1298 723 1354 769 et
1376 729 1475 784 per
1501 732 1535 769 a
1564 716 1839 771 scribitur.
1869 716 2002 770 Aule
2025 730 2127 785 per

553 802 850 873 simplicem
878 819 926 869 e,
956 801 1143 858 Gmce
1178 804 1377 859 atrium
1411 804 1626 861 dicitur.
1661 805 1787 861 Ideo
1830 806 1886 860 in
1917 806 2125 876 psalmo

553 892 644 947 ubi
672 893 935 965 legimus:
963 895 1192 951 Adorate
1214 897 1497 953 Dominum
1538 899 1595 954 in
1634 898 1760 954 aula
1796 908 1979 954 sancta
2009 899 2123 969 ejus

552 980 779 1053 (Psalm.
802 999 994 1050 xxvm,
1021 984 1109 1057 2),
1154 1001 1260 1041 non
1291 988 1548 1057 palatium
1589 989 1724 1044 aulae
1763 990 2001 1057 nomine,
2030 990 2125 1045 sed

548 1072 747 1127 atrium
774 1073 964 1130 Graeco
991 1077 1251 1132 vocabulo
1281 1078 1438 1134 debet
1474 1079 1747 1154 intelligi.]
1772 1080 1938 1135 Aulea
1973 1098 2072 1153 per
2095 1099 2124 1137 e

548 1163 595 1218 si
621 1165 848 1219 tentoria
878 1166 1164 1236 signiﬁcat.
1194 1168 1346 1225 Unde
1369 1178 1423 1224 et
1447 1170 1500 1225 in
1528 1170 1665 1227 Isaia
1687 1172 1842 1241 juxta
1870 1172 2014 1229 LXX
2042 1175 2124 1229 in-

546 1260 852 1325 terpretes:
891 1256 1073 1311 Dilata
1113 1257 1283 1312 locum
1325 1261 1647 1317 tabernaculi
1686 1264 1794 1330 tui,
1828 1272 1878 1319 et
1923 1280 2124 1323 ausus

547 1353 665 1401 tuas
702 1348 922 1417 confige.
946 1346 1185 1403 Actuarii
1210 1364 1333 1405 cum
1357 1368 1411 1417 ιι,
1444 1353 1498 1407 id
1527 1361 1631 1420 est,
1656 1353 1888 1412 diversis
1912 1357 2124 1414 actibus

545 1438 790 1507 occupati
829 1438 1099 1494 dicuntur.
1140 1441 1340 1495 Actarii
1382 1457 1508 1498 vero
1552 1445 1844 1516 scriptores
1878 1456 2123 1505 actorum

546 1528 883 1597 appellantur
906 1529 1033 1601 Ulla.
1069 1530 1223 1602 Reg.,
1252 1533 1608 1591 Actuarius...
1635 1537 1879 1613 dicitur].

612 1639 774 1710 302
813 1639 970 1713 [Ante
1016 1644 1326 1714 praepositio
1353 1647 1522 1702 multa
1558 1649 1857 1720 signiﬁcat;
1904 1667 2036 1707 nam
2063 1662 2121 1709 et

454 1764 493 1801 ε,
542 1738 751 1801 tempus
775 1731 1061 1803 signiﬁcat,
1086 1749 1208 1789 cum
1231 1735 1458 1791 dicitur:
1488 1738 1622 1792 Ante
1641 1740 1777 1794 diem
1801 1740 1988 1811 festum
2012 1741 2117 1797 Pa-
2146 1806 2191 1817 _
2229 1731 2486 1817 "Af’enai
2510 1731 2556 1817 Si
2580 1731 2654 1817 θίξ
2674 1736 2725 1817 8f

538 1824 677 1878 scita:
705 1822 886 1895 (Joan.
923 1841 1054 1892 xm,
1085 1827 1159 1898 1).
1199 1828 1266 1883 Ει
1296 1831 1634 1898 praesentiam
1675 1806 1975 1901 signiﬁcat,
2015 1842 2113 1890 ut:

2220 1808 2473 1878 Habcna,
2514 1814 2559 1867 si
2591 1812 2657 1867 ad
2698 1806 2995 1871 retinacula
3031 1816 3433 1887 iumentorum,
3474 1836 3572 1892 per
3600 1825 3635 1876 lt
3671 1832 3727 1878 et
3764 1824 3795 1877 b

538 1913 671 1967 Ante
717 1925 1045 1985 conspectum
1090 1919 1319 1987 gentium
1368 1920 1609 1974 reuelabit
1645 1922 1912 1991 justitiam
1964 1941 2117 1979 suam

474 2006 481 2013 °
541 2002 714 2075 (Psal.
742 2020 908 2073 xcvu,
943 2006 1023 2079 2),
1069 2008 1123 2063 id
1156 2017 1258 2075 est,
1289 2025 1471 2065 coram
1498 2013 1766 2083 gentibus.
1795 2014 1863 2069 Et
1889 2016 2117 2087 dignita-

537 2099 667 2159 tem,
692 2101 790 2148 ιιι-ε
816 2094 1000 2152 Posuit
1020 2096 1277 2169 Ephraim
1302 2109 1421 2155 ante
1451 2101 1735 2158 Manassen
1756 2101 2112 2175 (Gen.x1.vm,

534 2181 645 2254 20).
679 2184 743 2239 Et
767 2200 782 2238 :
809 2189 900 2256 qui
926 2198 1041 2259 post
1069 2206 1151 2243 me
1177 2192 1335 2255 venit,
1363 2200 1484 2246 ante
1512 2208 1592 2247 me
1628 2193 1801 2262 factus
1831 2204 1907 2250 est
1929 2196 2110 2269 (Joan.

535 2287 621 2339 xv,
645 2272 759 2345 27),
784 2275 838 2331 id
865 2285 968 2344 est,
999 2279 1133 2333 mihi
1155 2280 1457 2353 praelatus]

601 2381 804 2454 Arguo,
832 2388 985 2457 argui
1028 2396 1085 2444 et
1109 2400 1353 2461 argutum
1374 2433 1389 2459 ,
1432 2391 1486 2448 id
1515 2400 1627 2461 est,
1654 2396 1978 2465 convictum,
2026 2399 2111 2457 fa-

531 2472 681 2528 ciunt
702 2484 1007 2545 arguturus.
1031 2479 1183 2547 Amo,
1206 2484 1397 2551 amavi,
1421 2488 1613 2541 amasti
1640 2487 1866 2557 faciunt,
1891 2500 1947 2545 ει
1970 2508 2113 2564 saepe

532 2563 620 2619 illa
649 2568 832 2635 verba,
862 2583 981 2639 quae
1010 2571 1065 2626 in
1093 2576 1369 2643 praeterito
1394 2578 1638 2647 perfecto
1665 2598 1691 2635 v
1722 2563 2112 2644 consonantem

528 2666 838 2724 assumunt,
880 2660 936 2716 in
980 2665 1214 2720 secunda
1242 2674 1297 2721 et
1342 2669 1501 2724 tertia
1538 2686 1769 2741 persona
1818 2691 2112 2747 syncopam

526 2748 825 2816 patiuntur,
856 2759 945 2818 ut,
991 2770 1105 2820 neo,
1157 2757 1289 2822 nevi,
1335 2759 1517 2814 nevisti
1557 2763 1642 2817 vel
1671 2766 1822 2821 nesti.
1853 2767 1948 2823 Illa
1981 2784 2111 2826 vero

528 2850 647 2905 quae
675 2837 729 2892 in
758 2844 1010 2909 praesenti
1038 2861 1067 2898 υ
1091 2844 1290 2902 habent
1316 2862 1724 2922 consonantem,
1748 2866 1855 2913 non
1883 2868 2111 2929 possunt

525 2925 580 3022 in
601 2929 872 3022 praeterito
894 2947 1184 3005 syncopam
1204 2940 1335 3008 pati,
1358 2950 1435 3007 ut,
1459 2942 1574 3000 lavo
1600 2945 1787 3004 lavasti
1808 2925 1930 3021 [ιιὲ.
1948 2949 2107 3022 Reg.,

523 3013 736 3089 lavisti],
760 3035 919 3076 nemo
935 3023 1063 3079 dicit
1083 3042 1097 3079 :
1116 3026 1258 3095 lasti,
1274 3032 1355 3086 vel
1377 3033 1499 3087 [αειὶ
1517 3046 1659 3091 sunt.
1683 3013 1961 3110 Adipiscor
1981 3013 2107 3099 ade;

521 3112 647 3172 ptus
666 3120 784 3160 sum
811 3107 958 3165 facit.
991 3113 1219 3171 Accusso
1248 3134 1347 3188 per
1368 3123 1474 3178 duo
1502 3142 1529 3177 c
1560 3135 1614 3181 et

523 3284 578 3339 in
605 3298 918 3355 sequentem
947 3296 1276 3354 mutabimus
1303 3300 1429 3373 [Ms.
1458 3282 1615 3377 3.23.,
1640 3282 1956 3387 mutabitur]
1982 3331 2107 3372 con-

519 3386 823 3447 sonantem,
848 3391 907 3438 ut
934 3385 1138 3454 ofﬁcio,
1162 3391 1336 3461 aﬂluo,
1368 3393 1551 3463 allido,
1580 3414 1870 3468 ammoneo,
1901 3385 2100 3472 annuo,

519 3487 746 3541 appono,
776 3476 995 3546 arripio,
1023 3496 1253 3537 assumo.
1278 3483 1451 3555 Alliga
1482 3501 1582 3557 per
1605 3493 1710 3546 duo
1732 3490 1771 3545 ι.
1793 3493 1983 3549 Annua
2004 3512 2102 3566 per

521 3564 626 3618 duo
652 3582 706 3619 n.
734 3565 942 3637 Apparo
974 3567 1098 3641 [Ms.
1121 3570 1277 3643 Reg.,
1302 3578 1551 3651 appareo]
1596 3593 1694 3649 per
1728 3582 1834 3638 duo
1853 3599 1907 3653 p.
1930 3564 2101 3640 Attuli

516 3666 615 3723 per
642 3654 747 3708 duo
788 3664 808 3710 t
837 3658 1001 3713 scribi
1036 3660 1253 3717 debent.
1296 3665 1363 3718 At
1405 3665 1453 3722 si
1490 3668 1800 3739 conjunctio
1826 3682 1910 3729 est
1944 3690 2043 3745 per
2076 3684 2101 3729 t

516 3742 857 3800 scribendum
879 3755 991 3813 est;
1019 3744 1063 3802 si
1088 3752 1416 3822 praepositio,
1438 3770 1538 3825 per
1557 3759 1612 3812 ά.
1636 3761 1801 3831 Atque
1821 3742 1962 3819 item
1973 3781 2098 3823 con-

506 3832 717 3904 junctio
752 3839 1047 3909 composita
1086 3856 1184 3911 per
1213 3852 1231 3896 t
1257 3845 1504 3902 similiter
1542 3852 1907 3910 scribendum.
1940 3858 2096 3929 Apud

511 3928 818 3999 praepositio
845 3932 899 3984 in
939 3931 974 3985 d
1012 3931 1249 3989 ﬁniatur.
1281 3933 1364 3991 Ab
1394 3945 1515 3992 artu
1561 3941 1817 4011 artubus;
1865 3947 1935 4002 ab
1979 3958 2093 4004 arte

2228 534 2356 608 [Hs.
2383 536 2535 608 Reg.,
2563 538 2738 594 Simili
2768 542 2934 613 enim]
2964 544 3137 599 vocali
3173 546 3377 602 vocalis
3405 548 3657 620 adjuncta
3692 566 3807 608 non

2226 625 2398 680 solum
2424 642 2531 680 non
2554 630 2811 696 cohaeret,
2835 632 2929 687 sed
2948 634 3112 689 etiam
3134 636 3392 707 syllabam
3412 649 3592 707 auget,
3617 650 3699 709 ut,
3720 641 3808 698 in-

2225 731 2444 785 genuus,
2476 719 2695 784 arduus,
2738 722 2977 791 exiguus,
3003 733 3059 779 et
3086 741 3303 791 vacuus,
3331 728 3474 797 quod
3501 745 3602 800 per
3628 748 3657 785 e
3693 746 3807 789 non

2224 818 2365 876 perq
2380 809 2723 865 scribendum
2749 819 2851 867 est.
2868 812 3072 869 Eadem
3094 815 3287 871 divisio
3306 817 3363 871 in
3382 818 3562 874 verbis
3586 836 3809 893 quoque

2223 903 2325 961 est,
2353 905 2432 964 ut,
2457 907 2712 968 metuunt,
2734 910 2993 969 statuunt,
3015 905 3267 973 tribuunt,
3299 917 3515 977 acuunt,
3540 912 3684 982 quod
3702 927 3807 984 per

2223 1002 2252 1039 c
2266 1001 2481 1058 quoque
2502 1006 2608 1046 non
2637 1007 2736 1062 per
2757 1011 2789 1065 q
2810 994 3154 1051 scribendum
3178 1005 3279 1052 εει.

2293 1076 2501 1147 Aspiro,
2527 1082 2741 1151 aspicio,
2770 1083 2887 1137 sine
2917 1084 2952 1137 ά
2991 1086 3275 1142 scribenda
3315 1097 3440 1150 sunt
3462 1105 3563 1163 per
3590 1092 3805 1167 simpli-

2221 1181 2339 1223 cem
2378 1186 2405 1222 s
2438 1169 2565 1242 [Με.
2591 1171 2739 1244 Reg.,
2766 1174 3012 1243 Asspiro,
3038 1177 3271 1247 asspicio
3297 1193 3395 1249 per
3419 1181 3689 1253 duplicem
3716 1186 3765 1260 ε]
3781 1227 3799 1251 ,

2220 1256 2347 1315 licet
2371 1276 2494 1316 cum
2516 1263 2585 1316 ad
2612 1266 2994 1334 pnepositione
3022 1269 3320 1339 composita
3350 1271 3477 1338 sint,
3502 1274 3630 1343 quia
3658 1256 3803 1346 perit

2222 1350 2295 1406 ibi
2325 1352 2380 1404 d.
2408 1352 2656 1423 Apparet,
2699 1357 2842 1425 quod
2885 1356 3117 1424 videtur,
3146 1372 3243 1428 per
3268 1377 3323 1430 p.
3368 1361 3619 1433 Adparet,
3652 1368 3803 1436 quod

2219 1442 2536 1513 obsequitur
2553 1459 2650 1515 per
2667 1446 2722 1511 d,
2745 1461 2852 1502 non
2873 1447 3071 1518 regulae
3091 1450 3321 1517 ratione,
3339 1453 3434 1507 sed
3452 1454 3800 1513 discretionis
3832 1481 3855 1533 ,ο

2220 1550 2405 1591 causa.
2422 1536 2609 1605 Arbor,
2635 1552 2795 1593 omne
2815 1538 3021 1611 lignum
3042 1539 3261 1597 dicitur.
3286 1542 3537 1613 Arbusta,
3561 1562 3669 1603 non
3691 1549 3799 1606 nisi
3850 1534 3860 1556 ⁸

2218 1626 2516 1683 fructifera.

2288 1718 2486 1786 Avena,
2510 1720 2556 1775 si
2580 1721 2646 1777 ad
2674 1736 2915 1793 germen,
2941 1725 3058 1781 sine
3080 1727 3112 1779 ἡ
3136 1740 3236 1797 per
3258 1744 3286 1782 υ
3313 1729 3660 1786 scribendum
3687 1741 3790 1788 est.

2221 1904 2494 1959 scribitur.
2527 1904 2847 1979 [Advocatur
2865 1908 3091 1966 daturus
3116 1913 3495 1983 patrocinium.
3528 1914 3797 1970 Evocatur

2216 1994 2546 2061 pmbiturus
2570 1997 2910 2068 obsequium.
2938 1998 3224 2056 Invocatur
3256 2013 3615 2074 praestaturus
3640 2008 3794 2063 auxi-

2215 2082 2368 2138 lium.
2399 2085 2691 2156 Adportare
2710 2097 2796 2143 est
2838 2090 3040 2160 aliquid
3085 2090 3320 2148 adferre.
3363 2095 3667 2166 Asportare,
3701 2112 3797 2152 au-

2214 2174 2361 2231 ferre
2389 2177 2611 2247 aliquid.
2643 2180 2981 2251 Comportare
3007 2182 3167 2238 simul
3194 2194 3411 2255 portare
3436 2188 3491 2241 in
3518 2204 3688 2244 unum
3718 2188 3797 2247 lo-

2213 2280 2359 2320 cum.
2393 2265 2681 2336 Deportare
2709 2268 3002 2339 deponere.
3026 2271 3322 2343 Exportare
3358 2273 3590 2347 tollere]

2283 2355 2475 2411 Album
2516 2358 2746 2426 natura;
2779 2361 3067 2417 candidum
3095 2378 3229 2419 cura
3257 2364 3406 2421 facit.
3431 2364 3790 2439 [Ai-marium,

2211 2446 2305 2501 ubi
2342 2448 2787 2522 quarumcunque
2828 2454 3026 2509 artium
3078 2453 3439 2512 instrumenta
3478 2468 3786 2514 servantur.

2209 2536 2710 2609 Armamentarium,
2739 2542 2829 2597 ubi
2860 2551 3068 2599 tantum
3097 2545 3204 2600 tela
3232 2562 3529 2603 armorum.
3555 2549 3785 2619 Accedit,

2208 2640 2307 2696 per
2333 2643 2361 2682 e
2382 2629 2451 2684 ab
2485 2632 2827 2688 ambulando.
2851 2632 3056 2689 Accidit
3084 2636 3221 2707 peri
3247 2638 3315 2692 ab
3339 2639 3580 2711 eventu.]

2279 2719 2414 2776 Ante
2441 2724 2748 2793 praepositio
2774 2726 3043 2783 interdum
3075 2728 3343 2801 integrum
3374 2729 3505 2803 [Ms.
3530 2729 3681 2802 Reg.,
3707 2731 3784 2786 in-

2210 2809 2394 2885 tegra]
2442 2823 2657 2882 manet,
2706 2823 2797 2883 ut,
2846 2817 3130 2884 antecedit,
3177 2821 3455 2875 anteuenit.
3512 2820 3783 2879 interdum

2208 2906 2505 2963 mutatione
2527 2923 2556 2961 e
2581 2908 2679 2962 ini
2707 2908 2939 2964 litteram
2977 2911 3357 2982 corrumpitur,
3385 2920 3475 2978 ut,
3512 2914 3780 2983 anticipat.

2278 2996 2325 3049 A
2348 3005 2405 3051 et
2432 2998 2496 3051 ab
2532 3005 2587 3053 ει
2614 2998 2705 3053 abs
2733 3000 3140 3070 praepositiones
3172 3004 3333 3058 unius
3373 3004 3781 3076 signiﬁcationis

2087 3133 2101 3169 ε
2136 3158 2176 3169 _
2207 3096 2353 3153 sunt,
2381 3096 2442 3143 ut
2468 3106 2501 3144 a
2525 3105 2627 3159 me,
2663 3091 2727 3147 ab
2756 3092 2983 3160 nomine,
3014 3094 3225 3150 abstuli.
3258 3095 3368 3152 Sed
3397 3097 3460 3151 ab
3491 3100 3779 3169 saepissime

2205 3178 2484 3248 scribitur,
2512 3196 2637 3237 cum
2683 3198 2916 3255 sequens
2942 3187 3167 3242 verbum
3209 3203 3242 3243 a
3270 3189 3442 3245 vocali
3470 3190 3679 3261 incipit,
3714 3207 3779 3247 ne

2205 3270 2368 3327 dictio
2393 3272 2579 3329 multis
2605 3277 3025 3332 consonantibus
3051 3288 3330 3346 oneretur,
3360 3289 3441 3347 ut,
3474 3283 3540 3335 ab
3567 3298 3691 3337 uno.
3722 3281 3778 3337 Si

2201 3374 2333 3417 vero
2354 3376 2386 3416 a
2411 3374 2745 3421 consonante
2763 3381 2892 3438 pars
2910 3369 3173 3424 orationis
3194 3370 3401 3441 incipit,
3428 3389 3461 3425 a
3490 3373 3664 3428 solum
3691 3390 3783 3445 po-

2201 3459 2380 3517 natur,
2405 3459 2483 3519 ut,
2506 3472 2538 3508 a
2562 3453 2747 3523 fratre.
2773 3454 2878 3510 Abs
2899 3466 3078 3513 tamen
3102 3458 3157 3514 in
3179 3460 3563 3531 compositione
3582 3463 3783 3530 saepius

2200 3553 2421 3616 propter
2433 3547 2757 3617 euphoniam
2778 3548 2988 3621 integra
3006 3561 3213 3618 manet,
3226 3562 3291 3609 ut
3306 3553 3394 3609 abs
3408 3564 3472 3619 te,
3488 3555 3777 3622 abscondo,

2198 3635 2392 3691 melius
2415 3646 2592 3704 sonat,
2632 3654 2793 3709 quam
2817 3641 2883 3695 ab
2907 3651 2979 3708 te,
3001 3642 3088 3698 vel
3116 3643 3351 3701 abcondo
3363 3662 3385 3712 ;
3415 3647 3559 3702 sicut
3584 3647 3778 3703 melius

2197 3734 2353 3780 sonat
2382 3728 2445 3780 ab
2476 3729 2622 3796 urbe,
2647 3745 2811 3800 quam
2837 3731 2930 3786 abs
2955 3735 3099 3790 urbe.

2261 3836 2423 3908 303
2452 3838 2755 3896 Avunculus
2788 3857 2886 3913 per
2912 3843 3019 3900 duo
3043 3861 3099 3911 ιι,
3126 3845 3255 3916 quia
3279 3847 3347 3903 ab
3370 3864 3471 3903 avo
3501 3849 3776 3905 diminuti-

2190 3940 2320 3983 vum
2361 3936 2465 3995 est,
2494 3945 2561 3984 uo
2608 3930 2814 4003 syllaba
2858 3934 2914 3989 in
2958 3952 3066 3990 uun
3109 3953 3391 3996 conversa.
3427 3940 3611 4007 Alvus,
3654 3958 3775 3998 cum

514 4020 741 4076 artibus.
785 4020 1049 4079 Similiter
1073 4026 1142 4081 ab
1179 4030 1599 4096 arcu-arcubus;
1631 4032 1701 4088 ab
1727 4051 1848 4091 arce
1874 4037 2093 4097 arcibus

2204 4026 2434 4074 ventrem
2465 4020 2754 4091 signiﬁcat,
2783 4036 2883 4093 per
2912 4041 2947 4078 u
2980 4025 3317 4097 digammon,
3357 4045 3482 4085 cum
3524 4048 3652 4088 vero
3680 4048 3774 4089 oo-

511 4110 796 4167 dicendum
842 4124 944 4169 est.
999 4114 1199 4187 [Eger
1248 4118 1459 4187 animo;
1509 4120 1768 4194 zEgrotus
1819 4141 2085 4199 corpore:

511 4211 799 4274 utrumque
847 4221 945 4274 per
1003 4207 1371 4278 diphthongon
1423 4214 1725 4288 scribitur].
1767 4218 1942 4286 Alibi,
1981 4220 2090 4277 alio

2190 4105 2361 4164 lorem
2391 4108 2517 4182 [31s.
2549 4110 2674 4182 Reg.
2701 4112 2891 4168 addit:
2916 4115 3060 4184 quod
3097 4125 3184 4171 est
3210 4117 3423 4191 albus],
3448 4136 3551 4191 per
3579 4123 3609 4174 b
3634 4122 3771 4178 scri-

2187 4197 2352 4254 bitur.
2378 4200 2487 4254 Ara
2514 4216 2638 4257 cum
2675 4201 2846 4259 altare
2881 4203 3168 4275 signiﬁcat,
3199 4207 3319 4264 sine
3344 4208 3379 4261 Ιι
3409 4211 3769 4280 aspiratione;

511 4293 650 4349 loco.
678 4296 844 4362 Alias,
875 4297 981 4351 alio
1008 4307 1249 4370 tempore
1278 4302 1568 4374 signiﬁcat.
1598 4304 1706 4361 Aer
1735 4308 2087 4381 dissyllabtn
2188 4304 2314 4345 cum
2345 4306 2477 4381 vim)
2506 4292 2682 4349 cubile
2716 4309 3026 4364 porcorum’
3063 4312 3188 4352 cum
3223 4300 3556 4369 aspiratione
3584 4303 3775 4358 scribi-

508 4395 611 4452 est,
643 4394 698 4442 et
725 4403 831 4443 non
862 4390 1023 4443 habet
1049 4391 1313 4459 pluralem
1341 4411 1645 4464 numerum,
1677 4401 1782 4456 nisi
1816 4418 1942 4458 aera
1967 4411 2087 4460 tan-

2187 4386 2295 4435 tur.
2324 4380 2573 4438 Emulus
2599 4392 2656 4440 et
2682 4384 2907 4441 tedituus
2933 4395 2988 4441 et
3011 4403 3249 4444 aerumna
3278 4391 3459 4445 omnia
3488 4408 3589 4463 per
3615 4395 3774 4465 diph-

511 4485 645 4531 tum.
675 4476 777 4532 Es
819 4479 1251 4551 monosyllabum
1273 4492 1374 4539 est.
1401 4487 1618 4558 Aufero,
1649 4489 1703 4546 id
1737 4500 1849 4561 est,
1878 4494 2079 4566 abfero,
2110 4503 2126 4565 1

2204 4472 2425 4541 .hongon
2471 4473 2803 4531 scribuntur.
2832 4475 3187 4547 xEqut'mantts
3228 4494 3328 4550 per
3365 4498 3413 4537 ω
3450 4498 3688 4555 quoque,
3718 4486 3773 4543 id

507 4571 538 4623 b
568 4571 622 4626 in
653 4588 688 4625 ιι
716 4579 946 4627 mutata.

575 4682 657 4736 Ad
687 4684 994 4753 praepositio
1035 4689 1422 4759 corrumpitur,
1451 4691 1498 4747 si
1527 4707 1759 4764 sequens
1792 4698 2017 4757 verbum
2046 4717 2081 4759 a

503 4785 834 4832 consonante
863 4777 1068 4849 incipit,
1097 4789 1196 4836 ut:
1228 4784 1459 4853 apponit,
1498 4772 1774 4844 ammittit.
1800 4790 2000 4847 Alliam
2024 4801 2081 4850 et

501 4867 699 4923 dolium
725 4872 864 4940 peri
888 4873 1193 4939 scribenda,
1223 4883 1301 4940 ut,
1335 4877 1589 4948 Virgilius
1620 4878 1825 4954 (Eclog.
1854 4898 1917 4949 ιι,
1945 4884 2034 4956 li)
2059 4903 2073 4940 :

500 4959 640 5016 Allia
674 4961 1068 5035 serpellumque.
1095 4966 1230 5019 Acer
1276 4964 1405 5023 facit
1446 4969 1727 5038 pluraliter
1771 4974 1918 5028 acria
1949 4972 2074 5047 [Ms.

500 5052 653 5121 Reg,
683 5052 837 5125 acri].
868 5053 1018 5110 Acris
1042 5055 1171 5111 facit
1195 5058 1477 5126 pluraliter
1496 5078 1662 5118 acres.

496 5256 709 5310 nomina
739 5273 776 5310 ε
816 5257 995 5313 littera
1034 5259 1321 5314 terminata
1361 5261 1416 5315 in
1444 5262 1714 5319 adverbiis
1740 5281 1768 5320 r
1786 5274 1843 5321 et
1870 5268 1890 5321 i
1918 5283 2073 5324 assu-

496 5360 665 5418 munt,
697 5361 776 5420 ut,
804 5364 975 5421 atrox,
1002 5361 1274 5426 atrociter;
1302 5361 1470 5431 ferox,
1503 5363 1765 5432 ferociter.
1808 5363 2069 5434 Aceersit,

495 5442 587 5512 qui
610 5451 818 5498 evocat.
844 5445 1093 5514 Arcersit,
1119 5450 1210 5519 qui
1233 5451 1523 5525 accussat.]

444 5626 451 5629 _
562 5554 808 5621 Acerras,
834 5570 931 5625 per
960 5575 1015 5625 ιι,
1043 5560 1331 5631 cujuslibet
1372 5566 1451 5621 rei
1489 5565 1767 5636 congeries
1793 5574 1900 5636 est,
1928 5568 2071 5627 forte

497 5642 731 5715 lapidum
760 5644 841 5700 vel
864 5648 1100 5722 frugum.
1140 5655 1369 5711 Acerbus
1406 5672 1504 5728 per
1534 5659 1562 5713 b
1606 5659 1928 5718 immaturus
1971 5670 2066 5719 aut
2163 5674 2264 5732 per
2292 5661 2397 5718 duo
2424 5679 2499 5729 ιη,
2540 5664 2596 5720 id
2622 5672 2728 5731 est,
2760 5667 3005 5723 assumit.
3045 5642 3168 5726 Ideo
3215 5642 3433 5729 inntiua
3461 5642 3769 5737 dicendum

494 5746 674 5791 uber.
701 5739 821 5797 Alia
852 5748 978 5795 sunt
1017 5756 1137 5808 qua:
1162 5759 1260 5813 per
1294 5745 1401 5803 duo
1430 5764 1465 5802 u
1494 5749 1828 5821 scribuntur,
1870 5752 2065 5825 quibus
2163 5764 2280 5824 est,
2308 5757 2540 5814 ammitte
2568 5767 2636 5826 te,
2666 5759 2745 5815 uel
2769 5762 2990 5820 admitte
3032 5763 3156 5839 [Με.
3186 5766 3346 5841 Reg.,
3372 5769 3596 5829 inmissa
3624 5775 3772 5833 dici-

2186 4572 2291 4630 est,
2321 4565 2677 4635 ambidexter,
2706 4569 2798 4639 qui
2824 4570 3052 4640 utraque
3080 4587 3245 4628 manu
3285 4582 3472 4631 utatur
3509 4594 3612 4649 pro
3641 4581 3772 4635 dex-

2186 4663 2324 4710 tera.
2367 4656 2589 4725 Avarus,
2619 4658 2665 4714 si
2696 4659 2885 4715 vitium
2913 4662 3183 4733 signiﬁcat
3218 4681 3318 4736 per
3345 4683 3400 4720 u.
3445 4666 3505 4723 Si
3550 4678 3769 4739 gentem

2187 4747 2316 4822 [Με.
2347 4749 2474 4822 Reg.
2498 4752 2686 4807 addit:
2711 4755 2855 4824 quod
2896 4764 2981 4811 est
3018 4756 3218 4831 Abari]
3258 4776 3358 4831 per
3400 4762 3429 4816 b
3469 4764 3768 4821 scribatur.

2185 4838 2431 4894 Acclamo
2459 4856 2557 4912 per
2585 4843 2690 4897 duo
2715 4860 2763 4910 c,
2805 4846 2861 4901 id
2902 4854 3013 4909 est,
3041 4863 3165 4903 cum
3210 4849 3347 4907 falso
3395 4851 3633 4923 aliquem
3678 4872 3771 4913 ac-

2184 4945 2363 4986 cusso.
2414 4931 2700 5002 Reclamo,
2747 4936 2982 5008 aliquem
3022 4949 3311 4997 exeuntem
3356 4945 3623 5001 vocitaus.
3676 4947 3771 5005 ln-

2180 5019 2374 5088 clamo,
2400 5030 2454 5077 et
2478 5023 2767 5092 succlamo,
2790 5032 3164 5087 murmurandi
3191 5041 3303 5098 est;
3327 5035 3608 5104 perclamo
3630 5037 3768 5112 [κε.

2176 5108 2327 5181 Reg.,
2356 5112 2701 5186 proclamat],
2732 5114 2982 5173 laudandi
3010 5120 3095 5175 vel
3120 5120 3442 5192 deprecandi
3466 5108 3769 5195 exaltatio;

568 5165 855 5239 [Audacter
878 5166 1127 5223 Latinum
1146 5177 1259 5233 εει;
1291 5171 1387 5226 sed
1414 5170 1687 5230 audaciter
1708 5174 1921 5244 melius,
1944 5178 2072 5249 quia
2178 5165 2419 5261 «315,30

2174 5292 2378 5362 clamo,
2416 5297 2629 5365 quando
2674 5313 2775 5366 pro
2810 5301 3013 5357 viribus
3054 5318 3245 5362 vocem
3292 5310 3493 5366 exalto.
3537 5312 3673 5369 Alea
3720 5316 3767 5372 si

2170 5382 2358 5439 ludum
2401 5385 2672 5458 signiﬁcat
2698 5402 2797 5459 per
2824 5405 2884 5455 e;
2923 5392 2967 5447 si
2997 5392 3066 5447 ab
3103 5393 3242 5450 alius
3266 5398 3376 5453 alia
3413 5401 3585 5467 venit,
3616 5418 3725 5473 per
3750 5407 3770 5460 i

2170 5472 2389 5545 legitur.

2468 5204 2607 5279 [Ms.
2643 5206 2790 5279 Reg.,
2826 5210 3133 5285 proclamo]
3197 5215 3593 5276 rhetorizandi.
3650 5222 3769 5279 Ex-

2238 5567 2446 5623 Amittit
2484 5583 2586 5640 per
2609 5587 2778 5628 unum
2802 5590 2883 5640 nt,
2914 5574 2967 5631 id
3007 5585 3091 5633 est
3111 5619 3126 5645 ,
3172 5578 3450 5653 relinquit.
3476 5582 3770 5646 Ammittit
