4062 6346
280 350 411 430 ἐπει

1270 344 1841 424 DIDASCAL!CA.1
1878 359 1967 416 ιιι]
2003 355 2564 418 οιιτιιοειιΑιιιιιΑ.

3442 340 3551 416 ἡ

289 504 415 545 enus
440 485 676 552 ammiti,
716 492 776 540 ut
802 454 1063 553 admitte].
1092 482 1311 553 Alfatim
1335 494 1433 551 per
1459 479 1564 534 duo
1589 478 1634 547 ι’,
1678 476 1733 531 id
1763 482 1870 542 εει,
1898 481 1951 541 Α
1974 472 2125 528 canis
2148 472 2370 529 dicitur.
2406 471 2672 528 Cwnomia
2701 485 2801 543 per
2826 469 3196 542 diphthongon
3223 483 3270 525 ω
3310 482 3555 526 commu-

288 580 507 646 statim,
544 579 631 635 vel
671 578 823 634 satis.
847 578 1017 649 Agger
1038 590 1136 648 per
1159 582 1265 631 duo
1298 591 1330 644 g
1373 571 1714 628 scribendum
1754 578 1866 638 est,

292 670 511 742 quando
539 677 770 728 stratam
813 668 1116 740 signiﬁcat;
1146 668 1194 723 si
1238 674 1420 722 autem
1451 680 1733 736 campum,
1777 661 1871 719 ubi

287 762 552 819 seminari
576 768 773 833 potest,
800 775 900 830 per
919 776 1085 815 unum
1109 777 1160 833 g.

257 871 269 929 ι
366 853 622 909 Accentus
667 866 764 923 per
811 852 916 908 duo
956 869 1007 918 c,
1031 852 1123 907 ubi
1149 855 1267 923 gvox
1312 851 1521 908 levatur
1549 850 1686 924 [Με.
1713 848 1871 920 Reg.,

288 946 562 1020 elevatur]
589 946 645 1002 in
671 946 855 1001 verbo.
883 944 1085 1017 Angor,
1104 945 1176 999 'id
1203 953 1307 1011 est,
1343 944 1647 1016 angustiam
1673 941 1872 1013 patior,

289 1052 398 1109 per
431 1055 465 1092 ιι
488 1045 542 1092 et
570 1054 601 1107 g
630 1036 972 1092 scribendum
996 1043 1098 1092 est.
1128 1035 1466 1106 tripedem,
1508 1034 1563 1089 id
1590 1040 1694 1098 est,
1724 1032 1874 1087 velo-

288 1144 417 1187 cem
445 1143 542 1199 per
565 1145 598 1181 a
617 1136 672 1183 et
696 1145 726 1181 e
754 1127 963 1183 divisas‘
983 1126 1267 1182 dicendum
1293 1133 1396 1180 est.
1428 1123 1615 1178 Allecti
1643 1137 1742 1192 per
1769 1122 1875 1176 duo

290 1220 338 1287 ι,
368 1221 421 1275 id
446 1228 550 1286 est,
572 1220 750 1286 electi,
777 1219 903 1276 inde
924 1219 1099 1291 allegit
1119 1219 1335 1275 dicitur.
1360 1216 1561 1283 Allicit,
1585 1216 1642 1270 id
1662 1222 1767 1282 est,
1794 1215 1878 1271 in-

295 1310 463 1378 vitat,
506 1310 777 1365 similiter.
806 1309 1010 1376 Attilia,
1051 1309 1204 1379 quasi
1233 1306 1466 1374 alatilia,
1509 1306 1566 1362 id
1592 1312 1708 1371 est,
1748 1319 1878 1361 aves

291 1400 574 1471 saginatae.
602 1399 864 1455 Attonitus
896 1415 994 1468 per
1038 1402 1144 1456 duo
1166 1407 1231 1469 .t,
1273 1399 1329 1454 id
1372 1406 1476 1463 est,
1510 1396 1749 1451 intentus
1790 1395 1878 1450 vel

274 1500 518 1562 _stupore
542 1490 785 1549 diﬂ'usus.
808 1492 1031 1564 Attingit
1053 1507 1151 1563 per
1171 1492 1277 1549 duo
1297 1499 1318 1545 t
1338 1490 1628 1547 scribatur.

891 1605 1193 1663 LITTERA
1227 1606 1291 1661 B.

368 1720 673 1779 Benedictio
694 1731 750 1779 et
771 1723 940 1777 oratio
963 1732 982 1776 t
1008 1722 1207 1777 debent
1228 1721 1431 1777 habere
1454 1722 1511 1776 in
1530 1735 1667 1792 pene
1690 1719 1881 1776 ultima

291 1813 532 1885 syllaba,
553 1822 664 1866 non
684 1830 711 1866 c
734 1820 789 1868 et
814 1813 920 1867 alia
946 1811 1162 1868 similia.
1183 1810 1230 1865 B
1253 1812 1309 1867 in
1334 1830 1359 1866 s
1386 1819 1629 1866 mutatur
1652 1828 1881 1883 sequen-
1907 1835 1959 1897 Β

288 1906 448 1961 tibus
476 1912 494 1957 t
518 1912 573 1959 et
596 1922 645 1970 c,
670 1909 754 1967 ιιι,
779 1901 1015 1967 sustulit,
1043 1902 1280 1971 suscipit.
1304 1900 1567 1969 Beniﬁcus
1594 1903 1662 1957 ab
1690 1903 1881 1957 adver-

286 1996 391 2052 bio
420 1996 545 2050 bene
572 1994 929 2063 compositum
956 2008 1056 2064 per
1077 1991 1107 2045 b
1132 1993 1416 2055 scribatur,
1450 1992 1706 2061 veneﬁcus
1732 2008 1763 2046 a
1790 2007 1881 2047 ve-

290 2100 442 2142 neno
471 2100 570 2155 per
610 2102 666 2139 u.
703 2084 795 2139 Bis
824 2084 1137 2140 adverbium
1171 2098 1271 2153 per
1298 2083 1350 2148 b,
1394 2083 1469 2137 vis
1496 2097 1694 2137 nomen
1721 2096 1819 2152 per
1846 2100 1881 2136 ιι

289 2176 645 2235 scribendum
671 2185 755 2232 est
789 2175 917 2249 [Ms.
947 2174 1097 2247 Reg.,
1125 2176 1401 2240 scribitur,
1430 2183 1492 2230 ut
1516 2176 1633 2231 haec
1653 2178 1759 2240 vis,
1785 2177 1885 2243 hu;-

290 2267 386 2339 ius
412 2270 515 2335 vis,
544 2269 671 2324 huic
711 2267 820 2342 vi].
852 2268 967 2341 Bile
995 2269 1040 2323 si
1070 2268 1141 2322 fel
1183 2266 1454 2338 signiﬁcat
1482 2283 1582 2337 per
1611 2268 1665 2334 b,
1705 2267 1752 2323 si
1786 2268 1883 2321 ab-

293 2355 500 2427 iectum
527 2357 752 2427 aliquid,
776 2358 920 2427 quod
944 2364 1028 2413 est
1057 2355 1177 2421 vile,
1203 2371 1303 2426 per
1341 2374 1376 2410 u
1405 2358 1749 2413 scribendum
1778 2365 1881 2412 est.

294 2449 478 2507 Berna
504 2451 549 2505 si
575 2448 718 2504 domi
744 2448 984 2517 genitum
1009 2446 1288 2517 signiﬁcat,
1325 2446 1379 2501 id
1407 2453 1509 2511 est,
1538 2447 1882 2503 o‘tuormnc

292 2555 403 2614 per
424 2541 451 2595 b
479 2540 821 2596 scribendum
848 2547 963 2603 est;
993 2538 1039 2593 si
1068 2546 1301 2608 tempus,
1338 2545 1401 2593 ut
1429 2555 1585 2593 verna
1615 2546 1879 2609 tempora,

294 2648 403 2706 per
423 2651 457 2687 ιι
478 2632 641 2689 scribi
665 2640 914 2688 auctores
935 2629 1241 2686 voluerunt.
1265 2627 1503 2684 Berbena
1521 2636 1753 2700 utraque
1775 2629 1884 2686 ενι-

296 2727 429 2784 laba
454 2743 485 2783 a
511 2727 540 2781 b
566 2726 808 2797 incipiat.
1524 2793 1533 2799 θ

377 2821 677 2895 [Belzebub,
708 2834 816 2875 non
860 2817 1130 2873 Belzebul.
1177 2815 1372 2883 Belial,
1414 2830 1523 2871 non
1552 2813 1732 2871 Beliar
1773 2814 1884 2871 dici

303 2914 484 2971 debet.
520 2913 816 2984 Baptismus
834 2910 1089 2980 baptismi
1125 2922 1321 2979 genere
1350 2904 1668 2971 masculino,
1698 2911 1754 2961 et
1792 2906 1884 2960 ba-

301 3007 497 3078 ptisma
517 3002 875 3076 baptismatis,
897 3009 953 3056 et
977 3001 1287 3072 baptismum
1312 2997 1565 3069 baptismi
1586 2995 1712 3071 [Mss
1738 2995 1881 3064 Sal.,

305 3100 625 3170 baptismus,
653 3097 946 3167 baptisma,
971 3094 1101 3167 etc.]
1130 3094 1424 3150 invenitur.

385 3187 433 3243 Β
457 3187 640 3242 littera
674 3195 863 3243 contra
889 3184 920 3255 Ῑ
943 3199 1051 3238 non
1080 3190 1260 3248 sonat,
1307 3180 1403 3237 sed
1451 3178 1508 3235 in
1550 3193 1674 3234 eam
1708 3176 1958 3259 transite

312 3280 375 3337 in
399 3276 817 3350 compositione,
845 3283 907 3329 ut
928 3274 1061 3346 offui
1091 3288 1202 3329 non
1238 3271 1419 3342 obfui;
1448 3271 1644 3341 suffero
1666 3284 1765 3340 pro
1786 3267 1904 3323 sub-

310 3369 457 3440 fero.
482 3366 529 3422 B
559 3383 665 3439 quo
692 3368 796 3423 ius
832 3364 1070 3420 transire
1109 3361 1251 3418 solet
1291 3360 1476 3416 multis
1518 3359 1574 3413 in
1617 3358 1774 3424 locis,
1822 3363 1903 3425 ιιι,

309 3459 530 3525 sustuli,
561 3458 812 3529 suscipio,
837 3464 1101 3522 susteneo,
1126 3453 1428 3525 suspendo;
1469 3466 1571 3522 pro
1602 3450 1823 3516 subtuli,
1851 3459 1907 3506 et

314 3550 585 3620 subcipio,
608 3555 663 3603 et
684 3548 967 3612 subteneo,
1010 3552 1067 3601 et
1093 3544 1396 3616 subpendo.
1435 3542 1538 3597 Bes
1574 3543 1687 3597 sive
1740 3541 1906 3608 bisse,

314 3639 464 3711 quod
481 3638 756 3711 significat
771 3652 872 3692 vtu
892 3636 1082 3692 uncias
1101 3650 1201 3707 per
1254 3634 1283 3689 b
1318 3633 1669 3689 scribendum
1703 3631 1910 3688 est.Bi-

314 3746 458 3797 mus,
483 3730 640 3801 quasi
669 3728 945 3794 bihiemis,
972 3735 1028 3782 et
1053 3726 1180 3782 inde
1216 3726 1456 3781 bimatus
1485 3725 1786 3791 derivatur,
1821 3740 1853 3780 a
1877 3723 1907 3778 b

312 3818 542 3890 incipit;
575 3826 630 3873 et
655 3817 858 3873 biennis
879 3816 1036 3887 quasi
1065 3815 1292 3871 duorum
1314 3829 1600 3869 annorum.
1625 3813 1907 3870 Benivolus

313 3918 378 3967 et
421 3910 699 3980 benignus,
741 3914 799 3963 et
844 3907 1119 3977 beniﬁcus,
1151 3905 1280 3963 licet
1315 3920 1347 3959 a
1395 3904 1521 3960 bene
1545 3906 1802 3962 adverbio
1836 3907 1912 3962 sit

312 4000 703 4071 compositum,
732 4006 919 4054 tamen
950 4012 1050 4069 per
1080 3998 1099 4051 i
1128 4010 1240 4052 non
1269 4008 1369 4069 per
1402 4011 1431 4050 e
1454 3995 1512 4051 in
1540 3996 1776 4051 secunda
1803 3996 1911 4069 syl-

312 4092 442 4148 laba
456 4091 717 4147 scribitur
741 4108 754 4146 :
772 4088 1025 4146 similiter
1046 4095 1105 4145 et
1124 4085 1424 4154 malivolus,
1447 4084 1748 4156 maliﬁcus;
1773 4086 1912 4143 sicut

312 4198 350 4237 a
379 4190 519 4255 pace
535 4180 811 4253 paciﬁcus.
1114 4210 1119 4215 ε

388 4274 526 4331 Bibo
549 4289 582 4328 a
606 4282 736 4345 potu
750 4288 851 4346 per
869 4272 1019 4330 duob
1045 4281 1102 4330 et
1122 4271 1256 4329 facit
1268 4271 1604 4343 praeteritum
1619 4269 1744 4325 bibi.
1778 4269 1909 4325 Vivo

313 4378 351 4420 a
372 4366 486 4421 vita
510 4380 609 4436 per
629 4364 737 4422 duo
755 4382 784 4420 v
835 4374 891 4421 et
916 4366 1077 4422 ambo
1106 4374 1488 4430 consonantes,
1530 4373 1587 4419 et
1613 4362 1744 4417 facit
1771 4376 1910 4433 prat-

315 4455 544 4511 teritum
732 4455 964 4524 Bivium,
994 4456 1104 4512 iter
1125 4455 1343 4528 duplex,
1373 4455 1549 4526 prima
1571 4453 1779 4526 syllaba
1803 4468 1835 4508 a
1877 4453 1907 4508 b

313 4546 533 4617 incipit,
548 4548 783 4604 secunda
804 4548 872 4604 ab
887 4564 923 4601 ιι
942 4556 1299 4603 consonante.
1322 4545 1524 4613 Brevis,
1548 4545 1786 4602 secunda
1806 4542 1914 4616 syl-
1931 4552 1980 4614 ι)

312 4639 439 4695 laba
474 4654 573 4709 per
596 4657 649 4708 v,
678 4640 803 4698 inde
834 4640 1095 4697 breviter.
1131 4638 1395 4706 Balteum,
1417 4636 1715 4710 cingulum,
1738 4650 1839 4706 per
1883 4651 1914 4692 e

309 4731 609 4787 scribatur.
639 4729 769 4797 Beo,
796 4731 953 4797 beas;
985 4729 1111 4786 inde
1139 4731 1321 4783 beatus
1351 4742 1372 4781 :
1398 4728 1542 4785 sicut
1570 4742 1707 4794 meo,
1734 4740 1901 4793 meas,

310 4820 442 4877 inde
463 4829 666 4877 meatus
682 4836 702 4877 :
723 4827 780 4877 et
805 4836 948 4888 creo,
971 4836 1140 4886 creas,
1169 4818 1295 4875 inde
1319 4825 1547 4874 creatus.

911 4929 1212 4987 LITTERA
1251 4930 1314 4987 C.

394 5041 573 5099 Causa
598 5058 697 5115 per
736 5058 904 5100 unum
927 5062 951 5100 s
976 5045 1263 5101 scribatur.
1296 5058 1322 5087 ι
1345 5044 1555 5101 Circum
1593 5047 1906 5119 praepositio

321 5136 648 5208 quihusdam
675 5138 733 5193 in
759 5137 891 5194 locis
912 5154 964 5191 ιιι
990 5138 1212 5204 amittit,
1234 5145 1295 5192 ut
1322 5140 1577 5206 circuire;
1600 5142 1655 5196 in
1683 5142 1905 5212 quibus-

323 5229 452 5285 dam
487 5237 695 5295 servat,
724 5237 783 5284 ut
818 5231 1151 5284 circumvenit
1178 5244 1195 5280 :
1222 5231 1278 5285 in
1316 5232 1636 5301 quibusdam
1678 5243 1903 5305 postpo-

322 5321 494 5386 nitur,
520 5329 580 5375 ut
606 5320 890 5392 Virgilius:
915 5319 1091 5374 Maria
1113 5320 1290 5375 omnia
1310 5321 1526 5376 circum.
1551 5320 1785 5378 Caverna
1805 5339 1905 5395 per

321 5429 358 5466 ιι
370 5429 392 5477 ;
419 5410 637 5465 taberna
663 5425 760 5481 per
781 5410 810 5464 b
832 5410 1121 5466 scribatur.

397 5500 568 5566 Cana,
597 5500 642 5555 si
671 5500 845 5555 locum
872 5499 1138 5570 signiﬁcat
1178 5513 1275 5569 per
1302 5515 1468 5554 unum
1496 5516 1550 5566 ιι,
1578 5501 1624 5557 si
1662 5518 1901 5573 germen,

323 5594 382 5649 id
409 5600 515 5657 est,
544 5607 714 5645 canna
741 5604 839 5662 per
864 5590 970 5644 duo
996 5605 1030 5641 ιι
1057 5587 1346 5643 scribatur.
1373 5587 1645 5658 Cynomia,
1677 5592 1724 5647 si
1752 5608 1851 5663 per
1874 5611 1905 5665 ν

318 5682 624 5746 scribatur,
646 5680 896 5735 caninam
925 5694 1166 5735 muscam
1189 5679 1474 5748 signiﬁcat.
1502 5679 1693 5751 Canos,
1720 5682 1908 5743 Graece

402 5810 433 5853 ε
460 5796 599 5854 Vide
619 5795 1027 5869 grammaticam
1050 5795 1116 5851 de
1138 5793 1624 5866 praepositionibus.

816 5893 1092 5954 Panos.
1147 5889 1249 5951 CI.

1972 578 2100 619 nem
2128 579 2368 619 muscam
2386 604 2401 630 ,
2433 564 2487 617 id
2515 573 2630 628 est,
2659 563 2835 617 omnis
2861 563 3072 632 generis
3097 576 3340 617 muscam
3377 562 3556 631 signat

1974 652 2103 725 (Ms.
2130 652 2280 722 Reg.,
2324 653 2643 726 signiﬁcat],
2672 654 2798 725 quia
2834 670 3014 708 canon
3040 653 3227 709 Graece
3271 669 3557 711 commune

1972 744 2203 809 dicitur;
2235 744 2377 798 unde
2402 746 2691 799 cwnobium
2722 744 2844 817 [Με.
2877 744 3016 811 Sal.,
3057 744 3370 817 cmnubium]
3410 759 3557 800 com-

1974 833 2153 888 munis
2184 833 2448 888 habitatio
2486 834 2810 904 appellatur.
2839 830 3084 888 Carduus
3124 834 3290 888 trium
3329 833 3559 906 syllaba—

1975 941 2097 981 rum
2121 932 2225 990 est,
2255 923 2396 980 sicut
2423 924 2647 989 arduus,
2675 924 2876 992 fatuus,
2914 934 3171 979 mortuus.
3203 924 3412 995 Cuspis,
3441 943 3559 987 cits-

1971 1015 2133 1087 pidis,
2159 1028 2265 1070 non
2302 1027 2515 1084 cuspes.
2541 1010 2948 1067 Commodamus
2971 1028 3092 1083 quae
3120 1014 3432 1084 recipimus,
3462 1029 3561 1089 per

1975 1107 2082 1163 duo
2110 1124 2163 1161 ιιι
2208 1107 2496 1163 scribatur.
2534 1105 2868 1172 Mutuamus,
2918 1108 3043 1161 dum
3087 1108 3314 1177 aequalia
3360 1108 3557 1181 recipi-

1976 1212 2116 1252 mus.
2148 1196 2449 1251 Comminus
2477 1211 2574 1268 per
2611 1196 2718 1250 duo
2764 1211 2848 1261 ιιι,
2891 1196 3092 1250 eminus
3133 1212 3232 1266 per
3274 1213 3441 1253 unum
3484 1214 3557 1253 ιιι.

1978 1285 2279 1343 Comminus
2320 1287 2454 1343 cum'
2474 1288 2668 1359 gladiis
2707 1301 3039 1359 pugnamus;
3067 1291 3270 1343 eminus
3296 1291 3564 1359 cumlau-

1978 1378 2121 1444 ceis;
2150 1380 2277 1451 quia
2303 1379 2435 1435 illud
2464 1395 2495 1433 a
2529 1395 2691 1435 manu
2715 1395 2825 1437 non
2854 1380 3089 1445 recedit;
3124 1381 3229 1437 hoc
3255 1397 3286 1436 e
3313 1382 3563 1439 manibus

1978 1470 2265 1525 emittitur.
2295 1467 2532 1525 Collocat
2559 1486 2658 1542 per
2680 1472 2825 1527 duo'l
2849 1472 3122 1528 scribitur.

2050 1580 2212 1652 305
2237 1580 2426 1647 Cerno,
2451 1589 2508 1637 et
2533 1599 2707 1637 cresco
2733 1592 2789 1638 et
2824 1583 2984 1655 glisco
3029 1585 3084 1639 in
3124 1600 3291 1640 unum
3320 1587 3563 1657 praeteri-

1979 1676 2097 1725 tum
2122 1671 2425 1741 perfectum
2452 1672 2695 1740 veniunt,
2723 1677 2867 1745 quod
2899 1685 2985 1732 est
3010 1678 3165 1731 crevi.
3199 1675 3367 1749 Cupio
3397 1679 3566 1749 cupivi
3645 1686 3657 1701 ‘

1980 1762 2113 1817 facit
2134 1771 2189 1818 et
2218 1765 2377 1834 cupii.
2410 1763 2594 1820 Casses
2637 1767 2774 1823 retia
2813 1768 3089 1835 dicuntur,
3119 1784 3214 1840 per
3242 1770 3348 1825 duo
3374 1788 3400 1824 s
3426 1771 3562 1827 scri—
3596 1796 3637 1847 δ

1981 1855 2147 1911 bitur.
2176 1852 2424 1910 Comedia
2450 1858 2693 1913 carmina
2739 1870 2895 1925 sunt,
2925 1876 3044 1931 qum
3072 1861 3129 1916 in
3166 1862 3431 1918 conviviis
3470 1877 3567 1918 ca-

1977 1954 2205 2013 mmtur,
2236 1960 2334 2017 per
2354 1964 2382 2002 e
2408 1948 2707 2019 simplicem
2732 1950 3012 2007 scribitur.

2051 2036 2335 2102 Comburo,
2363 2054 2633 2108 comparo,
2660 2056 2910 2110 compono
2940 2057 3040 2111 per
3081 2058 3133 2097 ιιι
3174 2050 3232 2098 et
3257 2057 3364 2099 non
3406 2059 3507 2114 per
3533 2062 3569 2099 ιι

1981 2129 2321 2184 scribuntur:
2345 2128 2424 2183 sic
2444 2127 2760 2198 complaceo,
2778 2140 3149 2197 commoratus,
3167 2134 3567 2203 comprehendo,

1982 2218 2296 2283 commodat,
2323 2220 2709 2288 computrescit,
2735 2220 3088 2287 commendat,
3111 2239 3401 2288 commune,
3427 2240 3570 2279 com-

1982 2308 2157 2379 plures
2181 2317 2236 2364 et
2262 2308 2388 2363 talia
2405 2309 2534 2379 (Ms.
2550 2309 2677 2379 Reg.
2700 2310 2878 2366 addit:
2908 2326 3008 2382 per
3024 2314 3375 2369 mscribenda
3394 2315 3566 2387 sunt].

1984 2396 2227 2454 Camelus
2251 2414 2349 2470 per
2372 2416 2539 2456 unum
2560 2400 2599 2455 ι.
2627 2400 2771 2468 Cela,
2796 2402 2958 2469 celas,
2985 2404 3039 2459 id
3054 2413 3139 2460 est
3152 2406 3445 2472 abscondo,
3471 2423 3571 2479 per

1983 2490 2281 2559 simplicem
2307 2507 2352 2544 e.
2387 2489 2575 2563 [Caelo,
2603 2492 2779 2558 stelas,
2811 2509 2933 2548 cum
2961 2496 3230 2565 picturam
3273 2494 3567 2570 signiﬁcat;

1982 2595 2081 2650 per
2123 2597 2169 2634 ω
2210 2581 2580 2652 diphthongon
2635 2582 2982 2638 scribendum
3027 2594 3132 2641 est.
3178 2586 3330 2644 Unde
3375 2589 3574 2646 melius

1983 2658 2301 2742 intelligitur
2342 2672 2525 2726 caelum
2566 2689 2596 2727 a
2644 2674 2856 2744 pictura
2900 2674 3175 2741 siderum,
3210 2694 3376 2748 quam
3412 2696 3445 2734 a
3489 2697 3575 2735 ce-

1983 2762 2144 2818 lando
2183 2763 2503 2820 mortalibus
2529 2779 2727 2820 arcana
2757 2765 2978 2819 dictum.
3008 2764 3161 2821 Circa
3198 2767 3266 2821 ad
3299 2769 3569 2827 visibilem

1983 2856 2270 2911 materiam
2322 2856 2409 2910 vel
2470 2856 2647 2913 locum
2702 2856 2960 2926 pertinet.
3013 2856 3159 2928 Erga
3210 2860 3301 2914 ad
3330 2844 3571 2918 animum

1982 2953 2219 3016 spectat,
2259 2946 2496 3001 maxime
2538 2960 2663 3002 cum
2703 2946 2937 3017 aliquem
2991 2950 3400 3018 propensiorem
3437 2951 3573 3008 atl‘e-

1982 3045 2127 3093 ctum
2166 3044 2388 3109 generat
2425 3035 2842 3109 proximorum]
2878 3034 3090 3092 Circum
3126 3039 3195 3093 ad
3222 3047 3441 3112 tempus
3486 3058 3574 3099 re.

1986 3128 2186 3184 fertur.

2057 3216 2145 3273 Cis
2175 3218 2403 3274 localem
2448 3218 2613 3277 habet
2658 3217 3143 3290 signiﬁcationem,
3174 3229 3235 3275 ut
3266 3239 3279 3275 :
3319 3223 3395 3277 cis
3421 3221 3575 3295 Alpi-

1985 3325 2109 3363 nam
2138 3307 2367 3363 Galliam
2392 3322 2410 3360 :
2438 3317 2495 3362 et
2532 3322 2632 3379 pro
2666 3307 2808 3362 ultra
2838 3309 3134 3379 accipitur;
3165 3319 3263 3365 ut:
3294 3313 3369 3367 cis
3394 3314 3574 3383 praeﬁ-

1987 3400 2152 3453 nitum
2175 3409 2393 3470 tempus,
2425 3400 2529 3453 hoc
2556 3405 2661 3465 est,
2688 3397 2866 3465 ultra;
2890 3416 2958 3454 ex
2984 3416 3049 3456 eo
3076 3402 3229 3455 citra.
3255 3400 3404 3457 Citra
3428 3420 3579 3461 eam-

1987 3494 2110 3548 dem
2154 3509 2290 3563 pene
2318 3493 2768 3563 signiﬁcationem
2797 3494 2961 3549 habet
2990 3495 3135 3565 quod
3160 3496 3255 3550 cis.
3293 3495 3407 3551 Nisi
3433 3499 3582 3567 quod

1984 3583 2221 3653 propriis
2249 3582 2559 3638 nominibus
2595 3585 2704 3648 cis;
2745 3589 2800 3636 et
2846 3583 3183 3653 appellativis
3224 3586 3358 3639 citra
3385 3588 3581 3656 saepius

1987 3673 2227 3743 praeponi
2245 3671 2399 3726 solet.
2427 3670 2513 3725 Cis
2535 3669 2803 3737 Rhenum;
2828 3673 2902 3725 cis
2926 3670 3114 3743 Alpes;
3144 3674 3277 3727 citra
3306 3674 3503 3744 forum,
3527 3684 3585 3732 et

1990 3777 2022 3817 a
2043 3763 2137 3828 cis,
2164 3763 2336 3815 citra:
2358 3778 2389 3816 ει
2412 3764 2565 3827 citra,
2591 3764 2736 3827 citer,
2765 3763 2996 3829 citerior,
3024 3764 3326 3819 citissimus.

2061 3853 2281 3911 Circiter
2308 3857 2377 3910 ad
2420 3870 2707 3909 numerum
2738 3855 2913 3910 solum
2955 3857 3213 3926 pertinet,
3241 3866 3302 3912 ut
3330 3876 3342 3911 :
3376 3859 3585 3914 circiter

1990 3950 2095 4005 tria
2124 3948 2322 4015 millia,
2363 3947 2450 4003 vel
2479 3948 2688 4001 circiter
2727 3948 2981 4002 horarum
3026 3949 3223 4003 decem.
3256 3949 3449 4005 Carcer
3489 3952 3583 4007 ubi

1989 4042 2239 4099 homines
2260 4040 2607 4096 clauduntur.
2625 4038 2877 4095 Carceres
2897 4040 3040 4096 unde
3063 4042 3338 4113 quadrigae
3360 4051 3579 4100 exeunt.

1992 4137 2138 4211 Cepit
2177 4154 2277 4210 per
2315 4138 2617 4209 simplicem
2658 4154 2686 4192 e
2735 4155 2767 4193 a
2814 4139 3096 4209 capiendo.
3159 4138 3321 4211 Capit
3360 4156 3461 4210 per
3501 4141 3585 4195 di-

1992 4230 2308 4301 phthongon
2323 4245 2368 4283 ae
2386 4229 2451 4283 de
2468 4228 2794 4298 incipiendo.
2814 4227 2991 4299 prta
3004 4244 3104 4301 per
3119 4230 3485 4302 diphthongon
3502 4247 3582 4297 te;

1994 4320 2206 4392 incepta
2237 4337 2338 4392 per
2366 4320 2665 4390 simplicem
2693 4338 2740 4375 e.
2769 4317 2880 4374 Con
2906 4322 3219 4392 praepositio
3259 4322 3304 4377 si
3326 4322 3395 4376 ad
3416 4322 3583 4379 verba

1996 4427 2027 4466 ιι
2054 4410 2330 4467 vocalibus
2357 4411 2669 4482 incipientia
2699 4411 2951 4478 accedat,
2981 4428 3016 4465 ιι
3047 4422 3434 4469 consonantem
3461 4429 3585 4486 per-

2004 4504 2103 4569 dit,
2131 4512 2209 4570 ut,
2236 4519 2405 4574 aequo,
2432 4519 2677 4574 cotequo;
2705 4521 2785 4571 eo,
2819 4520 2963 4571 coeo,
2986 4513 3042 4561 et
3068 4506 3295 4576 reliqua.
3319 4506 3377 4563 Si
3403 4516 3584 4564 autem

2004 4597 2074 4651 ad
2099 4596 2267 4651 verba
2287 4610 2319 4649 a
2347 4596 2654 4668 digammon
2683 4598 3014 4667 incipientia,
3039 4614 3146 4654 non
3173 4601 3352 4670 perdit
3380 4618 3425 4671 n_
3441 4599 3588 4656 litte-

2003 4703 2146 4753 ram,
2172 4695 2257 4749 ut,
2286 4686 2424 4753 volo,
2456 4686 2702 4753 convolo;
2738 4688 2906 4754 vinco,
2933 4690 3199 4746 convinco.
3231 4689 3460 4763 Coquus,
3499 4708 3589 4749 co-

2002 4779 2112 4849 qui,
2150 4778 2325 4846 prima
2351 4775 2555 4849 syllaba
2585 4791 2684 4847 per
2706 4794 2766 4842 c;
2794 4778 3027 4832 secunda
3067 4795 3164 4850 per
3201 4799 3253 4848 q.
3280 4780 3398 4837 Non
3439 4782 3587 4838 enim

2001 4867 2235 4923 dicimus
2258 4883 2537 4939 quoquere,
2581 4867 2676 4923 sed
2705 4882 2958 4937 coquere.
2984 4865 3231 4939 Conjunx
3270 4870 3392 4944 [Ms.
3425 4871 3585 4943 Reg.,

1999 4955 2217 5030 conjux]
2242 4958 2537 5013 secundum
2563 4957 2867 5028 analogiam
2902 4973 3000 5029 per
3034 4976 3068 5013 ιι
3094 4961 3441 5017 scribendum
3469 4972 3585 5030 est,

2005 5058 2066 5105 ut
2088 5050 2352 5120 conjunx;
2379 5050 2474 5105 sed
2500 5050 2783 5119 euphoniae
2806 5066 2971 5106 causa
3000 5069 3033 5105 ιι
3056 5051 3264 5107 tollitur
3281 5062 3337 5109 et
3357 5054 3590 5113 dicimus

2004 5128 2218 5209 conjux.
2254 5138 2296 5194 C
2326 5148 2606 5209 sequente,
2636 5142 2817 5197 nullus
2853 5143 3056 5199 vocalis
3102 5143 3230 5217 [Με.
3254 5142 3407 5215 Reg.,
3440 5146 3591 5204 nulla

2003 5229 2227 5303 vocalis]
2254 5231 2543 5300 aspiratur,
2573 5239 2634 5286 ut
2656 5233 2818 5299 acies,
2841 5251 2974 5299 ecce,
3002 5233 3203 5290 oculus.

2076 5322 2294 5391 Cwlebs,
2318 5325 2410 5394 qui
2436 5324 2539 5378 sibi
2562 5324 2669 5379 iter
2691 5323 2823 5380 facit
2848 5328 2914 5381 ad
2936 5328 3133 5382 caelum
3156 5344 3170 5393 ;
3192 5334 3248 5383 et
3271 5324 3455 5383 caelebs
3477 5342 3592 5384 cm-

2008 5417 2224 5473 lestium
2248 5415 2453 5471 ducens
2486 5415 2687 5481 vitam;
2714 5424 2771 5470 et
2798 5416 3053 5485 cwlicola,
3082 5418 3176 5489 qui
3206 5417 3403 5473 cmlum
3441 5419 3590 5488 colit,

2010 5517 2074 5564 ut
2099 5508 2335 5581 angelus.
2365 5507 2492 5564 Hazc
2526 5523 2625 5578 per
2650 5524 2695 5562 ιε
2720 5507 3089 5578 diphthongon
3126 5509 3414 5566 scribenda
3442 5520 3588 5565 sunt.

2014 5600 2341 5667 Cowtaneus,
2388 5602 2543 5671 quasi
2599 5616 2818 5671 compar
2874 5602 3089 5668 sitatis,
3143 5613 3202 5657 et
3253 5618 3352 5674 per
3408 5618 3455 5657 te
3506 5603 3591 5660 di-

2013 5695 2325 5765 nhthongon
2357 5694 2634 5751 scribitur.
2668 5692 2833 5759 Cado,
2859 5692 3046 5757 cecidi,
3081 5708 3114 5748 a
3136 5695 3379 5751 cadendo
3418 5708 3518 5776 per
3545 5702 3594 5753 ιι

3072 5890 3250 5953 29ο
