4062 6346
548 324 651 382 θη

1139 446 1433 507 LITTERA
1471 453 1533 507 K.

1362 341 1419 392 Β.
1459 340 1520 392 F.
1559 339 1784 395 ALBlNl
1822 340 1950 399 SEU
1989 339 2264 400 ALCUlNl
2300 344 2584 404 OPERUM
2621 345 2801 403 PARS
2837 346 2945 404 Vl].

3701 352 3812 409 9i!

2147 463 2200 522 Α
2225 462 2503 535 societur].
2557 463 2828 534 Magister,
2859 464 3036 535 major
3063 465 3118 522 in
3148 467 3412 542 statione];
3455 483 3581 526 nam
3610 469 3812 529 istsron

618 531 856 605 Kartago
885 543 940 590 et
968 535 1018 590 Κ
1021 536 1222 593 alenda:
1257 557 1353 610 per
1381 543 1411 595 k
1439 546 1726 602 scribenda
1749 557 1890 603 sunt.
1917 549 2126 606 Caetera
2229 552 2416 610 Graece
2441 531 2606 612 statio
2632 531 2849 614 dicitur.

545 640 647 694 per
670 644 697 680 ο
726 628 934 683 melius.

1132 743 1431 800 LITTERA
1463 747 1524 802 L.

2811 647 3111 704 LITTERA
3149 648 3214 704 N.

2301 754 2532 823 Nobilis,
2575 759 2800 827 mobilis,
2846 762 3051 828 debilis,
3091 763 3303 830 habilis,
3334 781 3430 837 per
3459 767 3487 820 ὁ
3519 769 3810 826 scribenda

619 856 767 911 Liber
787 855 898 911 sive
927 857 1186 925 codicem,
1216 859 1329 915 sive
1355 860 1681 928 libertatem,
1721 862 1834 918 sive
1861 863 2107 920 corticem

2222 858 2368 905 sunt.
2405 849 2668 919 Nanctus,
2715 855 2767 908 id
2793 862 2876 909 est
2906 856 3156 911 inventus
3180 857 3265 913 vel
3291 858 3538 928 adeptus,
3570 878 3669 934 per
3690 882 3723 918 n
3751 872 3811 919 et

540 947 828 1019 significet,
859 948 1037 1002 omnia
1063 965 1161 1019 per
1184 949 1212 1003 b
1237 951 1568 1005 scribuntur.
1596 951 1839 1022 Largitas
1868 953 2121 1008 humani-

2219 958 2247 996 c
2273 943 2436 998 scribi
2471 945 2647 1000 debet.
2682 943 2951 1000 Nacturus
2975 949 3322 1019 participium
3348 950 3514 1006 futuri
3544 957 3811 1026 temporis

537 1041 666 1095 tatis
694 1049 806 1106 est;
850 1039 1060 1112 largitio
1103 1043 1434 1100 ambitionis.
1477 1044 1812 1100 Libidinosus
1840 1062 1869 1100 a
1897 1047 2107 1103 libidine

2218 1049 2316 1106 per
2335 1055 2362 1092 c
2390 1037 2581 1093 solum.
2638 1036 2833 1093 Navita
2863 1049 2918 1094 et
2946 1039 3129 1095 Nauta
3160 1051 3448 1114 utrumque
3488 1055 3636 1101 recte
3672 1049 3811 1104 dici-

533 1146 633 1202 per
659 1132 708 1186 b.
735 1131 947 1188 Lividus
979 1149 1008 1188 a
1033 1134 1202 1189 livore
1230 1151 1329 1205 per
1356 1153 1383 1189 υ
1409 1137 1753 1191 scribendum
1784 1144 1886 1191 est.
1923 1135 2117 1208 [Lepus
2218 1139 2325 1186 tur.
2356 1132 2760 1188 Nummularius
2784 1133 2906 1206 [Ms.
2936 1135 3095 1205 Reg,
3123 1135 3549 1211 Nummolarius]
3574 1156 3671 1210 per
3698 1143 3808 1198 duo

535 1223 736 1277 animal
760 1232 875 1289 est;
907 1223 1046 1294 lepos
1063 1225 1374 1294 iucunditas
1402 1227 1709 1297 voluptatis.
1742 1227 1894 1284 Unde
1914 1239 1969 1284 et
1993 1245 2116 1300 gra-

534 1329 646 1373 tum
677 1320 880 1389 aliquid
923 1320 1157 1389 lepidum
1202 1321 1476 1393 dicimus.]
1523 1320 1707 1376 Limen
1751 1323 1948 1378 aedium
1987 1332 2108 1390 est;

529 1410 676 1465 limes
708 1411 1009 1482 regionum.
1057 1411 1224 1482 Loqui
1267 1412 1501 1473 hominis
1529 1423 1642 1476 est;
1680 1412 1886 1486 obloqui
1924 1415 2109 1470 obtre-

528 1503 772 1568 ctatoris,
803 1503 943 1556 sicut
966 1503 1174 1572 objecit,
1205 1502 1411 1574 obponit
1446 1502 1567 1576 [Ms.
1613 1504 1771 1575 Reg.,
1803 1504 1988 1572 obicit,
2017 1523 2108 1577 op-

525 1596 714 1668 ponit].
761 1597 986 1667 Adloqui
1025 1597 1148 1670 [ld.,
1179 1597 1410 1670 Alloqui]
1441 1599 1819 1668 persuadentis
1859 1608 1945 1656 est
1979 1602 2108 1657 hor-

523 1691 799 1760 tantisque
826 1691 909 1745 vel
932 1691 1196 1761 jubentis.
1226 1691 1419 1762 Eloqui
1452 1692 1684 1747 oratoris
1707 1702 1810 1748 est.

2215 1239 2289 1287 m,
2320 1225 2466 1294 quod
2507 1234 2591 1280 est
2615 1241 2960 1281 nummorum
2995 1226 3239 1298 largitor.
3271 1226 3608 1285 Nummisma
3652 1232 3808 1288 simi-

2214 1315 2339 1370 liter
2364 1331 2461 1386 per
2481 1317 2585 1372 duo
2605 1333 2679 1383 m,
2703 1318 2847 1388 quod
2872 1326 2956 1372 est
2976 1318 3180 1373 nummi
3204 1334 3553 1390 percussura.
3590 1321 3802 1390 Novus,

2213 1410 2356 1479 quod
2382 1418 2465 1465 est
2488 1419 2740 1466 strenuus
2767 1409 2852 1465 vel
2878 1408 3065 1466 efﬁcax
3087 1451 3102 1477 ,
3130 1426 3230 1482 per
3252 1414 3359 1468 duo
3387 1430 3423 1466 u
3449 1414 3802 1471 scribendum

2209 1503 2375 1574 308
2395 1511 2498 1558 est.
2523 1500 2724 1574 [Nimis
2756 1501 2971 1567 dicitur,
2999 1503 3260 1574 quidquid
3293 1504 3414 1573 plus
3442 1502 3609 1560 fuerit
3637 1521 3801 1575 quam

2208 1600 2441 1662 oportet.
2487 1591 2623 1646 Nam
2668 1607 2893 1663 parvum
2939 1600 3046 1658 est,
3093 1593 3238 1662 quod
3287 1593 3468 1649 minus
3501 1603 3587 1652 est
3635 1611 3798 1666 quam

2204 1691 2437 1756 Opertet.
2487 1683 2692 1738 Horum
2723 1683 2779 1738 in
2806 1683 2986 1738 medio
3014 1684 3207 1740 modus
3240 1693 3353 1749 est,
3388 1687 3534 1755 quod
3577 1687 3795 1754 dicitur,

592 1781 910 1835 Laurentius
937 1791 992 1837 et
1023 1782 1127 1836 alia
1169 1783 1392 1836 nomina
1419 1798 1539 1852 quae
1579 1784 1974 1841 nominativum
2002 1800 2100 1842 ca-

2205 1778 2332 1832 satis
2363 1785 2458 1832 est.
2503 1775 2608 1832 Sed
2638 1776 2928 1846 aliquando
2954 1775 3146 1831 Latina
3178 1776 3360 1848 lingua
3391 1778 3496 1832 hoc
3521 1779 3692 1835 verbo
3720 1782 3797 1836 sic

521 1889 640 1928 sum
665 1873 990 1943 singularem
1014 1874 1170 1928 iuius
1198 1875 1437 1938 mittunt,
1456 1875 1749 1946 genitivum
1773 1875 2101 1947 singularem
2129 1868 2174 1876 —
2206 1868 2465 1933 abutitur.
2509 1877 2570 1922 ιιι
2597 1869 2752 1923 "huis
2792 1883 2890 1938 ι)το
2923 1884 3009 1935 80.
3041 1868 3182 1939 QUOd
3212 1878 3299 1924 εει
3335 1868 3509 1936 valde.
3539 1881 3791 1942 ponatur.

518 1974 575 2021 ει
626 1966 1013 2020 nominativum
1065 1963 1327 2034 pluralem
1384 1965 1438 2020 in
1487 1965 1756 2035 duplicem
1796 1966 1836 2019 ii
1865 1967 2098 2031 habent;

515 2055 818 2110 vocativum
865 2053 1191 2124 singularem
1220 2054 1275 2107 in
1317 2054 1618 2124 simplicem
1647 2056 1664 2107 i
1694 2063 1788 2108 aut
1816 2055 1896 2119 ie,
1926 2064 1987 2110 ut
2015 2056 2101 2110 h'ic

513 2146 726 2216 impius,
757 2145 914 2214 hujus
943 2145 1108 2214 impii,
1133 2161 1162 2197 ο
1193 2144 1367 2212 impie.
1395 2143 1565 2198 Luceo
1591 2153 1646 2198 et
1673 2143 1823 2214 lugeo
1850 2147 1904 2200 in
1931 2161 2100 2200 unum

511 2235 811 2305 perfectum
847 2234 1154 2299 deveniunt,
1188 2243 1250 2287 ut
1276 2234 1407 2286 laxi.
1460 2233 1594 2287 Lino
1628 2233 1758 2288 facit
1795 2235 2098 2305 perfectum

510 2326 645 2380 linui
683 2334 736 2380 et
781 2325 945 2378 linivi.
996 2324 1171 2377 Ltetus
1197 2339 1296 2394 per
1331 2340 1376 2377 ce
1417 2324 1786 2395 diphthongon
1817 2325 2094 2391 scribitur,

511 2419 636 2488 quia
686 2417 867 2471 lzetitia
897 2433 925 2470 a
954 2415 1238 2470 latitudine
1281 2422 1472 2470 vocata
1502 2423 1604 2471 est.
1655 2414 1871 2486 Leprosi
1897 2432 1928 2470 a
1967 2433 2099 2487 pru-

508 2511 619 2565 ritu
653 2509 821 2563 nimio
848 2507 1014 2578 ipsius
1044 2506 1244 2562 scabiei
1275 2507 1404 2561 dicti
1431 2514 1578 2572 sunt,
1605 2506 1726 2562 ideo
1751 2521 1849 2577 per
1871 2524 1904 2576 p
1929 2507 2096 2562 scribi

510 2602 727 2656 debent.
759 2599 918 2670 Lego,
956 2598 1117 2671 legas,
1153 2601 1217 2653 ab
1245 2599 1522 2668 elegendo.
1561 2599 1728 2670 Lego,
1767 2598 1914 2670 legis,
1955 2613 1987 2652 a
2018 2599 2096 2654 le-

509 2695 702 2766 gendo.
739 2692 966 2765 Loquor,
1015 2691 1271 2764 loqueris,
1324 2692 1556 2764 loquitur
1585 2708 1682 2762 per
1729 2709 1759 2762 q
1803 2692 2092 2748 scribenda

507 2796 661 2848 sunt;
693 2786 898 2840 locutus
924 2800 1052 2840 vero
1065 2785 1350 2856 euphoniae
1372 2799 1533 2840 causa
1558 2800 1657 2855 per
1677 2800 1704 2838 c
1727 2791 1782 2841 et
1804 2782 2031 2855 simplex
2057 2799 2094 2836 u

504 2880 792 2935 scribatur.

1096 2989 1396 3046 LITTERA
1433 2989 1504 3045 M.

576 3102 958 3158 Munimentum
991 3117 1022 3155 a
1056 3101 1350 3156 muniendo
1380 3118 1392 3154 :
1425 3099 1863 3173 [monumentum]
1901 3102 1969 3156 ad
1997 3116 2086 3157 se-

499 3194 746 3266 pulcrum
793 3191 1044 3261 pertinet.
1095 3189 1244 3244 Mille
1284 3205 1384 3260 per
1424 3191 1530 3244 duo
1559 3191 1599 3254 l,
1645 3190 1772 3245 licet
1801 3208 1832 3242 η

499 3301 667 3340 unum
698 3283 1026 3338 lscribatur.
1060 3279 1262 3334 Malum
1290 3282 1334 3335 si
1361 3279 1593 3335 fructum
1623 3281 1892 3349 signiﬁcat
1925 3281 2087 3352 longa

501 3393 534 3429 a
564 3373 692 3448 [Ms.
739 3372 894 3442 Reg.,
937 3371 1094 3439 longa
1135 3379 1218 3424 est
1263 3368 1405 3441 ma];
1434 3371 1481 3425 si
1525 3372 1843 3441 nequitiam,
1868 3371 2085 3426 brevem

500 3469 686 3524 dicito.
732 3463 910 3520 Malus
953 3478 1188 3533 quoque,
1230 3463 1283 3516 id
1325 3471 1410 3518 est
1437 3464 1599 3518 arbor
1626 3465 1779 3518 navis
1807 3464 2020 3535 longam
2049 3481 2084 3517 a

501 3563 686 3619 dicito.
748 3557 926 3615 Malus
976 3557 1139 3611 homo
1186 3557 1405 3611 brevem
1433 3573 1466 3608 a
1495 3557 1654 3610 debet
1701 3555 1902 3611 habere
1950 3555 2080 3628 [Ms.

499 3656 658 3726 Reg.,
685 3653 904 3708 brevem
934 3651 1100 3706 habet
1129 3667 1162 3704 a
1196 3647 1324 3720 lit.].
1358 3647 1607 3702 Machina
1633 3663 1730 3719 per
1758 3667 1785 3704 c
1809 3649 1921 3705 eth
1949 3651 2087 3705 scri-

493 3743 750 3808 bendum,
775 3743 827 3798 id
873 3749 956 3796 est
999 3748 1400 3813 argumentum.
1448 3739 1644 3803 Macte,
1677 3739 1730 3794 id
1775 3750 1860 3796 est
1908 3741 2082 3812 magis

496 3833 668 3894 aucte.
697 3834 874 3891 Mollis
902 3834 947 3890 si
975 3849 1008 3888 a
1030 3832 1252 3888 mollitia
1273 3848 1370 3902 per
1391 3831 1496 3886 duo
1521 3831 1562 3885 ι.
1593 3829 1750 3886 Molis
1773 3831 1896 3905 [Ms.
1920 3833 2079 3904 803.,

496 3927 685 4000 Moles]
711 3928 756 3982 si
785 3928 851 3981 ad
890 3924 1121 3995 pondus,
1150 3938 1247 3994 per
1301 3938 1465 3976 unum
1496 3919 1515 3975 Ι
1549 3922 1839 3978 scribatur.
1888 3921 2078 3988 Mane,

497 4021 568 4077 dii
622 4017 913 4075 infernales
961 4015 1233 4070 dicuntur.
1280 4013 1440 4068 Mane
1469 4013 1656 4077 sines,
1690 4013 1797 4068 diei
1842 4013 2075 4068 initium.

495 4110 858 4181 Marsuppium
885 4123 981 4176 per
1005 4107 1110 4160 duo
1137 4123 1170 4175 p
1195 4106 1544 4160 scribendum
1571 4111 1674 4158 est.
1704 4103 1824 4157 Mas
1849 4105 2080 4174 primiti-

494 4218 618 4255 vum
663 4210 775 4264 est;
820 4197 993 4252 Mares
1025 4195 1147 4268 [Με.
1182 4194 1339 4265 Reg,
1388 4192 1773 4257 masculinum;
1806 4193 1931 4247 fort.
1963 4211 2078 4248 ma-

491 4288 692 4361 sculus]
721 4288 1117 4344 diminutivum.
1151 4283 1422 4338 Machazra
1450 4299 1548 4354 per
1574 4301 1601 4338 c
1630 4285 1760 4350 eth,
1792 4284 1845 4338 id
1861 4292 1944 4339 est
1965 4285 2078 4356 gla-

493 4385 634 4439 dius.
662 4383 914 4448 Maceria,
936 4385 988 4438 id
1010 4393 1093 4438 est
1115 4399 1320 4449 murus,
1341 4399 1438 4452 per
1460 4384 1758 4452 simplicem
1781 4401 1828 4437 c.
1853 4383 2074 4450 Mando,

492 4475 745 4539 mandas,
777 4492 807 4528 a
850 4475 1174 4529 mandando.
1229 4475 1449 4539 Mando,
1496 4474 1724 4536 mundis,
1770 4489 1802 4528 a
1848 4476 2074 4530 mandu-

490 4569 684 4624 cando.
715 4567 931 4621 Metalla
963 4582 1058 4637 per
1081 4568 1187 4622 duo
1212 4567 1230 4621 ι
1255 4568 1524 4622 scribitur.
1553 4567 1759 4622 Mulceo
1787 4577 1842 4624 et
1866 4571 2071 4641 mulgeo

489 4673 656 4714 unum
684 4658 884 4714 habent
908 4657 1204 4728 perfectum
1247 4657 1374 4730 [Ms.
1420 4657 1572 4729 Reg.,
1597 4659 1651 4713 in
1694 4675 1860 4714 unum
1897 4661 2073 4730 perfe-

487 4763 634 4809 ctum
661 4750 905 4824 veniunt]
936 4750 1108 4804 mulsi.
1145 4750 1340 4806 Menda
1369 4751 1614 4822 deceptio
1641 4751 1726 4808 vel
1747 4750 1915 4816 fraus,
1945 4753 2071 4808 inde

487 4845 715 4900 mendax
738 4844 821 4898 vel
857 4841 1206 4897 mendacium.

559 4938 706 4994 Mars
734 4945 789 4992 et
818 4935 1028 4991 Mavors
1059 4949 1226 4989 unum
1257 4942 1361 5000 est,
1390 4935 1531 4990 unde
1552 4945 1608 4990 et
1633 4935 1894 4991 Mauortia
1925 4935 2068 5008 [qui-

487 5031 610 5085 dam
637 5029 741 5084 dici
769 5026 990 5098 volunt].
1022 5024 1308 5091 Manuuiw,
1335 5027 1617 5093 oblivium,
1641 5027 1922 5093 diluvium,
1946 5044 2070 5083 sua-

485 5122 654 5186 vium,
681 5120 920 5184 lividum,
963 5117 1184 5191 [favius]
1213 5117 1424 5183 ﬂavius,
1452 5119 1660 5184 avidus,
1694 5118 1905 5184 ﬂuvius,
1934 5120 2068 5175 civi-

486 5221 598 5277 tas,
630 5212 838 5267 exuviae
878 5226 976 5282 per
1001 5227 1028 5263 υ
1055 5217 1441 5265 consonantem
1476 5218 1532 5266 et
1567 5210 1586 5264 i
1621 5210 1840 5266 brevem
1886 5211 2068 5281 profe-

2203 1961 2369 2016 veluti
2414 1961 2651 2031 positum
2696 1962 3003 2018 invenimus
3032 1962 3086 2017 in
3112 1961 3311 2018 litteris
3337 1962 3528 2018 sacris.
3577 1961 3711 2019 Nam
3740 1974 3796 2020 ct

2203 2052 2258 2107 in
2298 2053 2506 2123 psalmo
2540 2071 2552 2106 :
2594 2051 2671 2105 Tu
2712 2053 3004 2123 prtrcepisti
3049 2053 3302 2106 mandata
3341 2054 3599 2108 custodiri
3642 2054 3794 2108 nimis

2203 2143 2376 2218 (Psal.
2407 2161 2598 2210 cxvm,
2630 2145 2712 2217 4),
2744 2145 2797 2199 id
2827 2154 2911 2200 est
2940 2145 3144 2217 valde.]

2275 2233 2496 2306 [Nullus
2525 2243 2606 2290 est
2632 2243 2741 2289 tam
2787 2236 2840 2289 in
2868 2250 2929 2290 re
2968 2251 3132 2306 quam
3157 2236 3211 2290 in
3242 2251 3490 2306 persona.
3525 2236 3698 2293 Nemo
3740 2239 3792 2294 in

2199 2337 2435 2394 persona
2483 2325 2698 2388 dicitur,
2731 2332 2792 2378 ut
2835 2342 2904 2381 ne
2952 2325 3114 2381 homo
3161 2325 3293 2399 [Ms.
3334 2327 3481 2398 Reg.,
3515 2337 3575 2382 ut
3623 2345 3792 2386 nemo

2200 2413 2408 2484 homo].
2462 2413 2602 2469 Novi
2627 2415 2930 2470 declinatur
2972 2418 3112 2472 sicut
3136 2418 3226 2471 odi
3251 2426 3306 2474 et
3330 2420 3556 2474 memini.
3588 2419 3793 2493 [Nubit

2201 2505 2401 2560 femina
2438 2505 2588 2570 viro;
2623 2505 2706 2560 vir
2730 2515 2912 2562 autem
2941 2507 3090 2564 ducit
3117 2524 3362 2567 uxorem.
3394 2509 3585 2564 Mulier
3613 2511 3788 2574 nubit,

2199 2597 2326 2667 quia
2349 2597 2510 2667 pallio
2532 2599 2757 2654 obnubit
2791 2608 2974 2671 caput,
3004 2601 3321 2675 genasque].
3354 2600 3512 2658 Nubo
3536 2619 3660 2660 cum
3694 2622 3787 2663 vo-

2200 2687 2333 2744 calis
2374 2688 2652 2761 sequitur_,
2682 2689 2710 2743 b
2747 2690 2908 2746 debet
2957 2688 3110 2758 esse;
3142 2707 3267 2748 cum
3308 2709 3616 2751 consonans
3643 2715 3692 2766 p,
3728 2707 3785 2752 ut

2199 2780 2372 2849 nupsi.
2400 2778 2576 2851 [Nihil
2595 2782 2909 2837 adverbium
2931 2793 3044 2848 est;
3074 2783 3244 2839 Nihili
3266 2801 3463 2842 nomen
3485 2798 3599 2854 est;
3625 2790 3784 2847 homo

2197 2871 2340 2925 enim
2371 2870 2569 2926 nullius
2593 2875 2872 2938 momenti,
2896 2875 3047 2928 nihili
3079 2874 3323 2950 dicitur].
3363 2877 3650 2949 Navigium
3672 2897 3781 2938 om-

2195 2961 2280 3014 nis
2315 2961 2542 3016 classica
2584 2961 2848 3032 profectio
2880 2965 3096 3020 dicitur.
3152 2965 3337 3021 Nauta
3376 2980 3460 3024 est
3489 2974 3666 3029 omnis
3694 2974 3780 3044 qui

2195 3050 2438 3107 laborem
2480 3052 2609 3108 facit
2639 3055 2946 3126 navigandi.
2999 3057 3190 3124 Navis,
3220 3059 3489 3116 ablativus
3518 3063 3572 3118 in
3599 3065 3618 3117 ἱ
3645 3074 3698 3119 ει
3727 3067 3778 3122 in

1835 3145 2088 3260 515:5;
2116 3164 2164 3230 ο
2193 3146 2480 3260 ἱγωὶιιίιιιι·
2521 3145 2649 3218 [Ms.
2699 3147 2852 3219 Reg.,
2887 3149 3178 3260 ablativum
3224 3152 3279 3207 in
3306 3152 3400 3210 iet
3428 3155 3482 3210 in
3511 3173 3539 3210 e
3569 3157 3773 3233 mittit].

2197 3236 2442 3309 Nequam
2473 3256 2580 3294 non
2609 3241 2806 3295 malum
2842 3242 3131 3312 signiﬁcat,
3163 3245 3256 3299 sed
3284 3244 3553 3301 inutilem.
3592 3246 3775 3320 Negle-

2191 3346 2315 3399 gens
2350 3345 2447 3399 per
2468 3346 2500 3400 g
2547 3331 2886 3386 scribendum
2937 3342 3040 3400 est,
3077 3335 3230 3404 quasi
3261 3352 3354 3389 nec
3385 3335 3581 3405 legens,
3610 3354 3637 3390 c
3666 3339 3718 3393 in
3742 3356 3774 3410 g

2191 3433 2530 3474 conversum.
2561 3418 2762 3488 Narro,
2784 3423 3026 3478 narratio
3050 3440 3146 3494 per
3173 3425 3279 3480 duo
3307 3442 3334 3478 r
3361 3426 3636 3482 scribitur.
3669 3427 3775 3481 Ni-

2189 3505 2267 3559 hil
2292 3517 2345 3563 et
2371 3508 2444 3562 nil
2466 3519 2759 3582 utrumque
2787 3513 2892 3569 dici
2917 3522 3114 3583 potest.

2787 3627 3086 3685 LITTERA
3115 3629 3182 3687 0.

2261 3735 2417 3808 [Olea
2446 3735 2561 3808 ipsa
2588 3740 2750 3794 arbor
2774 3749 2877 3806 est,
2909 3740 3117 3798 fructus
3143 3726 3304 3809 oliva,
3328 3759 3525 3801 succus
3550 3746 3770 3818 oleum].

2189 3823 2492 3883 Obaudiens
2512 3830 2580 3883 ab
2602 3846 2753 3897 aure,
2777 3847 2844 3888 eo
2863 3835 3006 3902 quod
3026 3836 3210 3891 audiat
3235 3836 3626 3909 imperantem;
3653 3839 3771 3895 ideo

2184 3929 2282 3984 per
2305 3933 2377 3968 au
2409 3920 2754 3976 scribendum
2784 3931 2886 3978 est.
2923 3922 3000 3977 0'b
3027 3927 3335 3996 praepositio
3361 3928 3636 3985 interdum
3675 3946 3771 4002 po-

2184 4005 2333 4060 nitur
2377 4007 2566 4077 plena,
2609 4019 2670 4064 ut
2717 4021 2822 4078 est,
2867 4014 3031 4081 obire,
3081 4017 3342 4073 aberrare.
3392 4020 3667 4076 Interdum
3713 4024 3767 4079 in

2182 4096 2428 4153 eamdem
2457 4099 2694 4156 litteram
2725 4105 2945 4170 transit,
2975 4121 3007 4160 a
3030 4122 3134 4176 qua
3162 4123 3396 4178 sequens
3421 4126 3602 4167 sermo
3628 4112 3764 4168 inci-

2181 4187 2290 4257 pit;
2321 4195 2380 4240 ut
2425 4189 2647 4258 offulsit,
2678 4196 2976 4262 ommutuit,
3027 4201 3285 4268 opposuit.
3324 4200 3598 4271 Sequente
3642 4219 3769 4259 vero

2181 4295 2209 4332 υ
2234 4278 2353 4334 loco
2375 4282 2725 4337 consonantis
2746 4284 2952 4354 integra
2976 4297 3176 4353 manet,
3198 4299 3259 4344 ut
3277 4291 3542 4358 obversus,
3564 4293 3766 4347 obuius.

2182 4367 2330 4425 Onus
2375 4371 2420 4444 si
2451 4372 2517 4427 de
2545 4389 2707 4430 onere
2754 4378 2922 4444 venit,
2965 4394 3063 4450 per
3089 4397 3118 4434 ο
3147 4380 3349 4449 solam;
3381 4384 3425 4438 si
3456 4385 3524 4440 de
3563 4384 3772 4441 honore

2180 4475 2279 4529 per
2304 4461 2335 4514 h
2379 4462 2652 4517 scribitur.
2686 4463 2931 4520 Oblatrat
2958 4484 3056 4540 per
3081 4470 3111 4522 b
3142 4471 3488 4527 scribendum
3517 4483 3622 4529 est.
3653 4473 3762 4529 0b-

2176 4560 2279 4603 stat
2307 4566 2402 4619 per
2431 4552 2493 4615 b;
2520 4563 2663 4622 optat
2689 4569 2788 4624 per
2814 4574 2848 4626 p
2874 4558 3150 4614 scribitur.
3181 4559 3457 4632 Obstupui,
3489 4564 3762 4634 obstupeo,

2176 4642 2378 4708 obsum,
2411 4643 2668 4716 obstrepo,
2696 4647 2726 4699 b
2753 4648 2821 4702 ad
2845 4649 3081 4719 priorem
3107 4652 3393 4722 syllabam,
3421 4671 3445 4708 s
3470 4656 3538 4709 ad
3571 4672 3768 4711 secun-

2176 4734 2297 4789 dam
2327 4737 2581 4803 pertinet.
2637 4737 2824 4795 Obitus
2853 4757 3075 4809 nomen,
3102 4753 3156 4799 et
3184 4747 3356 4800 subito
3398 4756 3563 4818 atque
3601 4751 3770 4804 obiter

2175 4824 2427 4880 adverbia
2479 4829 2547 4882 ab
2595 4829 2657 4882 ob
2709 4840 2764 4885 ct
2803 4832 2898 4886 sub
2948 4836 3422 4905 praepositionibus
3464 4840 3758 4910 incipiunt.

2176 4915 2436 4971 Obsolevit
2463 4935 2487 4970 s
2517 4920 2734 4990 quidem
2765 4924 2950 4991 habet,
2980 4927 3075 4981 sed
3110 4945 3216 4984 non
3258 4931 3427 4999 ipsius
3466 4934 3645 4996 verbi,
3673 4935 3768 4988 scd

2171 5008 2582 5075 praepositionis,
2612 5026 2732 5080 quae
2755 5023 2836 5069 est
2857 5016 2967 5081 obs,
2993 5017 3218 5073 sicutab
3241 5029 3297 5073 et
3323 5021 3432 5074 abs.
3469 5019 3764 5088 Obsoleoit,

2169 5097 2222 5152 id
2253 5107 2335 5153 est
2361 5101 2700 5159 inveteravit.
2735 5103 2991 5174 Obnixus,
3021 5110 3074 5164 id
3100 5122 3185 5166 est
3205 5114 3563 5169 conabundus
3592 5130 3697 5184 per
3725 5117 3762 5169 i.

2171 5187 2435 5257 Obnexus,
2464 5193 2515 5247 id
2541 5203 2626 5250 est
2648 5197 2932 5268 obligatus,
2963 5216 3060 5272 per
3081 5218 3109 5256 e
3132 5204 3480 5260 scribendum
3512 5216 3620 5260 est.
3657 5206 3763 5262 0c-

485 5314 697 5360 runtur.
734 5303 995 5358 Mattheus
1033 5310 1088 5357 et
1116 5301 1366 5357 Matthias
1392 5319 1491 5372 per
1519 5304 1623 5358 duo
1652 5313 1690 5369 t,
1719 5305 1862 5375 quod
1885 5304 2063 5361 Grzeci
2167 5299 2320 5337 ⁸⁸⁸³⁸
2351 5299 2448 5354 Per
2471 5286 2576 5342 duo
2597 5305 2624 5341 ο
2643 5297 2698 5342 ei
2724 5305 2822 5361 Per
2845 5307 3008 5348 unum
3032 5312 3078 5348 ³·

482 5408 580 5464 per
604 5416 633 5448 τ
661 5394 762 5447 ειο
785 5392 1045 5446 scribunt.
1077 5390 1240 5455 Malo,
1263 5392 1316 5446 id
1344 5402 1428 5446 est
1458 5393 1628 5461 magis
1656 5393 1809 5457 volo;
1834 5403 1888 5449 et
1916 5395 2060 5462 nolo,

483 5483 537 5540 id
565 5490 649 5538 est
676 5499 744 5536 ne
769 5482 888 5536 volo
916 5497 1014 5552 per
1034 5497 1200 5535 unum
1227 5482 1262 5534 ι.
1298 5480 1460 5534 Molle
1480 5490 1534 5536 et
1555 5481 1690 5534 velle
1716 5491 1770 5536 et
1802 5484 1941 5538 nolle
1967 5501 2063 5555 per

2749 5405 3047 5463 LITTERA
3095 5407 3156 5464 P.

2236 5487 2441 5544 Pascha
2467 5501 2521 5546 et
2552 5491 2725 5550 Phase
2753 5512 2919 5552 unum
2948 5509 3048 5553 est.
3095 5497 3426 5558 Paraschere
3466 5519 3564 5574 per
3596 5525 3632 5560 u
3670 5509 3766 5563 de-

483 5575 591 5631 duo
616 5573 653 5629 l.
686 5573 837 5628 Mitto
873 5589 970 5644 per
1000 5574 1105 5628 duo
1134 5583 1151 5626 t
1178 5582 1232 5627 et
1271 5573 1390 5628 ideo
1419 5572 1470 5626 in
1500 5568 1772 5642 praeterito
1817 5575 2060 5646 perfecto
2161 5581 2250 5636 bet
2276 5582 2330 5637 in
2363 5585 2652 5641 novissima
2701 5588 2914 5660 syllaba
2935 5592 3118 5646 scribi.
3179 5568 3499 5648 Patriarcha
3527 5597 3560 5649 lt
3589 5598 3764 5654 debet

480 5679 584 5739 per
619 5665 726 5720 duo
767 5682 793 5718 s
832 5665 1120 5730 scribatur,
1165 5665 1219 5721 id
1249 5672 1354 5729 est,
1386 5663 1552 5719 missi.
1605 5663 1856 5738 Magnus,
1897 5685 1931 5739 g
1974 5684 2059 5725 se-

2159 5674 2381 5741 babere,
2423 5677 2479 5732 id
2508 5686 2592 5734 est
2619 5681 2871 5752 princeps
2911 5690 3146 5754 patrum.
3202 5680 3473 5758 [Patrium
3508 5701 3538 5742 a
3571 5691 3762 5760 patria

485 5757 672 5816 menti
719 5757 917 5814 svllaba
939 5757 1182 5827 jungitur
1208 5756 1336 5830 [.lls.
1372 5756 1518 5828 Reg,
1548 5759 1792 5828 sequenti
1838 5761 2058 5832 syllaba
2155 5765 2374 5824 dicitur.
2411 5767 2702 5828 Paternum
2726 5790 2756 5829 a
2786 5787 2945 5847 patre
2969 5777 3175 5834 dictum
3203 5756 3307 5834 est.
3336 5756 3708 5856 Ραρσωῖρει-
3733 5801 3763 5837 ε-
