  <div class='ocr_page' id='page_1' title='image "/cluster/home/n/w/nwhite01/storage/ocr_20150623/101/hvd.32044004824769/462.png"; bbox 0 0 4062 6346; ppageno 0'>
   <div class='ocr_carea' id='block_1_1' title="bbox 1329 325 2635 392">
    <p class='ocr_par' dir='ltr' id='par_1_1' title="bbox 1329 325 2635 392">
     <span class='ocr_line' id='line_1_1' title="bbox 1329 325 2635 392; baseline -0.005 -2"><span class='ocrx_word' id='word_1_1' title='bbox 1329 330 1801 392; x_wconf 70' lang='grc' dir='ltr'><strong>υωΑεοΑιιοΑ.</strong></span> <span class='ocrx_word' id='word_1_2' title='bbox 1841 356 1909 372; x_wconf 91' lang='lat'><strong>--</strong></span> <span class='ocrx_word' id='word_1_3' title='bbox 1945 327 2038 386; x_wconf 83' lang='lat' dir='ltr'><strong>DE</strong></span> <span class='ocrx_word' id='word_1_4' title='bbox 2072 325 2635 388; x_wconf 71' lang='lat' dir='ltr'><strong>OBTHOGRAPHIA.</strong></span> 
     </span>
    </p>
   </div>
   <div class='ocr_carea' id='block_1_2' title="bbox 3496 336 3603 392">
    <p class='ocr_par' dir='ltr' id='par_1_2' title="bbox 3496 336 3603 392">
     <span class='ocr_line' id='line_1_2' title="bbox 3496 336 3603 392; baseline 0 -1"><span class='ocrx_word' id='word_1_5' title='bbox 3496 336 3603 392; x_wconf 75' lang='lat' dir='ltr'><strong>9M</strong></span> 
     </span>
    </p>
   </div>
   <div class='ocr_carea' id='block_1_3' title="bbox 342 436 3603 518">
    <p class='ocr_par' dir='ltr' id='par_1_3' title="bbox 342 436 3603 518">
     <span class='ocr_line' id='line_1_3' title="bbox 342 436 3603 518; baseline 0 -16"><span class='ocrx_word' id='word_1_6' title='bbox 342 444 690 506; x_wconf 83' lang='lat' dir='ltr'><strong>scribendum</strong></span> <span class='ocrx_word' id='word_1_7' title='bbox 719 442 846 518; x_wconf 88' lang='lat' dir='ltr'><strong>est].</strong></span> <span class='ocrx_word' id='word_1_8' title='bbox 888 441 1204 515; x_wconf 82' lang='lat' dir='ltr'><strong>Pandectes,</strong></span> <span class='ocrx_word' id='word_1_9' title='bbox 1234 447 1288 503; x_wconf 90' lang='lat' dir='ltr'><strong>id</strong></span> <span class='ocrx_word' id='word_1_10' title='bbox 1311 456 1395 503; x_wconf 88' lang='lat' dir='ltr'><strong>est</strong></span> <span class='ocrx_word' id='word_1_11' title='bbox 1439 447 1622 502; x_wconf 85' lang='lat' dir='ltr'><strong>omnia</strong></span> <span class='ocrx_word' id='word_1_12' title='bbox 1664 443 1916 500; x_wconf 83' lang='lat' dir='ltr'><strong>ferentes.</strong></span> <span class='ocrx_word' id='word_1_13' title='bbox 1945 446 2002 505; x_wconf 73' lang='grc' dir='ltr'>Α</span> <span class='ocrx_word' id='word_1_14' title='bbox 2025 439 2272 509; x_wconf 82' lang='lat' dir='ltr'><strong>dicimus,</strong></span> <span class='ocrx_word' id='word_1_15' title='bbox 2296 457 2404 498; x_wconf 90' lang='lat' dir='ltr'><strong>non</strong></span> <span class='ocrx_word' id='word_1_16' title='bbox 2428 442 2731 514; x_wconf 85' lang='lat' dir='ltr'><strong>prestulan‘.</strong></span> <span class='ocrx_word' id='word_1_17' title='bbox 2781 436 3056 497; x_wconf 79' lang='lat' dir='ltr'><strong>Prehende</strong></span> <span class='ocrx_word' id='word_1_18' title='bbox 3077 451 3132 498; x_wconf 88' lang='lat' dir='ltr'><strong>et</strong></span> <span class='ocrx_word' id='word_1_19' title='bbox 3160 442 3370 499; x_wconf 80' lang='lat' dir='ltr'><strong><em>Prendo</em></strong></span> <span class='ocrx_word' id='word_1_20' title='bbox 3399 455 3603 502; x_wconf 80' lang='lat' dir='ltr'><strong>utrum-</strong></span> 
     </span>
    </p>
   </div>
   <div class='ocr_carea' id='block_1_4' title="bbox 341 531 1923 603">
    <p class='ocr_par' dir='ltr' id='par_1_4' title="bbox 341 531 1923 603">
     <span class='ocr_line' id='line_1_4' title="bbox 341 531 1923 603; baseline -0.005 -9"><span class='ocrx_word' id='word_1_21' title='bbox 341 537 468 595; x_wconf 88' lang='lat' dir='ltr'><strong>ldeo</strong></span> <span class='ocrx_word' id='word_1_22' title='bbox 497 537 662 594; x_wconf 76' lang='lat' dir='ltr'><strong>Vetus</strong></span> <span class='ocrx_word' id='word_1_23' title='bbox 686 543 742 591; x_wconf 90' lang='lat' dir='ltr'><strong>et</strong></span> <span class='ocrx_word' id='word_1_24' title='bbox 770 534 978 592; x_wconf 84' lang='lat' dir='ltr'><strong>Novum</strong></span> <span class='ocrx_word' id='word_1_25' title='bbox 1003 536 1435 603; x_wconf 79' lang='lat' dir='ltr'><strong>Testamentum,</strong></span> <span class='ocrx_word' id='word_1_26' title='bbox 1463 537 1510 591; x_wconf 88' lang='lat' dir='ltr'><strong>si</strong></span> <span class='ocrx_word' id='word_1_27' title='bbox 1537 532 1752 591; x_wconf 88' lang='lat' dir='ltr'><strong>insimul</strong></span> <span class='ocrx_word' id='word_1_28' title='bbox 1789 531 1923 588; x_wconf 91' lang='lat' dir='ltr'><strong>scri-</strong></span> 
     </span>
    </p>
   </div>
   <div class='ocr_carea' id='block_1_5' title="bbox 339 624 1919 696">
    <p class='ocr_par' dir='ltr' id='par_1_5' title="bbox 339 624 1919 696">
     <span class='ocr_line' id='line_1_5' title="bbox 339 624 1919 696; baseline -0.006 -10"><span class='ocrx_word' id='word_1_29' title='bbox 339 629 508 696; x_wconf 93' lang='lat' dir='ltr'><strong>bitur,</strong></span> <span class='ocrx_word' id='word_1_30' title='bbox 555 628 725 684; x_wconf 77' lang='lat' dir='ltr'><strong>Vetus</strong></span> <span class='ocrx_word' id='word_1_31' title='bbox 750 635 805 682; x_wconf 89' lang='lat' dir='ltr'><strong>et</strong></span> <span class='ocrx_word' id='word_1_32' title='bbox 845 627 1054 684; x_wconf 82' lang='lat' dir='ltr'><strong>Novum</strong></span> <span class='ocrx_word' id='word_1_33' title='bbox 1104 628 1322 685; x_wconf 86' lang='lat' dir='ltr'><strong>insimul</strong></span> <span class='ocrx_word' id='word_1_34' title='bbox 1367 625 1672 682; x_wconf 86' lang='lat' dir='ltr'><strong>Pandecten</strong></span> <span class='ocrx_word' id='word_1_35' title='bbox 1703 624 1919 681; x_wconf 90' lang='lat' dir='ltr'><strong>dicitur.</strong></span> 
     </span>
    </p>
   </div>
   <div class='ocr_carea' id='block_1_6' title="bbox 340 714 1926 791">
    <p class='ocr_par' dir='ltr' id='par_1_6' title="bbox 340 714 1926 791">
     <span class='ocr_line' id='line_1_6' title="bbox 340 714 1926 791; baseline -0.004 -15"><span class='ocrx_word' id='word_1_36' title='bbox 340 717 582 790; x_wconf 84' lang='lat' dir='ltr'><strong>Pangor,</strong></span> <span class='ocrx_word' id='word_1_37' title='bbox 611 727 794 789; x_wconf 89' lang='lat' dir='ltr'><strong>pactus</strong></span> <span class='ocrx_word' id='word_1_38' title='bbox 833 735 950 774; x_wconf 89' lang='lat' dir='ltr'><strong>sum</strong></span> <span class='ocrx_word' id='word_1_39' title='bbox 976 720 1107 776; x_wconf 79' lang='lat' dir='ltr'><strong>facit</strong></span> <span class='ocrx_word' id='word_1_40' title='bbox 1131 721 1484 791; x_wconf 60' lang='lat' dir='ltr'><strong>praeteritum.</strong></span> <span class='ocrx_word' id='word_1_41' title='bbox 1523 719 1837 788; x_wconf 81' lang='lat' dir='ltr'><strong>Parumper,</strong></span> <span class='ocrx_word' id='word_1_42' title='bbox 1869 714 1926 769; x_wconf 90' lang='lat' dir='ltr'><strong>id</strong></span> 
     </span>
    </p>
   </div>
   <div class='ocr_carea' id='block_1_7' title="bbox 339 809 1926 882">
    <p class='ocr_par' dir='ltr' id='par_1_7' title="bbox 339 809 1926 882">
     <span class='ocr_line' id='line_1_7' title="bbox 339 809 1926 882; baseline -0.005 -15"><span class='ocrx_word' id='word_1_43' title='bbox 339 819 426 867; x_wconf 85' lang='lat' dir='ltr'><strong>est</strong></span> <span class='ocrx_word' id='word_1_44' title='bbox 447 823 638 878; x_wconf 89' lang='lat' dir='ltr'><strong>parum</strong></span> <span class='ocrx_word' id='word_1_45' title='bbox 666 817 1051 879; x_wconf 68' lang='lat' dir='ltr'><strong>praeposteram</strong></span> <span class='ocrx_word' id='word_1_46' title='bbox 1094 811 1474 882; x_wconf 68' lang='lat' dir='ltr'><strong>praepositione</strong></span> <span class='ocrx_word' id='word_1_47' title='bbox 1514 825 1640 880; x_wconf 90' lang='lat' dir='ltr'><strong>per;</strong></span> <span class='ocrx_word' id='word_1_48' title='bbox 1667 809 1806 865; x_wconf 92' lang='lat' dir='ltr'><strong>sicut</strong></span> <span class='ocrx_word' id='word_1_49' title='bbox 1828 823 1926 876; x_wconf 90' lang='lat' dir='ltr'><strong>pu-</strong></span> 
     </span>
    </p>
   </div>
   <div class='ocr_carea' id='block_1_8' title="bbox 339 897 1926 972">
    <p class='ocr_par' dir='ltr' id='par_1_8' title="bbox 339 897 1926 972">
     <span class='ocr_line' id='line_1_8' title="bbox 339 897 1926 972; baseline -0.003 -18"><span class='ocrx_word' id='word_1_50' title='bbox 339 899 552 954; x_wconf 82' lang='lat' dir='ltr'><strong>betenus</strong></span> <span class='ocrx_word' id='word_1_51' title='bbox 577 897 755 953; x_wconf 89' lang='lat' dir='ltr'><strong>ablata</strong></span> <span class='ocrx_word' id='word_1_52' title='bbox 776 916 800 953; x_wconf 87' lang='lat' dir='ltr'><strong>s</strong></span> <span class='ocrx_word' id='word_1_53' title='bbox 822 914 921 970; x_wconf 89' lang='lat' dir='ltr'><strong>per</strong></span> <span class='ocrx_word' id='word_1_54' title='bbox 947 915 1262 972; x_wconf 84' lang='lat' dir='ltr'><strong>apocOpam.</strong></span> <span class='ocrx_word' id='word_1_55' title='bbox 1292 899 1477 966; x_wconf 89' lang='lat' dir='ltr'><strong>Pario,</strong></span> <span class='ocrx_word' id='word_1_56' title='bbox 1493 901 1688 971; x_wconf 82' lang='lat' dir='ltr'><strong>peperi,</strong></span> <span class='ocrx_word' id='word_1_57' title='bbox 1714 906 1926 970; x_wconf 87' lang='lat' dir='ltr'><strong>partum</strong></span> 
     </span>
    </p>
   </div>
   <div class='ocr_carea' id='block_1_9' title="bbox 338 985 1927 1059">
    <p class='ocr_par' dir='ltr' id='par_1_9' title="bbox 338 985 1927 1059">
     <span class='ocr_line' id='line_1_9' title="bbox 338 985 1927 1059; baseline 0 -19"><span class='ocrx_word' id='word_1_58' title='bbox 338 985 471 1041; x_wconf 82' lang='lat' dir='ltr'><strong>facit</strong></span> <span class='ocrx_word' id='word_1_59' title='bbox 519 985 771 1056; x_wconf 90' lang='lat' dir='ltr'><strong>supinum</strong></span> <span class='ocrx_word' id='word_1_60' title='bbox 814 987 1063 1054; x_wconf 82' lang='lat' dir='ltr'><strong>verbum,</strong></span> <span class='ocrx_word' id='word_1_61' title='bbox 1094 989 1219 1044; x_wconf 90' lang='lat' dir='ltr'><strong>inde</strong></span> <span class='ocrx_word' id='word_1_62' title='bbox 1254 991 1548 1059; x_wconf 88' lang='lat' dir='ltr'><strong>pariturus.</strong></span> <span class='ocrx_word' id='word_1_63' title='bbox 1581 986 1755 1042; x_wconf 83' lang='lat' dir='ltr'><strong>Pareo</strong></span> <span class='ocrx_word' id='word_1_64' title='bbox 1793 985 1927 1040; x_wconf 79' lang='lat' dir='ltr'><strong>facit</strong></span> 
     </span>
    </p>
   </div>
   <div class='ocr_carea' id='block_1_10' title="bbox 337 1075 1920 1152">
    <p class='ocr_par' dir='ltr' id='par_1_10' title="bbox 337 1075 1920 1152">
     <span class='ocr_line' id='line_1_10' title="bbox 337 1075 1920 1152; baseline -0.001 -22"><span class='ocrx_word' id='word_1_65' title='bbox 337 1077 672 1147; x_wconf 81' lang='lat' dir='ltr'><strong>praeteritum</strong></span> <span class='ocrx_word' id='word_1_66' title='bbox 698 1079 843 1148; x_wconf 90' lang='lat' dir='ltr'><strong>parsi</strong></span> <span class='ocrx_word' id='word_1_67' title='bbox 879 1076 958 1150; x_wconf 88' lang='lat' dir='ltr'><strong>[et</strong></span> <span class='ocrx_word' id='word_1_68' title='bbox 982 1079 1231 1152; x_wconf 86' lang='lat' dir='ltr'><strong>peperci].</strong></span> <span class='ocrx_word' id='word_1_69' title='bbox 1289 1079 1506 1134; x_wconf 86' lang='lat' dir='ltr'><strong>Patiens</strong></span> <span class='ocrx_word' id='word_1_70' title='bbox 1538 1093 1656 1134; x_wconf 91' lang='lat' dir='ltr'><strong>sum</strong></span> <span class='ocrx_word' id='word_1_71' title='bbox 1700 1075 1920 1131; x_wconf 85' lang='lat' dir='ltr'><strong>laboris.</strong></span> 
     </span>
    </p>
   </div>
   <div class='ocr_carea' id='block_1_11' title="bbox 339 1165 1925 1237">
    <p class='ocr_par' dir='ltr' id='par_1_11' title="bbox 339 1165 1925 1237">
     <span class='ocr_line' id='line_1_11' title="bbox 339 1165 1925 1237; baseline -0.002 -15"><span class='ocrx_word' id='word_1_72' title='bbox 339 1165 539 1223; x_wconf 84' lang='lat' dir='ltr'><strong>Plenus</strong></span> <span class='ocrx_word' id='word_1_73' title='bbox 567 1184 686 1225; x_wconf 90' lang='lat' dir='ltr'><strong>sum</strong></span> <span class='ocrx_word' id='word_1_74' title='bbox 709 1171 972 1225; x_wconf 91' lang='lat' dir='ltr'><strong>bonorum</strong></span> <span class='ocrx_word' id='word_1_75' title='bbox 997 1179 1051 1225; x_wconf 91' lang='lat' dir='ltr'><strong>et</strong></span> <span class='ocrx_word' id='word_1_76' title='bbox 1069 1171 1247 1227; x_wconf 90' lang='lat' dir='ltr'><strong>bonis.</strong></span> <span class='ocrx_word' id='word_1_77' title='bbox 1280 1169 1516 1225; x_wconf 84' lang='lat' dir='ltr'><strong>Pavidus</strong></span> <span class='ocrx_word' id='word_1_78' title='bbox 1539 1178 1593 1224; x_wconf 90' lang='lat' dir='ltr'><strong>et</strong></span> <span class='ocrx_word' id='word_1_79' title='bbox 1623 1168 1805 1223; x_wconf 84' lang='lat' dir='ltr'><strong>avidus</strong></span> <span class='ocrx_word' id='word_1_80' title='bbox 1826 1179 1925 1237; x_wconf 90' lang='lat' dir='ltr'><strong>per</strong></span> 
     </span>
    </p>
   </div>
   <div class='ocr_carea' id='block_1_12' title="bbox 338 1258 1925 1333">
    <p class='ocr_par' dir='ltr' id='par_1_12' title="bbox 338 1258 1925 1333">
     <span class='ocr_line' id='line_1_12' title="bbox 338 1258 1925 1333; baseline -0.002 -18"><span class='ocrx_word' id='word_1_81' title='bbox 338 1277 369 1315; x_wconf 77' lang='grc' dir='ltr'>υ</span> <span class='ocrx_word' id='word_1_82' title='bbox 393 1261 697 1317; x_wconf 85' lang='lat' dir='ltr'><strong>scribenda.</strong></span> <span class='ocrx_word' id='word_1_83' title='bbox 726 1258 923 1327; x_wconf 89' lang='lat' dir='ltr'><strong>Pavus,</strong></span> <span class='ocrx_word' id='word_1_84' title='bbox 953 1264 1094 1332; x_wconf 86' lang='lat' dir='ltr'><strong>pavi,</strong></span> <span class='ocrx_word' id='word_1_85' title='bbox 1122 1270 1176 1317; x_wconf 91' lang='lat' dir='ltr'><strong>et</strong></span> <span class='ocrx_word' id='word_1_86' title='bbox 1208 1279 1359 1333; x_wconf 84' lang='lat' dir='ltr'><strong>pavo,</strong></span> <span class='ocrx_word' id='word_1_87' title='bbox 1401 1262 1636 1332; x_wconf 80' lang='lat' dir='ltr'><strong>pavonis.</strong></span> <span class='ocrx_word' id='word_1_88' title='bbox 1676 1259 1925 1332; x_wconf 82' lang='lat' dir='ltr'><strong>[Pamitet</strong></span> 
     </span>
    </p>
   </div>
   <div class='ocr_carea' id='block_1_13' title="bbox 338 1352 1925 1428">
    <p class='ocr_par' dir='ltr' id='par_1_13' title="bbox 338 1352 1925 1428">
     <span class='ocr_line' id='line_1_13' title="bbox 338 1352 1925 1428; baseline -0.003 -18"><span class='ocrx_word' id='word_1_89' title='bbox 338 1370 428 1410; x_wconf 88' lang='lat' dir='ltr'><strong>me</strong></span> <span class='ocrx_word' id='word_1_90' title='bbox 457 1357 718 1411; x_wconf 89' lang='lat' dir='ltr'><strong>muneris.</strong></span> <span class='ocrx_word' id='word_1_91' title='bbox 754 1352 905 1428; x_wconf 83' lang='lat' dir='ltr'><strong>Piget</strong></span> <span class='ocrx_word' id='word_1_92' title='bbox 936 1374 1023 1413; x_wconf 91' lang='lat' dir='ltr'><strong>me</strong></span> <span class='ocrx_word' id='word_1_93' title='bbox 1052 1357 1419 1428; x_wconf 79' lang='lat' dir='ltr'><strong>perfectionis.</strong></span> <span class='ocrx_word' id='word_1_94' title='bbox 1462 1353 1636 1410; x_wconf 85' lang='lat' dir='ltr'><strong>Pudet</strong></span> <span class='ocrx_word' id='word_1_95' title='bbox 1660 1368 1748 1408; x_wconf 89' lang='lat' dir='ltr'><strong>me</strong></span> <span class='ocrx_word' id='word_1_96' title='bbox 1776 1364 1925 1405; x_wconf 89' lang='lat' dir='ltr'><strong>amo-</strong></span> 
     </span>
    </p>
   </div>
   <div class='ocr_carea' id='block_1_14' title="bbox 339 1441 1926 1516">
    <p class='ocr_par' dir='ltr' id='par_1_14' title="bbox 339 1441 1926 1516">
     <span class='ocr_line' id='line_1_14' title="bbox 339 1441 1926 1516; baseline -0.004 -16"><span class='ocrx_word' id='word_1_97' title='bbox 339 1446 436 1500; x_wconf 90' lang='lat' dir='ltr'><strong>ris.</strong></span> <span class='ocrx_word' id='word_1_98' title='bbox 470 1442 629 1500; x_wconf 89' lang='lat' dir='ltr'><strong>Pecto</strong></span> <span class='ocrx_word' id='word_1_99' title='bbox 673 1455 852 1516; x_wconf 88' lang='lat' dir='ltr'><strong>caput,</strong></span> <span class='ocrx_word' id='word_1_100' title='bbox 879 1461 986 1501; x_wconf 92' lang='lat' dir='ltr'><strong>non</strong></span> <span class='ocrx_word' id='word_1_101' title='bbox 1015 1449 1240 1516; x_wconf 89' lang='lat' dir='ltr'><strong>pectino.</strong></span> <span class='ocrx_word' id='word_1_102' title='bbox 1287 1445 1516 1511; x_wconf 77' lang='lat' dir='ltr'><strong>Pexum,</strong></span> <span class='ocrx_word' id='word_1_103' title='bbox 1545 1461 1652 1499; x_wconf 83' lang='lat' dir='ltr'><strong>non</strong></span> <span class='ocrx_word' id='word_1_104' title='bbox 1685 1441 1926 1513; x_wconf 91' lang='lat' dir='ltr'><strong>pectina-</strong></span> 
     </span>
    </p>
   </div>
   <div class='ocr_carea' id='block_1_15' title="bbox 338 1533 1927 1609">
    <p class='ocr_par' dir='ltr' id='par_1_15' title="bbox 338 1533 1927 1609">
     <span class='ocr_line' id='line_1_15' title="bbox 338 1533 1927 1609; baseline -0.001 -22"><span class='ocrx_word' id='word_1_105' title='bbox 338 1533 500 1607; x_wconf 87' lang='lat' dir='ltr'><strong>tum.]</strong></span> <span class='ocrx_word' id='word_1_106' title='bbox 531 1534 673 1590; x_wconf 87' lang='lat' dir='ltr'><strong>Pene</strong></span> <span class='ocrx_word' id='word_1_107' title='bbox 695 1538 1042 1608; x_wconf 71' lang='lat' dir='ltr'><strong>przepositio;</strong></span> <span class='ocrx_word' id='word_1_108' title='bbox 1073 1546 1128 1592; x_wconf 91' lang='lat' dir='ltr'><strong>et</strong></span> <span class='ocrx_word' id='word_1_109' title='bbox 1148 1555 1303 1609; x_wconf 80' lang='lat' dir='ltr'><strong>penes</strong></span> <span class='ocrx_word' id='word_1_110' title='bbox 1331 1538 1643 1592; x_wconf 80' lang='lat' dir='ltr'><strong>adverbium</strong></span> <span class='ocrx_word' id='word_1_111' title='bbox 1667 1550 1764 1604; x_wconf 90' lang='lat' dir='ltr'><strong>per</strong></span> <span class='ocrx_word' id='word_1_112' title='bbox 1796 1533 1927 1588; x_wconf 86' lang='lat' dir='ltr'><strong>sim-</strong></span> 
     </span>
    </p>
   </div>
   <div class='ocr_carea' id='block_1_16' title="bbox 336 1623 1922 1694">
    <p class='ocr_par' dir='ltr' id='par_1_16' title="bbox 336 1623 1922 1694">
     <span class='ocr_line' id='line_1_16' title="bbox 336 1623 1922 1694; baseline 0.002 -17"><span class='ocrx_word' id='word_1_113' title='bbox 336 1623 532 1694; x_wconf 86' lang='lat' dir='ltr'><strong>plicem</strong></span> <span class='ocrx_word' id='word_1_114' title='bbox 556 1642 583 1678; x_wconf 88' lang='lat' dir='ltr'><strong>e</strong></span> <span class='ocrx_word' id='word_1_115' title='bbox 604 1629 927 1680; x_wconf 80' lang='lat' dir='ltr'><strong>scribantur.</strong></span> <span class='ocrx_word' id='word_1_116' title='bbox 945 1625 1158 1681; x_wconf 88' lang='lat' dir='ltr'><strong>Pennas</strong></span> <span class='ocrx_word' id='word_1_117' title='bbox 1178 1629 1379 1682; x_wconf 91' lang='lat' dir='ltr'><strong>avium.</strong></span> <span class='ocrx_word' id='word_1_118' title='bbox 1399 1624 1601 1680; x_wconf 81' lang='lat' dir='ltr'><strong>Pinnas</strong></span> <span class='ocrx_word' id='word_1_119' title='bbox 1623 1639 1922 1680; x_wconf 89' lang='lat' dir='ltr'><strong>murorum.</strong></span> 
     </span>
    </p>
   </div>
   <div class='ocr_carea' id='block_1_17' title="bbox 338 1711 1928 1787">
    <p class='ocr_par' dir='ltr' id='par_1_17' title="bbox 338 1711 1928 1787">
     <span class='ocr_line' id='line_1_17' title="bbox 338 1711 1928 1787; baseline 0.001 -19"><span class='ocrx_word' id='word_1_120' title='bbox 338 1711 495 1782; x_wconf 89' lang='lat' dir='ltr'><strong>Peto,</strong></span> <span class='ocrx_word' id='word_1_121' title='bbox 521 1727 702 1787; x_wconf 76' lang='lat' dir='ltr'><strong>expeto</strong></span> <span class='ocrx_word' id='word_1_122' title='bbox 729 1717 848 1771; x_wconf 85' lang='lat' dir='ltr'><strong>sine</strong></span> <span class='ocrx_word' id='word_1_123' title='bbox 870 1734 896 1770; x_wconf 89' lang='lat' dir='ltr'><strong>s</strong></span> <span class='ocrx_word' id='word_1_124' title='bbox 924 1719 1088 1773; x_wconf 88' lang='lat' dir='ltr'><strong>scribi</strong></span> <span class='ocrx_word' id='word_1_125' title='bbox 1133 1719 1311 1774; x_wconf 89' lang='lat' dir='ltr'><strong>debet.</strong></span> <span class='ocrx_word' id='word_1_126' title='bbox 1344 1716 1676 1772; x_wconf 81' lang='lat' dir='ltr'><strong>Petsredium</strong></span> <span class='ocrx_word' id='word_1_127' title='bbox 1715 1714 1928 1782; x_wconf 88' lang='lat' dir='ltr'><strong>abjecta</strong></span> 
     </span>
    </p>
   </div>
   <div class='ocr_carea' id='block_1_18' title="bbox 334 1803 2002 1877">
    <p class='ocr_par' dir='ltr' id='par_1_18' title="bbox 334 1803 2002 1877">
     <span class='ocr_line' id='line_1_18' title="bbox 334 1803 2002 1877; baseline 0.002 -20"><span class='ocrx_word' id='word_1_128' title='bbox 334 1803 370 1857; x_wconf 87' lang='grc' dir='ltr'><strong>Ιι</strong></span> <span class='ocrx_word' id='word_1_129' title='bbox 400 1805 456 1858; x_wconf 93' lang='lat' dir='ltr'><strong>in</strong></span> <span class='ocrx_word' id='word_1_130' title='bbox 485 1807 874 1875; x_wconf 86' lang='lat' dir='ltr'><strong>compositione</strong></span> <span class='ocrx_word' id='word_1_131' title='bbox 900 1821 931 1861; x_wconf 92' lang='lat' dir='ltr'><strong>a</strong></span> <span class='ocrx_word' id='word_1_132' title='bbox 960 1808 1209 1877; x_wconf 88' lang='lat' dir='ltr'><strong>petendis</strong></span> <span class='ocrx_word' id='word_1_133' title='bbox 1254 1808 1663 1862; x_wconf 68' lang='lat' dir='ltr'><strong>haereditatibus</strong></span> <span class='ocrx_word' id='word_1_134' title='bbox 1703 1807 1919 1860; x_wconf 90' lang='lat' dir='ltr'><strong>dicitur.</strong></span> <span class='ocrx_word' id='word_1_135' title='bbox 1952 1807 2002 1868; x_wconf 86' lang='lat' dir='ltr'><strong>B</strong></span> 
     </span>
    </p>
   </div>
   <div class='ocr_carea' id='block_1_19' title="bbox 336 1891 1850 1968">
    <p class='ocr_par' dir='ltr' id='par_1_19' title="bbox 336 1891 1850 1968">
     <span class='ocr_line' id='line_1_19' title="bbox 336 1891 1850 1968; baseline 0.001 -19"><span class='ocrx_word' id='word_1_136' title='bbox 336 1891 670 1967; x_wconf 78' lang='lat' dir='ltr'><strong>[Pertinacia</strong></span> <span class='ocrx_word' id='word_1_137' title='bbox 700 1898 855 1954; x_wconf 72' lang='lat' dir='ltr'><strong>mala:</strong></span> <span class='ocrx_word' id='word_1_138' title='bbox 882 1899 962 1954; x_wconf 87' lang='lat' dir='ltr'><strong>rei</strong></span> <span class='ocrx_word' id='word_1_139' title='bbox 989 1899 1206 1966; x_wconf 91' lang='lat' dir='ltr'><strong>dicitur,</strong></span> <span class='ocrx_word' id='word_1_140' title='bbox 1236 1907 1291 1953; x_wconf 90' lang='lat' dir='ltr'><strong>et</strong></span> <span class='ocrx_word' id='word_1_141' title='bbox 1319 1899 1623 1955; x_wconf 87' lang='lat' dir='ltr'><strong>constantia</strong></span> <span class='ocrx_word' id='word_1_142' title='bbox 1647 1895 1850 1968; x_wconf 53' lang='lat' dir='ltr'><strong>bona]</strong></span> 
     </span>
    </p>
   </div>
   <div class='ocr_carea' id='block_1_20' title="bbox 411 1982 1921 2060">
    <p class='ocr_par' dir='ltr' id='par_1_20' title="bbox 411 1982 1921 2060">
     <span class='ocr_line' id='line_1_20' title="bbox 411 1982 1921 2060; baseline 0.001 -20"><span class='ocrx_word' id='word_1_143' title='bbox 411 1985 732 2043; x_wconf 84' lang='lat' dir='ltr'><strong>Percussum</strong></span> <span class='ocrx_word' id='word_1_144' title='bbox 781 2005 1006 2060; x_wconf 89' lang='lat' dir='ltr'><strong>corpore</strong></span> <span class='ocrx_word' id='word_1_145' title='bbox 1043 1990 1396 2046; x_wconf 85' lang='lat' dir='ltr'><strong>:Perculsum</strong></span> <span class='ocrx_word' id='word_1_146' title='bbox 1446 1992 1624 2045; x_wconf 90' lang='lat' dir='ltr'><strong>animo</strong></span> <span class='ocrx_word' id='word_1_147' title='bbox 1671 1982 1921 2043; x_wconf 82' lang='lat' dir='ltr'><strong>dicimus.</strong></span> 
     </span>
    </p>
   </div>
   <div class='ocr_carea' id='block_1_21' title="bbox 339 2075 1926 2154">
    <p class='ocr_par' dir='ltr' id='par_1_21' title="bbox 339 2075 1926 2154">
     <span class='ocr_line' id='line_1_21' title="bbox 339 2075 1926 2154; baseline 0.001 -22"><span class='ocrx_word' id='word_1_148' title='bbox 339 2075 609 2146; x_wconf 86' lang='lat' dir='ltr'><strong>Percutio,</strong></span> <span class='ocrx_word' id='word_1_149' title='bbox 647 2084 877 2151; x_wconf 82' lang='lat' dir='ltr'><strong>percussi</strong></span> <span class='ocrx_word' id='word_1_150' title='bbox 902 2097 1000 2152; x_wconf 91' lang='lat' dir='ltr'><strong>per</strong></span> <span class='ocrx_word' id='word_1_151' title='bbox 1027 2082 1134 2138; x_wconf 90' lang='lat' dir='ltr'><strong>duo</strong></span> <span class='ocrx_word' id='word_1_152' title='bbox 1159 2101 1203 2148; x_wconf 88' lang='lat' dir='ltr'><strong>s,</strong></span> <span class='ocrx_word' id='word_1_153' title='bbox 1230 2085 1353 2138; x_wconf 87' lang='lat' dir='ltr'><strong>inde</strong></span> <span class='ocrx_word' id='word_1_154' title='bbox 1376 2098 1753 2154; x_wconf 89' lang='lat' dir='ltr'><strong>percussurus.</strong></span> <span class='ocrx_word' id='word_1_155' title='bbox 1799 2079 1926 2134; x_wconf 83' lang='lat' dir='ltr'><strong>Per-</strong></span> 
     </span>
    </p>
   </div>
   <div class='ocr_carea' id='block_1_22' title="bbox 329 2168 1920 2244">
    <p class='ocr_par' dir='ltr' id='par_1_22' title="bbox 329 2168 1920 2244">
     <span class='ocr_line' id='line_1_22' title="bbox 329 2168 1920 2244; baseline 0.003 -22"><span class='ocrx_word' id='word_1_156' title='bbox 329 2168 490 2240; x_wconf 85' lang='lat' dir='ltr'><strong>jurus</strong></span> <span class='ocrx_word' id='word_1_157' title='bbox 519 2177 604 2224; x_wconf 91' lang='lat' dir='ltr'><strong>est</strong></span> <span class='ocrx_word' id='word_1_158' title='bbox 631 2171 722 2240; x_wconf 92' lang='lat' dir='ltr'><strong>qui</strong></span> <span class='ocrx_word' id='word_1_159' title='bbox 753 2173 896 2228; x_wconf 91' lang='lat' dir='ltr'><strong>male</strong></span> <span class='ocrx_word' id='word_1_160' title='bbox 913 2174 1081 2243; x_wconf 91' lang='lat' dir='ltr'><strong>jurat.</strong></span> <span class='ocrx_word' id='word_1_161' title='bbox 1111 2171 1364 2242; x_wconf 88' lang='lat' dir='ltr'><strong>Pejurus,</strong></span> <span class='ocrx_word' id='word_1_162' title='bbox 1399 2173 1552 2242; x_wconf 90' lang='lat' dir='ltr'><strong>quasi</strong></span> <span class='ocrx_word' id='word_1_163' title='bbox 1574 2172 1726 2244; x_wconf 85' lang='lat' dir='ltr'><strong>pejus</strong></span> <span class='ocrx_word' id='word_1_164' title='bbox 1752 2171 1920 2241; x_wconf 88' lang='lat' dir='ltr'><strong>jurat,</strong></span> 
     </span>
    </p>
   </div>
   <div class='ocr_carea' id='block_1_23' title="bbox 337 2261 1924 2336">
    <p class='ocr_par' dir='ltr' id='par_1_23' title="bbox 337 2261 1924 2336">
     <span class='ocr_line' id='line_1_23' title="bbox 337 2261 1924 2336; baseline 0.001 -18"><span class='ocrx_word' id='word_1_165' title='bbox 337 2261 396 2318; x_wconf 88' lang='lat' dir='ltr'><strong>in</strong></span> <span class='ocrx_word' id='word_1_166' title='bbox 415 2263 584 2317; x_wconf 86' lang='lat' dir='ltr'><strong>verbo</strong></span> <span class='ocrx_word' id='word_1_167' title='bbox 606 2280 634 2316; x_wconf 88' lang='lat' dir='ltr'><strong>r</strong></span> <span class='ocrx_word' id='word_1_168' title='bbox 662 2277 770 2318; x_wconf 89' lang='lat' dir='ltr'><strong>non</strong></span> <span class='ocrx_word' id='word_1_169' title='bbox 796 2265 959 2320; x_wconf 86' lang='lat' dir='ltr'><strong>habet</strong></span> <span class='ocrx_word' id='word_1_170' title='bbox 980 2263 1110 2336; x_wconf 69' lang='grc' dir='ltr'><strong>[Μδ.</strong></span> <span class='ocrx_word' id='word_1_171' title='bbox 1136 2263 1292 2335; x_wconf 88' lang='lat' dir='ltr'><strong>Reg.,</strong></span> <span class='ocrx_word' id='word_1_172' title='bbox 1317 2266 1502 2334; x_wconf 89' lang='lat' dir='ltr'><strong>pejuro</strong></span> <span class='ocrx_word' id='word_1_173' title='bbox 1529 2265 1671 2318; x_wconf 91' lang='lat' dir='ltr'><strong>enim</strong></span> <span class='ocrx_word' id='word_1_174' title='bbox 1699 2264 1924 2319; x_wconf 87' lang='lat' dir='ltr'><strong>verbum</strong></span> 
     </span>
    </p>
   </div>
   <div class='ocr_carea' id='block_1_24' title="bbox 337 2351 1925 2425">
    <p class='ocr_par' dir='ltr' id='par_1_24' title="bbox 337 2351 1925 2425">
     <span class='ocr_line' id='line_1_24' title="bbox 337 2351 1925 2425; baseline 0 -18"><span class='ocrx_word' id='word_1_175' title='bbox 337 2369 369 2407; x_wconf 86' lang='lat' dir='ltr'><strong>r</strong></span> <span class='ocrx_word' id='word_1_176' title='bbox 391 2367 500 2408; x_wconf 90' lang='lat' dir='ltr'><strong>non</strong></span> <span class='ocrx_word' id='word_1_177' title='bbox 522 2353 681 2409; x_wconf 89' lang='lat' dir='ltr'><strong>debet</strong></span> <span class='ocrx_word' id='word_1_178' title='bbox 707 2354 938 2422; x_wconf 86' lang='lat' dir='ltr'><strong>habere;</strong></span> <span class='ocrx_word' id='word_1_179' title='bbox 967 2363 1050 2410; x_wconf 92' lang='lat' dir='ltr'><strong>est</strong></span> <span class='ocrx_word' id='word_1_180' title='bbox 1067 2356 1212 2410; x_wconf 90' lang='lat' dir='ltr'><strong>enim</strong></span> <span class='ocrx_word' id='word_1_181' title='bbox 1235 2355 1392 2425; x_wconf 89' lang='lat' dir='ltr'><strong>quasi</strong></span> <span class='ocrx_word' id='word_1_182' title='bbox 1413 2354 1567 2424; x_wconf 90' lang='lat' dir='ltr'><strong>pejus</strong></span> <span class='ocrx_word' id='word_1_183' title='bbox 1581 2352 1750 2425; x_wconf 91' lang='lat' dir='ltr'><strong>juro].</strong></span> <span class='ocrx_word' id='word_1_184' title='bbox 1773 2351 1925 2407; x_wconf 74' lang='lat' dir='ltr'><strong>Phae-</strong></span> 
     </span>
    </p>
   </div>
   <div class='ocr_carea' id='block_1_25' title="bbox 340 2446 1926 2532">
    <p class='ocr_par' dir='ltr' id='par_1_25' title="bbox 340 2446 1926 2532">
     <span class='ocr_line' id='line_1_25' title="bbox 340 2446 1926 2532; baseline -0.002 -32"><span class='ocrx_word' id='word_1_185' title='bbox 340 2447 457 2513; x_wconf 72' lang='grc' dir='ltr'><strong>ιω,</strong></span> <span class='ocrx_word' id='word_1_186' title='bbox 483 2446 540 2500; x_wconf 91' lang='lat' dir='ltr'><strong>id</strong></span> <span class='ocrx_word' id='word_1_187' title='bbox 578 2455 662 2500; x_wconf 89' lang='lat' dir='ltr'><strong>est</strong></span> <span class='ocrx_word' id='word_1_188' title='bbox 695 2446 910 2516; x_wconf 87' lang='lat' dir='ltr'><strong>Apollo,</strong></span> <span class='ocrx_word' id='word_1_189' title='bbox 936 2446 1010 2501; x_wconf 92' lang='lat' dir='ltr'><strong>ita</strong></span> <span class='ocrx_word' id='word_1_190' title='bbox 1055 2447 1335 2512; x_wconf 86' lang='lat' dir='ltr'><strong>scribitur,</strong></span> <span class='ocrx_word' id='word_1_191' title='bbox 1365 2455 1425 2499; x_wconf 91' lang='lat' dir='ltr'><strong>ut</strong></span> <span class='ocrx_word' id='word_1_192' title='bbox 1459 2453 1582 2532; x_wconf 79' lang='lat' dir='ltr'><strong>post</strong></span> <span class='ocrx_word' id='word_1_193' title='bbox 1607 2461 1640 2515; x_wconf 87' lang='lat' dir='ltr'><strong>p</strong></span> <span class='ocrx_word' id='word_1_194' title='bbox 1667 2451 1926 2514; x_wconf 88' lang='lat' dir='ltr'><strong>sequatur</strong></span> 
     </span>
    </p>
   </div>
   <div class='ocr_carea' id='block_1_26' title="bbox 339 2535 1926 2606">
    <p class='ocr_par' dir='ltr' id='par_1_26' title="bbox 339 2535 1926 2606">
     <span class='ocr_line' id='line_1_26' title="bbox 339 2535 1926 2606; baseline -0.001 -15"><span class='ocrx_word' id='word_1_195' title='bbox 339 2537 395 2591; x_wconf 86' lang='lat' dir='ltr'><strong>It.</strong></span> <span class='ocrx_word' id='word_1_196' title='bbox 425 2535 651 2592; x_wconf 72' lang='lat' dir='ltr'><strong>Phoebus</strong></span> <span class='ocrx_word' id='word_1_197' title='bbox 673 2538 753 2594; x_wconf 88' lang='lat' dir='ltr'><strong>sol</strong></span> <span class='ocrx_word' id='word_1_198' title='bbox 776 2539 995 2606; x_wconf 86' lang='lat' dir='ltr'><strong>dicitur,</strong></span> <span class='ocrx_word' id='word_1_199' title='bbox 1013 2536 1202 2594; x_wconf 73' lang='lat' dir='ltr'><strong>Phoebe</strong></span> <span class='ocrx_word' id='word_1_200' title='bbox 1223 2539 1310 2594; x_wconf 91' lang='lat' dir='ltr'><strong>vel</strong></span> <span class='ocrx_word' id='word_1_201' title='bbox 1333 2536 1532 2592; x_wconf 76' lang='lat' dir='ltr'><strong>Phoebo</strong></span> <span class='ocrx_word' id='word_1_202' title='bbox 1555 2537 1704 2603; x_wconf 89' lang='lat' dir='ltr'><strong>luna,</strong></span> <span class='ocrx_word' id='word_1_203' title='bbox 1721 2545 1926 2591; x_wconf 90' lang='lat' dir='ltr'><strong>utrum-</strong></span> 
     </span>
    </p>
   </div>
   <div class='ocr_carea' id='block_1_27' title="bbox 338 2626 1927 2703">
    <p class='ocr_par' dir='ltr' id='par_1_27' title="bbox 338 2626 1927 2703">
     <span class='ocr_line' id='line_1_27' title="bbox 338 2626 1927 2703; baseline -0.003 -19"><span class='ocrx_word' id='word_1_204' title='bbox 338 2643 446 2700; x_wconf 88' lang='lat' dir='ltr'><strong>que</strong></span> <span class='ocrx_word' id='word_1_205' title='bbox 471 2645 571 2701; x_wconf 88' lang='lat' dir='ltr'><strong>per</strong></span> <span class='ocrx_word' id='word_1_206' title='bbox 596 2649 630 2703; x_wconf 91' lang='lat' dir='ltr'><strong>p</strong></span> <span class='ocrx_word' id='word_1_207' title='bbox 665 2633 778 2686; x_wconf 82' lang='lat' dir='ltr'><strong>eth</strong></span> <span class='ocrx_word' id='word_1_208' title='bbox 803 2631 1088 2688; x_wconf 88' lang='lat' dir='ltr'><strong>scribenda</strong></span> <span class='ocrx_word' id='word_1_209' title='bbox 1128 2639 1276 2687; x_wconf 91' lang='lat' dir='ltr'><strong>sunt.</strong></span> <span class='ocrx_word' id='word_1_210' title='bbox 1317 2628 1552 2700; x_wconf 85' lang='lat' dir='ltr'><strong>Pignora</strong></span> <span class='ocrx_word' id='word_1_211' title='bbox 1597 2626 1830 2682; x_wconf 89' lang='lat' dir='ltr'><strong>ﬁliorum</strong></span> <span class='ocrx_word' id='word_1_212' title='bbox 1871 2633 1927 2681; x_wconf 89' lang='lat' dir='ltr'><strong>et</strong></span> 
     </span>
    </p>
   </div>
   <div class='ocr_carea' id='block_1_28' title="bbox 338 2717 1927 2791">
    <p class='ocr_par' dir='ltr' id='par_1_28' title="bbox 338 2717 1927 2791">
     <span class='ocr_line' id='line_1_28' title="bbox 338 2717 1927 2791; baseline 0 -19"><span class='ocrx_word' id='word_1_213' title='bbox 338 2717 702 2775; x_wconf 82' lang='lat' dir='ltr'><strong>aﬂ&#39;ectionum.</strong></span> <span class='ocrx_word' id='word_1_214' title='bbox 756 2718 990 2791; x_wconf 88' lang='lat' dir='ltr'><strong>Pignera</strong></span> <span class='ocrx_word' id='word_1_215' title='bbox 1033 2735 1236 2776; x_wconf 88' lang='lat' dir='ltr'><strong>rerum.</strong></span> <span class='ocrx_word' id='word_1_216' title='bbox 1279 2717 1617 2789; x_wconf 87' lang='lat' dir='ltr'><strong>Plagiarius,</strong></span> <span class='ocrx_word' id='word_1_217' title='bbox 1649 2717 1703 2771; x_wconf 91' lang='lat' dir='ltr'><strong>id</strong></span> <span class='ocrx_word' id='word_1_218' title='bbox 1732 2723 1815 2771; x_wconf 90' lang='lat' dir='ltr'><strong>est</strong></span> <span class='ocrx_word' id='word_1_219' title='bbox 1841 2731 1927 2772; x_wconf 86' lang='lat' dir='ltr'><strong>se-</strong></span> 
     </span>
    </p>
   </div>
   <div class='ocr_carea' id='block_1_29' title="bbox 337 2807 1922 2883">
    <p class='ocr_par' dir='ltr' id='par_1_29' title="bbox 337 2807 1922 2883">
     <span class='ocr_line' id='line_1_29' title="bbox 337 2807 1922 2883; baseline -0.003 -19"><span class='ocrx_word' id='word_1_220' title='bbox 337 2807 550 2865; x_wconf 86' lang='lat' dir='ltr'><strong>ductor.</strong></span> <span class='ocrx_word' id='word_1_221' title='bbox 597 2807 929 2877; x_wconf 86' lang='lat' dir='ltr'><strong>Plaustrum,</strong></span> <span class='ocrx_word' id='word_1_222' title='bbox 973 2812 1277 2883; x_wconf 87' lang='lat' dir='ltr'><strong>capistrum,</strong></span> <span class='ocrx_word' id='word_1_223' title='bbox 1317 2809 1628 2874; x_wconf 83' lang='lat' dir='ltr'><strong>claustrum,</strong></span> <span class='ocrx_word' id='word_1_224' title='bbox 1677 2817 1922 2873; x_wconf 86' lang='lat' dir='ltr'><strong>vestrum,</strong></span> 
     </span>
    </p>
   </div>
   <div class='ocr_carea' id='block_1_30' title="bbox 336 2898 1922 2968">
    <p class='ocr_par' dir='ltr' id='par_1_30' title="bbox 336 2898 1922 2968">
     <span class='ocr_line' id='line_1_30' title="bbox 336 2898 1922 2968; baseline 0 -14"><span class='ocrx_word' id='word_1_225' title='bbox 336 2910 593 2968; x_wconf 88' lang='lat' dir='ltr'><strong>rastrum,</strong></span> <span class='ocrx_word' id='word_1_226' title='bbox 617 2909 674 2956; x_wconf 91' lang='lat' dir='ltr'><strong>et</strong></span> <span class='ocrx_word' id='word_1_227' title='bbox 699 2902 829 2956; x_wconf 90' lang='lat' dir='ltr'><strong>talia</strong></span> <span class='ocrx_word' id='word_1_228' title='bbox 852 2910 964 2958; x_wconf 87' lang='lat' dir='ltr'><strong>tres</strong></span> <span class='ocrx_word' id='word_1_229' title='bbox 1009 2910 1394 2966; x_wconf 90' lang='lat' dir='ltr'><strong>consonantes,</strong></span> <span class='ocrx_word' id='word_1_230' title='bbox 1424 2898 1612 2955; x_wconf 86' lang='lat' dir='ltr'><strong>vocale</strong></span> <span class='ocrx_word' id='word_1_231' title='bbox 1640 2906 1922 2968; x_wconf 86' lang='lat' dir='ltr'><strong>sequente,</strong></span> 
     </span>
    </p>
   </div>
   <div class='ocr_carea' id='block_1_31' title="bbox 336 2985 1922 3062">
    <p class='ocr_par' dir='ltr' id='par_1_31' title="bbox 336 2985 1922 3062">
     <span class='ocr_line' id='line_1_31' title="bbox 336 2985 1922 3062; baseline -0.001 -18"><span class='ocrx_word' id='word_1_232' title='bbox 336 2989 397 3045; x_wconf 92' lang='lat' dir='ltr'><strong>in</strong></span> <span class='ocrx_word' id='word_1_233' title='bbox 441 3004 602 3044; x_wconf 91' lang='lat' dir='ltr'><strong>unam</strong></span> <span class='ocrx_word' id='word_1_234' title='bbox 645 2989 906 3061; x_wconf 86' lang='lat' dir='ltr'><strong>syllabam</strong></span> <span class='ocrx_word' id='word_1_235' title='bbox 943 2989 1220 3062; x_wconf 86' lang='lat' dir='ltr'><strong>jungenda</strong></span> <span class='ocrx_word' id='word_1_236' title='bbox 1261 2998 1406 3045; x_wconf 91' lang='lat' dir='ltr'><strong>sunt.</strong></span> <span class='ocrx_word' id='word_1_237' title='bbox 1460 2985 1642 3042; x_wconf 83' lang='lat' dir='ltr'><strong>Pluris</strong></span> <span class='ocrx_word' id='word_1_238' title='bbox 1669 2987 1922 3053; x_wconf 89' lang='lat' dir='ltr'><strong>dicimus,</strong></span> 
     </span>
    </p>
   </div>
   <div class='ocr_carea' id='block_1_32' title="bbox 340 3077 1925 3152">
    <p class='ocr_par' dir='ltr' id='par_1_32' title="bbox 340 3077 1925 3152">
     <span class='ocr_line' id='line_1_32' title="bbox 340 3077 1925 3152; baseline -0.003 -16"><span class='ocrx_word' id='word_1_239' title='bbox 340 3082 488 3151; x_wconf 88' lang='lat' dir='ltr'><strong>quod</strong></span> <span class='ocrx_word' id='word_1_240' title='bbox 512 3079 715 3152; x_wconf 87' lang='lat' dir='ltr'><strong>majore</strong></span> <span class='ocrx_word' id='word_1_241' title='bbox 755 3096 966 3137; x_wconf 88' lang='lat' dir='ltr'><strong>summa</strong></span> <span class='ocrx_word' id='word_1_242' title='bbox 992 3089 1228 3136; x_wconf 82' lang='lat' dir='ltr'><strong>taxatur.</strong></span> <span class='ocrx_word' id='word_1_243' title='bbox 1279 3079 1470 3134; x_wconf 82' lang='lat' dir='ltr'><strong>Plures</strong></span> <span class='ocrx_word' id='word_1_244' title='bbox 1497 3093 1626 3135; x_wconf 89' lang='lat' dir='ltr'><strong>vero</strong></span> <span class='ocrx_word' id='word_1_245' title='bbox 1653 3079 1716 3134; x_wconf 93' lang='lat' dir='ltr'><strong>de</strong></span> <span class='ocrx_word' id='word_1_246' title='bbox 1744 3077 1925 3133; x_wconf 87' lang='lat' dir='ltr'><strong>multi-</strong></span> 
     </span>
    </p>
   </div>
   <div class='ocr_carea' id='block_1_33' title="bbox 2027 529 3600 605">
    <p class='ocr_par' dir='ltr' id='par_1_33' title="bbox 2027 529 3600 605">
     <span class='ocr_line' id='line_1_33' title="bbox 2027 529 3600 605; baseline 0.006 -20"><span class='ocrx_word' id='word_1_247' title='bbox 2027 546 2134 602; x_wconf 91' lang='lat' dir='ltr'><strong>que</strong></span> <span class='ocrx_word' id='word_1_248' title='bbox 2182 532 2288 587; x_wconf 90' lang='lat' dir='ltr'><strong>dici</strong></span> <span class='ocrx_word' id='word_1_249' title='bbox 2326 542 2524 604; x_wconf 86' lang='lat' dir='ltr'><strong>potest.</strong></span> <span class='ocrx_word' id='word_1_250' title='bbox 2563 529 2800 589; x_wconf 87' lang='lat' dir='ltr'><strong>Pretium</strong></span> <span class='ocrx_word' id='word_1_251' title='bbox 2829 548 2926 604; x_wconf 88' lang='lat' dir='ltr'><strong>per</strong></span> <span class='ocrx_word' id='word_1_252' title='bbox 2955 551 2982 588; x_wconf 90' lang='lat' dir='ltr'><strong>e</strong></span> <span class='ocrx_word' id='word_1_253' title='bbox 3023 533 3342 605; x_wconf 88' lang='lat' dir='ltr'><strong>simplicem.</strong></span> <span class='ocrx_word' id='word_1_254' title='bbox 3375 536 3600 595; x_wconf 87' lang='lat' dir='ltr'><strong>Precari</strong></span> 
     </span>
    </p>
   </div>
   <div class='ocr_carea' id='block_1_34' title="bbox 2025 622 3600 698">
    <p class='ocr_par' dir='ltr' id='par_1_34' title="bbox 2025 622 3600 698">
     <span class='ocr_line' id='line_1_34' title="bbox 2025 622 3600 698; baseline 0.006 -21"><span class='ocrx_word' id='word_1_255' title='bbox 2025 630 2112 678; x_wconf 86' lang='lat' dir='ltr'><strong>est</strong></span> <span class='ocrx_word' id='word_1_256' title='bbox 2148 623 2330 695; x_wconf 86' lang='lat' dir='ltr'><strong>rogari</strong></span> <span class='ocrx_word' id='word_1_257' title='bbox 2371 622 2498 696; x_wconf 84' lang='lat' dir='ltr'><strong>[Ms.</strong></span> <span class='ocrx_word' id='word_1_258' title='bbox 2525 622 2655 696; x_wconf 85' lang='lat' dir='ltr'><strong>Reg.</strong></span> <span class='ocrx_word' id='word_1_259' title='bbox 2705 632 2789 680; x_wconf 91' lang='lat' dir='ltr'><strong>est</strong></span> <span class='ocrx_word' id='word_1_260' title='bbox 2817 624 3050 698; x_wconf 87' lang='lat' dir='ltr'><strong>rogare],</strong></span> <span class='ocrx_word' id='word_1_261' title='bbox 3098 626 3366 697; x_wconf 83' lang='lat' dir='ltr'><strong>deprecari</strong></span> <span class='ocrx_word' id='word_1_262' title='bbox 3405 644 3600 688; x_wconf 82' lang='lat' dir='ltr'><strong>excus-</strong></span> 
     </span>
    </p>
   </div>
   <div class='ocr_carea' id='block_1_35' title="bbox 2026 715 3605 792">
    <p class='ocr_par' dir='ltr' id='par_1_35' title="bbox 2026 715 3605 792">
     <span class='ocr_line' id='line_1_35' title="bbox 2026 715 3605 792; baseline 0.006 -23"><span class='ocrx_word' id='word_1_263' title='bbox 2026 729 2147 770; x_wconf 91' lang='lat' dir='ltr'><strong>sare</strong></span> <span class='ocrx_word' id='word_1_264' title='bbox 2170 756 2186 781; x_wconf 95' lang='lat'><strong>,</strong></span> <span class='ocrx_word' id='word_1_265' title='bbox 2237 715 2324 770; x_wconf 91' lang='lat' dir='ltr'><strong>vel</strong></span> <span class='ocrx_word' id='word_1_266' title='bbox 2374 731 2625 788; x_wconf 88' lang='lat' dir='ltr'><strong>purgare,</strong></span> <span class='ocrx_word' id='word_1_267' title='bbox 2670 725 2960 789; x_wconf 89' lang='lat' dir='ltr'><strong>utrumque</strong></span> <span class='ocrx_word' id='word_1_268' title='bbox 2984 734 3083 789; x_wconf 90' lang='lat' dir='ltr'><strong>per</strong></span> <span class='ocrx_word' id='word_1_269' title='bbox 3118 737 3145 774; x_wconf 87' lang='lat' dir='ltr'><strong>e</strong></span> <span class='ocrx_word' id='word_1_270' title='bbox 3173 721 3508 792; x_wconf 85' lang='lat' dir='ltr'><strong>simplicem;</strong></span> <span class='ocrx_word' id='word_1_271' title='bbox 3542 731 3605 780; x_wconf 90' lang='lat' dir='ltr'><strong>ut</strong></span> 
     </span>
    </p>
   </div>
   <div class='ocr_carea' id='block_1_36' title="bbox 2027 805 2796 881">
    <p class='ocr_par' dir='ltr' id='par_1_36' title="bbox 2027 805 2796 881">
     <span class='ocr_line' id='line_1_36' title="bbox 2027 805 2796 881; baseline 0.004 -20"><span class='ocrx_word' id='word_1_272' title='bbox 2027 805 2287 878; x_wconf 74' lang='lat' dir='ltr'><strong>Virgilius</strong></span> <span class='ocrx_word' id='word_1_273' title='bbox 2307 805 2462 876; x_wconf 72' lang='grc' dir='ltr'><strong>(Αῖη.</strong></span> <span class='ocrx_word' id='word_1_274' title='bbox 2493 824 2592 874; x_wconf 81' lang='lat' dir='ltr'><strong>xn,</strong></span> <span class='ocrx_word' id='word_1_275' title='bbox 2623 807 2749 881; x_wconf 79' lang='lat' dir='ltr'><strong>93l)</strong></span> <span class='ocrx_word' id='word_1_276' title='bbox 2784 827 2796 864; x_wconf 91' lang='lat'>:</span> 
     </span>
    </p>
   </div>
   <div class='ocr_carea' id='block_1_37' title="bbox 2393 915 3444 992">
    <p class='ocr_par' dir='ltr' id='par_1_37' title="bbox 2393 915 3444 992">
     <span class='ocr_line' id='line_1_37' title="bbox 2393 915 3444 992; baseline 0.011 -24"><span class='ocrx_word' id='word_1_277' title='bbox 2393 915 2634 981; x_wconf 86' lang='lat' dir='ltr'><strong>Equidem</strong></span> <span class='ocrx_word' id='word_1_278' title='bbox 2657 923 2838 984; x_wconf 89' lang='lat' dir='ltr'><strong>merui,</strong></span> <span class='ocrx_word' id='word_1_279' title='bbox 2862 935 2956 973; x_wconf 90' lang='lat' dir='ltr'><strong>nec</strong></span> <span class='ocrx_word' id='word_1_280' title='bbox 2978 923 3243 988; x_wconf 87' lang='lat' dir='ltr'><strong>deprecor,</strong></span> <span class='ocrx_word' id='word_1_281' title='bbox 3262 931 3444 992; x_wconf 81' lang='lat' dir='ltr'><strong>inquit.</strong></span> 
     </span>
    </p>
   </div>
   <div class='ocr_carea' id='block_1_38' title="bbox 2027 1021 3604 1104">
    <p class='ocr_par' dir='ltr' id='par_1_38' title="bbox 2027 1021 3604 1104">
     <span class='ocr_line' id='line_1_38' title="bbox 2027 1021 3604 1104; baseline 0.009 -27"><span class='ocrx_word' id='word_1_282' title='bbox 2027 1021 2315 1078; x_wconf 69' lang='lat' dir='ltr'><strong>Praemium</strong></span> <span class='ocrx_word' id='word_1_283' title='bbox 2337 1040 2458 1080; x_wconf 91' lang='lat' dir='ltr'><strong>cum</strong></span> <span class='ocrx_word' id='word_1_284' title='bbox 2488 1025 2818 1098; x_wconf 80' lang='lat' dir='ltr'><strong>diphthongo</strong></span> <span class='ocrx_word' id='word_1_285' title='bbox 2845 1045 2910 1084; x_wconf 72' lang='lat' dir='ltr'><strong>te.</strong></span> <span class='ocrx_word' id='word_1_286' title='bbox 2937 1029 3108 1085; x_wconf 84' lang='lat' dir='ltr'><strong>Aliter</strong></span> <span class='ocrx_word' id='word_1_287' title='bbox 3131 1035 3436 1102; x_wconf 67' lang='lat' dir='ltr'><strong>prooemium</strong></span> <span class='ocrx_word' id='word_1_288' title='bbox 3465 1049 3604 1104; x_wconf 71' lang='lat' dir='ltr'><strong>prte-</strong></span> 
     </span>
    </p>
   </div>
   <div class='ocr_carea' id='block_1_39' title="bbox 2027 1111 3605 1194">
    <p class='ocr_par' dir='ltr' id='par_1_39' title="bbox 2027 1111 3605 1194">
     <span class='ocr_line' id='line_1_39' title="bbox 2027 1111 3605 1194; baseline 0.01 -29"><span class='ocrx_word' id='word_1_289' title='bbox 2027 1111 2158 1167; x_wconf 76' lang='lat' dir='ltr'><strong>fatio</strong></span> <span class='ocrx_word' id='word_1_290' title='bbox 2184 1113 2400 1168; x_wconf 89' lang='lat' dir='ltr'><strong>dicitur.</strong></span> <span class='ocrx_word' id='word_1_291' title='bbox 2424 1111 2792 1185; x_wconf 53' lang='lat' dir='ltr'><strong>Pratgnantem</strong></span> <span class='ocrx_word' id='word_1_292' title='bbox 2813 1133 2935 1173; x_wconf 91' lang='lat' dir='ltr'><strong>cum</strong></span> <span class='ocrx_word' id='word_1_293' title='bbox 2959 1121 3172 1188; x_wconf 83' lang='lat' dir='ltr'><strong>scribis,</strong></span> <span class='ocrx_word' id='word_1_294' title='bbox 3200 1124 3441 1179; x_wconf 89' lang='lat' dir='ltr'><strong>adnectis</strong></span> <span class='ocrx_word' id='word_1_295' title='bbox 3459 1141 3492 1194; x_wconf 83' lang='lat' dir='ltr'><strong>g</strong></span> <span class='ocrx_word' id='word_1_296' title='bbox 3519 1140 3605 1180; x_wconf 84' lang='lat' dir='ltr'><strong>se-</strong></span> 
     </span>
    </p>
   </div>
   <div class='ocr_carea' id='block_1_40' title="bbox 2027 1200 3602 1283">
    <p class='ocr_par' dir='ltr' id='par_1_40' title="bbox 2027 1200 3602 1283">
     <span class='ocr_line' id='line_1_40' title="bbox 2027 1200 3602 1283; baseline 0.009 -27"><span class='ocrx_word' id='word_1_297' title='bbox 2027 1200 2218 1257; x_wconf 77' lang='lat' dir='ltr'><strong>cunda:</strong></span> <span class='ocrx_word' id='word_1_298' title='bbox 2247 1203 2482 1274; x_wconf 67' lang='lat' dir='ltr'><strong>syllabae,</strong></span> <span class='ocrx_word' id='word_1_299' title='bbox 2506 1214 2598 1260; x_wconf 89' lang='lat' dir='ltr'><strong>aut</strong></span> <span class='ocrx_word' id='word_1_300' title='bbox 2620 1207 2822 1276; x_wconf 88' lang='lat' dir='ltr'><strong>scripto</strong></span> <span class='ocrx_word' id='word_1_301' title='bbox 2835 1208 3042 1264; x_wconf 91' lang='lat' dir='ltr'><strong>divides</strong></span> <span class='ocrx_word' id='word_1_302' title='bbox 3066 1220 3121 1266; x_wconf 88' lang='lat' dir='ltr'><strong>et</strong></span> <span class='ocrx_word' id='word_1_303' title='bbox 3140 1212 3242 1266; x_wconf 90' lang='lat' dir='ltr'><strong>alia</strong></span> <span class='ocrx_word' id='word_1_304' title='bbox 3271 1213 3602 1283; x_wconf 76' lang='lat' dir='ltr'><strong>huiusmodi,</strong></span> 
     </span>
    </p>
   </div>
   <div class='ocr_carea' id='block_1_41' title="bbox 2026 1296 3605 1374">
    <p class='ocr_par' dir='ltr' id='par_1_41' title="bbox 2026 1296 3605 1374">
     <span class='ocr_line' id='line_1_41' title="bbox 2026 1296 3605 1374; baseline 0.011 -27"><span class='ocrx_word' id='word_1_305' title='bbox 2026 1302 2088 1348; x_wconf 89' lang='lat' dir='ltr'><strong>ut</strong></span> <span class='ocrx_word' id='word_1_306' title='bbox 2110 1311 2357 1364; x_wconf 83' lang='lat' dir='ltr'><strong>magnus,</strong></span> <span class='ocrx_word' id='word_1_307' title='bbox 2390 1296 2602 1367; x_wconf 86' lang='lat' dir='ltr'><strong>dignus,</strong></span> <span class='ocrx_word' id='word_1_308' title='bbox 2645 1301 2854 1369; x_wconf 86' lang='lat' dir='ltr'><strong>pignus.</strong></span> <span class='ocrx_word' id='word_1_309' title='bbox 2887 1299 3148 1356; x_wconf 63' lang='lat' dir='ltr'><strong>Primitiae</strong></span> <span class='ocrx_word' id='word_1_310' title='bbox 3182 1305 3462 1374; x_wconf 87' lang='lat' dir='ltr'><strong>pluraliter</strong></span> <span class='ocrx_word' id='word_1_311' title='bbox 3485 1315 3605 1363; x_wconf 87' lang='lat' dir='ltr'><strong>tan-</strong></span> 
     </span>
    </p>
   </div>
   <div class='ocr_carea' id='block_1_42' title="bbox 2026 1387 3602 1468">
    <p class='ocr_par' dir='ltr' id='par_1_42' title="bbox 2026 1387 3602 1468">
     <span class='ocr_line' id='line_1_42' title="bbox 2026 1387 3602 1468; baseline 0.01 -28"><span class='ocrx_word' id='word_1_312' title='bbox 2026 1393 2142 1440; x_wconf 88' lang='lat' dir='ltr'><strong>tum</strong></span> <span class='ocrx_word' id='word_1_313' title='bbox 2166 1387 2436 1452; x_wconf 90' lang='lat' dir='ltr'><strong>dicuntur,</strong></span> <span class='ocrx_word' id='word_1_314' title='bbox 2465 1390 2559 1444; x_wconf 89' lang='lat' dir='ltr'><strong>sed</strong></span> <span class='ocrx_word' id='word_1_315' title='bbox 2587 1389 2870 1460; x_wconf 89' lang='lat' dir='ltr'><strong>aliquoties</strong></span> <span class='ocrx_word' id='word_1_316' title='bbox 2892 1393 3238 1464; x_wconf 85' lang='lat' dir='ltr'><strong>singulariter</strong></span> <span class='ocrx_word' id='word_1_317' title='bbox 3281 1398 3602 1468; x_wconf 84' lang='lat' dir='ltr'><strong>intellegen-</strong></span> 
     </span>
    </p>
   </div>
   <div class='ocr_carea' id='block_1_43' title="bbox 2028 1475 3608 1562">
    <p class='ocr_par' dir='ltr' id='par_1_43' title="bbox 2028 1475 3608 1562">
     <span class='ocr_line' id='line_1_43' title="bbox 2028 1475 3608 1562; baseline 0.011 -31"><span class='ocrx_word' id='word_1_318' title='bbox 2028 1477 2128 1531; x_wconf 85' lang='lat' dir='ltr'><strong>dae.</strong></span> <span class='ocrx_word' id='word_1_319' title='bbox 2185 1475 2468 1548; x_wconf 81' lang='lat' dir='ltr'><strong>Privignus</strong></span> <span class='ocrx_word' id='word_1_320' title='bbox 2516 1496 2614 1549; x_wconf 91' lang='lat' dir='ltr'><strong>per</strong></span> <span class='ocrx_word' id='word_1_321' title='bbox 2672 1483 3063 1541; x_wconf 88' lang='lat' dir='ltr'><strong>detractionem</strong></span> <span class='ocrx_word' id='word_1_322' title='bbox 3099 1505 3126 1542; x_wconf 88' lang='lat' dir='ltr'><strong>e</strong></span> <span class='ocrx_word' id='word_1_323' title='bbox 3154 1489 3351 1546; x_wconf 68' lang='lat' dir='ltr'><strong>litterae</strong></span> <span class='ocrx_word' id='word_1_324' title='bbox 3375 1491 3481 1546; x_wconf 88' lang='lat' dir='ltr'><strong>dici</strong></span> <span class='ocrx_word' id='word_1_325' title='bbox 3511 1507 3608 1562; x_wconf 92' lang='lat' dir='ltr'><strong>po-</strong></span> 
     </span>
    </p>
   </div>
   <div class='ocr_carea' id='block_1_44' title="bbox 2029 1568 3317 1646">
    <p class='ocr_par' dir='ltr' id='par_1_44' title="bbox 2029 1568 3317 1646">
     <span class='ocr_line' id='line_1_44' title="bbox 2029 1568 3317 1646; baseline 0.011 -26"><span class='ocrx_word' id='word_1_326' title='bbox 2029 1576 2155 1633; x_wconf 88' lang='lat' dir='ltr'><strong>test,</strong></span> <span class='ocrx_word' id='word_1_327' title='bbox 2185 1568 2455 1641; x_wconf 86' lang='lat' dir='ltr'><strong>integrum</strong></span> <span class='ocrx_word' id='word_1_328' title='bbox 2482 1573 2626 1626; x_wconf 89' lang='lat' dir='ltr'><strong>enim</strong></span> <span class='ocrx_word' id='word_1_329' title='bbox 2657 1572 2773 1642; x_wconf 89' lang='lat' dir='ltr'><strong>ejus</strong></span> <span class='ocrx_word' id='word_1_330' title='bbox 2823 1577 3142 1646; x_wconf 86' lang='lat' dir='ltr'><strong>privigenum</strong></span> <span class='ocrx_word' id='word_1_331' title='bbox 3171 1596 3317 1636; x_wconf 88' lang='lat' dir='ltr'><strong>reor.</strong></span> 
     </span>
    </p>
   </div>
   <div class='ocr_carea' id='block_1_45' title="bbox 2103 1656 3602 1742">
    <p class='ocr_par' dir='ltr' id='par_1_45' title="bbox 2103 1656 3602 1742">
     <span class='ocr_line' id='line_1_45' title="bbox 2103 1656 3602 1742; baseline 0.013 -32"><span class='ocrx_word' id='word_1_332' title='bbox 2103 1656 2274 1713; x_wconf 85' lang='lat' dir='ltr'><strong>Probo</strong></span> <span class='ocrx_word' id='word_1_333' title='bbox 2307 1661 2527 1716; x_wconf 82' lang='lat' dir='ltr'><strong>verbum</strong></span> <span class='ocrx_word' id='word_1_334' title='bbox 2579 1663 2845 1734; x_wconf 89' lang='lat' dir='ltr'><strong>duplicem</strong></span> <span class='ocrx_word' id='word_1_335' title='bbox 2893 1668 3340 1738; x_wconf 87' lang='lat' dir='ltr'><strong>signiﬁcationem</strong></span> <span class='ocrx_word' id='word_1_336' title='bbox 3399 1673 3602 1742; x_wconf 87' lang='lat' dir='ltr'><strong>habet;</strong></span> 
     </span>
    </p>
   </div>
   <div class='ocr_carea' id='block_1_46' title="bbox 2027 1752 3603 1834">
    <p class='ocr_par' dir='ltr' id='par_1_46' title="bbox 2027 1752 3603 1834">
     <span class='ocr_line' id='line_1_46' title="bbox 2027 1752 3603 1834; baseline 0.012 -31"><span class='ocrx_word' id='word_1_337' title='bbox 2027 1752 2321 1819; x_wconf 89' lang='lat' dir='ltr'><strong>probamus</strong></span> <span class='ocrx_word' id='word_1_338' title='bbox 2345 1753 2488 1807; x_wconf 91' lang='lat' dir='ltr'><strong>enim</strong></span> <span class='ocrx_word' id='word_1_339' title='bbox 2526 1769 2647 1824; x_wconf 78' lang='lat' dir='ltr'><strong>quae</strong></span> <span class='ocrx_word' id='word_1_340' title='bbox 2674 1755 2952 1827; x_wconf 85' lang='lat' dir='ltr'><strong>elegimus,</strong></span> <span class='ocrx_word' id='word_1_341' title='bbox 2999 1760 3053 1813; x_wconf 93' lang='lat' dir='ltr'><strong>id</strong></span> <span class='ocrx_word' id='word_1_342' title='bbox 3097 1770 3180 1815; x_wconf 90' lang='lat' dir='ltr'><strong>est</strong></span> <span class='ocrx_word' id='word_1_343' title='bbox 3223 1764 3603 1834; x_wconf 88' lang='lat' dir='ltr'><strong>adprobamus.</strong></span> 
     </span>
    </p>
   </div>
   <div class='ocr_carea' id='block_1_47' title="bbox 2029 1841 3609 1931">
    <p class='ocr_par' dir='ltr' id='par_1_47' title="bbox 2029 1841 3609 1931">
     <span class='ocr_line' id='line_1_47' title="bbox 2029 1841 3609 1931; baseline 0.012 -34"><span class='ocrx_word' id='word_1_344' title='bbox 2029 1841 2346 1909; x_wconf 89' lang='lat' dir='ltr'><strong>Probamus,</strong></span> <span class='ocrx_word' id='word_1_345' title='bbox 2378 1862 2498 1916; x_wconf 63' lang='lat' dir='ltr'><strong>qua:</strong></span> <span class='ocrx_word' id='word_1_346' title='bbox 2549 1848 2728 1917; x_wconf 87' lang='lat' dir='ltr'><strong>qualia</strong></span> <span class='ocrx_word' id='word_1_347' title='bbox 2771 1861 2896 1906; x_wconf 92' lang='lat' dir='ltr'><strong>sunt</strong></span> <span class='ocrx_word' id='word_1_348' title='bbox 2942 1863 3284 1922; x_wconf 88' lang='lat' dir='ltr'><strong>temptamus,</strong></span> <span class='ocrx_word' id='word_1_349' title='bbox 3333 1868 3412 1926; x_wconf 90' lang='lat' dir='ltr'><strong>ut,</strong></span> <span class='ocrx_word' id='word_1_350' title='bbox 3445 1863 3609 1931; x_wconf 74' lang='lat' dir='ltr'><strong>proba</strong></span> 
     </span>
    </p>
   </div>
   <div class='ocr_carea' id='block_1_48' title="bbox 2022 1934 3606 2025">
    <p class='ocr_par' dir='ltr' id='par_1_48' title="bbox 2022 1934 3606 2025">
     <span class='ocr_line' id='line_1_48' title="bbox 2022 1934 3606 2025; baseline 0.013 -36"><span class='ocrx_word' id='word_1_351' title='bbox 2022 1951 2106 1989; x_wconf 85' lang='lat' dir='ltr'><strong>me</strong></span> <span class='ocrx_word' id='word_1_352' title='bbox 2136 1934 2297 1990; x_wconf 89' lang='lat' dir='ltr'><strong>Deus.</strong></span> <span class='ocrx_word' id='word_1_353' title='bbox 2326 1934 2434 1991; x_wconf 87' lang='lat' dir='ltr'><strong>Pro</strong></span> <span class='ocrx_word' id='word_1_354' title='bbox 2457 1941 2786 2009; x_wconf 72' lang='lat' dir='ltr'><strong>praepositio,</strong></span> <span class='ocrx_word' id='word_1_355' title='bbox 2831 1958 2951 1997; x_wconf 91' lang='lat' dir='ltr'><strong>cum</strong></span> <span class='ocrx_word' id='word_1_356' title='bbox 2978 1945 3049 2000; x_wconf 87' lang='lat' dir='ltr'><strong>sit</strong></span> <span class='ocrx_word' id='word_1_357' title='bbox 3079 1949 3397 2006; x_wconf 87' lang='lat' dir='ltr'><strong>naturaliter</strong></span> <span class='ocrx_word' id='word_1_358' title='bbox 3425 1952 3606 2025; x_wconf 78' lang='lat' dir='ltr'><strong>longa,</strong></span> 
     </span>
    </p>
   </div>
   <div class='ocr_carea' id='block_1_49' title="bbox 2024 2023 3604 2115">
    <p class='ocr_par' dir='ltr' id='par_1_49' title="bbox 2024 2023 3604 2115">
     <span class='ocr_line' id='line_1_49' title="bbox 2024 2023 3604 2115; baseline 0.014 -38"><span class='ocrx_word' id='word_1_359' title='bbox 2024 2023 2296 2079; x_wconf 88' lang='lat' dir='ltr'><strong>interdum</strong></span> <span class='ocrx_word' id='word_1_360' title='bbox 2339 2027 2395 2081; x_wconf 90' lang='lat' dir='ltr'><strong>in</strong></span> <span class='ocrx_word' id='word_1_361' title='bbox 2440 2031 2828 2098; x_wconf 90' lang='lat' dir='ltr'><strong>compositione</strong></span> <span class='ocrx_word' id='word_1_362' title='bbox 2873 2039 3237 2107; x_wconf 89' lang='lat' dir='ltr'><strong>corrumpitur</strong></span> <span class='ocrx_word' id='word_1_363' title='bbox 3294 2039 3432 2111; x_wconf 74' lang='grc' dir='ltr'><strong>[Με.</strong></span> <span class='ocrx_word' id='word_1_364' title='bbox 3474 2023 3604 2115; x_wconf 83' lang='lat' dir='ltr'><strong>Reg.</strong></span> 
     </span>
    </p>
   </div>
   <div class='ocr_carea' id='block_1_50' title="bbox 2023 2113 3606 2199">
    <p class='ocr_par' dir='ltr' id='par_1_50' title="bbox 2023 2113 3606 2199">
     <span class='ocr_line' id='line_1_50' title="bbox 2023 2113 3606 2199; baseline 0.014 -35"><span class='ocrx_word' id='word_1_365' title='bbox 2023 2113 2368 2186; x_wconf 88' lang='lat' dir='ltr'><strong>corripitur];</strong></span> <span class='ocrx_word' id='word_1_366' title='bbox 2402 2117 2602 2185; x_wconf 89' lang='lat' dir='ltr'><strong>partim</strong></span> <span class='ocrx_word' id='word_1_367' title='bbox 2626 2123 2986 2191; x_wconf 88' lang='lat' dir='ltr'><strong>correptione,</strong></span> <span class='ocrx_word' id='word_1_368' title='bbox 3017 2133 3077 2178; x_wconf 90' lang='lat' dir='ltr'><strong>ut</strong></span> <span class='ocrx_word' id='word_1_369' title='bbox 3118 2143 3377 2195; x_wconf 87' lang='lat' dir='ltr'><strong>proavus;</strong></span> <span class='ocrx_word' id='word_1_370' title='bbox 3405 2113 3606 2199; x_wconf 81' lang='lat' dir='ltr'><strong>partim</strong></span> 
     </span>
    </p>
   </div>
   <div class='ocr_carea' id='block_1_51' title="bbox 2023 2205 3606 2292">
    <p class='ocr_par' dir='ltr' id='par_1_51' title="bbox 2023 2205 3606 2292">
     <span class='ocr_line' id='line_1_51' title="bbox 2023 2205 3606 2292; baseline 0.015 -38"><span class='ocrx_word' id='word_1_371' title='bbox 2023 2205 2390 2273; x_wconf 87' lang='lat' dir='ltr'><strong>assumptione</strong></span> <span class='ocrx_word' id='word_1_372' title='bbox 2415 2205 2608 2261; x_wconf 70' lang='lat' dir='ltr'><strong>litterae</strong></span> <span class='ocrx_word' id='word_1_373' title='bbox 2628 2209 2684 2274; x_wconf 86' lang='lat' dir='ltr'><strong>d,</strong></span> <span class='ocrx_word' id='word_1_374' title='bbox 2710 2220 2768 2264; x_wconf 90' lang='lat' dir='ltr'><strong>ut</strong></span> <span class='ocrx_word' id='word_1_375' title='bbox 2796 2213 3021 2281; x_wconf 86' lang='lat' dir='ltr'><strong>prodest,</strong></span> <span class='ocrx_word' id='word_1_376' title='bbox 3053 2217 3312 2285; x_wconf 89' lang='lat' dir='ltr'><strong>proditus,</strong></span> <span class='ocrx_word' id='word_1_377' title='bbox 3333 2221 3606 2292; x_wconf 86' lang='lat' dir='ltr'><strong>prodigus.</strong></span> 
     </span>
    </p>
   </div>
   <div class='ocr_carea' id='block_1_52' title="bbox 2022 2290 3608 2380">
    <p class='ocr_par' dir='ltr' id='par_1_52' title="bbox 2022 2290 3608 2380">
     <span class='ocr_line' id='line_1_52' title="bbox 2022 2290 3608 2380; baseline 0.013 -34"><span class='ocrx_word' id='word_1_378' title='bbox 2022 2290 2293 2347; x_wconf 82' lang='lat' dir='ltr'><strong>interdum</strong></span> <span class='ocrx_word' id='word_1_379' title='bbox 2319 2294 2529 2366; x_wconf 88' lang='lat' dir='ltr'><strong>integra</strong></span> <span class='ocrx_word' id='word_1_380' title='bbox 2565 2306 2731 2352; x_wconf 88' lang='lat' dir='ltr'><strong>estet</strong></span> <span class='ocrx_word' id='word_1_381' title='bbox 2769 2300 2885 2368; x_wconf 90' lang='lat' dir='ltr'><strong>ipsa</strong></span> <span class='ocrx_word' id='word_1_382' title='bbox 2928 2317 3074 2371; x_wconf 89' lang='lat' dir='ltr'><strong>pars,</strong></span> <span class='ocrx_word' id='word_1_383' title='bbox 3109 2307 3196 2360; x_wconf 90' lang='lat' dir='ltr'><strong>cui</strong></span> <span class='ocrx_word' id='word_1_384' title='bbox 3244 2290 3608 2380; x_wconf 35' lang='lat' dir='ltr'><strong>conjungi—tur,</strong></span> 
     </span>
    </p>
   </div>
   <div class='ocr_carea' id='block_1_53' title="bbox 2023 2387 3607 2458">
    <p class='ocr_par' dir='ltr' id='par_1_53' title="bbox 2023 2387 3607 2458">
     <span class='ocr_line' id='line_1_53' title="bbox 2023 2387 3607 2458; baseline 0.013 -22"><span class='ocrx_word' id='word_1_385' title='bbox 2023 2391 2083 2437; x_wconf 88' lang='lat' dir='ltr'><strong>ut</strong></span> <span class='ocrx_word' id='word_1_386' title='bbox 2123 2401 2366 2454; x_wconf 91' lang='lat' dir='ltr'><strong>procuro.</strong></span> <span class='ocrx_word' id='word_1_387' title='bbox 2422 2387 2782 2458; x_wconf 88' lang='lat' dir='ltr'><strong>Sequentibus</strong></span> <span class='ocrx_word' id='word_1_388' title='bbox 2816 2391 2908 2446; x_wconf 89' lang='lat' dir='ltr'><strong>iet</strong></span> <span class='ocrx_word' id='word_1_389' title='bbox 2960 2411 2987 2448; x_wconf 91' lang='lat' dir='ltr'><strong>v</strong></span> <span class='ocrx_word' id='word_1_390' title='bbox 3030 2396 3149 2452; x_wconf 91' lang='lat' dir='ltr'><strong>loco</strong></span> <span class='ocrx_word' id='word_1_391' title='bbox 3193 2403 3607 2456; x_wconf 88' lang='lat' dir='ltr'><strong>consonantium</strong></span> 
     </span>
    </p>
   </div>
   <div class='ocr_carea' id='block_1_54' title="bbox 2023 2477 3605 2560">
    <p class='ocr_par' dir='ltr' id='par_1_54' title="bbox 2023 2477 3605 2560">
     <span class='ocr_line' id='line_1_54' title="bbox 2023 2477 3605 2560; baseline 0.011 -31"><span class='ocrx_word' id='word_1_392' title='bbox 2023 2489 2298 2544; x_wconf 85' lang='lat' dir='ltr'><strong>nunquam</strong></span> <span class='ocrx_word' id='word_1_393' title='bbox 2325 2477 2563 2533; x_wconf 89' lang='lat' dir='ltr'><strong>litteram</strong></span> <span class='ocrx_word' id='word_1_394' title='bbox 2590 2482 2792 2550; x_wconf 89' lang='lat' dir='ltr'><strong>perdit;</strong></span> <span class='ocrx_word' id='word_1_395' title='bbox 2841 2492 2936 2538; x_wconf 93' lang='lat' dir='ltr'><strong>aut</strong></span> <span class='ocrx_word' id='word_1_396' title='bbox 2962 2495 3166 2553; x_wconf 89' lang='lat' dir='ltr'><strong>mutat;</strong></span> <span class='ocrx_word' id='word_1_397' title='bbox 3198 2498 3259 2542; x_wconf 90' lang='lat' dir='ltr'><strong>ut</strong></span> <span class='ocrx_word' id='word_1_398' title='bbox 3297 2491 3605 2560; x_wconf 80' lang='lat' dir='ltr'><strong>providens;</strong></span> 
     </span>
    </p>
   </div>
   <div class='ocr_carea' id='block_1_55' title="bbox 2024 2569 3607 2648">
    <p class='ocr_par' dir='ltr' id='par_1_55' title="bbox 2024 2569 3607 2648">
     <span class='ocr_line' id='line_1_55' title="bbox 2024 2569 3607 2648; baseline 0.009 -28"><span class='ocrx_word' id='word_1_399' title='bbox 2024 2577 2117 2622; x_wconf 92' lang='lat' dir='ltr'><strong>aut</strong></span> <span class='ocrx_word' id='word_1_400' title='bbox 2146 2569 2391 2634; x_wconf 87' lang='lat' dir='ltr'><strong>assumit,</strong></span> <span class='ocrx_word' id='word_1_401' title='bbox 2424 2580 2516 2625; x_wconf 89' lang='lat' dir='ltr'><strong>aut</strong></span> <span class='ocrx_word' id='word_1_402' title='bbox 2543 2575 2926 2643; x_wconf 89' lang='lat' dir='ltr'><strong>corrumpitur,</strong></span> <span class='ocrx_word' id='word_1_403' title='bbox 2955 2583 3016 2629; x_wconf 90' lang='lat' dir='ltr'><strong>ut</strong></span> <span class='ocrx_word' id='word_1_404' title='bbox 3042 2578 3326 2648; x_wconf 86' lang='lat' dir='ltr'><strong>projectus.</strong></span> <span class='ocrx_word' id='word_1_405' title='bbox 3351 2576 3607 2637; x_wconf 76' lang='lat' dir='ltr'><strong>Protinus</strong></span> 
     </span>
    </p>
   </div>
   <div class='ocr_carea' id='block_1_56' title="bbox 2023 2656 3076 2729">
    <p class='ocr_par' dir='ltr' id='par_1_56' title="bbox 2023 2656 3076 2729">
     <span class='ocr_line' id='line_1_56' title="bbox 2023 2656 3076 2729; baseline 0.009 -18"><span class='ocrx_word' id='word_1_406' title='bbox 2023 2657 2159 2728; x_wconf 90' lang='lat' dir='ltr'><strong>peri</strong></span> <span class='ocrx_word' id='word_1_407' title='bbox 2187 2660 2482 2729; x_wconf 89' lang='lat' dir='ltr'><strong>temporale</strong></span> <span class='ocrx_word' id='word_1_408' title='bbox 2507 2671 2610 2728; x_wconf 90' lang='lat' dir='ltr'><strong>est,</strong></span> <span class='ocrx_word' id='word_1_409' title='bbox 2647 2656 2699 2718; x_wconf 89' lang='lat' dir='ltr'><strong>id</strong></span> <span class='ocrx_word' id='word_1_410' title='bbox 2738 2674 2820 2719; x_wconf 91' lang='lat' dir='ltr'><strong>est</strong></span> <span class='ocrx_word' id='word_1_411' title='bbox 2853 2668 3036 2721; x_wconf 88' lang='lat' dir='ltr'><strong>statim</strong></span> <span class='ocrx_word' id='word_1_412' title='bbox 3064 2686 3076 2721; x_wconf 88' lang='lat'><strong>:</strong></span> 
     </span>
    </p>
   </div>
   <div class='ocr_carea' id='block_1_57' title="bbox 2148 2769 3506 2848">
    <p class='ocr_par' dir='ltr' id='par_1_57' title="bbox 2148 2769 3506 2848">
     <span class='ocr_line' id='line_1_57' title="bbox 2148 2769 3506 2848; baseline 0.015 -29"><span class='ocrx_word' id='word_1_413' title='bbox 2148 2769 2379 2821; x_wconf 86' lang='lat' dir='ltr'><strong>Protinus</strong></span> <span class='ocrx_word' id='word_1_414' title='bbox 2399 2772 2579 2824; x_wconf 72' lang='lat' dir='ltr'><strong>IEneas</strong></span> <span class='ocrx_word' id='word_1_415' title='bbox 2599 2779 2745 2839; x_wconf 69' lang='lat' dir='ltr'><strong>coepit</strong></span> <span class='ocrx_word' id='word_1_416' title='bbox 2767 2777 2920 2829; x_wconf 84' lang='lat' dir='ltr'><strong>celeri</strong></span> <span class='ocrx_word' id='word_1_417' title='bbox 2945 2783 3143 2834; x_wconf 82' lang='lat' dir='ltr'><strong>certare</strong></span> <span class='ocrx_word' id='word_1_418' title='bbox 3165 2787 3343 2848; x_wconf 81' lang='lat' dir='ltr'><strong>sagitta</strong></span> <span class='ocrx_word' id='word_1_419' title='bbox 3368 2787 3416 2837; x_wconf 75' lang='grc'><strong>⁸.</strong></span> <span class='ocrx_word' id='word_1_420' title='bbox 3501 2790 3506 2797; x_wconf 94' lang='grc'><em>’</em></span> 
     </span>
    </p>
   </div>
   <div class='ocr_carea' id='block_1_58' title="bbox 2025 2866 3610 2966">
    <p class='ocr_par' dir='ltr' id='par_1_58' title="bbox 2025 2866 3610 2966">
     <span class='ocr_line' id='line_1_58' title="bbox 2025 2866 3610 2966; baseline 0.02 -44"><span class='ocrx_word' id='word_1_421' title='bbox 2025 2866 2286 2926; x_wconf 88' lang='lat' dir='ltr'><strong>Protenus</strong></span> <span class='ocrx_word' id='word_1_422' title='bbox 2327 2888 2424 2942; x_wconf 86' lang='lat' dir='ltr'><strong>per</strong></span> <span class='ocrx_word' id='word_1_423' title='bbox 2453 2891 2480 2929; x_wconf 93' lang='lat' dir='ltr'><strong>e</strong></span> <span class='ocrx_word' id='word_1_424' title='bbox 2521 2876 2834 2933; x_wconf 84' lang='lat' dir='ltr'><strong>advetbium</strong></span> <span class='ocrx_word' id='word_1_425' title='bbox 2859 2879 3028 2938; x_wconf 83' lang='lat' dir='ltr'><strong>locale</strong></span> <span class='ocrx_word' id='word_1_426' title='bbox 3059 2893 3161 2954; x_wconf 90' lang='lat' dir='ltr'><strong>est,</strong></span> <span class='ocrx_word' id='word_1_427' title='bbox 3200 2889 3258 2945; x_wconf 90' lang='lat' dir='ltr'><strong>id</strong></span> <span class='ocrx_word' id='word_1_428' title='bbox 3305 2901 3407 2960; x_wconf 89' lang='lat' dir='ltr'><strong>est,</strong></span> <span class='ocrx_word' id='word_1_429' title='bbox 3445 2910 3610 2966; x_wconf 91' lang='lat' dir='ltr'><strong>porro</strong></span> 
     </span>
    </p>
   </div>
   <div class='ocr_carea' id='block_1_59' title="bbox 2025 2963 3607 3058">
    <p class='ocr_par' dir='ltr' id='par_1_59' title="bbox 2025 2963 3607 3058">
     <span class='ocr_line' id='line_1_59' title="bbox 2025 2963 3607 3058; baseline 0.02 -44"><span class='ocrx_word' id='word_1_430' title='bbox 2025 2968 2204 3028; x_wconf 88' lang='lat' dir='ltr'><strong>tenus,</strong></span> <span class='ocrx_word' id='word_1_431' title='bbox 2236 2972 2334 3019; x_wconf 90' lang='lat' dir='ltr'><strong>ut:</strong></span> <span class='ocrx_word' id='word_1_432' title='bbox 2365 2963 2496 3020; x_wconf 90' lang='lat' dir='ltr'><strong>Cum</strong></span> <span class='ocrx_word' id='word_1_433' title='bbox 2542 2978 2786 3038; x_wconf 84' lang='lat' dir='ltr'><strong>protenus</strong></span> <span class='ocrx_word' id='word_1_434' title='bbox 2817 2983 3038 3047; x_wconf 85' lang='lat' dir='ltr'><strong>utraque</strong></span> <span class='ocrx_word' id='word_1_435' title='bbox 3085 2979 3238 3037; x_wconf 85' lang='lat' dir='ltr'><strong>tellus</strong></span> <span class='ocrx_word' id='word_1_436' title='bbox 3288 3001 3393 3040; x_wconf 90' lang='lat' dir='ltr'><strong>una</strong></span> <span class='ocrx_word' id='word_1_437' title='bbox 3447 2963 3607 3058; x_wconf 51' lang='lat' dir='ltr'><strong>ioret.</strong></span> 
     </span>
    </p>
   </div>
   <div class='ocr_carea' id='block_1_60' title="bbox 2026 3051 3609 3151">
    <p class='ocr_par' dir='ltr' id='par_1_60' title="bbox 2026 3051 3609 3151">
     <span class='ocr_line' id='line_1_60' title="bbox 2026 3051 3609 3151; baseline 0.019 -45"><span class='ocrx_word' id='word_1_438' title='bbox 2026 3051 2135 3108; x_wconf 91' lang='lat' dir='ltr'><strong>Pro</strong></span> <span class='ocrx_word' id='word_1_439' title='bbox 2163 3056 2216 3110; x_wconf 93' lang='lat' dir='ltr'><strong>in</strong></span> <span class='ocrx_word' id='word_1_440' title='bbox 2242 3059 2575 3128; x_wconf 89' lang='lat' dir='ltr'><strong>appositioue</strong></span> <span class='ocrx_word' id='word_1_441' title='bbox 2593 3062 2678 3116; x_wconf 85' lang='lat' dir='ltr'><strong>vel</strong></span> <span class='ocrx_word' id='word_1_442' title='bbox 2704 3068 3094 3135; x_wconf 89' lang='lat' dir='ltr'><strong>compositione</strong></span> <span class='ocrx_word' id='word_1_443' title='bbox 3116 3072 3302 3132; x_wconf 90' lang='lat' dir='ltr'><strong>localis</strong></span> <span class='ocrx_word' id='word_1_444' title='bbox 3325 3087 3380 3133; x_wconf 88' lang='lat' dir='ltr'><strong>et</strong></span> <span class='ocrx_word' id='word_1_445' title='bbox 3401 3051 3609 3151; x_wconf 79' lang='lat' dir='ltr'><strong>tempo-</strong></span> 
     </span>
    </p>
   </div>
   <div class='ocr_carea' id='block_1_61' title="bbox 335 3145 1928 3243">
    <p class='ocr_par' dir='ltr' id='par_1_61' title="bbox 335 3145 1926 3242">
     <span class='ocr_line' id='line_1_61' title="bbox 335 3145 1926 3242; baseline -0.003 -17"><span class='ocrx_word' id='word_1_446' title='bbox 335 3145 546 3226; x_wconf 72' lang='lat' dir='ltr'><strong>tudine.</strong></span> <span class='ocrx_word' id='word_1_447' title='bbox 593 3145 779 3226; x_wconf 85' lang='lat' dir='ltr'><strong>Plures</strong></span> <span class='ocrx_word' id='word_1_448' title='bbox 811 3172 1211 3242; x_wconf 87' lang='lat' dir='ltr'><strong>comparativus</strong></span> <span class='ocrx_word' id='word_1_449' title='bbox 1235 3171 1432 3242; x_wconf 88' lang='lat' dir='ltr'><strong>gradus</strong></span> <span class='ocrx_word' id='word_1_450' title='bbox 1458 3177 1574 3234; x_wconf 88' lang='lat' dir='ltr'><strong>est,</strong></span> <span class='ocrx_word' id='word_1_451' title='bbox 1603 3165 1758 3237; x_wconf 90' lang='lat' dir='ltr'><strong>cujus</strong></span> <span class='ocrx_word' id='word_1_452' title='bbox 1781 3166 1926 3237; x_wconf 88' lang='lat' dir='ltr'><strong>posi-</strong></span> 
     </span>
    </p>
   </div>
   <div class='ocr_carea' id='block_1_62' title="bbox 2026 3145 3611 3243">
    <p class='ocr_par' dir='ltr' id='par_1_62' title="bbox 2026 3145 3611 3243">
     <span class='ocr_line' id='line_1_62' title="bbox 2026 3145 3611 3243; baseline 0.02 -45"><span class='ocrx_word' id='word_1_453' title='bbox 2026 3145 2155 3200; x_wconf 89' lang='lat' dir='ltr'><strong>ralis</strong></span> <span class='ocrx_word' id='word_1_454' title='bbox 2184 3146 2310 3218; x_wconf 82' lang='lat' dir='ltr'><strong>[Ms.</strong></span> <span class='ocrx_word' id='word_1_455' title='bbox 2336 3147 2466 3221; x_wconf 87' lang='lat' dir='ltr'><strong>Reg.</strong></span> <span class='ocrx_word' id='word_1_456' title='bbox 2493 3151 2577 3207; x_wconf 90' lang='lat' dir='ltr'><strong>vel</strong></span> <span class='ocrx_word' id='word_1_457' title='bbox 2606 3157 2918 3224; x_wconf 89' lang='lat' dir='ltr'><strong>temporalis</strong></span> <span class='ocrx_word' id='word_1_458' title='bbox 2951 3159 3078 3235; x_wconf 88' lang='lat' dir='ltr'><strong>est].</strong></span> <span class='ocrx_word' id='word_1_459' title='bbox 3107 3155 3216 3218; x_wconf 89' lang='lat' dir='ltr'><strong>Pro</strong></span> <span class='ocrx_word' id='word_1_460' title='bbox 3239 3171 3453 3242; x_wconf 88' lang='lat' dir='ltr'><strong>templo,</strong></span> <span class='ocrx_word' id='word_1_461' title='bbox 3487 3145 3611 3243; x_wconf 48' lang='lat' dir='ltr'><strong>p-ro-</strong></span> 
     </span>
    </p>
   </div>
   <div class='ocr_carea' id='block_1_63' title="bbox 336 3260 1922 3333">
    <p class='ocr_par' dir='ltr' id='par_1_63' title="bbox 336 3260 1922 3333">
     <span class='ocr_line' id='line_1_63' title="bbox 336 3260 1922 3333; baseline -0.001 -16"><span class='ocrx_word' id='word_1_462' title='bbox 336 3262 484 3317; x_wconf 88' lang='lat' dir='ltr'><strong>tivus</strong></span> <span class='ocrx_word' id='word_1_463' title='bbox 510 3261 682 3316; x_wconf 88' lang='lat' dir='ltr'><strong>multi.</strong></span> <span class='ocrx_word' id='word_1_464' title='bbox 718 3261 941 3318; x_wconf 86' lang='lat' dir='ltr'><strong>Poderis</strong></span> <span class='ocrx_word' id='word_1_465' title='bbox 966 3277 1064 3333; x_wconf 88' lang='lat' dir='ltr'><strong>per</strong></span> <span class='ocrx_word' id='word_1_466' title='bbox 1090 3279 1119 3316; x_wconf 92' lang='grc' dir='ltr'><strong><em>ο</em></strong></span> <span class='ocrx_word' id='word_1_467' title='bbox 1141 3271 1195 3316; x_wconf 91' lang='lat' dir='ltr'><strong>et</strong></span> <span class='ocrx_word' id='word_1_468' title='bbox 1227 3278 1275 3328; x_wconf 91' lang='lat' dir='ltr'><strong>e,</strong></span> <span class='ocrx_word' id='word_1_469' title='bbox 1303 3263 1357 3316; x_wconf 90' lang='lat' dir='ltr'><strong>id</strong></span> <span class='ocrx_word' id='word_1_470' title='bbox 1382 3269 1466 3317; x_wconf 88' lang='lat' dir='ltr'><strong>est</strong></span> <span class='ocrx_word' id='word_1_471' title='bbox 1503 3261 1683 3317; x_wconf 89' lang='lat' dir='ltr'><strong>tunica</strong></span> <span class='ocrx_word' id='word_1_472' title='bbox 1712 3260 1922 3326; x_wconf 88' lang='lat' dir='ltr'><strong>talaris,</strong></span> 
     </span>
    </p>
   </div>
   <div class='ocr_carea' id='block_1_64' title="bbox 333 3350 1925 3423">
    <p class='ocr_par' dir='ltr' id='par_1_64' title="bbox 333 3350 1925 3423">
     <span class='ocr_line' id='line_1_64' title="bbox 333 3350 1925 3423; baseline 0.001 -18"><span class='ocrx_word' id='word_1_473' title='bbox 333 3365 448 3423; x_wconf 90' lang='lat' dir='ltr'><strong>qua</strong></span> <span class='ocrx_word' id='word_1_474' title='bbox 480 3352 790 3406; x_wconf 90' lang='lat' dir='ltr'><strong>sacerdotes</strong></span> <span class='ocrx_word' id='word_1_475' title='bbox 812 3351 867 3407; x_wconf 93' lang='lat' dir='ltr'><strong>in</strong></span> <span class='ocrx_word' id='word_1_476' title='bbox 885 3352 1057 3408; x_wconf 89' lang='lat' dir='ltr'><strong>veteri</strong></span> <span class='ocrx_word' id='word_1_477' title='bbox 1083 3353 1201 3423; x_wconf 84' lang='lat' dir='ltr'><strong>lege</strong></span> <span class='ocrx_word' id='word_1_478' title='bbox 1231 3352 1539 3408; x_wconf 81' lang='lat' dir='ltr'><strong>utebantur.</strong></span> <span class='ocrx_word' id='word_1_479' title='bbox 1565 3350 1751 3418; x_wconf 86' lang='lat' dir='ltr'><strong>Poena,</strong></span> <span class='ocrx_word' id='word_1_480' title='bbox 1780 3352 1925 3422; x_wconf 91' lang='lat' dir='ltr'><strong>quod</strong></span> 
     </span>
    </p>
   </div>
   <div class='ocr_carea' id='block_1_65' title="bbox 336 3440 1924 3514">
    <p class='ocr_par' dir='ltr' id='par_1_65' title="bbox 336 3440 1924 3514">
     <span class='ocr_line' id='line_1_65' title="bbox 336 3440 1924 3514; baseline -0.001 -15"><span class='ocrx_word' id='word_1_481' title='bbox 336 3450 424 3499; x_wconf 84' lang='lat' dir='ltr'><strong>est</strong></span> <span class='ocrx_word' id='word_1_482' title='bbox 472 3443 794 3513; x_wconf 88' lang='lat' dir='ltr'><strong>subplicium</strong></span> <span class='ocrx_word' id='word_1_483' title='bbox 822 3458 920 3514; x_wconf 90' lang='lat' dir='ltr'><strong>per</strong></span> <span class='ocrx_word' id='word_1_484' title='bbox 961 3459 991 3497; x_wconf 93' lang='lat' dir='ltr'><strong>o</strong></span> <span class='ocrx_word' id='word_1_485' title='bbox 1022 3451 1079 3496; x_wconf 88' lang='lat' dir='ltr'><strong>et</strong></span> <span class='ocrx_word' id='word_1_486' title='bbox 1116 3459 1144 3496; x_wconf 88' lang='lat' dir='ltr'><strong>e</strong></span> <span class='ocrx_word' id='word_1_487' title='bbox 1184 3441 1459 3498; x_wconf 90' lang='lat' dir='ltr'><strong>scribitur.</strong></span> <span class='ocrx_word' id='word_1_488' title='bbox 1507 3440 1680 3514; x_wconf 90' lang='lat' dir='ltr'><strong>[Pono</strong></span> <span class='ocrx_word' id='word_1_489' title='bbox 1721 3441 1924 3511; x_wconf 90' lang='lat' dir='ltr'><strong>aliquid</strong></span> 
     </span>
    </p>
   </div>
   <div class='ocr_carea' id='block_1_66' title="bbox 338 3531 1923 3607">
    <p class='ocr_par' dir='ltr' id='par_1_66' title="bbox 338 3531 1923 3607">
     <span class='ocr_line' id='line_1_66' title="bbox 338 3531 1923 3607; baseline 0.001 -21"><span class='ocrx_word' id='word_1_490' title='bbox 338 3531 661 3601; x_wconf 87' lang='lat' dir='ltr'><strong>simpliciter</strong></span> <span class='ocrx_word' id='word_1_491' title='bbox 683 3541 942 3590; x_wconf 90' lang='lat' dir='ltr'><strong>statuens.</strong></span> <span class='ocrx_word' id='word_1_492' title='bbox 972 3534 1207 3604; x_wconf 88' lang='lat' dir='ltr'><strong>Dispono</strong></span> <span class='ocrx_word' id='word_1_493' title='bbox 1235 3534 1436 3603; x_wconf 89' lang='lat' dir='ltr'><strong>aliquid</strong></span> <span class='ocrx_word' id='word_1_494' title='bbox 1461 3533 1684 3607; x_wconf 88' lang='lat' dir='ltr'><strong>[operis]</strong></span> <span class='ocrx_word' id='word_1_495' title='bbox 1715 3534 1923 3604; x_wconf 90' lang='lat' dir='ltr'><strong>impen-</strong></span> 
     </span>
    </p>
   </div>
   <div class='ocr_carea' id='block_1_67' title="bbox 339 3623 1927 3697">
    <p class='ocr_par' dir='ltr' id='par_1_67' title="bbox 339 3623 1927 3697">
     <span class='ocr_line' id='line_1_67' title="bbox 339 3623 1927 3697; baseline 0.002 -18"><span class='ocrx_word' id='word_1_496' title='bbox 339 3623 507 3680; x_wconf 75' lang='lat' dir='ltr'><strong>sioris</strong></span> <span class='ocrx_word' id='word_1_497' title='bbox 535 3624 620 3679; x_wconf 89' lang='lat' dir='ltr'><strong>vel</strong></span> <span class='ocrx_word' id='word_1_498' title='bbox 646 3625 856 3680; x_wconf 89' lang='lat' dir='ltr'><strong>consilii</strong></span> <span class='ocrx_word' id='word_1_499' title='bbox 881 3625 1145 3681; x_wconf 84' lang='lat' dir='ltr'><strong>facturus.</strong></span> <span class='ocrx_word' id='word_1_500' title='bbox 1178 3626 1274 3680; x_wconf 87' lang='lat' dir='ltr'><strong>Est</strong></span> <span class='ocrx_word' id='word_1_501' title='bbox 1293 3634 1470 3681; x_wconf 87' lang='lat' dir='ltr'><strong>autem</strong></span> <span class='ocrx_word' id='word_1_502' title='bbox 1501 3625 1629 3697; x_wconf 82' lang='lat' dir='ltr'><strong>[Ms.</strong></span> <span class='ocrx_word' id='word_1_503' title='bbox 1659 3626 1810 3696; x_wconf 83' lang='lat' dir='ltr'><strong>Reg.,</strong></span> <span class='ocrx_word' id='word_1_504' title='bbox 1830 3627 1927 3682; x_wconf 86' lang='lat' dir='ltr'><strong>Est</strong></span> 
     </span>
    </p>
   </div>
   <div class='ocr_carea' id='block_1_68' title="bbox 337 3714 1926 3790">
    <p class='ocr_par' dir='ltr' id='par_1_68' title="bbox 337 3714 1926 3790">
     <span class='ocr_line' id='line_1_68' title="bbox 337 3714 1926 3790; baseline -0.001 -17"><span class='ocrx_word' id='word_1_505' title='bbox 337 3715 532 3790; x_wconf 86' lang='lat' dir='ltr'><strong>etiam]</strong></span> <span class='ocrx_word' id='word_1_506' title='bbox 557 3717 843 3790; x_wconf 90' lang='lat' dir='ltr'><strong>disponere</strong></span> <span class='ocrx_word' id='word_1_507' title='bbox 869 3717 1088 3774; x_wconf 67' lang='lat' dir='ltr'><strong>foederis</strong></span> <span class='ocrx_word' id='word_1_508' title='bbox 1117 3717 1381 3789; x_wconf 90' lang='lat' dir='ltr'><strong>ineundi].</strong></span> <span class='ocrx_word' id='word_1_509' title='bbox 1414 3714 1619 3782; x_wconf 84' lang='lat' dir='ltr'><strong>Potior,</strong></span> <span class='ocrx_word' id='word_1_510' title='bbox 1646 3717 1809 3787; x_wconf 83' lang='lat'><strong>309</strong></span> <span class='ocrx_word' id='word_1_511' title='bbox 1832 3732 1926 3788; x_wconf 87' lang='lat' dir='ltr'><strong>po-</strong></span> 
     </span>
    </p>
   </div>
   <div class='ocr_carea' id='block_1_69' title="bbox 338 3805 1924 3880">
    <p class='ocr_par' dir='ltr' id='par_1_69' title="bbox 338 3805 1924 3880">
     <span class='ocr_line' id='line_1_69' title="bbox 338 3805 1924 3880; baseline -0.001 -16"><span class='ocrx_word' id='word_1_512' title='bbox 338 3809 476 3864; x_wconf 81' lang='lat' dir='ltr'><strong>titus</strong></span> <span class='ocrx_word' id='word_1_513' title='bbox 514 3824 656 3874; x_wconf 90' lang='lat' dir='ltr'><strong>sum,</strong></span> <span class='ocrx_word' id='word_1_514' title='bbox 686 3817 742 3864; x_wconf 87' lang='lat' dir='ltr'><strong>et</strong></span> <span class='ocrx_word' id='word_1_515' title='bbox 763 3809 1028 3880; x_wconf 79' lang='lat' dir='ltr'><strong>perfruar,</strong></span> <span class='ocrx_word' id='word_1_516' title='bbox 1056 3807 1361 3878; x_wconf 81' lang='lat' dir='ltr'><strong>perfruetus</strong></span> <span class='ocrx_word' id='word_1_517' title='bbox 1387 3822 1526 3862; x_wconf 91' lang='lat' dir='ltr'><strong>sum.</strong></span> <span class='ocrx_word' id='word_1_518' title='bbox 1556 3805 1742 3861; x_wconf 86' lang='lat' dir='ltr'><strong>Potius</strong></span> <span class='ocrx_word' id='word_1_519' title='bbox 1767 3823 1866 3878; x_wconf 90' lang='lat' dir='ltr'><strong>per</strong></span> <span class='ocrx_word' id='word_1_520' title='bbox 1894 3824 1924 3862; x_wconf 88' lang='grc' dir='ltr'><em>ο</em></span> 
     </span>
    </p>
   </div>
   <div class='ocr_carea' id='block_1_70' title="bbox 338 3895 1922 3968">
    <p class='ocr_par' dir='ltr' id='par_1_70' title="bbox 338 3895 1922 3968">
     <span class='ocr_line' id='line_1_70' title="bbox 338 3895 1922 3968; baseline -0.003 -13"><span class='ocrx_word' id='word_1_521' title='bbox 338 3898 690 3955; x_wconf 81' lang='lat' dir='ltr'><strong>scribendum</strong></span> <span class='ocrx_word' id='word_1_522' title='bbox 717 3906 821 3963; x_wconf 88' lang='lat' dir='ltr'><strong>est,</strong></span> <span class='ocrx_word' id='word_1_523' title='bbox 854 3914 958 3953; x_wconf 90' lang='lat' dir='ltr'><strong>non</strong></span> <span class='ocrx_word' id='word_1_524' title='bbox 993 3913 1092 3968; x_wconf 89' lang='lat' dir='ltr'><strong>per</strong></span> <span class='ocrx_word' id='word_1_525' title='bbox 1113 3914 1166 3961; x_wconf 92' lang='lat' dir='ltr'><strong>u,</strong></span> <span class='ocrx_word' id='word_1_526' title='bbox 1201 3897 1327 3967; x_wconf 91' lang='lat' dir='ltr'><strong>quia</strong></span> <span class='ocrx_word' id='word_1_527' title='bbox 1369 3913 1400 3951; x_wconf 92' lang='lat' dir='ltr'><strong>a</strong></span> <span class='ocrx_word' id='word_1_528' title='bbox 1427 3904 1583 3967; x_wconf 88' lang='lat' dir='ltr'><strong>potes</strong></span> <span class='ocrx_word' id='word_1_529' title='bbox 1613 3895 1740 3968; x_wconf 84' lang='lat' dir='ltr'><strong>[Ms.</strong></span> <span class='ocrx_word' id='word_1_530' title='bbox 1769 3897 1922 3967; x_wconf 67' lang='lat' dir='ltr'><strong>Reg,</strong></span> 
     </span>
    </p>
   </div>
   <div class='ocr_carea' id='block_1_71' title="bbox 340 3985 1925 4060">
    <p class='ocr_par' dir='ltr' id='par_1_71' title="bbox 340 3985 1925 4060">
     <span class='ocr_line' id='line_1_71' title="bbox 340 3985 1925 4060; baseline 0 -16"><span class='ocrx_word' id='word_1_531' title='bbox 340 4000 376 4044; x_wconf 87' lang='lat' dir='ltr'><strong>a</strong></span> <span class='ocrx_word' id='word_1_532' title='bbox 402 3985 566 4058; x_wconf 90' lang='lat' dir='ltr'><strong>potis]</strong></span> <span class='ocrx_word' id='word_1_533' title='bbox 588 3988 756 4042; x_wconf 90' lang='lat' dir='ltr'><strong>venit.</strong></span> <span class='ocrx_word' id='word_1_534' title='bbox 783 3985 993 4060; x_wconf 89' lang='lat' dir='ltr'><strong>[Potior</strong></span> <span class='ocrx_word' id='word_1_535' title='bbox 1017 3986 1225 4043; x_wconf 83' lang='lat' dir='ltr'><strong>fructus</strong></span> <span class='ocrx_word' id='word_1_536' title='bbox 1257 3996 1311 4043; x_wconf 89' lang='lat' dir='ltr'><strong>et</strong></span> <span class='ocrx_word' id='word_1_537' title='bbox 1339 3986 1514 4043; x_wconf 82' lang='lat' dir='ltr'><strong>fructu</strong></span> <span class='ocrx_word' id='word_1_538' title='bbox 1547 3989 1745 4043; x_wconf 88' lang='lat' dir='ltr'><strong>dicitur</strong></span> <span class='ocrx_word' id='word_1_539' title='bbox 1784 3991 1925 4059; x_wconf 92' lang='lat' dir='ltr'><strong>apud</strong></span> 
     </span>
    </p>
   </div>
   <div class='ocr_carea' id='block_1_72' title="bbox 340 4077 1921 4153">
    <p class='ocr_par' dir='ltr' id='par_1_72' title="bbox 340 4077 1921 4153">
     <span class='ocr_line' id='line_1_72' title="bbox 340 4077 1921 4153; baseline 0.002 -20"><span class='ocrx_word' id='word_1_540' title='bbox 340 4079 631 4148; x_wconf 81' lang='lat' dir='ltr'><strong>antiquos:</strong></span> <span class='ocrx_word' id='word_1_541' title='bbox 655 4077 842 4132; x_wconf 90' lang='lat' dir='ltr'><strong>Potior</strong></span> <span class='ocrx_word' id='word_1_542' title='bbox 862 4078 997 4133; x_wconf 76' lang='lat' dir='ltr'><strong>hanc</strong></span> <span class='ocrx_word' id='word_1_543' title='bbox 1023 4095 1150 4134; x_wconf 88' lang='lat' dir='ltr'><strong>rem.</strong></span> <span class='ocrx_word' id='word_1_544' title='bbox 1179 4077 1384 4145; x_wconf 89' lang='lat' dir='ltr'><strong>Potior,</strong></span> <span class='ocrx_word' id='word_1_545' title='bbox 1401 4081 1699 4150; x_wconf 82' lang='lat' dir='ltr'><strong>potissimus</strong></span> <span class='ocrx_word' id='word_1_546' title='bbox 1727 4079 1921 4153; x_wconf 83' lang='lat' dir='ltr'><strong>[facit].</strong></span> 
     </span>
    </p>
   </div>
   <div class='ocr_carea' id='block_1_73' title="bbox 341 4169 1927 4244">
    <p class='ocr_par' dir='ltr' id='par_1_73' title="bbox 341 4169 1927 4244">
     <span class='ocr_line' id='line_1_73' title="bbox 341 4169 1927 4244; baseline 0.001 -17"><span class='ocrx_word' id='word_1_547' title='bbox 341 4169 601 4227; x_wconf 88' lang='lat' dir='ltr'><strong>Potamus</strong></span> <span class='ocrx_word' id='word_1_548' title='bbox 629 4186 772 4236; x_wconf 92' lang='lat' dir='ltr'><strong>eum,</strong></span> <span class='ocrx_word' id='word_1_549' title='bbox 797 4171 881 4226; x_wconf 92' lang='lat' dir='ltr'><strong>cui</strong></span> <span class='ocrx_word' id='word_1_550' title='bbox 906 4179 1092 4242; x_wconf 92' lang='lat' dir='ltr'><strong>potum</strong></span> <span class='ocrx_word' id='word_1_551' title='bbox 1115 4172 1453 4243; x_wconf 90' lang='lat' dir='ltr'><strong>porregimus</strong></span> <span class='ocrx_word' id='word_1_552' title='bbox 1476 4171 1604 4244; x_wconf 83' lang='lat' dir='ltr'><strong>[Ms.</strong></span> <span class='ocrx_word' id='word_1_553' title='bbox 1630 4171 1778 4244; x_wconf 84' lang='lat' dir='ltr'><strong>Reg.,</strong></span> <span class='ocrx_word' id='word_1_554' title='bbox 1800 4189 1927 4244; x_wconf 90' lang='lat' dir='ltr'><strong>por-</strong></span> 
     </span>
    </p>
   </div>
   <div class='ocr_carea' id='block_1_74' title="bbox 341 4259 1922 4335">
    <p class='ocr_par' dir='ltr' id='par_1_74' title="bbox 341 4259 1922 4335">
     <span class='ocr_line' id='line_1_74' title="bbox 341 4259 1922 4335; baseline 0.003 -19"><span class='ocrx_word' id='word_1_555' title='bbox 341 4261 615 4334; x_wconf 85' lang='lat' dir='ltr'><strong>rigimus].</strong></span> <span class='ocrx_word' id='word_1_556' title='bbox 672 4259 892 4317; x_wconf 89' lang='lat' dir='ltr'><strong>Pometa</strong></span> <span class='ocrx_word' id='word_1_557' title='bbox 941 4263 1189 4328; x_wconf 87' lang='lat' dir='ltr'><strong>dicimus,</strong></span> <span class='ocrx_word' id='word_1_558' title='bbox 1242 4264 1332 4335; x_wconf 84' lang='lat' dir='ltr'><strong>ubi</strong></span> <span class='ocrx_word' id='word_1_559' title='bbox 1379 4280 1538 4335; x_wconf 89' lang='lat' dir='ltr'><strong>poma</strong></span> <span class='ocrx_word' id='word_1_560' title='bbox 1587 4274 1922 4333; x_wconf 87' lang='lat' dir='ltr'><strong>nascuntur;</strong></span> 
     </span>
    </p>
   </div>
   <div class='ocr_carea' id='block_1_75' title="bbox 343 4353 1923 4427">
    <p class='ocr_par' dir='ltr' id='par_1_75' title="bbox 343 4353 1923 4427">
     <span class='ocr_line' id='line_1_75' title="bbox 343 4353 1923 4427; baseline 0.003 -17"><span class='ocrx_word' id='word_1_561' title='bbox 343 4353 601 4410; x_wconf 89' lang='lat' dir='ltr'><strong>Pomaria</strong></span> <span class='ocrx_word' id='word_1_562' title='bbox 641 4354 734 4409; x_wconf 91' lang='lat' dir='ltr'><strong>ubi</strong></span> <span class='ocrx_word' id='word_1_563' title='bbox 771 4365 1072 4411; x_wconf 86' lang='lat' dir='ltr'><strong>servantur.</strong></span> <span class='ocrx_word' id='word_1_564' title='bbox 1104 4354 1415 4411; x_wconf 86' lang='lat' dir='ltr'><strong>Postulatur</strong></span> <span class='ocrx_word' id='word_1_565' title='bbox 1439 4357 1642 4427; x_wconf 92' lang='lat' dir='ltr'><strong>aliquid</strong></span> <span class='ocrx_word' id='word_1_566' title='bbox 1669 4358 1923 4425; x_wconf 88' lang='lat' dir='ltr'><strong>honeste;</strong></span> 
     </span>
    </p>
   </div>
   <div class='ocr_carea' id='block_1_76' title="bbox 346 4442 1924 4520">
    <p class='ocr_par' dir='ltr' id='par_1_76' title="bbox 346 4442 1924 4520">
     <span class='ocr_line' id='line_1_76' title="bbox 346 4442 1924 4520; baseline 0.003 -20"><span class='ocrx_word' id='word_1_567' title='bbox 346 4442 594 4500; x_wconf 86' lang='lat' dir='ltr'><strong>Poscitur</strong></span> <span class='ocrx_word' id='word_1_568' title='bbox 640 4445 925 4518; x_wconf 87' lang='lat' dir='ltr'><strong>improbe].</strong></span> <span class='ocrx_word' id='word_1_569' title='bbox 978 4445 1260 4502; x_wconf 85' lang='lat' dir='ltr'><strong>Postumus</strong></span> <span class='ocrx_word' id='word_1_570' title='bbox 1303 4445 1512 4515; x_wconf 86' lang='lat' dir='ltr'><strong>abjecta</strong></span> <span class='ocrx_word' id='word_1_571' title='bbox 1543 4448 1576 4500; x_wconf 85' lang='grc' dir='ltr'><strong>Ιι</strong></span> <span class='ocrx_word' id='word_1_572' title='bbox 1617 4447 1744 4520; x_wconf 77' lang='grc' dir='ltr'><strong>[Μδ.</strong></span> <span class='ocrx_word' id='word_1_573' title='bbox 1773 4448 1924 4520; x_wconf 85' lang='lat' dir='ltr'><strong>Reg.,</strong></span> 
     </span>
    </p>
   </div>
   <div class='ocr_carea' id='block_1_77' title="bbox 343 4514 2010 4609">
    <p class='ocr_par' dir='ltr' id='par_1_77' title="bbox 343 4514 2010 4609">
     <span class='ocr_line' id='line_1_77' title="bbox 343 4514 2010 4609; baseline 0.004 -20"><span class='ocrx_word' id='word_1_574' title='bbox 343 4532 674 4590; x_wconf 88' lang='lat' dir='ltr'><strong>Posthumus</strong></span> <span class='ocrx_word' id='word_1_575' title='bbox 695 4514 904 4604; x_wconf 76' lang='lat' dir='ltr'><strong>abjecta</strong></span> <span class='ocrx_word' id='word_1_576' title='bbox 923 4535 989 4600; x_wconf 78' lang='lat' dir='ltr'><strong>Ii;</strong></span> <span class='ocrx_word' id='word_1_577' title='bbox 1017 4536 1059 4605; x_wconf 71' lang='grc' dir='ltr'><strong>ί.</strong></span> <span class='ocrx_word' id='word_1_578' title='bbox 1082 4535 1145 4602; x_wconf 90' lang='lat' dir='ltr'><strong>l.,</strong></span> <span class='ocrx_word' id='word_1_579' title='bbox 1176 4514 1408 4609; x_wconf 85' lang='lat' dir='ltr'><strong>adjecta]</strong></span> <span class='ocrx_word' id='word_1_580' title='bbox 1437 4538 1489 4592; x_wconf 91' lang='lat' dir='ltr'><strong>in</strong></span> <span class='ocrx_word' id='word_1_581' title='bbox 1517 4514 1926 4608; x_wconf 75' lang='lat' dir='ltr'><strong>compositione,</strong></span> <span class='ocrx_word' id='word_1_582' title='bbox 1956 4514 2010 4575; x_wconf 79' lang='lat' dir='ltr'><strong><em>D</em></strong></span> 
     </span>
    </p>
   </div>
   <div class='ocr_carea' id='block_1_78' title="bbox 344 4625 1929 4704">
    <p class='ocr_par' dir='ltr' id='par_1_78' title="bbox 344 4625 1929 4704">
     <span class='ocr_line' id='line_1_78' title="bbox 344 4625 1929 4704; baseline 0.008 -24"><span class='ocrx_word' id='word_1_583' title='bbox 344 4633 427 4681; x_wconf 86' lang='lat' dir='ltr'><strong>est</strong></span> <span class='ocrx_word' id='word_1_584' title='bbox 456 4625 601 4681; x_wconf 90' lang='lat' dir='ltr'><strong>enim</strong></span> <span class='ocrx_word' id='word_1_585' title='bbox 623 4636 748 4697; x_wconf 90' lang='lat' dir='ltr'><strong>post</strong></span> <span class='ocrx_word' id='word_1_586' title='bbox 771 4628 1075 4695; x_wconf 89' lang='lat' dir='ltr'><strong>humatum,</strong></span> <span class='ocrx_word' id='word_1_587' title='bbox 1105 4629 1159 4686; x_wconf 90' lang='lat' dir='ltr'><strong>id</strong></span> <span class='ocrx_word' id='word_1_588' title='bbox 1183 4639 1264 4686; x_wconf 89' lang='lat' dir='ltr'><strong>est</strong></span> <span class='ocrx_word' id='word_1_589' title='bbox 1288 4639 1412 4702; x_wconf 91' lang='lat' dir='ltr'><strong>post</strong></span> <span class='ocrx_word' id='word_1_590' title='bbox 1430 4632 1696 4703; x_wconf 89' lang='lat' dir='ltr'><strong>sepultum</strong></span> <span class='ocrx_word' id='word_1_591' title='bbox 1719 4644 1929 4704; x_wconf 90' lang='lat' dir='ltr'><strong>patrem</strong></span> 
     </span>
    </p>
   </div>
   <div class='ocr_carea' id='block_1_79' title="bbox 345 4724 530 4772">
    <p class='ocr_par' dir='ltr' id='par_1_79' title="bbox 345 4724 530 4772">
     <span class='ocr_line' id='line_1_79' title="bbox 345 4724 530 4772; baseline 0 -2"><span class='ocrx_word' id='word_1_592' title='bbox 345 4724 530 4772; x_wconf 88' lang='lat' dir='ltr'><strong>natus.</strong></span> 
     </span>
    </p>
   </div>
   <div class='ocr_carea' id='block_1_80' title="bbox 418 4804 1928 4886">
    <p class='ocr_par' dir='ltr' id='par_1_80' title="bbox 418 4804 1928 4886">
     <span class='ocr_line' id='line_1_80' title="bbox 418 4804 1928 4886; baseline 0.008 -25"><span class='ocrx_word' id='word_1_593' title='bbox 418 4804 468 4860; x_wconf 90' lang='lat' dir='ltr'><strong>P</strong></span> <span class='ocrx_word' id='word_1_594' title='bbox 492 4808 548 4864; x_wconf 89' lang='lat' dir='ltr'><strong>in</strong></span> <span class='ocrx_word' id='word_1_595' title='bbox 569 4811 901 4880; x_wconf 89' lang='lat' dir='ltr'><strong>temporibus</strong></span> <span class='ocrx_word' id='word_1_596' title='bbox 919 4813 1209 4870; x_wconf 88' lang='lat' dir='ltr'><strong>verborum</strong></span> <span class='ocrx_word' id='word_1_597' title='bbox 1233 4828 1332 4884; x_wconf 89' lang='lat' dir='ltr'><strong>per</strong></span> <span class='ocrx_word' id='word_1_598' title='bbox 1361 4815 1391 4869; x_wconf 85' lang='lat' dir='ltr'><strong>b</strong></span> <span class='ocrx_word' id='word_1_599' title='bbox 1436 4826 1832 4886; x_wconf 89' lang='lat' dir='ltr'><strong>commutatur;</strong></span> <span class='ocrx_word' id='word_1_600' title='bbox 1865 4825 1928 4874; x_wconf 90' lang='lat' dir='ltr'><strong>ut</strong></span> 
     </span>
    </p>
   </div>
   <div class='ocr_carea' id='block_1_81' title="bbox 343 4897 1929 4978">
    <p class='ocr_par' dir='ltr' id='par_1_81' title="bbox 343 4897 1929 4978">
     <span class='ocr_line' id='line_1_81' title="bbox 343 4897 1929 4978; baseline 0.008 -24"><span class='ocrx_word' id='word_1_601' title='bbox 343 4897 537 4963; x_wconf 84' lang='lat' dir='ltr'><strong>scribo,</strong></span> <span class='ocrx_word' id='word_1_602' title='bbox 561 4901 778 4972; x_wconf 81' lang='lat' dir='ltr'><strong>scripsi;</strong></span> <span class='ocrx_word' id='word_1_603' title='bbox 809 4904 947 4970; x_wconf 84' lang='lat' dir='ltr'><strong>laba,</strong></span> <span class='ocrx_word' id='word_1_604' title='bbox 970 4904 1138 4975; x_wconf 80' lang='lat' dir='ltr'><strong>lapsi;</strong></span> <span class='ocrx_word' id='word_1_605' title='bbox 1164 4906 1324 4974; x_wconf 83' lang='lat' dir='ltr'><strong>nubo,</strong></span> <span class='ocrx_word' id='word_1_606' title='bbox 1346 4909 1518 4978; x_wconf 81' lang='lat' dir='ltr'><strong>nupsi.</strong></span> <span class='ocrx_word' id='word_1_607' title='bbox 1549 4907 1748 4974; x_wconf 75' lang='lat' dir='ltr'><strong>Prweo,</strong></span> <span class='ocrx_word' id='word_1_608' title='bbox 1774 4910 1848 4965; x_wconf 92' lang='lat' dir='ltr'><strong>illi</strong></span> <span class='ocrx_word' id='word_1_609' title='bbox 1873 4920 1929 4967; x_wconf 83' lang='lat' dir='ltr'><strong>et</strong></span> 
     </span>
    </p>
   </div>
   <div class='ocr_carea' id='block_1_82' title="bbox 345 4988 1927 5070">
    <p class='ocr_par' dir='ltr' id='par_1_82' title="bbox 345 4988 1927 5070">
     <span class='ocr_line' id='line_1_82' title="bbox 345 4988 1927 5070; baseline 0.008 -26"><span class='ocrx_word' id='word_1_610' title='bbox 345 4988 505 5045; x_wconf 89' lang='lat' dir='ltr'><strong>alios.</strong></span> <span class='ocrx_word' id='word_1_611' title='bbox 541 4989 806 5058; x_wconf 67' lang='lat' dir='ltr'><strong>Praedico,</strong></span> <span class='ocrx_word' id='word_1_612' title='bbox 835 5005 960 5050; x_wconf 88' lang='lat' dir='ltr'><strong>ante</strong></span> <span class='ocrx_word' id='word_1_613' title='bbox 992 4996 1134 5052; x_wconf 90' lang='lat' dir='ltr'><strong>dico.</strong></span> <span class='ocrx_word' id='word_1_614' title='bbox 1195 4997 1320 5052; x_wconf 75' lang='lat' dir='ltr'><strong>Prte</strong></span> <span class='ocrx_word' id='word_1_615' title='bbox 1349 4998 1405 5052; x_wconf 90' lang='lat' dir='ltr'><strong>in</strong></span> <span class='ocrx_word' id='word_1_616' title='bbox 1451 5001 1788 5070; x_wconf 88' lang='lat' dir='ltr'><strong>appositione</strong></span> <span class='ocrx_word' id='word_1_617' title='bbox 1842 4999 1927 5057; x_wconf 89' lang='lat' dir='ltr'><strong>vel</strong></span> 
     </span>
    </p>
   </div>
   <div class='ocr_carea' id='block_1_83' title="bbox 345 5085 1929 5163">
    <p class='ocr_par' dir='ltr' id='par_1_83' title="bbox 345 5085 1929 5163">
     <span class='ocr_line' id='line_1_83' title="bbox 345 5085 1929 5163; baseline 0.003 -23"><span class='ocrx_word' id='word_1_618' title='bbox 345 5085 741 5154; x_wconf 87' lang='lat' dir='ltr'><strong>compositione</strong></span> <span class='ocrx_word' id='word_1_619' title='bbox 785 5087 1084 5154; x_wconf 75' lang='lat' dir='ltr'><strong>invenitur,</strong></span> <span class='ocrx_word' id='word_1_620' title='bbox 1107 5096 1162 5142; x_wconf 90' lang='lat' dir='ltr'><strong>et</strong></span> <span class='ocrx_word' id='word_1_621' title='bbox 1210 5089 1278 5142; x_wconf 82' lang='lat' dir='ltr'><strong>ad</strong></span> <span class='ocrx_word' id='word_1_622' title='bbox 1315 5089 1400 5144; x_wconf 90' lang='lat' dir='ltr'><strong>vel</strong></span> <span class='ocrx_word' id='word_1_623' title='bbox 1446 5091 1507 5144; x_wconf 87' lang='lat' dir='ltr'><strong>ob</strong></span> <span class='ocrx_word' id='word_1_624' title='bbox 1549 5091 1635 5145; x_wconf 89' lang='lat' dir='ltr'><strong>vel</strong></span> <span class='ocrx_word' id='word_1_625' title='bbox 1659 5109 1815 5163; x_wconf 88' lang='lat' dir='ltr'><strong>super</strong></span> <span class='ocrx_word' id='word_1_626' title='bbox 1842 5091 1929 5147; x_wconf 90' lang='lat' dir='ltr'><strong>vel</strong></span> 
     </span>
    </p>
   </div>
   <div class='ocr_carea' id='block_1_84' title="bbox 344 5177 1928 5254">
    <p class='ocr_par' dir='ltr' id='par_1_84' title="bbox 344 5177 1928 5254">
     <span class='ocr_line' id='line_1_84' title="bbox 344 5177 1928 5254; baseline 0.003 -20"><span class='ocrx_word' id='word_1_627' title='bbox 344 5177 502 5234; x_wconf 74' lang='lat' dir='ltr'><strong>valde</strong></span> <span class='ocrx_word' id='word_1_628' title='bbox 528 5178 611 5232; x_wconf 89' lang='lat' dir='ltr'><strong>vel</strong></span> <span class='ocrx_word' id='word_1_629' title='bbox 637 5188 754 5233; x_wconf 88' lang='lat' dir='ltr'><strong>ante</strong></span> <span class='ocrx_word' id='word_1_630' title='bbox 776 5179 1060 5250; x_wconf 87' lang='lat' dir='ltr'><strong>signiﬁcat.</strong></span> <span class='ocrx_word' id='word_1_631' title='bbox 1087 5179 1398 5235; x_wconf 86' lang='lat' dir='ltr'><strong>Terrentius</strong></span> <span class='ocrx_word' id='word_1_632' title='bbox 1423 5200 1436 5235; x_wconf 90' lang='lat'><strong>:</strong></span> <span class='ocrx_word' id='word_1_633' title='bbox 1468 5180 1761 5254; x_wconf 85' lang='lat' dir='ltr'><strong>Contempsi</strong></span> <span class='ocrx_word' id='word_1_634' title='bbox 1778 5183 1928 5238; x_wconf 87' lang='lat' dir='ltr'><strong>illum</strong></span> 
     </span>
    </p>
   </div>
   <div class='ocr_carea' id='block_1_85' title="bbox 346 5267 1926 5338">
    <p class='ocr_par' dir='ltr' id='par_1_85' title="bbox 346 5267 1926 5338">
     <span class='ocr_line' id='line_1_85' title="bbox 346 5267 1926 5338; baseline 0.004 -18"><span class='ocrx_word' id='word_1_635' title='bbox 346 5267 435 5320; x_wconf 81' lang='lat' dir='ltr'><strong>hic</strong></span> <span class='ocrx_word' id='word_1_636' title='bbox 463 5285 573 5338; x_wconf 78' lang='lat' dir='ltr'><strong>pra:</strong></span> <span class='ocrx_word' id='word_1_637' title='bbox 593 5285 695 5335; x_wconf 88' lang='lat' dir='ltr'><strong>me,</strong></span> <span class='ocrx_word' id='word_1_638' title='bbox 725 5269 829 5325; x_wconf 91' lang='lat' dir='ltr'><strong>hoc</strong></span> <span class='ocrx_word' id='word_1_639' title='bbox 853 5279 956 5334; x_wconf 90' lang='lat' dir='ltr'><strong>est,</strong></span> <span class='ocrx_word' id='word_1_640' title='bbox 988 5269 1055 5323; x_wconf 90' lang='lat' dir='ltr'><strong>ad</strong></span> <span class='ocrx_word' id='word_1_641' title='bbox 1099 5273 1557 5338; x_wconf 88' lang='lat' dir='ltr'><strong>comparationem</strong></span> <span class='ocrx_word' id='word_1_642' title='bbox 1581 5272 1706 5326; x_wconf 89' lang='lat' dir='ltr'><strong>mei.</strong></span> <span class='ocrx_word' id='word_1_643' title='bbox 1735 5273 1871 5327; x_wconf 92' lang='lat' dir='ltr'><strong>ltem</strong></span> <span class='ocrx_word' id='word_1_644' title='bbox 1912 5293 1926 5327; x_wconf 92' lang='lat'><strong>:</strong></span> 
     </span>
    </p>
   </div>
   <div class='ocr_carea' id='block_1_86' title="bbox 348 5355 1925 5430">
    <p class='ocr_par' dir='ltr' id='par_1_86' title="bbox 348 5355 1925 5430">
     <span class='ocr_line' id='line_1_86' title="bbox 348 5355 1925 5430; baseline 0.004 -20"><span class='ocrx_word' id='word_1_645' title='bbox 348 5355 443 5411; x_wconf 83' lang='lat' dir='ltr'><strong>Fit</strong></span> <span class='ocrx_word' id='word_1_646' title='bbox 469 5358 658 5412; x_wconf 85' lang='lat' dir='ltr'><strong>misera</strong></span> <span class='ocrx_word' id='word_1_647' title='bbox 678 5375 786 5428; x_wconf 72' lang='lat' dir='ltr'><strong>prm</strong></span> <span class='ocrx_word' id='word_1_648' title='bbox 817 5375 1013 5423; x_wconf 87' lang='lat' dir='ltr'><strong>amore,</strong></span> <span class='ocrx_word' id='word_1_649' title='bbox 1044 5359 1098 5413; x_wconf 87' lang='lat' dir='ltr'><strong>id</strong></span> <span class='ocrx_word' id='word_1_650' title='bbox 1126 5367 1228 5424; x_wconf 87' lang='lat' dir='ltr'><strong>est,</strong></span> <span class='ocrx_word' id='word_1_651' title='bbox 1253 5359 1321 5413; x_wconf 91' lang='lat' dir='ltr'><strong>ob</strong></span> <span class='ocrx_word' id='word_1_652' title='bbox 1343 5376 1604 5415; x_wconf 87' lang='lat' dir='ltr'><strong>amorem.</strong></span> <span class='ocrx_word' id='word_1_653' title='bbox 1637 5359 1925 5430; x_wconf 76' lang='lat' dir='ltr'><strong>Prtesideo,</strong></span> 
     </span>
    </p>
   </div>
   <div class='ocr_carea' id='block_1_87' title="bbox 348 5452 1929 5524">
    <p class='ocr_par' dir='ltr' id='par_1_87' title="bbox 348 5452 1929 5524">
     <span class='ocr_line' id='line_1_87' title="bbox 348 5452 1929 5524; baseline 0.001 -16"><span class='ocrx_word' id='word_1_654' title='bbox 348 5452 685 5523; x_wconf 85' lang='lat' dir='ltr'><strong>supersideo.</strong></span> <span class='ocrx_word' id='word_1_655' title='bbox 736 5452 1086 5520; x_wconf 76' lang='lat' dir='ltr'><strong>Prwvalidus,</strong></span> <span class='ocrx_word' id='word_1_656' title='bbox 1116 5452 1268 5506; x_wconf 86' lang='lat' dir='ltr'><strong>valde</strong></span> <span class='ocrx_word' id='word_1_657' title='bbox 1294 5453 1521 5509; x_wconf 88' lang='lat' dir='ltr'><strong>validus.</strong></span> <span class='ocrx_word' id='word_1_658' title='bbox 1552 5453 1674 5508; x_wconf 77' lang='lat' dir='ltr'><strong>Prw</strong></span> <span class='ocrx_word' id='word_1_659' title='bbox 1721 5471 1929 5524; x_wconf 61' lang='lat' dir='ltr'><strong>praepo-</strong></span> 
     </span>
    </p>
   </div>
   <div class='ocr_carea' id='block_1_88' title="bbox 348 5539 1928 5615">
    <p class='ocr_par' dir='ltr' id='par_1_88' title="bbox 348 5539 1928 5615">
     <span class='ocr_line' id='line_1_88' title="bbox 348 5539 1928 5615; baseline 0.004 -20"><span class='ocrx_word' id='word_1_660' title='bbox 348 5539 479 5595; x_wconf 78' lang='lat' dir='ltr'><strong>sitio</strong></span> <span class='ocrx_word' id='word_1_661' title='bbox 502 5550 556 5594; x_wconf 90' lang='lat' dir='ltr'><strong>et</strong></span> <span class='ocrx_word' id='word_1_662' title='bbox 583 5550 842 5610; x_wconf 70' lang='lat' dir='ltr'><strong>praeterea</strong></span> <span class='ocrx_word' id='word_1_663' title='bbox 871 5559 968 5613; x_wconf 87' lang='lat' dir='ltr'><strong>per</strong></span> <span class='ocrx_word' id='word_1_664' title='bbox 995 5560 1040 5598; x_wconf 76' lang='lat' dir='ltr'><strong>te</strong></span> <span class='ocrx_word' id='word_1_665' title='bbox 1067 5544 1434 5615; x_wconf 78' lang='lat' dir='ltr'><strong>diphthongon</strong></span> <span class='ocrx_word' id='word_1_666' title='bbox 1461 5544 1762 5600; x_wconf 87' lang='lat' dir='ltr'><strong>scribenda.</strong></span> <span class='ocrx_word' id='word_1_667' title='bbox 1798 5545 1928 5602; x_wconf 87' lang='lat' dir='ltr'><strong>Pre-</strong></span> 
     </span>
    </p>
   </div>
   <div class='ocr_carea' id='block_1_89' title="bbox 347 5636 1927 5712">
    <p class='ocr_par' dir='ltr' id='par_1_89' title="bbox 347 5636 1927 5712">
     <span class='ocr_line' id='line_1_89' title="bbox 347 5636 1927 5712; baseline 0.006 -24"><span class='ocrx_word' id='word_1_668' title='bbox 347 5640 434 5688; x_wconf 87' lang='lat' dir='ltr'><strong>sto</strong></span> <span class='ocrx_word' id='word_1_669' title='bbox 475 5648 572 5703; x_wconf 88' lang='lat' dir='ltr'><strong>per</strong></span> <span class='ocrx_word' id='word_1_670' title='bbox 599 5651 628 5688; x_wconf 92' lang='grc' dir='ltr'><strong><em>ο</em></strong></span> <span class='ocrx_word' id='word_1_671' title='bbox 656 5636 1020 5702; x_wconf 89' lang='lat' dir='ltr'><strong>scribendum,</strong></span> <span class='ocrx_word' id='word_1_672' title='bbox 1069 5653 1177 5694; x_wconf 89' lang='lat' dir='ltr'><strong>non</strong></span> <span class='ocrx_word' id='word_1_673' title='bbox 1201 5652 1299 5709; x_wconf 87' lang='lat' dir='ltr'><strong>per</strong></span> <span class='ocrx_word' id='word_1_674' title='bbox 1342 5654 1377 5695; x_wconf 87' lang='lat' dir='ltr'><strong>u</strong></span> <span class='ocrx_word' id='word_1_675' title='bbox 1407 5651 1428 5693; x_wconf 87' lang='lat'><strong><em>:</em></strong></span> <span class='ocrx_word' id='word_1_676' title='bbox 1466 5639 1609 5697; x_wconf 83' lang='lat' dir='ltr'><strong>unde</strong></span> <span class='ocrx_word' id='word_1_677' title='bbox 1649 5639 1927 5712; x_wconf 84' lang='lat' dir='ltr'><strong>prestolari</strong></span> 
     </span>
    </p>
   </div>
   <div class='ocr_carea' id='block_1_90' title="bbox 425 5742 1064 5817">
    <p class='ocr_par' dir='ltr' id='par_1_90' title="bbox 425 5742 1064 5817">
     <span class='ocr_line' id='line_1_90' title="bbox 425 5742 1064 5817; baseline 0.005 -17"><span class='ocrx_word' id='word_1_678' title='bbox 425 5753 454 5786; x_wconf 74' lang='grc' dir='ltr'>ι</span> <span class='ocrx_word' id='word_1_679' title='bbox 493 5742 665 5817; x_wconf 53' lang='lat' dir='ltr'><strong>Virg,</strong></span> <span class='ocrx_word' id='word_1_680' title='bbox 698 5743 827 5804; x_wconf 65' lang='lat' dir='ltr'><strong>)En.</strong></span> <span class='ocrx_word' id='word_1_681' title='bbox 858 5746 911 5817; x_wconf 83' lang='lat' dir='ltr'><strong>v‘,</strong></span> <span class='ocrx_word' id='word_1_682' title='bbox 940 5746 1064 5807; x_wconf 66' lang='lat'><strong>485.</strong></span> 
     </span>
    </p>
   </div>
   <div class='ocr_carea' id='block_1_91' title="bbox 2023 3240 3613 3320">
    <p class='ocr_par' dir='ltr' id='par_1_91' title="bbox 2023 3240 3613 3320">
     <span class='ocr_line' id='line_1_91' title="bbox 2023 3240 3613 3320; baseline 0.016 -27"><span class='ocrx_word' id='word_1_683' title='bbox 2023 3240 2207 3305; x_wconf 85' lang='lat' dir='ltr'><strong>video;</strong></span> <span class='ocrx_word' id='word_1_684' title='bbox 2251 3250 2308 3296; x_wconf 88' lang='lat' dir='ltr'><strong>et</strong></span> <span class='ocrx_word' id='word_1_685' title='bbox 2357 3242 2478 3298; x_wconf 91' lang='lat' dir='ltr'><strong>loco</strong></span> <span class='ocrx_word' id='word_1_686' title='bbox 2518 3260 2546 3298; x_wconf 89' lang='lat' dir='ltr'><strong>e</strong></span> <span class='ocrx_word' id='word_1_687' title='bbox 2597 3253 2651 3301; x_wconf 89' lang='lat' dir='ltr'><strong>et</strong></span> <span class='ocrx_word' id='word_1_688' title='bbox 2700 3264 2876 3318; x_wconf 86' lang='lat' dir='ltr'><strong>super,</strong></span> <span class='ocrx_word' id='word_1_689' title='bbox 2906 3251 3156 3319; x_wconf 83' lang='lat' dir='ltr'><strong>velante,</strong></span> <span class='ocrx_word' id='word_1_690' title='bbox 3204 3259 3288 3313; x_wconf 90' lang='lat' dir='ltr'><strong>vel</strong></span> <span class='ocrx_word' id='word_1_691' title='bbox 3326 3240 3395 3314; x_wconf 81' lang='lat' dir='ltr'><strong>ad</strong></span> <span class='ocrx_word' id='word_1_692' title='bbox 3425 3240 3509 3317; x_wconf 80' lang='lat' dir='ltr'><strong>vel</strong></span> <span class='ocrx_word' id='word_1_693' title='bbox 3553 3265 3613 3320; x_wconf 83' lang='lat' dir='ltr'><strong>in</strong></span> 
     </span>
    </p>
   </div>
   <div class='ocr_carea' id='block_1_92' title="bbox 2024 3331 3612 3417">
    <p class='ocr_par' dir='ltr' id='par_1_92' title="bbox 2024 3331 3612 3417">
     <span class='ocr_line' id='line_1_92' title="bbox 2024 3331 3612 3417; baseline 0.016 -32"><span class='ocrx_word' id='word_1_694' title='bbox 2024 3331 2306 3402; x_wconf 87' lang='lat' dir='ltr'><strong>accipitur,</strong></span> <span class='ocrx_word' id='word_1_695' title='bbox 2358 3343 2418 3388; x_wconf 90' lang='lat' dir='ltr'><strong>ut</strong></span> <span class='ocrx_word' id='word_1_696' title='bbox 2463 3339 2756 3406; x_wconf 84' lang='lat' dir='ltr'><strong>prominet;</strong></span> <span class='ocrx_word' id='word_1_697' title='bbox 2797 3341 2852 3394; x_wconf 90' lang='lat' dir='ltr'><strong>id</strong></span> <span class='ocrx_word' id='word_1_698' title='bbox 2903 3338 3008 3410; x_wconf 84' lang='lat' dir='ltr'><strong>est,</strong></span> <span class='ocrx_word' id='word_1_699' title='bbox 3057 3352 3441 3417; x_wconf 84' lang='lat' dir='ltr'><strong>supereminet.</strong></span> <span class='ocrx_word' id='word_1_700' title='bbox 3498 3351 3612 3410; x_wconf 79' lang='lat' dir='ltr'><strong>Pro</strong></span> 
     </span>
    </p>
   </div>
   <div class='ocr_carea' id='block_1_93' title="bbox 2024 3426 3607 3517">
    <p class='ocr_par' dir='ltr' id='par_1_93' title="bbox 2024 3426 3607 3517">
     <span class='ocr_line' id='line_1_93' title="bbox 2024 3426 3607 3517; baseline 0.017 -41"><span class='ocrx_word' id='word_1_701' title='bbox 2024 3426 2173 3478; x_wconf 87' lang='lat' dir='ltr'><strong>curia</strong></span> <span class='ocrx_word' id='word_1_702' title='bbox 2223 3427 2376 3481; x_wconf 90' lang='lat' dir='ltr'><strong>sociis</strong></span> <span class='ocrx_word' id='word_1_703' title='bbox 2422 3429 2572 3498; x_wconf 84' lang='lat' dir='ltr'><strong>signa</strong></span> <span class='ocrx_word' id='word_1_704' title='bbox 2617 3431 2769 3500; x_wconf 89' lang='lat' dir='ltr'><strong>dare,</strong></span> <span class='ocrx_word' id='word_1_705' title='bbox 2799 3433 2854 3488; x_wconf 91' lang='lat' dir='ltr'><strong>id</strong></span> <span class='ocrx_word' id='word_1_706' title='bbox 2879 3444 2981 3517; x_wconf 69' lang='lat' dir='ltr'><strong>est,</strong></span> <span class='ocrx_word' id='word_1_707' title='bbox 3011 3448 3138 3494; x_wconf 89' lang='lat' dir='ltr'><strong>ante</strong></span> <span class='ocrx_word' id='word_1_708' title='bbox 3165 3443 3394 3499; x_wconf 80' lang='lat' dir='ltr'><strong>curiam.</strong></span> <span class='ocrx_word' id='word_1_709' title='bbox 3423 3442 3607 3517; x_wconf 74' lang='lat' dir='ltr'><strong>Virgi-</strong></span> 
     </span>
    </p>
   </div>
   <div class='ocr_carea' id='block_1_94' title="bbox 2026 3509 2963 3593">
    <p class='ocr_par' dir='ltr' id='par_1_94' title="bbox 2026 3509 2963 3593">
     <span class='ocr_line' id='line_1_94' title="bbox 2026 3509 2963 3593; baseline 0.014 -22"><span class='ocrx_word' id='word_1_710' title='bbox 2026 3517 2128 3574; x_wconf 91' lang='lat' dir='ltr'><strong>lius</strong></span> <span class='ocrx_word' id='word_1_711' title='bbox 2153 3518 2306 3590; x_wconf 81' lang='lat' dir='ltr'><strong>(/En.</strong></span> <span class='ocrx_word' id='word_1_712' title='bbox 2329 3537 2380 3587; x_wconf 91' lang='lat' dir='ltr'><strong>v,</strong></span> <span class='ocrx_word' id='word_1_713' title='bbox 2408 3521 2570 3593; x_wconf 72' lang='lat'><strong>500):</strong></span> <span class='ocrx_word' id='word_1_714' title='bbox 2945 3509 2963 3530; x_wconf 86' lang='lat'><strong>&#39;</strong></span> 
     </span>
    </p>
   </div>
   <div class='ocr_carea' id='block_1_95' title="bbox 2452 3633 3320 3696">
    <p class='ocr_par' dir='ltr' id='par_1_95' title="bbox 2452 3633 3320 3696">
     <span class='ocr_line' id='line_1_95' title="bbox 2452 3633 3320 3696; baseline 0.018 -15"><span class='ocrx_word' id='word_1_715' title='bbox 2452 3633 2666 3686; x_wconf 80' lang='lat' dir='ltr'><strong>Summis</strong></span> <span class='ocrx_word' id='word_1_716' title='bbox 2689 3638 2947 3694; x_wconf 84' lang='lat' dir='ltr'><strong>incurvant</strong></span> <span class='ocrx_word' id='word_1_717' title='bbox 2969 3642 3157 3696; x_wconf 83' lang='lat' dir='ltr'><strong>viribus</strong></span> <span class='ocrx_word' id='word_1_718' title='bbox 3178 3657 3320 3696; x_wconf 82' lang='lat' dir='ltr'><strong>arcus</strong></span> 
     </span>
    </p>
   </div>
   <div class='ocr_carea' id='block_1_96' title="bbox 2209 3693 2765 3762">
    <p class='ocr_par' dir='ltr' id='par_1_96' title="bbox 2209 3693 2765 3762">
     <span class='ocr_line' id='line_1_96' title="bbox 2209 3693 2765 3762; baseline 0.007 -19"><span class='ocrx_word' id='word_1_719' title='bbox 2209 3693 2304 3744; x_wconf 87' lang='lat' dir='ltr'><strong>Pro</strong></span> <span class='ocrx_word' id='word_1_720' title='bbox 2327 3706 2383 3745; x_wconf 88' lang='lat' dir='ltr'><strong>se</strong></span> <span class='ocrx_word' id='word_1_721' title='bbox 2403 3698 2614 3759; x_wconf 87' lang='lat' dir='ltr'><strong>quisque</strong></span> <span class='ocrx_word' id='word_1_722' title='bbox 2642 3700 2765 3762; x_wconf 85' lang='lat' dir='ltr'><strong>viri;</strong></span> 
     </span>
    </p>
   </div>
   <div class='ocr_carea' id='block_1_97' title="bbox 2027 3792 3610 3886">
    <p class='ocr_par' dir='ltr' id='par_1_97' title="bbox 2027 3792 3610 3886">
     <span class='ocr_line' id='line_1_97' title="bbox 2027 3792 3610 3886; baseline 0.02 -39"><span class='ocrx_word' id='word_1_723' title='bbox 2027 3792 2106 3865; x_wconf 89' lang='lat' dir='ltr'><strong>[id</strong></span> <span class='ocrx_word' id='word_1_724' title='bbox 2129 3803 2230 3863; x_wconf 90' lang='lat' dir='ltr'><strong>est,</strong></span> <span class='ocrx_word' id='word_1_725' title='bbox 2275 3797 2340 3852; x_wconf 87' lang='lat' dir='ltr'><strong>ad</strong></span> <span class='ocrx_word' id='word_1_726' title='bbox 2371 3815 2496 3855; x_wconf 88' lang='lat' dir='ltr'><strong>suas</strong></span> <span class='ocrx_word' id='word_1_727' title='bbox 2525 3801 2712 3874; x_wconf 89' lang='lat' dir='ltr'><strong>vires].</strong></span> <span class='ocrx_word' id='word_1_728' title='bbox 2758 3803 2868 3861; x_wconf 88' lang='lat' dir='ltr'><strong>Pro</strong></span> <span class='ocrx_word' id='word_1_729' title='bbox 2919 3813 3237 3881; x_wconf 85' lang='lat' dir='ltr'><strong>testimonio,</strong></span> <span class='ocrx_word' id='word_1_730' title='bbox 3267 3817 3373 3873; x_wconf 92' lang='lat' dir='ltr'><strong>hoc</strong></span> <span class='ocrx_word' id='word_1_731' title='bbox 3417 3827 3520 3886; x_wconf 87' lang='lat' dir='ltr'><strong>est,</strong></span> <span class='ocrx_word' id='word_1_732' title='bbox 3551 3823 3610 3879; x_wconf 85' lang='lat' dir='ltr'><strong>in</strong></span> 
     </span>
    </p>
   </div>
   <div class='ocr_carea' id='block_1_98' title="bbox 2025 3890 3604 3976">
    <p class='ocr_par' dir='ltr' id='par_1_98' title="bbox 2025 3890 3604 3976">
     <span class='ocr_line' id='line_1_98' title="bbox 2025 3890 3604 3976; baseline 0.017 -34"><span class='ocrx_word' id='word_1_733' title='bbox 2025 3890 2353 3948; x_wconf 89' lang='lat' dir='ltr'><strong>testimonio.</strong></span> <span class='ocrx_word' id='word_1_734' title='bbox 2395 3893 2463 3948; x_wconf 87' lang='lat' dir='ltr'><strong>Et</strong></span> <span class='ocrx_word' id='word_1_735' title='bbox 2507 3910 2607 3964; x_wconf 89' lang='lat' dir='ltr'><strong>pro</strong></span> <span class='ocrx_word' id='word_1_736' title='bbox 2649 3897 3024 3966; x_wconf 73' lang='lat' dir='ltr'><strong>interiectione</strong></span> <span class='ocrx_word' id='word_1_737' title='bbox 3065 3907 3348 3976; x_wconf 91' lang='lat' dir='ltr'><strong>accipitur,</strong></span> <span class='ocrx_word' id='word_1_738' title='bbox 3382 3920 3443 3965; x_wconf 92' lang='lat' dir='ltr'><strong>ut</strong></span> <span class='ocrx_word' id='word_1_739' title='bbox 3493 3909 3604 3970; x_wconf 66' lang='lat' dir='ltr'><strong>Pro</strong></span> 
     </span>
    </p>
   </div>
   <div class='ocr_carea' id='block_1_99' title="bbox 2025 3978 3609 4068">
    <p class='ocr_par' dir='ltr' id='par_1_99' title="bbox 2025 3978 3609 4068">
     <span class='ocr_line' id='line_1_99' title="bbox 2025 3978 3609 4068; baseline 0.017 -37"><span class='ocrx_word' id='word_1_740' title='bbox 2025 3978 2210 4034; x_wconf 83' lang='lat' dir='ltr'><strong>dolor!</strong></span> <span class='ocrx_word' id='word_1_741' title='bbox 2238 3989 2293 4035; x_wconf 91' lang='lat' dir='ltr'><strong>et</strong></span> <span class='ocrx_word' id='word_1_742' title='bbox 2336 3983 2801 4043; x_wconf 83' lang='lat' dir='ltr'><strong>circumﬂectitur.</strong></span> <span class='ocrx_word' id='word_1_743' title='bbox 2847 3988 3185 4048; x_wconf 88' lang='lat' dir='ltr'><strong>Pulmentum</strong></span> <span class='ocrx_word' id='word_1_744' title='bbox 3231 4006 3287 4052; x_wconf 88' lang='lat' dir='ltr'><strong>et</strong></span> <span class='ocrx_word' id='word_1_745' title='bbox 3311 4001 3609 4068; x_wconf 88' lang='lat' dir='ltr'><strong>pulmenta-</strong></span> 
     </span>
    </p>
   </div>
   <div class='ocr_carea' id='block_1_100' title="bbox 2025 4072 3606 4150">
    <p class='ocr_par' dir='ltr' id='par_1_100' title="bbox 2025 4072 3606 4150">
     <span class='ocr_line' id='line_1_100' title="bbox 2025 4072 3606 4150; baseline 0.014 -24"><span class='ocrx_word' id='word_1_746' title='bbox 2025 4073 2164 4126; x_wconf 89' lang='lat' dir='ltr'><strong>rium</strong></span> <span class='ocrx_word' id='word_1_747' title='bbox 2207 4073 2424 4128; x_wconf 90' lang='lat' dir='ltr'><strong>dicitur.</strong></span> <span class='ocrx_word' id='word_1_748' title='bbox 2457 4072 2688 4132; x_wconf 84' lang='lat' dir='ltr'><strong>Pudoris</strong></span> <span class='ocrx_word' id='word_1_749' title='bbox 2742 4095 2839 4150; x_wconf 89' lang='lat' dir='ltr'><strong>per</strong></span> <span class='ocrx_word' id='word_1_750' title='bbox 2866 4099 2900 4136; x_wconf 90' lang='lat' dir='ltr'><strong>u</strong></span> <span class='ocrx_word' id='word_1_751' title='bbox 2951 4093 3006 4139; x_wconf 89' lang='lat' dir='ltr'><strong>et</strong></span> <span class='ocrx_word' id='word_1_752' title='bbox 3032 4101 3062 4138; x_wconf 95' lang='lat' dir='ltr'><strong>o</strong></span> <span class='ocrx_word' id='word_1_753' title='bbox 3103 4089 3444 4145; x_wconf 88' lang='lat' dir='ltr'><strong>scribendum</strong></span> <span class='ocrx_word' id='word_1_754' title='bbox 3472 4102 3556 4148; x_wconf 91' lang='lat' dir='ltr'><strong>est</strong></span> <span class='ocrx_word' id='word_1_755' title='bbox 3587 4112 3606 4148; x_wconf 88' lang='lat'><strong>:</strong></span> 
     </span>
    </p>
   </div>
   <div class='ocr_carea' id='block_1_101' title="bbox 2027 4161 3605 4253">
    <p class='ocr_par' dir='ltr' id='par_1_101' title="bbox 2027 4161 3605 4253">
     <span class='ocr_line' id='line_1_101' title="bbox 2027 4161 3605 4253; baseline 0.015 -38"><span class='ocrx_word' id='word_1_756' title='bbox 2027 4161 2265 4233; x_wconf 88' lang='lat' dir='ltr'><strong>[poderis</strong></span> <span class='ocrx_word' id='word_1_757' title='bbox 2285 4179 2383 4233; x_wconf 90' lang='lat' dir='ltr'><strong>per</strong></span> <span class='ocrx_word' id='word_1_758' title='bbox 2407 4182 2436 4220; x_wconf 91' lang='grc' dir='ltr'><em>ο</em></span> <span class='ocrx_word' id='word_1_759' title='bbox 2477 4175 2531 4221; x_wconf 92' lang='lat' dir='ltr'><strong>et</strong></span> <span class='ocrx_word' id='word_1_760' title='bbox 2555 4185 2601 4233; x_wconf 92' lang='lat' dir='ltr'><strong>e,</strong></span> <span class='ocrx_word' id='word_1_761' title='bbox 2633 4169 2688 4224; x_wconf 88' lang='lat' dir='ltr'><strong>id</strong></span> <span class='ocrx_word' id='word_1_762' title='bbox 2721 4181 2824 4237; x_wconf 90' lang='lat' dir='ltr'><strong>est,</strong></span> <span class='ocrx_word' id='word_1_763' title='bbox 2867 4174 3043 4229; x_wconf 89' lang='lat' dir='ltr'><strong>tonica</strong></span> <span class='ocrx_word' id='word_1_764' title='bbox 3089 4175 3174 4248; x_wconf 90' lang='lat' dir='ltr'><strong>[L.</strong></span> <span class='ocrx_word' id='word_1_765' title='bbox 3212 4179 3416 4253; x_wconf 88' lang='lat' dir='ltr'><strong>tunica]</strong></span> <span class='ocrx_word' id='word_1_766' title='bbox 3468 4182 3605 4241; x_wconf 81' lang='lat' dir='ltr'><strong>tala-</strong></span> 
     </span>
    </p>
   </div>
   <div class='ocr_carea' id='block_1_102' title="bbox 2027 4253 3390 4344">
    <p class='ocr_par' dir='ltr' id='par_1_102' title="bbox 2027 4253 3390 4344">
     <span class='ocr_line' id='line_1_102' title="bbox 2027 4253 3390 4344; baseline 0.013 -37"><span class='ocrx_word' id='word_1_767' title='bbox 2027 4253 2126 4321; x_wconf 83' lang='lat' dir='ltr'><strong>ris,</strong></span> <span class='ocrx_word' id='word_1_768' title='bbox 2151 4269 2256 4325; x_wconf 87' lang='lat' dir='ltr'><strong>qua</strong></span> <span class='ocrx_word' id='word_1_769' title='bbox 2285 4257 2595 4313; x_wconf 85' lang='lat' dir='ltr'><strong>sacerdotes</strong></span> <span class='ocrx_word' id='word_1_770' title='bbox 2617 4259 2671 4315; x_wconf 91' lang='lat' dir='ltr'><strong>in</strong></span> <span class='ocrx_word' id='word_1_771' title='bbox 2701 4271 2883 4318; x_wconf 89' lang='lat' dir='ltr'><strong>vetere</strong></span> <span class='ocrx_word' id='word_1_772' title='bbox 2915 4264 3030 4334; x_wconf 87' lang='lat' dir='ltr'><strong>lege</strong></span> <span class='ocrx_word' id='word_1_773' title='bbox 3059 4269 3390 4344; x_wconf 88' lang='lat' dir='ltr'><strong>utebantur].</strong></span> 
     </span>
    </p>
   </div>
   <div class='ocr_carea' id='block_1_103' title="bbox 2618 4371 3013 4444">
    <p class='ocr_par' dir='ltr' id='par_1_103' title="bbox 2618 4371 3013 4444">
     <span class='ocr_line' id='line_1_103' title="bbox 2618 4371 3013 4444; baseline 0.015 -18"><span class='ocrx_word' id='word_1_774' title='bbox 2618 4371 2913 4429; x_wconf 80' lang='lat' dir='ltr'><strong>LITTERA</strong></span> <span class='ocrx_word' id='word_1_775' title='bbox 2949 4377 3013 4444; x_wconf 88' lang='lat' dir='ltr'><strong>Q.</strong></span> 
     </span>
    </p>
   </div>
   <div class='ocr_carea' id='block_1_104' title="bbox 2102 4461 3610 4552">
    <p class='ocr_par' dir='ltr' id='par_1_104' title="bbox 2102 4461 3610 4552">
     <span class='ocr_line' id='line_1_104' title="bbox 2102 4461 3610 4552; baseline 0.02 -38"><span class='ocrx_word' id='word_1_776' title='bbox 2102 4461 2346 4527; x_wconf 73' lang='lat' dir='ltr'><strong>Quwstor</strong></span> <span class='ocrx_word' id='word_1_777' title='bbox 2377 4479 2408 4518; x_wconf 89' lang='lat' dir='ltr'><strong>a</strong></span> <span class='ocrx_word' id='word_1_778' title='bbox 2438 4470 2750 4536; x_wconf 77' lang='lat' dir='ltr'><strong>quaerendo,</strong></span> <span class='ocrx_word' id='word_1_779' title='bbox 2790 4472 2944 4542; x_wconf 89' lang='lat' dir='ltr'><strong>quasi</strong></span> <span class='ocrx_word' id='word_1_780' title='bbox 2990 4479 3253 4544; x_wconf 67' lang='lat' dir='ltr'><strong>quaesitor</strong></span> <span class='ocrx_word' id='word_1_781' title='bbox 3304 4498 3402 4552; x_wconf 91' lang='lat' dir='ltr'><strong>per</strong></span> <span class='ocrx_word' id='word_1_782' title='bbox 3435 4503 3480 4540; x_wconf 78' lang='lat' dir='ltr'><strong>te</strong></span> <span class='ocrx_word' id='word_1_783' title='bbox 3525 4488 3610 4544; x_wconf 84' lang='lat' dir='ltr'><strong>di-</strong></span> 
     </span>
    </p>
   </div>
   <div class='ocr_carea' id='block_1_105' title="bbox 2029 4551 3609 4647">
    <p class='ocr_par' dir='ltr' id='par_1_105' title="bbox 2029 4551 3609 4647">
     <span class='ocr_line' id='line_1_105' title="bbox 2029 4551 3609 4647; baseline 0.019 -41"><span class='ocrx_word' id='word_1_784' title='bbox 2029 4551 2340 4626; x_wconf 85' lang='lat' dir='ltr'><strong>phthongon</strong></span> <span class='ocrx_word' id='word_1_785' title='bbox 2364 4557 2652 4614; x_wconf 88' lang='lat' dir='ltr'><strong>scribatur.</strong></span> <span class='ocrx_word' id='word_1_786' title='bbox 2681 4561 2925 4626; x_wconf 76' lang='lat' dir='ltr'><strong>Quwstus</strong></span> <span class='ocrx_word' id='word_1_787' title='bbox 2949 4565 3106 4634; x_wconf 88' lang='lat' dir='ltr'><strong>lucri,</strong></span> <span class='ocrx_word' id='word_1_788' title='bbox 3130 4587 3230 4640; x_wconf 88' lang='lat' dir='ltr'><strong>per</strong></span> <span class='ocrx_word' id='word_1_789' title='bbox 3252 4577 3609 4647; x_wconf 82' lang='lat' dir='ltr'><strong>cediphthon—</strong></span> 
     </span>
    </p>
   </div>
   <div class='ocr_carea' id='block_1_106' title="bbox 2028 4645 3608 4736">
    <p class='ocr_par' dir='ltr' id='par_1_106' title="bbox 2028 4645 3608 4736">
     <span class='ocr_line' id='line_1_106' title="bbox 2028 4645 3608 4736; baseline 0.018 -38"><span class='ocrx_word' id='word_1_790' title='bbox 2028 4658 2156 4714; x_wconf 89' lang='lat' dir='ltr'><strong>gon.</strong></span> <span class='ocrx_word' id='word_1_791' title='bbox 2206 4645 2429 4711; x_wconf 83' lang='lat' dir='ltr'><strong>Questus</strong></span> <span class='ocrx_word' id='word_1_792' title='bbox 2459 4647 2582 4720; x_wconf 85' lang='lat' dir='ltr'><strong>[Ms.</strong></span> <span class='ocrx_word' id='word_1_793' title='bbox 2627 4651 2796 4721; x_wconf 83' lang='lat' dir='ltr'><strong>Reg.,</strong></span> <span class='ocrx_word' id='word_1_794' title='bbox 2840 4653 3204 4732; x_wconf 84' lang='lat' dir='ltr'><strong>Querimom&#39;a]</strong></span> <span class='ocrx_word' id='word_1_795' title='bbox 3247 4645 3608 4736; x_wconf 48' lang='lat' dir='ltr'><strong>lacrimarum</strong></span> 
     </span>
    </p>
   </div>
   <div class='ocr_carea' id='block_1_107' title="bbox 2023 4738 3608 4825">
    <p class='ocr_par' dir='ltr' id='par_1_107' title="bbox 2023 4738 3608 4825">
     <span class='ocr_line' id='line_1_107' title="bbox 2023 4738 3608 4825; baseline 0.018 -35"><span class='ocrx_word' id='word_1_796' title='bbox 2023 4749 2126 4807; x_wconf 89' lang='lat' dir='ltr'><strong>per</strong></span> <span class='ocrx_word' id='word_1_797' title='bbox 2142 4755 2189 4792; x_wconf 89' lang='lat' dir='ltr'><strong>e.</strong></span> <span class='ocrx_word' id='word_1_798' title='bbox 2225 4738 2539 4812; x_wconf 86' lang='lat' dir='ltr'><strong>Quanquam</strong></span> <span class='ocrx_word' id='word_1_799' title='bbox 2561 4742 2712 4812; x_wconf 91' lang='lat' dir='ltr'><strong>prior</strong></span> <span class='ocrx_word' id='word_1_800' title='bbox 2737 4745 2941 4814; x_wconf 86' lang='lat' dir='ltr'><strong>syllaba</strong></span> <span class='ocrx_word' id='word_1_801' title='bbox 2966 4765 2998 4802; x_wconf 93' lang='lat' dir='ltr'><strong>n</strong></span> <span class='ocrx_word' id='word_1_802' title='bbox 3037 4751 3236 4808; x_wconf 83' lang='lat' dir='ltr'><strong>habere</strong></span> <span class='ocrx_word' id='word_1_803' title='bbox 3275 4755 3452 4825; x_wconf 89' lang='lat' dir='ltr'><strong>debet,</strong></span> <span class='ocrx_word' id='word_1_804' title='bbox 3498 4777 3608 4818; x_wconf 86' lang='lat' dir='ltr'><strong>non</strong></span> 
     </span>
    </p>
   </div>
   <div class='ocr_carea' id='block_1_108' title="bbox 2027 4828 3609 4913">
    <p class='ocr_par' dir='ltr' id='par_1_108' title="bbox 2027 4828 3609 4913">
     <span class='ocr_line' id='line_1_108' title="bbox 2027 4828 3609 4913; baseline 0.016 -31"><span class='ocrx_word' id='word_1_805' title='bbox 2027 4845 2100 4883; x_wconf 89' lang='lat' dir='ltr'><strong>m.</strong></span> <span class='ocrx_word' id='word_1_806' title='bbox 2149 4828 2388 4895; x_wconf 86' lang='lat' dir='ltr'><strong>Quantus</strong></span> <span class='ocrx_word' id='word_1_807' title='bbox 2427 4840 2482 4887; x_wconf 91' lang='lat' dir='ltr'><strong>et</strong></span> <span class='ocrx_word' id='word_1_808' title='bbox 2525 4842 2700 4888; x_wconf 87' lang='lat' dir='ltr'><strong>tantus</strong></span> <span class='ocrx_word' id='word_1_809' title='bbox 2728 4851 2824 4906; x_wconf 90' lang='lat' dir='ltr'><strong>per</strong></span> <span class='ocrx_word' id='word_1_810' title='bbox 2853 4855 2885 4891; x_wconf 86' lang='grc' dir='ltr'><em>η</em></span> <span class='ocrx_word' id='word_1_811' title='bbox 2914 4841 3197 4909; x_wconf 71' lang='lat' dir='ltr'><strong>euphonia:</strong></span> <span class='ocrx_word' id='word_1_812' title='bbox 3226 4861 3410 4913; x_wconf 89' lang='lat' dir='ltr'><strong>causa,</strong></span> <span class='ocrx_word' id='word_1_813' title='bbox 3458 4853 3609 4908; x_wconf 87' lang='lat' dir='ltr'><strong>venit</strong></span> 
     </span>
    </p>
   </div>
   <div class='ocr_carea' id='block_1_109' title="bbox 2026 4921 3606 5009">
    <p class='ocr_par' dir='ltr' id='par_1_109' title="bbox 2026 4921 3606 5009">
     <span class='ocr_line' id='line_1_109' title="bbox 2026 4921 3606 5009; baseline 0.015 -33"><span class='ocrx_word' id='word_1_814' title='bbox 2026 4921 2172 4976; x_wconf 88' lang='lat' dir='ltr'><strong>enim</strong></span> <span class='ocrx_word' id='word_1_815' title='bbox 2193 4938 2222 4976; x_wconf 89' lang='lat' dir='ltr'><strong>a</strong></span> <span class='ocrx_word' id='word_1_816' title='bbox 2236 4933 2478 4992; x_wconf 85' lang='lat' dir='ltr'><strong>quamtus</strong></span> <span class='ocrx_word' id='word_1_817' title='bbox 2495 4933 2549 4978; x_wconf 87' lang='lat' dir='ltr'><strong>et</strong></span> <span class='ocrx_word' id='word_1_818' title='bbox 2570 4935 2786 4982; x_wconf 88' lang='lat' dir='ltr'><strong>tamtus.</strong></span> <span class='ocrx_word' id='word_1_819' title='bbox 2823 4928 3086 5000; x_wconf 86' lang='lat' dir='ltr'><strong>Quantus,</strong></span> <span class='ocrx_word' id='word_1_820' title='bbox 3103 4951 3264 5005; x_wconf 90' lang='lat' dir='ltr'><strong>quam</strong></span> <span class='ocrx_word' id='word_1_821' title='bbox 3283 4955 3510 5009; x_wconf 82' lang='lat' dir='ltr'><strong>magnus</strong></span> <span class='ocrx_word' id='word_1_822' title='bbox 3523 4944 3606 4998; x_wconf 85' lang='lat' dir='ltr'><strong>di-</strong></span> 
     </span>
    </p>
   </div>
   <div class='ocr_carea' id='block_1_110' title="bbox 2031 5012 3602 5095">
    <p class='ocr_par' dir='ltr' id='par_1_110' title="bbox 2031 5012 3602 5095">
     <span class='ocr_line' id='line_1_110' title="bbox 2031 5012 3602 5095; baseline 0.015 -30"><span class='ocrx_word' id='word_1_823' title='bbox 2031 5012 2191 5066; x_wconf 88' lang='lat' dir='ltr'><strong>citur.</strong></span> <span class='ocrx_word' id='word_1_824' title='bbox 2224 5013 2447 5078; x_wconf 84' lang='lat' dir='ltr'><strong>Querela</strong></span> <span class='ocrx_word' id='word_1_825' title='bbox 2465 5031 2560 5086; x_wconf 91' lang='lat' dir='ltr'><strong>per</strong></span> <span class='ocrx_word' id='word_1_826' title='bbox 2589 5033 2753 5072; x_wconf 91' lang='lat' dir='ltr'><strong>unum</strong></span> <span class='ocrx_word' id='word_1_827' title='bbox 2777 5019 2818 5085; x_wconf 85' lang='lat' dir='ltr'><strong>l,</strong></span> <span class='ocrx_word' id='word_1_828' title='bbox 2837 5021 3230 5094; x_wconf 85' lang='lat' dir='ltr'><strong>sicutsuadela,</strong></span> <span class='ocrx_word' id='word_1_829' title='bbox 3264 5032 3447 5095; x_wconf 84' lang='lat' dir='ltr'><strong>tutela,</strong></span> <span class='ocrx_word' id='word_1_830' title='bbox 3470 5050 3602 5088; x_wconf 84' lang='lat' dir='ltr'><strong>can-</strong></span> 
     </span>
    </p>
   </div>
   <div class='ocr_carea' id='block_1_111' title="bbox 2029 5102 3603 5186">
    <p class='ocr_par' dir='ltr' id='par_1_111' title="bbox 2029 5102 3603 5186">
     <span class='ocr_line' id='line_1_111' title="bbox 2029 5102 3603 5186; baseline 0.011 -30"><span class='ocrx_word' id='word_1_831' title='bbox 2029 5102 2170 5168; x_wconf 84' lang='lat' dir='ltr'><strong>dela,</strong></span> <span class='ocrx_word' id='word_1_832' title='bbox 2212 5105 2525 5175; x_wconf 84' lang='lat' dir='ltr'><strong>corruptela.</strong></span> <span class='ocrx_word' id='word_1_833' title='bbox 2563 5107 2832 5173; x_wconf 84' lang='lat' dir='ltr'><strong>Quatenus</strong></span> <span class='ocrx_word' id='word_1_834' title='bbox 2887 5115 3200 5172; x_wconf 86' lang='lat' dir='ltr'><strong>adverbium</strong></span> <span class='ocrx_word' id='word_1_835' title='bbox 3242 5119 3365 5186; x_wconf 86' lang='lat' dir='ltr'><strong>loci,</strong></span> <span class='ocrx_word' id='word_1_836' title='bbox 3419 5120 3470 5174; x_wconf 87' lang='lat' dir='ltr'><strong>id</strong></span> <span class='ocrx_word' id='word_1_837' title='bbox 3496 5130 3603 5186; x_wconf 87' lang='lat' dir='ltr'><strong>est,</strong></span> 
     </span>
    </p>
   </div>
   <div class='ocr_carea' id='block_1_112' title="bbox 2030 5197 3600 5279">
    <p class='ocr_par' dir='ltr' id='par_1_112' title="bbox 2030 5197 3600 5279">
     <span class='ocr_line' id='line_1_112' title="bbox 2030 5197 3600 5279; baseline 0.013 -33"><span class='ocrx_word' id='word_1_838' title='bbox 2030 5208 2327 5262; x_wconf 87' lang='lat' dir='ltr'><strong>quousque,</strong></span> <span class='ocrx_word' id='word_1_839' title='bbox 2381 5210 2479 5264; x_wconf 87' lang='lat' dir='ltr'><strong>per</strong></span> <span class='ocrx_word' id='word_1_840' title='bbox 2523 5213 2568 5252; x_wconf 88' lang='lat' dir='ltr'><strong>e.</strong></span> <span class='ocrx_word' id='word_1_841' title='bbox 2628 5197 2913 5270; x_wconf 85' lang='lat' dir='ltr'><strong>[Quatinus</strong></span> <span class='ocrx_word' id='word_1_842' title='bbox 2963 5206 3268 5275; x_wconf 87' lang='lat' dir='ltr'><strong>conjunctio</strong></span> <span class='ocrx_word' id='word_1_843' title='bbox 3321 5211 3600 5279; x_wconf 76' lang='lat' dir='ltr'><strong>causalis,</strong></span> 
     </span>
    </p>
   </div>
   <div class='ocr_carea' id='block_1_113' title="bbox 2031 5283 3599 5368">
    <p class='ocr_par' dir='ltr' id='par_1_113' title="bbox 2031 5283 3599 5368">
     <span class='ocr_line' id='line_1_113' title="bbox 2031 5283 3599 5368; baseline 0.013 -31"><span class='ocrx_word' id='word_1_844' title='bbox 2031 5283 2082 5338; x_wconf 91' lang='lat' dir='ltr'><strong>id</strong></span> <span class='ocrx_word' id='word_1_845' title='bbox 2107 5292 2206 5349; x_wconf 90' lang='lat' dir='ltr'><strong>est,</strong></span> <span class='ocrx_word' id='word_1_846' title='bbox 2231 5294 2309 5351; x_wconf 91' lang='lat' dir='ltr'><strong>ut,</strong></span> <span class='ocrx_word' id='word_1_847' title='bbox 2346 5300 2443 5355; x_wconf 89' lang='lat' dir='ltr'><strong>per</strong></span> <span class='ocrx_word' id='word_1_848' title='bbox 2480 5287 2810 5346; x_wconf 90' lang='lat' dir='ltr'><strong>iscribatur.</strong></span> <span class='ocrx_word' id='word_1_849' title='bbox 2856 5295 3142 5362; x_wconf 72' lang='lat' dir='ltr'><strong>Quaeritur,</strong></span> <span class='ocrx_word' id='word_1_850' title='bbox 3174 5299 3239 5352; x_wconf 91' lang='lat' dir='ltr'><strong>de</strong></span> <span class='ocrx_word' id='word_1_851' title='bbox 3277 5299 3599 5368; x_wconf 88' lang='lat' dir='ltr'><strong>inquirendo</strong></span> 
     </span>
    </p>
   </div>
   <div class='ocr_carea' id='block_1_114' title="bbox 2030 5376 3604 5462">
    <p class='ocr_par' dir='ltr' id='par_1_114' title="bbox 2030 5376 3604 5462">
     <span class='ocr_line' id='line_1_114' title="bbox 2030 5376 3604 5462; baseline 0.015 -36"><span class='ocrx_word' id='word_1_852' title='bbox 2030 5387 2128 5443; x_wconf 90' lang='lat' dir='ltr'><strong>per</strong></span> <span class='ocrx_word' id='word_1_853' title='bbox 2154 5390 2199 5428; x_wconf 78' lang='lat' dir='ltr'><strong>te</strong></span> <span class='ocrx_word' id='word_1_854' title='bbox 2238 5376 2622 5450; x_wconf 79' lang='lat' dir='ltr'><strong>diphthongon.</strong></span> <span class='ocrx_word' id='word_1_855' title='bbox 2676 5382 2944 5450; x_wconf 85' lang='lat' dir='ltr'><strong>Queritur,</strong></span> <span class='ocrx_word' id='word_1_856' title='bbox 2970 5386 3036 5440; x_wconf 90' lang='lat' dir='ltr'><strong>de</strong></span> <span class='ocrx_word' id='word_1_857' title='bbox 3082 5387 3362 5456; x_wconf 86' lang='lat' dir='ltr'><strong>plorando,</strong></span> <span class='ocrx_word' id='word_1_858' title='bbox 3420 5408 3518 5462; x_wconf 88' lang='lat' dir='ltr'><strong>per</strong></span> <span class='ocrx_word' id='word_1_859' title='bbox 3552 5413 3604 5452; x_wconf 89' lang='lat' dir='ltr'><strong>e.</strong></span> 
     </span>
    </p>
   </div>
   <div class='ocr_carea' id='block_1_115' title="bbox 2034 5465 3604 5546">
    <p class='ocr_par' dir='ltr' id='par_1_115' title="bbox 2034 5465 3604 5546">
     <span class='ocr_line' id='line_1_115' title="bbox 2034 5465 3604 5546; baseline 0.017 -26"><span class='ocrx_word' id='word_1_860' title='bbox 2034 5465 2401 5536; x_wconf 87' lang='lat' dir='ltr'><strong>Queremonia,</strong></span> <span class='ocrx_word' id='word_1_861' title='bbox 2430 5488 2528 5544; x_wconf 89' lang='lat' dir='ltr'><strong>per</strong></span> <span class='ocrx_word' id='word_1_862' title='bbox 2563 5475 2668 5530; x_wconf 91' lang='lat' dir='ltr'><strong>duo</strong></span> <span class='ocrx_word' id='word_1_863' title='bbox 2697 5494 2744 5530; x_wconf 90' lang='lat' dir='ltr'><strong>e.</strong></span> <span class='ocrx_word' id='word_1_864' title='bbox 2778 5477 2982 5543; x_wconf 85' lang='lat' dir='ltr'><strong>Queror</strong></span> <span class='ocrx_word' id='word_1_865' title='bbox 3018 5478 3084 5533; x_wconf 89' lang='lat' dir='ltr'><strong>de</strong></span> <span class='ocrx_word' id='word_1_866' title='bbox 3127 5488 3213 5546; x_wconf 91' lang='lat' dir='ltr'><strong>te,</strong></span> <span class='ocrx_word' id='word_1_867' title='bbox 3254 5481 3350 5538; x_wconf 86' lang='lat' dir='ltr'><strong>tibi</strong></span> <span class='ocrx_word' id='word_1_868' title='bbox 3397 5485 3463 5540; x_wconf 89' lang='lat' dir='ltr'><strong>de</strong></span> <span class='ocrx_word' id='word_1_869' title='bbox 3487 5484 3604 5546; x_wconf 87' lang='lat' dir='ltr'><strong>illo.</strong></span> 
     </span>
    </p>
   </div>
   <div class='ocr_carea' id='block_1_116' title="bbox 2031 5555 2558 5636">
    <p class='ocr_par' dir='ltr' id='par_1_116' title="bbox 2031 5555 2558 5636">
     <span class='ocr_line' id='line_1_116' title="bbox 2031 5555 2558 5636; baseline 0.009 -24"><span class='ocrx_word' id='word_1_870' title='bbox 2031 5555 2162 5612; x_wconf 88' lang='lat' dir='ltr'><strong>Item</strong></span> <span class='ocrx_word' id='word_1_871' title='bbox 2189 5575 2511 5629; x_wconf 88' lang='lat' dir='ltr'><strong>conqueror.</strong></span> <span class='ocrx_word' id='word_1_872' title='bbox 2539 5562 2558 5636; x_wconf 97' lang='lat'><strong>]</strong></span> 
     </span>
    </p>
   </div>
   <div class='ocr_carea' id='block_1_117' title="bbox 2104 5647 3599 5740">
    <p class='ocr_par' dir='ltr' id='par_1_117' title="bbox 2104 5647 3599 5740">
     <span class='ocr_line' id='line_1_117' title="bbox 2104 5647 3599 5740; baseline 0.015 -40"><span class='ocrx_word' id='word_1_873' title='bbox 2104 5647 2206 5716; x_wconf 82' lang='lat' dir='ltr'><strong>Qui</strong></span> <span class='ocrx_word' id='word_1_874' title='bbox 2237 5651 2436 5722; x_wconf 83' lang='lat' dir='ltr'><strong>syllaba</strong></span> <span class='ocrx_word' id='word_1_875' title='bbox 2463 5668 2562 5724; x_wconf 90' lang='lat' dir='ltr'><strong>per</strong></span> <span class='ocrx_word' id='word_1_876' title='bbox 2588 5672 2620 5733; x_wconf 70' lang='grc' dir='ltr'><em>ᾳ</em></span> <span class='ocrx_word' id='word_1_877' title='bbox 2655 5663 2711 5714; x_wconf 90' lang='lat' dir='ltr'><strong>et</strong></span> <span class='ocrx_word' id='word_1_878' title='bbox 2731 5674 2766 5715; x_wconf 87' lang='lat' dir='ltr'><strong>u</strong></span> <span class='ocrx_word' id='word_1_879' title='bbox 2799 5659 2898 5715; x_wconf 86' lang='lat' dir='ltr'><strong>eti</strong></span> <span class='ocrx_word' id='word_1_880' title='bbox 2925 5659 3199 5718; x_wconf 89' lang='lat' dir='ltr'><strong>scribitur.</strong></span> <span class='ocrx_word' id='word_1_881' title='bbox 3238 5663 3293 5720; x_wconf 87' lang='lat' dir='ltr'><strong>Si</strong></span> <span class='ocrx_word' id='word_1_882' title='bbox 3322 5664 3599 5740; x_wconf 88' lang='lat' dir='ltr'><strong>dividitur,</strong></span> 
     </span>
    </p>
   </div>
  </div>
