4062 6346
508 301 613 372 sis
706 260 707 263 γ

1316 296 1376 351 n.
1407 238 1468 350 ἕ.
1497 293 1726 369 suum
1763 293 1897 371 seu
1929 292 2204 377 Achnvi
2241 294 2527 375 ornum;
2562 288 2744 369 PARS
2779 298 2891 357 vn.

3656 306 3770 379 946

456 408 457 411 “
508 431 607 490 per
641 434 669 471 c
696 423 751 471 et
786 430 821 468 u
851 414 941 470 eti
978 410 1259 468 scribenda
1285 418 1387 465 est.
1421 410 1559 475 Quid
1595 426 1892 489 pronomen
1920 425 2017 480 per
2037 409 2072 462 d
2099 410 2153 471 Α
2248 407 2294 481 R
2320 418 2575 480 sequente
2598 412 2617 479 ἱ
2644 411 2885 467 vocalem
2912 425 3125 484 semper
3152 414 3451 489 aspiratur,
3466 407 3533 474 ut
3557 418 3766 493 hircus,

509 503 850 563 scribendum
877 510 979 558 est.
1010 499 1325 575 [Quicquam
1347 507 1400 553 et
1421 500 1664 571 quicquid
1702 500 1757 554 in
1787 499 1965 554 medio
1985 513 2082 570 per

507 614 535 654 c
562 613 671 655 non
686 613 784 671 per
815 596 851 650 ἄ
878 595 1183 651 scribenda.
1210 591 1231 667 ]
1254 592 1315 647 In
1351 591 1739 662 compositione
1760 588 2080 664 plerumque

505 693 542 749 d
565 693 622 750 in
648 710 676 747 c
694 678 1059 755 commutatur
1084 686 1212 761 [Ms.
1239 684 1391 758 Ιτῖες]Ἴ
1426 700 1685 741 conversa
1707 683 1988 775 mutatur],
2018 690 2082 738 ut

505 784 560 839 in
581 781 1072 853 praepositionibus,
1099 778 1318 844 accedo,
1349 777 1643 833 accumula.
1678 776 1807 849 Quit
1831 774 2076 851 verbum,

503 873 646 943 quod
690 871 752 927 lit
790 887 822 925 a
872 887 1037 943 queo,
1082 871 1216 941 quis,
1271 869 1382 935 quit
1424 884 1523 938 per
1567 876 1607 921 t.
1661 865 1819 932 Quot,
1863 869 2079 937 quando

501 977 760 1020 numerus
781 970 885 1028 est,
916 974 1017 1031 per
1065 970 1120 1027 t;
1158 960 1373 1031 quando
1403 973 1700 1030 pronomen
1723 974 1820 1028 per
1882 958 1916 1011 d
1945 958 2080 1012 scri-

496 1056 739 1125 bat“
776 1062 884 1111 est.
916 1053 1163 1126 {Quoties
1200 1062 1258 1108 et
1282 1052 1436 1113 toties
1465 1050 1582 1109 sine
1602 1066 1638 1103 ιι
1663 1048 1852 1121 [scribi
1873 1048 2073 1121 debet].

498 1146 871 1215 Quarundam,
884 1147 1023 1205 sicut
1037 1146 1329 1201 eorundem
1342 1160 1440 1217 per
1465 1161 1500 1199 η
1522 1160 1631 1199 non
1644 1158 1811 1215 per'm
1831 1143 2076 1198 scriben-

496 1238 630 1297 ἡ.
652 1245 761 1303 ια.
788 1236 906 1304 Quo
924 1238 1093 1304 uadis,
1117 1237 1187 1294 ad
1229 1251 1389 1307 qnem
1418 1236 1600 1291 iocum
1638 1233 1925 1305 signiﬁcat.
1956 1232 2077 1298 Qua

490 1329 673 1396 udis,
692 1342 807 1400 ora
842 1328 938 1385 qia
961 1328 1179 1383 dicitur.
1209 1326 1330 1393 Quo
1350 1327 1642 1398 aliquando
1668 1340 1770 1394 pro
1796 1323 1888 1380 ubi
1910 1322 2076 1392 poni-

631 1419 1004 1492 Angustinus:
1026 1417 1241 1473 Incertis
1264 1417 1477 1473 domum
1509 1416 1787 1486 famosam,
1822 1429 1927 1485 quo
1952 1412 2076 1467 boni

472 1513 760 1581 habitant.
804 1512 865 1566 id
898 1520 1004 1577 est,
1033 1511 1127 1565 ubi
1150 1510 1418 1566 habitant.
1448 1509 1649 1575 Quotus
1694 1507 1847 1577 cujus
1877 1505 2071 1569 artatis,

500 1604 646 1660 unde
665 1612 722 1661 et
752 1612 915 1676 quota
944 1603 1110 1675 310
1134 1603 1260 1663 luna
1288 1603 1503 1658 dicitur.
1533 1600 1895 1671 Augustinus:
1931 1598 2077 1664 Quo-

498 1697 800 1769 luqslisque
820 1698 994 1753 iuliae
1038 1697 1142 1752 vita
1164 1698 1386 1751 existere
1416 1695 1695 1767 potest,qui
1733 1711 1837 1748 non
1866 1694 2077 1747 convin-

2180 500 2566 573 hirquittallus,
2610 504 2882 575 hirpinus,
2930 506 3184 575 hirsutus,
3226 509 3419 579 hirtus,
3461 511 3766 582 hirtuleius,

2182 592 2374 653 Hirrus
2398 592 2675 665 proprium
2702 596 2754 679 ι),
2784 596 2890 669 nisi
2919 605 3011 652 aut
3038 600 3467 671 monosyllabum
3482 604 3577 669 sit,
3603 607 3767 673 utir;

2180 693 2270 749 aut
2301 702 2369 739 ex
2402 697 2553 741 motu
2584 688 2756 755 verbi,
2792 697 2853 743 ut
2876 707 2963 755 eo,
2994 691 3059 755 is,
3086 692 3215 763 irent
3250 706 3268 743 :
3299 693 3427 759 Iris,
3459 694 3515 765 id
3542 704 3647 763 est,
3674 714 3771 755 ar-

2176 793 2307 853 cus;
2332 791 2431 857 aut
2454 781 2561 849 nisi
2586 798 2621 839 ta
2644 791 2766 852 post
2790 799 2817 836 r
2844 793 3135 857 sequatur;
3165 793 3292 851 tunc
3313 788 3458 853 enim
3480 805 3591 851 non
3620 792 3774 862 aspi-

2174 877 2349 943 ratur,
2380 879 2438 943 ut
2469 872 2572 939 ira,
2601 872 3136 949 iratus,p.iracundus,
3166 877 3393 947 irascor,
3418 887 3476 941 et
3501 880 3770 950 quidquid

2177 961 2247 1033 ab
2273 963 2352 1033 eis
2376 964 2457 1039 ιιι.
2489 963 2534 1041 R
2571 972 2829 1037 sequente
2854 983 2886 1021 0
2914 967 3087 1041 vocali
3127 984 3235 1033 non
3264 970 3554 1039 aspiratur.
3581 979 3644 1027 ut
3670 988 3767 1029 or-

2172 1051 2293 1121 bus,
2320 1054 2370 1115 si
2394 1070 2523 1123 vero
2552 1056 2656 1129 alia
2683 1072 2710 1109 r
2731 1066 3010 1127 sequatur,
3041 1067 3137 1125 aut
3165 1067 3203 1120 ε,
3226 1066 3361 1123 tunc
3390 1061 3681 1131 aspiratur,
3703 1069 3771 1117 ut

2170 1145 2384 1223 barren.
2417 1148 2628 1215 horror,
2666 1149 2873 1223 hortus,
2895 1149 3154 1217 holerum,
3178 1148 3515 1213 flauenti”;
3532 1151 3771 1212 Notatur

2175 1236 2448 1315 hordeum.
2492 1237 2787 1313 Rhymmus
2832 1238 3041 1317 Graece,
3092 1240 3289 1313 Latine
3336 1241 3634 1307 Matio
3684 1244 3767 1302 ὅ·

2168 1328 2336 1401 situr-

2760 1420 3065 1493 LITTERA
3100 1419 3164 1478 s.

2246 1506 2523 1585 [Salutare
2565 1511 2848 1581 consilium
2884 1520 2970 1573 est
3014 1530 3028 1565 :
3079 1512 3156 1566 ita
3190 1511 3403 1567 salubre
3432 1526 3546 1575 non
3570 1523 3760 1585 nocet;

2174 1602 2408 1663 salutare
2434 1605 2672 1675 prodest.
2704 1604 2929 1661 Salubre
2954 1605 3024 1660 ad
3049 1604 3227 1671 locum
3253 1603 3490 1662 refertur
3508 1614 3566 1661 et
3587 1606 3659 1665 ad
3682 1607 3767 1677 ci-

2178 1695 2325 1755 bum.
2341 1693 2542 1762 Samus,
2555 1696 2878 1767 saevientem,
2893 1695 3087 1767 timuisti
3099 1712 3195 1767 per
3206 1713 3251 1750 az
3263 1696 3655 1768 diphthongon.
3670 1696 3766 1754 Sa-

386 2104 387 2111 η
487 2063 700 2129 Getidie
727 2066 1063 2139 [adverbium
1106 2065 1550 2139 continuationis]
1588 2081 1687 2135 per
1722 2084 1749 2120 c
1795 2072 1851 2121 et
1870 2064 2073 2135 simpli-

488 1760 653 1847 satur
675 1760 784 1846 sise
803 1798 1061 1860 peccator.
1090 1788 1145 1843 Id
1168 1796 1273 1855 est,
1293 1789 1349 1843 in
1379 1760 1485 1859 qua
1514 1760 1675 1843 aetate
1703 1803 1717 1854 ;
1741 1801 1847 1855 quo
1867 1785 2072 1840 dierum
2098 1760 2150 1843 Β
2174 1805 2309 1861 gena
2331 1803 2428 1860 per
2449 1804 2475 1842 e
2490 1760 2612 1843 eum
2626 1760 2815 1843 retiam
2835 1788 2920 1860 [L.
2937 1760 3395 1861 retia]-signilicat.
3417 1760 3615 1859 Sagitta
3626 1792 3764 1860 peri

498 1881 586 1942 vel
610 1896 879 1943 annorum
913 1879 1188 1954 numero.]
1233 1879 1479 1946 Quotidie
1522 1879 1838 1934 adverbium
1860 1875 2073 1931 numeri
2176 1895 2298 1935 cum
2324 1888 2538 1951 pastum
2566 1891 2617 1936 et
2647 1881 3075 1954 pinguedinem]
3101 1879 3194 1947 Sal
3212 1890 3267 1949 et
3294 1883 3581 1943 masculini
3602 1897 3765 1957 gene-

493 1986 595 2043 per
616 1990 650 2046 ς
669 1981 724 2031 et
742 1991 783 2028 α
807 1973 1151 2029 scribendum
1172 1982 1271 2035 est,
1304 1988 1411 2027 non
1430 1965 1537 2043 'per
1556 1988 1606 2036 c,
1629 1979 1687 2024 ut
1709 1977 1839 2040 quot
1861 1969 2069 2023 diebus.
2156 1970 2252 2047 ptris
2282 1978 2335 2025 et
2363 1972 2540 2029 neutri
2567 1971 2673 2026 dici
2701 1980 2899 2044 potest.
2937 1962 3151 2027 Samia:
3173 1974 3259 2039 vel
3282 1974 3506 2039 δεῖεν-ξε,
3532 1974 3625 2041 qui
3644 1989 3763 2033 Sar-

2174 2062 2248 2119 cit
2271 2063 2486 2119 dicitur.
2522 2062 2849 2127 Sarcinator,
2875 2065 2966 2135 qui
2998 2064 3241 2135 sarcinas
3258 2073 3462 2121 servat.
3493 2062 3591 2125 Sat
3617 2078 3719 2133 per
3742 2072 3766 2118 t

488 2170 668 2213 como
715 2158 915 2213 dicitur
934 2167 990 2214 et
1020 2158 1293 2221 scribitur,
1342 2173 1451 2211 non
1501 2173 1599 2226 per
1626 2173 1678 2227 q,
1735 2157 1860 2226 quia
1909 2171 2017 2210 non
2042 2170 2075 2209 a
2174 2154 2449 2221 scribitur,
2488 2157 2613 2226 quia
2643 2170 2738 2225 per
2763 2170 3062 2225 apocopum
3086 2172 3121 2208 a
3156 2155 3369 2221 satislit.
3406 2152 3677 2210 Saturitas
3706 2156 3765 2231 in

490 2256 664 2317 quota
690 2249 800 2312 die,
831 2251 927 2304 sed
965 2266 995 2303 ιι
1023 2249 1322 2304 continenti
1346 2248 1435 2302 die
1459 2249 1660 2304 dictum
1686 2256 1787 2303 est.
1820 2247 1864 2312 ρ
1892 2248 2071 2302 littera
2171 2246 2332 2311 cibo;
2360 2246 2417 2301 in
2458 2248 2653 2303 ceteris
2678 2261 2808 2317 vero
2834 2247 3050 2317 satietas
3086 2245 3304 2317 dicitur.
3330 2244 3352 2309 l
3359 2244 3591 2314 Sanguis
3628 2245 3768 2309 dici-

486 2342 627 2392 tunc
673 2344 821 2391 recte
861 2338 1104 2405 ponitur,
1149 2353 1272 2392 cum
1298 2337 1376 2392 illi
1421 2338 1605 2392 statim
1642 2354 1679 2391 u
1727 2339 1988 2406 sequitur,
2020 2345 2076 2393 et
2172 2338 2412 2395 turdum
2440 2347 2657 2405 manat;
2696 2337 2898 2397 effusus
2937 2353 3066 2394 vero
3114 2354 3279 2395 cruor
3318 2336 3555 2408 dicitur].
3606 2335 3769 2403 Scio,

494 2424 621 2481 alia:
665 2428 922 2496 quaelibet
974 2429 1226 2499 pluresve
1270 2429 1484 2485 vocales
1516 2431 1717 2485 littera:
1771 2430 2074 2500 conjunctae
2168 2431 2328 2503 scivi,
2379 2433 2599 2497 scitum,
2630 2432 2855 2501 sciturus
2899 2431 3058 2497 facit,
3098 2438 3241 2489 etes
3270 2445 3331 2486 eo
3355 2430 3537 2483 scisso.
3570 2426 3766 2485 Scriba

482 2512 720 2585 ,fuerint,
750 2517 831 2581 ita
854 2528 914 2575 ut
937 2535 1041 2575 una
1075 2520 1279 2593 syllaba
1301 2523 1393 2577 sit.
1425 2523 1635 2581 Caetera
1655 2537 1756 2594 per
1774 2539 1802 2580 c
1823 2524 2070 2580 scribun-
2172 2540 2271 2599 per
2304 2524 2353 2579 b.
2378 2523 2592 2596 Scripsi
2606 2539 2704 2594 per
2732 2543 2767 2597 p
2796 2525 3163 2591 scribendum,
3193 2523 3320 2594 quia
3350 2522 3382 2576 b
3412 2521 3608 2585 transit
3636 2538 3671 2591 p
3706 2519 3765 2577 in

494 2612 605 2663 utr.

1068 2703 1389 2761 LITTERA.
1420 2706 1493 2762 Β.

564 2790 788 2865 [Radius
812 2794 1097 2855 masculini
1121 2799 1335 2869 generis
1362 2807 1478 2865 est;
1507 2813 1616 2855 non
1639 2799 1850 2855 radium
1870 2799 2070 2855 neutri.

494 2882 739 2965 Regium,
768 2888 912 2956 quod
940 2887 1085 2959 regis
1116 2887 1242 2957 fuit,
1269 2891 1489 2949 dicitur.
1520 2890 1747 2962 Regale,
1776 2893 1920 2963 quod
1958 2891 2074 2961 regi

492 2971 673 3061 [Βεάη
704 2977 855 3051 rege]
901 2979 1119 3053 dignum
1158 2989 1262 3037 est.
1302 2980 1503 3039 Recens
1548 2982 1649 3051 feci
1691 2983 1937 3048 dicimus,
1966 2996 2073 3037 non

490 3075 745 3138 recenter,
778 3077 992 3125 utentes
1027 3072 1246 3127 nomine
1280 3085 1380 3141 pro
1413 3072 1715 3145 adverbio.]
1751 3072 1830 3127 Re
1865 3087 2075 3144 praepo-

493 3155 621 3229 sitio
644 3172 752 3227 non
774 3166 983 3215 tantum
1007 3160 1161 3233 plena
1197 3164 1527 3232 praeponitur
1548 3163 1869 3233 quibusdam
1904 3165 2074 3233 parti-

482 3251 595 3323 bus
620 3252 912 3319 orationis;
939 3262 1000 3309 ut
1028 3265 1269 3323 removet,
1296 3257 1529 3326 refricat,
1552 3258 1811 3329 respirat;
1839 3259 1933 3312 sed
1958 3267 2015 3314 et
2037 3257 2073 3312 ἀ

478 3341 731 3411 litteram
758 3345 1008 3411 assumit,
1040 3354 1099 3415 ut
1134 3346 1387 3412 redolere,
1424 3348 1619 3405 redire.
1666 3347 1774 3403 Sed
1805 3349 2074 3405 interdum

491 3429 673 3501 littera
706 3432 743 3499 d
780 3435 1108 3507 geminatur,
1140 3438 1354 3509 quoties
1403 3440 1472 3495 ab
1516 3453 1582 3493 ea
1622 3454 1852 3509 sequens
1887 3440 2077 3510 incipit

495 3521 719 3594 syllaba,
751 3533 807 3577 et
834 3540 938 3579 una
975 3542 1100 3596 pars
1123 3526 1384 3581 Orationis
1421 3526 1549 3598 [Ms.
1587 3527 1714 3599 Reg.
1744 3538 1798 3583 et
1832 3545 1940 3584 una
1968 3529 2077 3601 syl-

494 3608 637 3684 laba]
664 3611 937 3683 expletur;
964 3623 1027 3667 ut
1055 3614 1268 3668 reddere
1302 3614 1528 3671 dicimus
1566 3618 1835 3687 geminata
1878 3619 1950 3683 d;
1989 3633 2078 3673 re-

497 3701 692 3759 ducere
721 3711 900 3759 autem
925 3705 1174 3777 simplici.
1213 3706 1461 3775 Redoleo,
1488 3719 1820 3782 unguentum
1855 3712 2070 3767 dicitur.

495 3794 579 3850 Re
593 3797 902 3869 praepositio
928 3812 1070 3867 saepe
1096 3813 1219 3852 cum
1251 3800 1318 3855 ad
1339 3810 1694 3858 consonantes
1722 3804 1947 3865 accedit,
1981 3818 2074 3873 ge-

492 3888 668 3959 rninat
703 3887 839 3955 illas,
884 3891 1024 3960 quod
1048 3890 1364 3962 plerumque
1402 3892 1541 3963 apud
1571 3896 1823 3963 antiquos
1857 3904 1971 3962 est;
2013 3903 2076 3952 ut

495 3979 628 4034 cado
653 3979 876 4047 reccido,
906 3981 1004 4036 tuli
1026 3982 1218 4047 rettuli,
1245 3983 1378 4054 pello
1414 3984 1629 4055 repello,
1658 3986 1725 4040 do
1749 3986 1929 4053 reddo,
1960 3986 2072 4057 lego

494 4070 707 4143 rellego.
738 4070 992 4144 Reliquizc
1017 4088 1116 4143 per
1137 4092 1168 4146 q
1193 4076 1535 4133 scribendum
1559 4085 1663 4142 est,
1685 4085 1741 4130 et
1766 4091 1866 4145 per
1904 4092 2072 4133 unum

495 4160 538 4230 l,
558 4161 690 4221 licet
706 4162 960 4236 Virgilius
986 4164 1079 4239 (1E
1086 4184 1137 4220 η.
1164 4182 1203 4233 1,
1227 4164 1318 4238 54)
1339 4170 1549 4238 poetica
1568 4166 1784 4223 licentia
1805 4168 2030 4227 dixisset
2054 4184 2068 4223 :

498 4249 773 4326 Relliqut'a!
792 4253 1055 4309 Danaum.

570 4349 647 4403 Re
667 4351 975 4420 praepositio
1000 4350 1035 4404 d
1060 4352 1296 4408 litteram
1323 4355 1657 4413 extrinsecus
1691 4357 1914 4427 accipit,
1947 4374 2069 4414 cum

2162 2616 2450 2688 praeterito
2480 2625 2740 2687 tempore.
2779 2615 3057 2689 [Serturus
3084 2628 3193 2677 non
3218 2621 3528 2679 sectaturus
3556 2610 3644 2683 (ι.
3670 2625 3761 2675 se-

2173 2706 2417 2779 caturus)
2444 2723 2476 2762 a
2502 2708 2669 2763 verbo
2693 2705 2855 2781 seco.]
2892 2706 2999 2763 Sed
3029 2706 3236 2776 antiqui
3269 2704 3454 2759 udum
3484 2699 3760 2768 dicebant,

2174 2798 2295 2855 ideo
2324 2799 2417 2855 sed
2440 2815 2538 2870 per
2563 2800 2597 2853 d
2621 2800 2964 2856 scribendum
2988 2807 3090 2857 est.
3126 2798 3319 2864 sedeo,
3346 2796 3483 2861 sedi,
3514 2793 3637 2857 inde
3656 2808 3763 2854 ses-

2164 2908 2328 2959 surus
2357 2907 2454 2963 per
2481 2893 2586 2948 duo
2604 2909 2650 2947 s.
2676 2890 2952 2965 [Seguities
2970 2892 3089 2948 vitii
3121 2898 3225 2954 est;
3252 2888 3476 2958 segnitia
3496 2882 3756 2956 [rigoris].

2166 2984 2369 3049 Sensus
2397 3000 2595 3041 nomen
2634 2992 2717 3041 est
2740 2992 2946 3054 quarta:
2990 2982 3393 3045 declinationis,
3441 2986 3499 3039 et
3539 2977 3761 3049 partici-

2170 3077 2322 3148 pium
2351 3084 2433 3133 est
2471 3076 2733 3146 praeteriti
2776 3076 3036 3147 temporis
3075 3090 3106 3131 a
3142 3076 3313 3135 uerbo
3348 3071 3588 3143 passivo.
3620 3068 3759 3139 (1³1οά

2176 3171 2492 3236 estsentior,
2516 3170 2677 3241 cujus
2709 3171 2875 3225 etiam
2908 3169 3210 3240 perfectum
3252 3176 3366 3233 est,
3402 3182 3588 3222 sensus
3620 3180 3753 3228 sum,

2170 3277 2357 3321 sensus
2384 3278 2457 3326 es,
2485 3279 2667 3317 sensus
2694 3270 2806 3325 est;
2834 3276 2941 3317 non
2965 3261 3207 3317 sentitus.

2248 3354 2401 3424 Saepe
2427 3355 2456 3408 b
2482 3355 2537 3408 in
2566 3354 2945 3424 praepositione
2971 3353 3067 3406 sub
3095 3351 3377 3423 euphoniae
3402 3364 3568 3406 causa
3590 3350 3650 3404 in
3676 3362 3761 3406 se-

2174 3456 2430 3516 quentem
2454 3446 2750 3499 mutabitur
2771 3451 3175 3507 consonantem,
3199 3451 3260 3498 ut
3280 3443 3490 3511 aufero,
3516 3454 3756 3510 suggero,

2172 3538 2465 3601 summitto,
2499 3553 2765 3607 suppono;
2803 3550 2944 3604 saepe
2973 3537 3180 3607 integra
3218 3543 3415 3599 manet,
3440 3534 3489 3587 si
3514 3547 3760 3602 sequens

2172 3628 2381 3699 syllaba
2417 3644 2449 3683 ιι
2472 3627 2643 3681 vocali
2675 3627 2879 3695 incipit,
2912 3635 2975 3681 ut
2998 3626 3279 3692 subaudis,
3307 3624 3532 3687 subesse,
3561 3624 3757 3690 subire,

2170 3720 2476 3784 subsistere,
2503 3717 2709 3772 subula.
2742 3716 2950 3782 Sanies,
2975 3718 3265 3782 soccordia,
3293 3717 3439 3782 sitis;
3460 3723 3519 3770 et
3545 3715 3600 3769 ἰιι
3631 3728 3759 3768 neu-

2168 3818 2260 3867 tro
2271 3807 2511 3881 sulphur,
2537 3808 2860 3877 scrupulum,
2890 3810 3089 3878 sinape,
3112 3808 3255 3874 siler,
3272 3806 3621 3877 singulariter
3642 3813 3760 3859 tan-

2172 3906 2289 3955 tum
2313 3900 2585 3955 dicuntur.
2618 3895 2726 3952 Sed
2757 3898 3014 3971 Virgilius
3043 3897 3254 3967 (Georg.
3299 3913 3383 3962 ιιι,
3421 3894 3550 3966 μθ)
3584 3914 3598 3949 :
3630 3893 3758 3949 Sul-

2170 3994 2342 4066 phura
2369 3994 2513 4057 viva;
2542 4000 2599 4046 et
2634 3990 2950 4047 Terrentius
2987 3988 3269 4043 masculini
3294 3986 3575 4058 scrupulus
3599 3986 3755 4055 3n

2173 4084 2376 4143 retulit.
2411 4082 2566 4148 Sero,
2591 4099 2759 4147 seras,
2790 4081 2961 4136 seravi
2988 4095 3020 4135 a
3047 4078 3361 4141 claudendo,
3392 4092 3515 4147 qua
3541 4076 3759 4131 veniunt

2170 4192 2207 4233 a
2227 4194 2367 4243 sera,
2394 4176 2452 4232 id
2475 4184 2578 4240 est,
2608 4189 2861 4244 vespera;
2887 4181 2943 4229 et
2964 4172 3095 4241 quia
3124 4187 3270 4235 sero,
3307 4169 3361 4224 id
3397 4177 3507 4233 est,
3538 4182 3761 4239 vespere

2171 4268 2452 4325 civitatum
2476 4267 2872 4325 obclauduntur
2906 4273 3105 4334 portae,
3136 4271 3193 4319 et
3223 4261 3349 4317 inde
3375 4276 3541 4326 serae,
3568 4261 3625 4316 id
3647 4267 3757 4324 est,

2172 4366 2376 4425 vectes,
2418 4360 2615 4428 quibus
2652 4366 2824 4430 portae
2858 4356 2943 4411 vel
2986 4354 3178 4411 hostia:
3218 4352 3303 4426 [L.
3343 4350 3510 4424 ostia]
3542 4351 3759 4407 urbium

498 4438 568 4494 ad
592 4438 832 4494 vocalem
862 4440 1204 4510 incipientem
1228 4445 1379 4499 verbi
1401 4446 1625 4516 alicujus
1645 4449 1886 4515 accedit;
1911 4465 2070 4520 quam
2174 4448 2552 4515 obﬁrmantur,
2590 4449 2731 4505 utin
2754 4446 2965 4517 psalmo
2992 4463 3006 4499 ε
3037 4444 3303 4510 Quoniam
3332 4442 3650 4512 εοηῖονιαδίε
3674 4455 3756 4495 ⁸⁸⁸

497 4533 533 4587 d
560 4548 670 4589 non
699 4531 913 4601 accipit,
952 4533 996 4586 si
1028 4532 1095 4588 ad
1129 4552 1163 4591 u
1203 4546 1587 4595 consonantem
1624 4541 1875 4609 accedat;
1906 4549 1966 4597 ut
1992 4542 2079 4597 ul-
2102 4530 2125 4539 ”

498 4641 617 4680 sero
660 4623 949 4695 redulcero,
990 4643 1088 4697 ago
1134 4628 1331 4702 redigo,
1377 4647 1437 4686 eo
1484 4632 1674 4700 redeo;
1717 4651 1840 4689 uoco
1875 4651 2074 4705 revoco,

494 4717 644 4772 uinco
672 4715 897 4771 reuinco.
935 4716 1135 4791 [Rubor
1157 4722 1321 4777 arbor
1348 4731 1464 4791 est;
1496 4721 1678 4779 Robur
1701 4725 1938 4781 virtutis.
1963 4725 2079 4783 Ru-

494 4810 595 4865 bor
618 4807 857 4883 coloris].
899 4808 1121 4866 Roseum
1164 4829 1264 4885 per
1301 4831 1346 4869 e.
1389 4815 1711 4872 Roseaceum
1740 4819 1987 4875 mixtum.
2024 4816 2077 4877 Β

498 4903 850 4977 sequentibus
876 4922 931 4972 a,
960 4923 1015 4975 u,
1054 4909 1325 4965 vocalibus
1347 4926 1454 4968 non
1482 4912 1778 4983 aspiratur;
1811 4919 1873 4968 ut
1898 4929 2076 4983 arcus,

472 4997 691 5069 _urtica,
709 5013 878 5064 urna;
903 5001 1105 5057 notatis
1132 5004 1419 5075 aspiratur,
1450 5012 1510 5060 ut
1545 5004 1700 5072 hara,
1729 5007 1947 5074 harena,
1981 5008 2077 5065 ha—

498 5090 689 5151 rando.
713 5087 761 5144 Β
786 5100 1043 5161 sequente
1066 5109 1093 5146 e
1119 5093 1362 5150 vocalem
1389 5096 1580 5153 leviter
1601 5098 1845 5167 ell‘ertur,
1869 5106 1931 5156 ut
1955 5117 2077 5159 erus

497 5197 705 5249 eruum,
736 5199 912 5254 ergon.
941 5182 998 5237 Si
1033 5194 1155 5254 post
1184 5202 1211 5238 r
1235 5194 1494 5257 sequatur
1523 5189 1551 5242 b
1580 5189 1665 5245 vel
1698 5206 1731 5243 η
1769 5189 1854 5247 vel
1876 5208 1903 5247 s
1935 5190 2021 5246 vel
2048 5208 2079 5248 ι

498 5271 677 5343 longa,
711 5280 839 5330 tunc
867 5274 1104 5346 graviter
1138 5275 1444 5347 profertur;
1487 5286 1548 5334 ut
1584 5279 1777 5347 herba,
1809 5281 2075 5350 herbidus,

498 5361 733 5430 herbilis,
760 5363 1044 5430 herbosus;
1082 5367 1359 5437 proprium
1385 5370 1581 5435 hernte,
1620 5374 1760 5427 unde
1785 5380 1867 5427 est
1894 5393 1907 5427 :
1939 5373 2079 5428 Her-

497 5454 619 5510 nica
647 5471 779 5511 saxa
813 5457 990 5512 colunt
1016 5470 1063 5512 α.
1110 5456 1359 5523 Hersilia,
1398 5460 1627 5528 heredes,
1654 5463 1945 5532 heredium,
1968 5464 2079 5520 He-

500 5546 679 5603 renius
700 5549 999 5619 proprium,
1026 5556 1081 5604 et
1110 5548 1382 5605 Hercules.
1918 5554 1938 5570 ‘

566 5672 599 5717 ,ι
639 5660 814 5741 Virg.,
841 5658 971 5716 En.
998 5675 1100 5731 vn,
1137 5658 1260 5718 684.

2174 4532 2268 4607 ras
2296 4548 2568 4609 portarum
2594 4548 2805 4594 tuarum
2837 4535 3065 4610 (Psalm.
3095 4550 3297 4598 cnvn,
3326 4534 3438 4604 l5).

2249 4628 2403 4696 Sero,
2441 4628 2596 4695 seris,
2631 4629 2760 4696 seri,
2796 4643 2828 4683 a
2857 4628 3190 4685 seminando.
3242 4623 3372 4681 Sero
3415 4618 3677 4691 rumiires,
3702 4621 3759 4676 id

2178 4729 2285 4787 est,
2318 4718 2563 4789 devulgo.
2600 4716 2820 4784 Servile,
2851 4716 3016 4782 civile,
3055 4724 3111 4770 et
3142 4715 3272 4769 olive
3297 4728 3393 4783 per
3414 4729 3442 4767 υ
3469 4711 3757 4768 scribenda

2177 4818 2324 4877 sunt,
2351 4811 2370 4864 i
2398 4810 2558 4880 longa
2600 4815 2727 4869 ante
2754 4807 2794 4863 l.
2834 4807 3031 4865 Seruus
3068 4815 3125 4862 et
3147 4822 3315 4863 siccus
3341 4817 3442 4874 per
3464 4802 3575 4860 duo
3594 4819 3653 4865 u,
3684 4803 3758 4856 ita

2177 4911 2241 4959 ut
2275 4903 2429 4975 prior
2468 4902 2781 4973 digammon
2820 4901 2927 4967 sit,
2966 4912 3201 4971 sequens
3227 4896 3450 4959 vocalis.
3492 4892 3761 4951 Similiter

2176 5013 2407 5071 parvus,
2442 5012 2635 5067 pravus
2677 5002 2735 5051 et
2770 5010 2976 5049 coruus.
3030 4992 3350 5064 [Servitium
3392 4983 3761 5043 multitudinis

2177 5104 2459 5147 servorum
2489 5094 2589 5143 est.
2615 5084 2851 5144 Servitus
2879 5083 3127 5141 condicio
3153 5079 3444 5139 serviendi.
3476 5076 3587 5133 Sed
3612 5083 3761 5131 vete-

2177 5195 2267 5236 res
2290 5178 2664 5235 indilferenter
2689 5174 2972 5232 servitium
2996 5188 3098 5243 pro
3123 5170 3410 5229 serviendo
3434 5170 3756 5238 posuerunt.

2176 5271 2375 5331 Similis
2422 5287 2541 5327 sum
2584 5271 2659 5325 tui
2705 5269 2967 5325 moribus.
3023 5266 3225 5323 Similis
3270 5279 3389 5320 sum
3426 5264 3525 5318 tibi
3569 5254 3757 5329 facie]

2179 5363 2333 5421 Sicut
2359 5363 2560 5435 primus
2589 5378 2620 5417 e
2646 5360 2863 5426 multis;
2897 5369 2952 5416 et
2973 5359 3121 5431 prior
3163 5373 3231 5413 ex
3256 5354 3496 5423 duobus;
3525 5352 3604 5407 ita
3634 5361 3759 5419 pos.-

2175 5465 2385 5512 tremus
2433 5456 2500 5511 de
2535 5453 2741 5519 multis,
2788 5462 2845 5509 et
2872 5451 3195 5522 posteriore
3223 5447 3449 5505 duobus.
3490 5442 3757 5506 Solemus,

2175 5562 2242 5603 eo
2281 5545 2426 5616 quod
2468 5547 2609 5603 solet
2647 5546 2705 5602 in
2749 5559 2891 5602 anno
2934 5558 3034 5613 per
3071 5557 3238 5598 unum
3267 5538 3305 5595 l.
3364 5536 3471 5592 Sed
3502 5542 3562 5591 et
3588 5549 3645 5586 ιη
3670 5548 3759 5588 se-

2180 5660 2618 5785 i1_1’dﬂriclinittur
2641 5662 2759 5716 cod.
2799 5674 2902 5716 ms.
2942 5657 3143 5729 Regius
3172 5649 3517 5711 Parisiensis.
3545 5645 3756 5705 Cetera

2220 5749 2250 5783 η
2315 5748 2342 5785 c
2368 5747 2507 5784 lCllln
2540 5769 2553 5783 .

2220 5749 2250 5783 )l
2280 5747 2553 5785 (lCllClllnl.
