4062 6346
361 264 465 324 917

1337 255 1789 319 DIDASCALICA
1822 234 1895 299 έ-
1926 251 2021 312 an
2055 236 2619 313 aerumnarum.

3508 255 3637 315 918/

359 383 550 456 quenti
582 379 787 456 syllaba
828 381 1126 440 secundum
1168 376 1509 437 Priscianum
1553 376 1707 448 iungi
1749 371 1930 431 debet.
1953 369 2010 431 Δ
2034 383 2253 423 veneunt
2289 377 2435 440 terga
2466 368 2753 438 fatigamus
2782 365 2958 423 hasta.
2997 365 3135 436 Quia
3160 366 3306 440 quod
3331 368 3613 425 hominum

360 476 483 551 [Sal
507 478 565 533 in
590 482 821 546 utroque
845 491 1072 543 numero
1095 472 1438 538 declinatur;
1462 471 1559 528 sed
1586 466 1937 539 singulatim

360 569 444 626 sol
487 570 664 638 ipsum
702 568 969 622 luminare
1013 565 1316 638 signiﬁcat;
1356 572 1412 618 at
1450 562 1592 618 soles
1636 561 1783 630 ipsos
1816 558 1938 616 dies

359 661 721 724 nominamus,
765 660 819 714 in
845 658 1041 729 quibus
1081 657 1161 711 sol
1197 664 1369 712 totum
1407 654 1691 708 inluminat
1729 649 1931 721 polum.

359 750 613 806 Nonnulli
649 758 831 805 tamen
871 756 1111 802 veterum
1155 747 1271 815 ipsa
1303 745 1551 801 carmina
1577 734 1716 797 soles
1758 740 1941 795 nomi-

359 855 584 906 navere,
610 839 748 894 sicut
775 838 991 893 Oratius
1029 851 1253 891 exorsus
1281 842 1393 900 est;
1453 833 1588 888 soles
1618 848 1758 886 meos
1791 828 1935 884 omni

361 931 592 989 ecclesiae
614 940 796 986 vestrae
818 928 1141 984 commendo.
1181 928 1251 984 Et
1276 927 1425 983 Maro
1463 925 1671 997 (Eclog.
1697 939 1775 991 lx,
1802 921 1930 995 82):

1208 1084 1351 1143 Saepe
1374 1095 1471 1141 ego
1489 1082 1666 1143 longos

512 1147 755 1202 (laniando
775 1158 987 1221 puerum
1004 1145 1208 1219 memini
1228 1158 1309 1195 me
1331 1145 1546 1199 condere
1563 1144 1717 1207 soles.

362 1275 568 1333 Solium
589 1274 807 1346 proprie
834 1273 978 1330 sedis
1003 1271 1200 1343 regalis
1224 1279 1328 1336 est,
1360 1256 1722 1326 unde'Graece
1746 1266 1931 1323 basili-

362 1381 449 1421 cas
504 1364 731 1420 thronus
775 1374 1020 1420 vocatur.
1069 1362 1308 1423 Samnio.
1335 1378 1444 1418 non
1482 1362 1762 1426 somnior;
1790 1376 1965 1432 som—_

360 1456 521 1522 niavi,
550 1472 659 1517 non
687 1456 985 1512 somniatus
1014 1471 1157 1511 sum.

426 1536 612 1619 l’SOrS.
639 1550 832 1611 tortis;
862 1559 919 1605 et
942 1564 1056 1611 sors
1082 1548 1249 1605 sordis
1278 1547 1496 1604 dicitur.
1529 1545 1683 1602 Unde
1704 1543 1934 1601 Ambro-

358 1639 500 1697 sius:
518 1640 737 1697 Hundet
768 1658 942 1707 vassa,
972 1658 1036 1696 ne
1059 1644 1173 1696 sors
1201 1640 1382 1713 aliqua
1402 1640 1506 1711 uini
1531 1638 1757 1709 gratiam
1779 1637 1934 1690 deco-

358 1729 508 1786 loret.
555 1731 793 1786 Tametsi
836 1740 1034 1803 negant
1065 1712 1513 1804 quidemsordem
1540 1728 1935 1785 nominativum
1963 1712 2012 1775 Β

357 1821 691 1892 singularem
739 1822 982 1895 habere].
1033 1823 1298 1893 Spondeo,
1325 1820 1579 1893 spopondi
1621 1820 1675 1874 in
1697 1818 1936 1875 secunda

359 1912 567 1982 syllaba
594 1930 620 1968 s
646 1913 863 1979 amittit,
887 1912 1037 1969 velut
1058 1912 1333 1969 Prisciano
1358 1912 1555 1981 placet.
1585 1909 1937 1981 [Sterceratos

356 2014 522 2070 agros
554 2015 662 2056 non
700 2013 1011 2058 stercoratas
1050 2005 1220 2069 dicas,
1258 2004 1454 2075 quibus
1491 2010 1703 2056 stercus
1740 2001 1807 2054 ad
1851 1998 1934 2054 fe-

359 2090 706 2147 cundandum
755 2091 1031 2165 infertur.]
1086 2092 1274 2149 Studia
1310 2092 1404 2148 tibi
1433 2092 1566 2161 feci,
1595 2092 1647 2148 id
1675 2101 1781 2157 est,
1809 2092 1938 2149 dum

360 2184 551 2253 studeo
576 2184 697 2240 tibi.
746 2183 935 2241 Studia
964 2197 1053 2240 tuo
1078 2187 1179 2255 feci
1219 2188 1295 2252 id,
1340 2196 1395 2242 te
1419 2188 1688 2243 studente.
1731 2185 1938 2257 [Sumi-

358 2293 499 2344 nius,
534 2293 659 2333 cum
699 2279 803 2347 ipsi.
829 2280 1124 2349 accipimus
1165 2280 1233 2334 ab
1274 2279 1400 2334 alio.
1447 2279 1538 2334 Sic
1568 2294 1691 2333 cum
1722 2278 1936 2343 damus,
1976 2318 1991 2334 .

360 2368 645 2424 dicendum
678 2368 885 2439 accipe;
920 2385 1041 2424 cum
1072 2368 1437 2439 permittimus
1476 2369 1579 2439 ipsi
1611 2367 1823 2431 tollere,
1855 2367 1936 2422 di-

360 2463 591 2529 cendum
617 2472 702 2522 est
725 2463 919 2537 sume]
949 2462 1165 2535 Summi
1188 2479 1283 2535 per
1309 2482 1343 2535 p
1374 2463 1752 2527 scribendum;
1786 2461 1937 2518 simi-

358 2555 486 2612 liter
511 2564 568 2612 et
585 2534 915 2629 sumpturus.
956 2534 1243 2629 Supervus,
1284 2534 1375 2628 qui
1418 2573 1583 2628 super
1620 2558 1734 2612 vult
1762 2556 1938 2611 videri
1976 2534 1997 2569 ’⁸

360 2663 525 2718 quam
549 2658 651 2707 est.
690 2649 885 2723 Supter
902 2667 1003 2723 per
1025 2668 1059 2722 p
1085 2667 1194 2723 non
1222 2667 1320 2723 per
1346 2652 1374 2705 b
1403 2652 1681 2707 scribitur.
1717 2649 1939 2722 [Supter

359 2749 466 2804 est,
519 2742 659 2810 quod
707 2758 767 2797 re
815 2742 995 2811 aliqua
1044 2743 1322 2810 superiore
1366 2744 1649 2811 premitur.
1718 2738 1936 2809 Suptus,

361 2832 502 2901 quod
530 2833 820 2889 demissum
852 2833 1015 2888 altius
1041 2848 1150 2886 non
1179 2833 1443 2903 tangitur.
1474 2830 1642 2901 Super
1667 2837 1770 2893 est,
1794 2829 1939 2899 quod

360 2924 595 2989 eminet;
651 2941 846 2995 supra,
896 2924 1039 2994 quod
1092 2923 1425 2979 substratum
1479 2921 1683 2990 aliquid
1728 2918 1934 2991 habet].

2036 458 2163 525 fuit,
2191 460 2514 523 animalibus
2542 460 2818 529 imposuit,
2840 467 2898 519 et
2926 467 3012 519 est
3035 463 3505 533 cacosynthetonr

2109 550 2369 629 Tinguere
2412 551 2697 613 dicendum
2740 559 2850 616 est,
2898 567 3009 609 non
3051 552 3268 623 tingere.
3324 551 3611 613 Tanaitas

2035 639 2152 695 sine
2181 641 2435 708 consilio;
2487 643 2709 697 audacia
2740 650 2860 712 post
2899 643 3204 698 consilium.
3246 641 3611 713 Temperantia

2035 732 2369 797 animorum;
2419 733 2723 802 temperatio
2763 748 2974 797 rerum;
3022 734 3299 803 temperies
3334 747 3609 785 mm.

2040 820 2213 877 Turbo
2250 823 2296 877 si
2334 822 2406 876 sit
2443 822 2741 891 proprium,
2778 823 3012 876 turbonis
3046 822 3206 890 facit;
3252 822 3298 877 si
3331 820 3592 892 appellati.

2033 928 2162 983 vum
2199 912 2462 977 turbinis;
2512 928 2639 981 nam
2683 913 2797 971 sive
2842 922 3059 979 ventus,
3111 914 3226 968 sive
3271 928 3378 983 quo
3424 912 3616 970 ludunt

2032 1005 2209 1076 pueri,
2253 1004 2343 1059 hic
2376 1004 2535 1059 turbo
2574 1003 2791 1058 dicitur.
2842 1004 3095 1073 Virgilius
3138 1002 3291 1074 (xEn.
3318 1018 3418 1068 vn,
3454 1000 3610 1075 579):

2643 1111 2794 1163 Torto
2813 1112 2904 1161 sub
2928 1114 3137 1161 verbere
3167 1113 3326 1162 turbo.

2104 1215 2265 1285 312
2293 1214 2601 1288 [Telaneum
2629 1229 2738 1275 non
2758 1214 3074 1281 thelancum,
3104 1214 3162 1279 id
3181 1223 3282 1281 est,
3311 1223 3452 1283 pert
3481 1216 3615 1270 sini-

2032 1306 2229 1377 plicem
2268 1324 2282 1363 :
2315 1323 2422 1361 non
2467 1307 2796 1376 aspiratione
2830 1308 3031 1363 addita.
3081 1307 3177 1361 Est
3218 1316 3396 1362 autem
3426 1308 3615 1365 Grmce

2035 1397 2217 1463 telon,
2260 1397 2451 1451 Latine
2493 1396 2766 1467 vectigal.]
2810 1396 3022 1462 Traho,
3066 1398 3193 1451 veho
3239 1399 3293 1451 in
3344 1402 3617 1468 praeterito

2033 1489 2420 1559 aspirationem
2461 1489 2519 1545 in
2558 1504 2596 1543 ω
2630 1496 2968 1552 convertunt,
3006 1497 3071 1544 ut
3114 1490 3277 1555 traxi,
3317 1492 3449 1544 vexi.
3492 1490 3614 1545 Alia

2031 1580 2322 1650 projiciunt
2369 1581 2792 1651 aspirationem;
2848 1580 3079 1637 dicimus
3133 1582 3277 1636 enim
3331 1581 3615 1650 prehendo,

2036 1680 2091 1726 et
2119 1671 2345 1741 prendo;
2390 1672 2657 1724 vehemens
2692 1678 2750 1725 et
2783 1686 3017 1734 vemens;
3063 1670 3213 1736 nihil,
3244 1669 3335 1733 nil,
3368 1678 3424 1725 et
3444 1669 3615 1725 nihili.

2040 1760 2288 1823 Hercule.
2316 1769 2370 1819 et
2395 1759 2554 1827 ercle,
2581 1759 2728 1831 quod
2753 1767 2837 1816 est
2863 1761 3177 1817 adverbium
3203 1760 3439 1818 iurandi.

2626 1889 2924 1946 LlTTERA
2964 1888 3029 1943 ν.

2124 2000 2302 2069 Vinea,
2354 2004 2401 2059 si
2444 2004 2696 2059 arborem
2741 2002 3037 2072 signiﬁcat,
3066 2003 3122 2057 in
3164 2003 3339 2072 prima
3368 2003 3623 2075 syllaba!

2030 2093 2200 2173 ‘debet
2246 2095 2468 2159 habere;
2502 2095 2642 2149 etin
2682 2093 2917 2148 secunda
2956 2110 3003 2159 e,
3048 2094 3091 2148 si
3127 2095 3197 2148 ad
3234 2094 3621 2164 indulgentiam

2037 2184 2295 2254 pertinet,
2339 2184 2513 2253 prima
2559 2183 2765 2255 syllaba
2792 2201 2839 2250 e,
2889 2191 2945 2239 et
2989 2185 3273 2243 secundai
3318 2187 3533 2251 habeat,
3563 2192 3624 2242 ut

2038 2282 2123 2328 est
2165 2273 2331 2327 venia.
2386 2272 2581 2342 Urgere
2636 2275 2893 2331 debemus
2952 2275 3157 2339 dicere,
3209 2290 3316 2333 non
3367 2290 3620 2345 urguere.

2040 2362 2299 2433 Virgilius
2326 2379 2339 2415 :
2375 2361 2640 2433 Urgentur
2658 2367 2840 2435 pretiis.
2887 2364 3019 2419 Item
3046 2383 3058 2417 :
3085 2363 3279 2435 Urgere
3308 2365 3410 2418 tela
3440 2381 3620 2420 manu.
3694 2390 3701 2397 ι

2051 2453 2265 2521 Vaccus,
2296 2455 2341 2509 si
2368 2456 2620 2511 animalia
2650 2456 2937 2527 signiﬁcat,
2970 2470 3067 2527 per
3101 2471 3167 2521 v;
3196 2455 3242 2509 si
3273 2454 3432 2510 liores
3459 2454 3617 2518 lauri,

2039 2544 2095 2605 id
2125 2555 2225 2609 est,
2265 2545 2460 2611 baccas
2490 2560 2586 2616 per
2615 2546 2643 2599 b
2673 2548 2962 2601 scribatur.
3010 2545 3177 2599 Vallis
3220 2552 3277 2600 et
3303 2542 3496 2599 vallum
3525 2558 3627 2613 per

2039 2652 2069 2692 υ
2094 2638 2442 2692 scribendum
2471 2647 2574 2693 est.
2622 2637 2875 2691 Ballistra
2914 2647 2968 2691 et
2993 2636 3199 2690 ballena
3226 2650 3324 2703 per
3351 2634 3400 2688 b.
3440 2631 3623 2699 Volva,

2039 2727 2182 2797 quod
2230 2735 2312 2783 est
2347 2728 2568 2793 ostium,
2595 2742 2693 2796 per
2724 2745 2771 2781 v.
2818 2726 2986 2785 Balba
3026 2726 3227 2780 mobile
3256 2738 3475 2801 nomen,
3504 2722 3622 2783 bal-

2042 2816 2159 2882 bus,
2182 2817 2357 2884 balba,
2386 2818 2615 2872 balbum.
2647 2819 2799 2885 Quod
2828 2830 2912 2874 est
2940 2819 3264 2887 tardiloqua,
3291 2832 3389 2886 per
3426 2816 3454 2868 b
3474 2800 3626 2870 scri-

2039 2900 2219 2963 batur.
2282 2906 2448 2967 Valde
2496 2910 2809 2977 adverbium
2858 2927 2889 2964 a
2926 2909 3100 2963 valida
3139 2908 3353 2962 nomine
3380 2906 3621 2971 veniens,

363 3011 612 3083 Supplico
660 3013 854 3071 divinae
896 3013 1103 3083 pietati,
1153 3028 1251 3081 per
1280 3014 1384 3067 duo
1424 3030 1479 3083 ρ.
1527 3010 1813 3082 Suppcllea'
1838 3027 1937 3082 per
1967 3062 2011 3083 η
2042 2999 2185 3053 unde
2235 2998 2385 3053 valde
2421 3010 2673 3070 corrupte
2705 3000 2923 3066 dicitur,
2954 3015 3050 3069 per
3076 3016 3104 3052 v
3134 2997 3477 3053 scribendum
3518 3002 3619 3049 est.

362 3062 527 3177 dudrp
552 3106 826 3161 scribitur.
852 3062 1086 3177 sgriam,
1113 3062 1762 3177 Syracusasfsymbblrum,
1797 3062 1937 3167 sibut
1965 3062 2011 3127 Ο
2122 3086 2318 3155 velt“:
2343 3091 2388 3145 Si
2416 3090 2593 3145 limam
2620 3090 2908 3160 εῑεηῑιῖοίιι,
2939 3106 3039 3159 Per
3066 3107 3128 3154 υ;
3162 3089 3207 3142 Si
3236 3087 3418 3169 bellus.
3444 3087 3496 3139 id
3517 3093 3621 3177 es".

360 3194 499 3250 etiin
518 3196 717 3252 veteris
741 3196 913 3262 libris,
941 3196 1022 3252 sic
1047 3198 1103 3251 in
1126 3194 1326 3252 nostris
1345 3211 1444 3267 per
1459 3214 1492 3269 ῃ
1510 3197 1675 3252 scribi
1701 3203 1937 3267 oportet.

947 3345 1249 3404 LITTERA
1286 3350 1352 3404 T.

435 3474 671 3532 Totidem
702 3468 850 3547 pert
876 3476 1149 3543 scribitur,
1175 3479 1299 3547 quia
1333 3494 1364 3534 a
1390 3487 1465 3535 tot
1492 3494 1721 3537 numero
1746 3483 1938 3539 adver-

364 3564 495 3621 biali
523 3568 695 3621 venit.
730 3566 897 3620 Trans
926 3569 1232 3637 praepositio
1260 3569 1527 3625 interdum
1555 3572 1716 3643 plena
1746 3581 1848 3640 est,
1880 3580 1941 3629 ut

362 3656 658 3722 transtulit,
685 3666 915 3724 transeo,
950 3667 1292 3712 transactum.
1340 3660 1400 3715 In
1427 3663 1746 3730 quibusdam
1777 3680 1812 3717 η
1838 3673 1941 3718 ets

364 3747 623 3813 admittit,
666 3755 726 3801 ut
753 3746 1003 3813 traducit,
1032 3747 1222 3802 traicit.
1275 3747 1475 3803 Tabula
1502 3758 1556 3805 et
1581 3751 1760 3821 fabula
1788 3769 1885 3822 per
1910 3753 1939 3807 b

361 3837 971 3912 scribantur.'[Testor,
1020 3838 1222 3909 aliquid
1266 3842 1598 3897 conﬁrmans
1642 3845 1937 3899 sententia.

362 3927 639 3986 Contestor
659 3944 781 3985 cum
801 3930 1033 4000 quadam
1053 3933 1379 3991 auctoritate
1405 3932 1701 3988 allirmans.
1752 3931 1944 3988 Prote-

360 4030 476 4081 uar
496 4020 780 4077 manifesta
804 4022 1047 4077 cavenda
1066 4022 1408 4079 denuntians.
1438 4024 1681 4079 Obtestar
1703 4026 1943 4095 aliquem

355 4109 546 4180 iurare
572 4111 915 4181 compellens.
946 4111 1176 4168 Attestor
1208 4106 1537 4183 aliqucm‘ad
1572 4116 1940 4171 testimonium

359 4217 585 4268 means,
611 4204 705 4275 qui
732 4204 805 4259 sit
831 4204 1093 4274 dignitate
1119 4206 1206 4260 vel
1240 4207 1563 4263 auctoritate
1590 4208 1802 4263 eminus
1851 4206 1957 4280 [ι.-

360 4294 651 4365 eminens].
706 4295 947 4349 Detestor
984 4296 1189 4365 aliquid
1232 4299 1597 4354 execrandum
1654 4315 1935 4369 respuens.

361 4384 673 4455 Triumphat
692 4385 923 4449 hostem,
945 4387 1038 4456 qui
1057 4396 1293 4457 superat.
1323 4386 1632 4461 Triumphat
1651 4406 1751 4446 nos
1773 4391 1935 4458 Deus,
1964 4412 2023 4474 D

359 4490 489 4539 qun
522 4476 811 4546 superandi
835 4476 1022 4532 hostes
1047 4477 1306 4532 auxilium
1333 4479 1543 4535 tribuit.

434 4565 772 4637 Trausmigra
807 4566 1034 4622 verbum
1060 4567 1331 4637 duplicem
1365 4570 1816 4641 signiﬁcationem
1841 4575 1942 4630 ha-

358 4656 486 4733 bet;
534 4658 860 4728 transmigro
889 4658 1058 4725 enim,
1104 4674 1231 4715 cum
1266 4661 1334 4715 de
1372 4660 1492 4717 loco
1521 4662 1588 4717 ad
1622 4663 1800 4720 locum
1836 4666 1944 4725 iter

360 4746 525 4806 facio.
571 4747 708 4805 Item
746 4750 1063 4821 transmigro
1109 4750 1339 4819 dicitur,
1389 4768 1514 4811 cum
1566 4755 1941 4814 additamenta

362 4838 658 4899 accusativi
697 4854 878 4907 casus,
919 4840 975 4895 id
1018 4848 1124 4906 est,
1167 4856 1291 4898 cum
1336 4843 1573 4914 aliquem
1614 4848 1682 4902 de
1716 4846 1837 4903 loco
1872 4848 1945 4904 ad

362 4928 544 4997 locum
571 4929 863 4998 transfero,
890 4939 952 4989 ut
974 4946 990 4987 :
1022 4926 1518 4991 Nabuchodonosor
1534 4940 1942 5011 transmigravit

361 5017 579 5093 iudaice
606 5022 675 5077 ab
695 5018 1030 5079 merusalem
1059 5024 1115 5081 in
1137 5024 1506 5096 Babyloniam.
1536 5027 1943 5102 Transmigrans

361 5114 712 5189 participium
755 5129 912 5185 aequo
950 5114 1259 5185 dupliciter,
1301 5126 1360 5173 et
1401 5121 1468 5175 de
1514 5119 1634 5177 loco
1666 5121 1735 5176 ad
1760 5121 1943 5183 locum

364 5206 642 5271 transiens
669 5206 893 5277 aliquis;
942 5215 1001 5263 et
1026 5207 1192 5264 alium
1217 5211 1284 5265 de
1310 5209 1430 5267 loco
1458 5212 1529 5268 ad
1560 5211 1739 5268 locum
1767 5221 1946 5271 trans-

365 5294 553 5352 ferens
597 5296 961 5369 intelligitur.)
1013 5295 1159 5351 Tunc
1192 5302 1451 5369 temporis
1484 5304 1797 5359 adverbium
1824 5314 1941 5374 est;

368 5398 480 5443 tum
508 5387 733 5444 ordinis.
764 5387 956 5462 [Terga
982 5387 1261 5443 hominum
1292 5399 1418 5445 sunt
1445 5399 1676 5460 tantum,
1708 5395 1948 5466 singula-

370 5477 506 5532 riter
533 5487 752 5552 tergum.
776 5546 777 5549 η
804 5477 1001 5549 Tergus
1050 5481 1461 5551 quadripedum,
1498 5483 1777 5553 pluraliter
1818 5485 1953 5544 facit

370 5578 606 5640 tergora,
631 5569 689 5625 id
712 5578 816 5637 est,
846 5568 1044 5643 coria.]
1072 5570 1197 5626 Ideo
1224 5571 1279 5626 in
1307 5573 1557 5644 exemplo
1584 5576 1729 5644 quod
1772 5593 1953 5649 gram-

372 5663 607 5720 maticus
627 5666 829 5738 posuit,
855 5665 1050 5723 vitiosa
1073 5665 1393 5736 compositio
1413 5673 1495 5723 est
1520 5681 1536 5721 :
1576 5666 1834 5742 Versaque
1851 5671 1950 5743 ju-

2041 3180 2287 3251 pulcher,
2328 3196 2426 3250 per
2462 3182 2489 3233 b
2522 3182 2812 3235 scribatur.
2853 3179 2953 3234 Ver
2985 3190 3037 3234 et
3059 3181 3131 3234 vir
3161 3195 3257 3250 per
3282 3196 3309 3233 v
3335 3166 3624 3232 scribenda

2042 3282 2187 3328 sunt.
2243 3270 2355 3337 Vel,
2401 3274 2446 3327 si
2493 3274 2804 3341 conjunctis
2850 3280 2953 3338 est,
2995 3287 3093 3341 per
3136 3288 3201 3336 v;
3250 3270 3296 3323 si
3341 3270 3625 3323 humorem

2041 3365 2328 3435 significat,
2372 3381 2470 3435 per
2498 3367 2539 3435 f,
2587 3367 2631 3420 si
2670 3366 2891 3430 idolum,
2935 3381 3032 3435 per
3074 3365 3103 3417 b
3144 3362 3485 3419 scribendum
3519 3369 3620 3416 est.

2050 3458 2297 3525 Verbera,
2328 3462 2479 3529 prior
2508 3461 2712 3533 syllaba
2750 3462 2818 3515 ab
2849 3478 2907 3525 v;
2937 3461 3211 3529 posterior
3244 3474 3275 3511 a
3307 3458 3336 3510 b
3376 3455 3622 3524 incipiat.

2046 3550 2299 3618 Ulciscar,
2350 3554 2490 3607 ultus
2536 3569 2654 3607 sum
2706 3551 2855 3606 facit.
2916 3550 3066 3615 Vala,
3114 3549 3255 3603 volas
3304 3564 3335 3601 a
3372 3545 3620 3601 volando.

2052 3641 2202 3709 Vola,
2233 3645 2307 3698 vis
2339 3661 2369 3698 a
2396 3644 2696 3709 voluntate,
2725 3642 2867 3710 quod
2894 3640 3270 3710 imperativum
3303 3635 3624 3690 naturaliter

2042 3750 2149 3789 non
2203 3734 2392 3799 habet;
2448 3734 2572 3802 quia
2629 3734 2889 3802 imperata
2942 3729 3280 3785 necessitatis
3323 3735 3466 3790 sunt,
3513 3740 3623 3780 non

2036 3821 2355 3877 voluntatis.
2394 3820 2516 3892 [Vis
2549 3820 2816 3890 duplicem
2862 3818 3311 3890 signiﬁcationem
3340 3816 3522 3878 habet,
3565 3819 3622 3866 et

2040 3915 2259 3968 virtutis
2286 3914 2566 3977 videlicet,
2599 3912 2742 3982 quod
2772 3910 2960 3966 Graece
2985 3910 3265 3965 A'YNAMIC
3314 3907 3539 3969 dicitur;
3568 3912 3625 3959 ct

2040 4004 2329 4070 violentiae,
2371 4003 2514 4073 quod
2544 4001 2729 4056 Graece
2754 4008 2896 4056 BlAN
2929 4008 3172 4053 vocatur.
3226 3994 3422 4049 Verbea:
3448 3992 3620 4057 vobis,

2042 4096 2111 4151 ab
2137 4112 2165 4148 v
2192 4095 2556 4165 incipiendum
2597 4100 2701 4158 est,
2746 4100 2802 4146 et
2848 4091 2977 4145 facit
3016 4089 3323 4159 genetivum
3367 4086 3624 4152 verberes,

2041 4185 2257 4258 longam
2284 4203 2312 4242 e
2351 4186 2406 4245 in
2454 4186 2691 4241 secunda
2721 4183 2948 4255 syllaba.
3000 4180 3138 4245 Dum
3165 4187 3372 4243 vertex,
3400 4176 3621 4241 cordex,

2041 4278 2250 4337 codexi
2277 4277 2498 4335 brevem
2524 4277 2722 4331 habent
2754 4276 2809 4330 in
2839 4274 3076 4343 obliquis
3101 4272 3341 4339 casibus,
3373 4277 3436 4325 ut
3455 4268 3625 4329 vertis

2044 4369 2144 4435 cis,
2172 4368 2410 4435 corticis,
2438 4369 2645 4425 codicis
2673 4375 2729 4423 et
2756 4374 2952 4422 caetera
2979 4364 3123 4421 talia.

2088 4476 2378 4551 {Ulterior
2420 4487 2478 4533 et
2504 4477 2725 4532 ultimus
2766 4476 3059 4546 positivum
3101 4475 3329 4545 gradum
3369 4488 3478 4529 non
3526 4475 3627 4530 ha-

2040 4569 2221 4641 bent.]
2257 4567 2502 4637 Veniunt,
2545 4571 2637 4640 qui
2675 4568 2940 4635 vendunt;
2977 4577 3215 4634 veneunt,
3246 4569 3337 4638 qui
3376 4568 3623 4623 vendun-

2044 4668 2155 4715 tur.
2210 4659 2469 4715 Velocitas
2510 4660 2713 4730 pedum
2760 4667 2817 4713 et
2860 4673 3179 4729 corporum;
3217 4658 3471 4715 celeritas
3510 4658 3629 4713 ani-

2044 4766 2258 4807 morum
2288 4758 2343 4805 et
2368 4750 2655 4805 factorum.
2694 4746 2874 4814 Ulcus,
2902 4749 3047 4819 quod
3074 4748 3333 4804 nascitur.
3368 4746 3625 4821 [Vulnus,

2042 4841 2185 4913 Quod
2230 4855 2329 4911 per
2374 4840 2539 4895 alium
2585 4841 2665 4894 ﬁt.
2718 4838 2912 4911 Urgeo,
2957 4854 3071 4895 non
3095 4855 3284 4911 arguo.
3327 4839 3620 4912 Virgilius:

2045 4933 2313 5001 Quibusve.
2361 4941 2612 5005 urgentur
2661 4948 2845 5004 potente.
2911 4930 3093 5005 Ungo,
3139 4933 3303 5001 unci;
3345 4934 3615 5004 quomodo

2039 5029 2227 5102 pingo,
2276 5026 2446 5097 pinxi,
2493 5033 2723 5095 uterque
2750 5024 2871 5080 sine
2912 5040 2984 5092 u;
3038 5033 3279 5081 attamen
3322 5025 3391 5079 ad
3429 5038 3629 5078 nomen

2044 5116 2402 5175 derivativum
2458 5116 2639 5182 addit;
2705 5123 2769 5170 ut
2822 5115 3040 5188 pinguis
3080 5112 3358 5187 unguine].
3429 5110 3618 5176 Vulva,

2043 5210 2236 5276 malva,
2294 5209 2431 5265 stiva
2482 5223 2582 5279 per
2625 5226 2655 5263 υ
2696 5207 2822 5264 loco
2883 5207 3235 5264 consonantis
3296 5201 3620 5260 scribentur.

2055 5302 2245 5370 Valde,
2279 5316 2376 5374 per
2423 5300 2817 5357 detractionem
2864 5301 2883 5356 i
2926 5301 3119 5355 litterae
3158 5299 3275 5365 hoc,
3308 5295 3626 5352 adverbium

2048 5395 2253 5453 dictum
2283 5402 2383 5461 est,
2417 5393 2572 5465 quasi
2609 5392 2797 5449 valide.
2813 5392 2999 5449 Valide
3032 5393 3177 5448 enim
3203 5391 3414 5459 integra
3437 5389 3622 5451 dictio.

2058 5484 2229 5542 Villus
2249 5497 2334 5544 est
2352 5487 2760 5550 vestimentum;
2790 5482 2916 5538 villa
2942 5481 3230 5553 possessio.

2125 5576 2285 5649 [Vas,
2327 5577 2492 5641 vadis,
2536 5575 2603 5630 de
2643 5574 2852 5639 fenore,
2898 5586 3095 5643 genere
3135 5569 3453 5626 masculino.
3500 5566 3628 5635 Vas,

2056 5672 2219 5728 cassis
2243 5672 2308 5727 de
2332 5669 2549 5727 vasculo
2576 5665 2873 5740 neutrum],
2901 5674 3132 5739 utraque
3154 5681 3254 5741 per
3278 5682 3338 5734 υ,
3370 5664 3456 5736 fas
3483 5676 3584 5736 per
3606 5662 3633 5735 f
