4062 6346
1309 363 1371 417 Β.
1413 360 1478 417 F.
1516 361 1744 420 ALBINI
1779 359 1913 419 SEU
1945 357 2222 418 ALCUINI
2259 358 2545 418 OPERUM
2579 358 2764 418 PARS
2797 360 2910 419 Vl].

3645 365 3764 425 920

488 464 899 548 indeclinabile;
951 477 1093 537 unde
1138 478 1263 535 fasti
1307 479 1420 535 dies
1441 519 1457 547 ,
1509 480 1707 551 quibus
1747 478 1841 550 jus
1885 480 2052 535 fatur.
2080 480 2137 540 Δ
2159 475 2281 533 ideo
2303 479 2634 553 evangelista
2658 477 2832 538 dixit:
2860 475 3105 553 Vespere,
3129 494 3245 553 quia
3266 478 3484 538 lucescit
3509 482 3768 557 inprima

501 572 693 647 Vesper
736 574 934 632 incerti
998 572 1215 643 generis
1264 578 1379 639 est,
1431 578 1493 625 ut
1533 571 1813 629 Prisciano
1853 572 2064 646 placet;

2171 570 2397 629 sabbati.

487 766 3756 796 Μ

1297 931 2147 1052 OPUSCULUM
2230 934 2920 1052 TERTIUM.

667 1240 711 1278 ν
886 1186 1391 1320 DIALOGUS
1468 1187 1605 1316 DE
1682 1184 2274 1319 RHETORlﬂA
2352 1188 2487 1320 ET
2583 1188 3217 1320 VIRTUTIBUS
3276 1242 3320 1321 ί

818 1506 980 1579 313
1016 1504 1335 1564 MONITUM
1374 1503 1730 1561 PBJEVIUM.

554 1600 811 1671 Dialogus
860 1614 955 1654 seu
1010 1598 1303 1671 disputatio
1353 1598 1536 1671 Caroli
1557 1596 1733 1667 Magni
1758 1605 1816 1652 et
1855 1596 2060 1671 Albini,

484 1675 554 1730 de
597 1668 888 1727 Rhetorica
936 1677 992 1724 et
1032 1668 1354 1732 Virtutibus,
1399 1668 1595 1738 primo,
1649 1677 1911 1738 quantum
1957 1668 2064 1723 sci-

485 1758 626 1819 mus,
688 1741 890 1819 prodiit
919 1738 1229 1819 ‘Hagenoae,
1274 1737 1414 1819 cum
1451 1737 1881 1819 alteronbialogo
1921 1738 2065 1819 inter

481 1808 706 1868 eosdem
730 1812 795 1866 de
818 1808 1130 1873 Dialectica,
1162 1823 1325 1877 opera
1351 1808 1590 1863 Menradi
1620 1808 1887 1873 Moltheri,
1923 1809 2065 1877 typis

482 1881 705 1937 Joannis
759 1880 946 1944 Secer,
995 1894 1137 1933 anno
1191 1878 1352 1944 1529,
1384 1879 1439 1933 in
1483 1880 1561 1943 8°,
1610 1894 1770 1948 quem
1825 1878 2064 1948 libellum

482 1952 646 2007 habui
663 1968 731 2007 ex
768 1942 1097 2005 bibliotheca
1123 1942 1473 2003 Hanoverana
1496 1942 1761 2005 bene-ﬁcio
1782 1942 1885 2003 viri
1914 1949 2066 2003 illus-

482 2023 585 2078 tris
620 2034 673 2077 et
722 2021 921 2091 magni,
958 2027 1079 2091 post
1120 2018 1231 2091 fata
1274 2020 1466 2091 etiam,
1491 2019 1634 2075 inter
1682 2020 2064 2091 eruditosrno-

481 2092 645 2146 minis
664 2092 727 2146 D.
757 2088 1013 2147 Ludovici
1041 2088 1268 2154 Scheid;
1296 2105 1406 2154 quo
1420 2089 1548 2144 olim
1574 2105 1703 2146 usus
1720 2099 1804 2146 est
1823 2090 2065 2145 celeber-

482 2162 653 2217 rimus
699 2161 974 2226 Baluzius,
1021 2169 1183 2230 prout
1224 2159 1477 2231 colligere
1522 2170 1697 2216 estex
1723 2162 1808 2231 his
1831 2159 2065 2231 propria;

478 2247 694 2303 manus,
725 2232 932 2303 primae
952 2229 1163 2303 paginas
1193 2229 1471 2303 inscriptis
1516 2232 1699 2303 verbis
1725 2249 1738 2283 :
1765 2229 2063 2303 Stephanas

480 2298 742 2356 Baluziui
783 2298 1093 2355 Tutelensis.
1124 2299 1182 2354 In
1206 2298 1531 2356 bibliotheca
1558 2301 1807 2361 Thuana,
1839 2298 1968 2353 tam.
1993 2298 2061 2366 ll,

478 2385 605 2493 Bag.
634 2371 789 2453 .255,
837 2379 1149 2425 recensetur
1193 2370 1298 2424 alia
1323 2371 1489 2426 editio
1535 2372 1663 2425 anni
1693 2368 1852 2451 l565,
1880 2370 1936 2423 in
1978 2370 2061 2451 ιτ,

528 2455 670 2493 uaci.
701 2441 1118 2493 nerMatthaaum
1136 2439 1420 2493 Gallenum
1441 2441 1542 2493 sub
1566 2440 1668 2493 hoc
1688 2438 1876 2493 titulo:
1897 2438 2061 2493 Insti-

528 2441 670 2506 uaci,
701 2456 799 2511 per
812 2441 1118 2511 Matthazum
1136 2439 1420 2495 Gallenum
1441 2441 1542 2511 sub
1566 2440 1668 2495 hoc
1688 2438 1846 2511 titulo
1864 2456 1876 2492 :
1897 2438 2062 2511 Insti-

479 2509 1020 2565 tutiones'rhetoricw.
1055 2509 1224 2566 Porro
1248 2527 1436 2566 rursus
1456 2510 1620 2564 aliam
1645 2510 1941 2565 editionem
1961 2509 2064 2564 Pa-

479 2578 768 2650 risiensem
793 2581 918 2635 anni
950 2580 1088 2636 1549
1127 2582 1401 2637 adducunt
1425 2581 1637 2637 Caveus
1662 2588 1720 2635 et
1748 2594 1942 2650 magna
1972 2579 2062 2633 Bi-

475 2649 747 2720 bliotheca
796 2651 1199 2718 Ecclesiastica,
1252 2653 1419 2707 verbo
1473 2650 1749 2704 Alcuinus.
1798 2649 2064 2720 Deinceps

478 2719 621 2792 idem
659 2722 979 2792 opusculum
1027 2722 1291 2792 insertum
1341 2729 1424 2775 est
1453 2719 1769 2792 collectioni
1816 2719 2065 2792 veterum

476 2790 777 2862 rhetorum,
803 2794 1081 2866 impressae
1098 2791 1325 2849 Parisiis
1346 2792 1491 2864 apud
1510 2791 1746 2848 Drouart
1770 2798 1825 2847 et
1848 2790 2065 2858 Perier,

2090 1511 2139 1572 Β
2168 1504 2223 1559 in
2252 1502 2336 1569 4ο,
2379 1517 2542 1573 quam
2570 1512 2752 1559 tamen
2781 1501 3169 1559 Collectionem
3213 1518 3325 1561 non
3371 1507 3629 1566 vidimus.
3669 1510 3758 1571 CL

2167 1574 2537 1642 Quercetanus
2565 1590 2689 1630 cum
2714 1588 2821 1628 uno
2847 1574 2969 1629 cod.
2998 1589 3106 1630 ms.
3132 1583 3190 1629 et
3213 1590 3337 1631 cum
3378 1578 3467 1635 his
3506 1582 3759 1642 editiori-

2164 1646 2267 1701 bus
2290 1660 2445 1700 suam
2481 1643 2726 1724 contulit,
2756 1643 2993 1713 plurima
3032 1654 3217 1724 tamen
3260 1647 3482 1724 menda_
3511 1651 3758 1724 reliqui;

2165 1730 2286 1786 qua:
2328 1730 2427 1786 nos
2464 1714 2781 1786 sustulimus
2807 1729 2915 1786 ope
2944 1714 3228 1786 meliorum
3276 1733 3413 1774 mss.
3467 1714 3760 1778 bibliothe-

2164 1783 2352 1860 carum
2395 1783 3267 1860 S._Emmerami,’_li‘risingengis,
3317 1793 3585 1860 gymnasii
3624 1794 3762 1848 civi-

2165 1857 2293 1910 tatis
2317 1854 2722 1926 Ratisbonensis
2740 1863 2796 1909 et
2824 1853 3084 1926 aliarum';
3111 1853 3479 1926 quorum'llde
3507 1864 3762 1920 carmina

2163 1940 2378 1996 quoque
2413 1924 2491 1980 illi
2524 1923 2795 1996 adjuncta
2834 1924 2890 1996 in
2914 1939 3072 1979 suum
3110 1923 3364 1996 ordinem
3389 1930 3753 1988 restituimus.

2232 1994 2494 2050 Alcuinus
2517 1995 2575 2050 in
2612 1997 2718 2069 hoc
2741 1994 2920 2051 libello
2940 2010 3014 2069 eo
3023 1994 3189 2069 unice
3218 2000 3461 2069 respicit,
3484 2009 3545 2055 ut
3574 2002 3761 2058 tradat

2202 2075 2433 2136 rat-cepta
2470 2066 2666 2136 agendi
2693 2080 2888 2121 causas
2914 2065 3101 2120 civiles
3143 2067 3200 2120 in
3228 2065 3348 2123 foro
3383 2073 3756 2129 contensioso.

2162 2081 2319 2193 {inde
2344 2136 2502 2191 nobis
2531 2136 2823 2191 innotescit
2850 2149 3096 2193 quaenam
3128 2138 3201 2192 sit
3246 2152 3338 2193 ars
3384 2139 3499 2193 illa.
3542 2143 3599 2193 in
3648 2157 3756 2193 (tua

2218 2137 2319 2212 nde
2344 2136 2502 2212 nobis
2531 2136 2823 2191 innotescit
2850 2149 3096 2212 quaenam
3128 2138 3201 2192 sit
3246 2152 3338 2212 ars
3384 2139 3500 2212 illa,
3542 2143 3599 2198 in
3648 2157 3761 2212 qua

2164 2206 2596 2283 sapientissimus
2617 2215 2698 2283 tot
2724 2206 3047 2283 populorum
3065 2215 3258 2283 _rector
3270 2206 3500 2283 Carolus
3523 2206 3757 2283 Magnus

2164 2291 2196 2330 a
2224 2277 2487 2347 magistro
2513 2292 2612 2332 suo
2634 2276 2866 2350 Alcuino
2892 2277 3457 2350 potissimumjnstrui
3478 2276 3757 2350 voluérit;

2162 2361 2359 2421 nempe
2401 2362 2492 2402 ars
2534 2362 2730 2402 causas
2753 2347 2933 2421 varias
2970 2348 3210 2421 partium
3246 2348 3567 2421 litigantium
3598 2347 3764 2409 recte

2156 2413 2409 2493 justeque
2436 2417 2813 2493 componendi,
2851 2413 3297 2493 atque_omnibus
3328 2413 3401 2493 'ad
3425 2420 3607 2492 legum
3635 2422 3760 2493 api-

2162 2502 2255 2558 ces
2273 2487 2542 2558 justitiam
2560 2486 2998 2543 administrandi.
3026 2486 3194 2543 Paulo
3217 2498 3343 2546 ante
3369 2486 3532 2546 tinent
3550 2486 3759 2547 tractat

2162 2557 2242 2640 de
2280 2557 2619 2640 'virtutibush
2651 2558 2980 2640 brevissime
2988 2629 2999 2640 .
3019 2560 3258 2640 quidem,
3288 2637 3296 2640 Α
3333 2562 3429 2616 sed
3489 2575 3755 2640 ρει-γοδς,

2161 2628 2452 2701 ostendens
2477 2627 2657 2701 studia
2690 2627 2918 2701 profana
2948 2627 3108 2701 dirigi
3136 2637 3397 2701 roportere
3436 2633 3507 2686 ad
3534 2632 3754 2690 virtutis

2163 2645 2452 2683 ostendens
2477 2645 2657 2683 Sluma
2690 2645 2918 2698 prorana
2948 2645 3049 2684 ωΙῚ
3092 2646 3108 2683 ι
3143 2645 3397 2701 oportere
3436 2645 3507 2686 au

2163 2698 2424 2767 studium,
2452 2706 2508 2756 et
2535 2699 2639 2757 hoc
2665 2701 2735 2758 ab
2764 2699 2869 2758 illis
2897 2645 3147 2773 impegiri
3174 2715 3284 2761 non
3309 2702 3531 2762 debere.

3714 2886 3732 2944 ξ

1194 2948 1349 3025 Qui,
1383 2965 1565 3028 rogo,
1600 2949 1828 3014 civiles
1857 2948 2076 3028 cupiat
2104 2961 2499 3027 cognoscere
2533 2961 2749 3013 mores

1273 3053 1425 3115 Haec
1454 3058 1772 3133 praecepta
1812 3050 1981 3130 legat
2013 3068 2160 3131 qua;
2188 3049 2356 3115 liber
2386 3051 2513 3115 iste
2544 3058 2746 3117 tenet.

1191 3151 1543 3231 Scripserat
1570 3151 1707 3215 htec
1740 3150 1914 3213 inter
1942 3166 2127 3214 curas
2167 3167 2280 3213 rex
2313 3149 2582 3214 Carolus
2612 3150 2775 3215 aula)
2798 3196 2819 3226 ,

1273 3249 1685 3330 Albinusque
1716 3246 1953 3322 simul;
2001 3245 2108 3311 hic
2135 3247 2313 3311 dedit
2340 3290 2360 3324 ,
2390 3247 2502 3310 ille
2536 3250 2787 3328 probat.

1190 3352 1403 3416 Unum
1434 3368 1600 3431 opus
1630 3349 1992 3422 amborum,
2028 3347 2249 3428 dispar
2276 3347 2391 3411 sed
2417 3366 2610 3413 causa
2637 3349 2917 3415 duorum
2948 3369 2969 3429 ;

1277 3452 1393 3515 Ille
1427 3454 1614 3515 Pater
1640 3450 1894 3524 mundi,
1928 3448 2035 3511 hic
2064 3448 2390 3513 habitator
2416 3448 2632 3529 inOps.

1197 3554 1339 3616 Neu
1372 3559 1620 3615 temnas
1650 3550 1930 3624 modico,
1961 3548 2182 3626 lector,
2220 3567 2336 3631 pro
2373 3566 2642 3630 corpore
2678 3551 2917 3617 librum
2950 3598 2969 3630 ,

1273 3653 1555 3735 Corpore
1589 3651 1978 3736 praamodico
2008 3649 2137 3714 mel
2173 3651 2290 3715 tibi
2318 3658 2531 3733 portat
2566 3653 2706 3735 apis
2736 3654 2910 3733 [Ms.,
2947 3661 3149 3738 apes].

978 3847 1340 3914 CAROLUS
1371 3848 1541 3910 REX

1220 3990 1302 4034 ΕΤ

855 4092 1194 4158 ALBINUS
1233 4088 1669 4153 MAGISTER.

540 4218 810 4275 Cnows.
832 4214 972 4284 Quia
992 4224 1069 4281 te,
1084 4212 1391 4270 venerande
1406 4210 1665 4281 magister
1678 4208 1893 4275 Albine,
1910 4207 2057 4264 Deus

473 4306 696 4363 adduxit
719 4317 776 4363 et
815 4306 1031 4362 reduxit
1057 4296 1110 4372 ιι,
1146 4317 1351 4374 quaeso,
1393 4299 1500 4375 [ut]
1528 4301 1689 4356 liceat
1714 4300 1847 4355 mihi
1899 4308 1955 4356 te
1987 4298 2057 4356 de

471 4398 762 4454 rhetoricae
799 4397 1024 4451 rationis
1064 4395 1351 4466 praaceptis
1379 4408 1670 4464 parumper
1696 4394 2053 4464 interrogare.

471 4487 612 4544 Nam
638 4498 693 4545 te
712 4488 842 4545 olim
866 4488 1087 4543 memini
1117 4487 1341 4552 dixisse,
1372 4495 1541 4541 totam
1570 4486 1685 4555 ejus
1704 4488 1841 4543 artis
1861 4487 1970 4542 vim
1995 4488 2053 4543 in

471 4581 722 4637 civilibus
795 4579 1003 4636 versari
1055 4578 1463 4650 quaestionibus.
1526 4578 1664 4646 Sed,
1735 4586 1798 4633 ut
1852 4579 2058 4649 optime

470 4673 637 4738 nosti,
683 4679 904 4743 propter
948 4671 1329 4741 occupationes
1379 4670 1533 4742 regni
1570 4677 1628 4725 et
1669 4684 1829 4727 curas
1868 4669 2056 4741 palatii

470 4759 529 4815 in
565 4756 938 4831 hujuscemodi
987 4758 1372 4829 quaestionibus
1421 4758 1637 4813 assidue
1691 4773 1791 4814 nos
1845 4758 2056 4815 versari

472 4851 671 4919 solere,
722 4859 781 4907 et
852 4850 1139 4907 ridiculum
1192 4850 1409 4906 videtur
1439 4848 1556 4917 ejus
1601 4849 1736 4904 artis
1782 4858 2055 4920 praecepta

470 4942 732 5011 nescisse,
756 4942 911 5013 cujus
955 4943 1195 5014 quotidie
1219 4943 1577 5013 occupatione
1603 4942 1802 4999 involvi
1829 4958 2056 5001 necesse

469 5040 583 5111 est.
604 5029 808 5088 Verum
840 5048 909 5088 ex
942 5048 1050 5102 quo
1091 5033 1225 5088 mihi
1252 5032 1442 5104 paucis
1475 5033 1584 5089 tuis
1612 5032 1810 5107 [Edit.,
1838 5034 2057 5105 paucis-

470 5120 665 5197 simis]
715 5125 1159 5195 responsionibus
1205 5123 1404 5193 januas
1453 5126 1740 5182 rhetoricae
1786 5127 1921 5182 artis
1966 5125 2054 5182 vel

467 5210 767 5271 dialectica:
825 5215 1139 5272 subtilitatis
1202 5216 1440 5273 claustra
1506 5219 1704 5289 partim
1760 5218 2047 5290 aperuisti,

541 5381 571 5413 ι
597 5368 763 5426 Codd.
797 5370 905 5428 Mss
946 5372 1092 5444 hunc
1120 5370 1334 5428 titulum
1370 5374 1613 5431 habent:
1642 5375 1940 5444 Disputatio
1980 5376 2046 5431 de

470 5437 746 5515 Rhetorica
785 5452 831 5495 et
876 5445 940 5496 de
973 5441 1261 5515 Virtutibus
1288 5447 1653 5515 sapientissimi
1694 5437 1825 5514 regis
1868 5443 2044 5500 Caroli

471 5526 517 5565 ει
544 5512 721 5585 Albini]
746 5514 1001 5585 magistri.
1031 5512 1194 5568 Iidem
1219 5512 1430 5569 codices
1456 5512 2044 5585 prmmittuntcarmen,

471 5581 626 5656 cujus
654 5581 866 5656 initium
900 5602 913 5637 :
950 5584 1077 5650 Qui,
1116 5601 1260 5656 rogo,
1288 5581 1482 5649 civiles,
1515 5595 1644 5651 ctc.,
1686 5586 1900 5640 omissis
1928 5581 2050 5641 ver-

472 5653 621 5708 sibus
647 5668 679 5706 a
726 5652 1062 5718 Quercetano
1091 5652 1195 5711 hic'
1220 5671 1287 5709 cx
1318 5670 1418 5709 ms.
1453 5657 1684 5723 quodam
1711 5657 1926 5722 additis,
1955 5658 2047 5723 qui

474 5723 540 5779 ad
566 5724 865 5799 categorias
891 5726 1184 5797 pertinent,
1226 5735 1281 5779 et
1311 5741 1339 5781 a
1381 5726 1535 5780 nobis
1562 5727 1885 5783 exhibentur
1907 5723 2045 5783 infra

2080 3820 2130 3885 ε
2159 3839 2314 3897 valde
2335 3856 2428 3900 me
2450 3857 2510 3900 ιιι
2552 3858 2647 3901 eas
2674 3846 2917 3903 rationes
2942 3846 3123 3906 fecisti
3154 3850 3457 3921 intentum;
3485 3854 3759 3931 maxime,

2158 3932 2285 4002 quia
2313 3948 2400 3987 me
2430 3932 2486 3990 in
2517 3934 2737 3991 cellaria
2761 3937 3119 3996 arithmetica:
3137 3940 3433 4013 disciplina:
3463 3946 3642 4015 pridie
3667 3962 3754 4004 san

2159 4024 2364 4096 gaciter
2380 4025 2658 4095 induxisti,
2679 4027 2765 4084 vel
2780 4030 3085 4103 astrologia:
3105 4032 3388 4103 splendore
3403 4034 3750 4094 illuminasti.

2227 4113 2392 4187 31E.
2422 4114 2677 4173 Annius.
2730 4118 2873 4176 Deus
2913 4128 2987 4189 te,
3046 4122 3265 4179 domine
3300 4125 3376 4180 mi
3428 4140 3530 4182 rex
3554 4125 3755 4185 Carole

2146 4203 2341 4277 [Μειδη
2365 4205 2572 4281 Karle],
2601 4207 2794 4282 [omni]
2822 4212 3323 4284 sapientiaetumine
3344 4216 3677 4275 illuminavit
3694 4227 3752 4276 et

2158 4297 2401 4354 scientiae
2418 4298 2664 4354 claritate
2687 4302 2919 4369 ornavit,
2941 4310 3001 4358 ut
3021 4319 3129 4360 non
3157 4304 3333 4363 solum
3355 4310 3754 4381 magistram

2157 4390 2372 4461 ingenia
2401 4400 2650 4464 prompte
2671 4396 2947 4467 subsequi,
2976 4398 3072 4453 sed
3094 4399 3263 4455 etiam
3297 4402 3351 4456 in
3376 4402 3564 4460 multis
3595 4403 3753 4461 velo-

2157 4484 2296 4542 citer
2322 4500 2655 4555 praacurrere
2667 4488 2874 4559 possis;
2895 4496 2952 4543 et
2969 4489 3098 4546 licet
3129 4489 3498 4551 ﬂammivomo
3524 4504 3637 4551 tua:
3660 4512 3754 4553 sa-

2156 4576 2375 4647 pientia:
2421 4575 2611 4633 lumini
2659 4579 2896 4635 scintilla
2955 4581 3213 4653 ingenioli
3264 4584 3371 4639 mei
3416 4584 3497 4640 nil
3542 4587 3753 4645 addere

2156 4670 2352 4743 possit,
2374 4678 2577 4737 tamen,
2618 4686 2689 4728 ne
2732 4688 2822 4728 me
2860 4672 3029 4745 aliqui
3082 4675 3485 4731 inobedientem
3533 4686 3753 4746 notent,

2158 4765 2267 4821 tuis
2291 4764 2630 4836 promptulus
2650 4763 2781 4838 [Ed.
2812 4764 3099 4839 promptis]
3124 4766 3461 4839 respondebo
3486 4770 3757 4839 quastio-

2155 4856 2348 4923 nibus;
2380 4865 2438 4912 et
2461 4856 2670 4913 utinam
2694 4865 2805 4914 tam
2822 4858 3113 4930 sagaciter,
3138 4874 3304 4930 quam
3326 4861 3674 4918 obedienter.

2226 4950 2361 5006 ΟΑιι.
2409 4947 2654 5006 Primum
2716 4951 2873 5019 mihi,
2919 4953 3201 5024 magister,
3253 4952 3417 5026 hujus
3453 4956 3591 5011 artis
3632 4954 3753 5028 [vel
3778 4956 3791 4963 ’

2156 5037 2342 5113 studii]
2372 5040 2587 5097 initium
2612 5042 2806 5113 pande.
2833 5073 2904 5085 —
2925 5042 3058 5100 Ana.
3083 5044 3323 5101 Pandam
3345 5046 3505 5117 juxta
3552 5046 3751 5120 [κει.

2156 5130 2344 5205 penes]
2382 5134 2761 5191 auctoritatem
2787 5142 3053 5190 veterum.
3091 5133 3228 5190 Nam
3281 5134 3405 5203 fuit,
3450 5146 3513 5191 ut
3538 5135 3750 5205 fertur,

2155 5223 2426 5295 quoddam
2473 5233 2704 5295 tempus,
2751 5239 2876 5281 cum
2920 5226 2980 5282 in
3034 5225 3182 5298 agris
3227 5226 3476 5283 homines
3533 5230 3751 5301 passim

2157 5385 2213 5442 in
2250 5382 2448 5439 Monito
2470 5383 2672 5454 praevio
2693 5384 2761 5439 ad
2789 5382 3137 5441 Dialecticam
3170 5385 3407 5441 Alcuini.

2227 5455 2255 5495 ι)
2286 5454 2519 5526 Adduxit
2566 5465 2615 5509 et
2645 5456 2873 5509 reduxit.
2925 5457 3003 5512 Ex
3052 5456 3243 5526 Anglia
3273 5457 3535 5512 nimirum
3588 5458 3755 5515 circa

2149 5539 2351 5598 annum
2369 5524 2463 5598 [Si
2489 5535 2611 5594 post
2640 5526 2962 5598 legationem
2980 5524 3303 5593 Romanam,
3310 5536 3383 5598 et
3402 5534 3757 5598 reportatum

2150 5597 2281 5667 inde
2308 5595 2665 5667 palliumpro
2700 5595 2982 5652 'Eanbaldo
3016 5598 3258 5667 archiep.
3305 5595 3653 5653 Tunc—enim
3687 5599 3751 5659 in

2148 5666 2275 5727 suta
2299 5665 2478 5725 Caroli
2513 5665 2690 5738 Magni
2714 5669 2814 5726 has
2831 5677 2979 5726 artes
2997 5665 3410 5736 docere—mit.

3766 5841 3785 5902 ἰ
