4062 6346
315 295 416 358 921

1028 352 1029 357 ,
1127 298 1598 361 omascauca.
1631 328 1703 346 -
1739 298 2012 381 annos.
2052 300 2143 361 ne
2177 303 2507 380 nunr.;sr
2544 307 2732 368 vmr.

3454 319 3565 377 ω

307 418 612 477 bestiarum
641 432 792 475 more
811 419 1165 491 vagabantur,
1191 435 1294 477 nec
1310 422 1521 479 ratione
1541 422 1707 478 animi
1726 420 1883 491 quid-
1906 420 1964 481 Δ
1984 418 2141 487 dere;
2190 420 2440 480 ultimum
2478 439 2544 481 ac
2586 439 2878 495 summum,
2926 430 3071 499 quod
3109 433 3374 491 memoria
3410 450 3558 493 com-

251 558 261 565 .
307 527 493 586 quam,
546 512 642 568 sed
695 510 952 581 pleraque
995 511 1203 568 viribus
1239 513 1482 584 corporis
1535 513 1882 568 administra-

305 609 458 664 bant.
505 600 754 662 Nondum
782 605 964 660 divina
995 605 1185 677 religio
1230 605 1411 679 [Mss.,
1442 606 1639 663 divinae
1665 605 1884 676 religio-

304 697 448 773 nis],
504 698 743 753 nondum
790 697 1013 753 humani
1066 695 1227 753 ofﬁcii
1270 697 1411 754 ratio
1442 698 1740 765 colebatur,
1789 698 1885 756 sed

304 802 451 844 creca
512 794 569 843 et
613 786 902 843 temeraria
955 786 1327 860 [dominatrix]
1380 789 1646 860 cupiditas
1697 788 1767 844 ad
1824 802 1886 845 se

305 878 631 949 explendam
674 877 881 932 viribus
931 878 1174 949 corporis
1220 880 1563 935 abutebatur.
1597 879 1715 948 Quo
1746 888 1882 936 tem-

284 1014 287 1019 ‹
298 986 436 1043 pore
468 970 690 1042 quidam
719 969 803 1025 vir
852 984 1079 1042 magnus
1104 978 1161 1027 et
1205 972 1422 1043 sapiens
1459 973 1728 1044 c0gnovit,
1759 987 1880 1043 quae

300 1064 531 1121 materia
560 1070 614 1119 et
634 1070 832 1134 quanta
860 1063 930 1118 ad
957 1062 1223 1119 maximas
1250 1078 1338 1119 res
1367 1063 1745 1135 opportunitas
1762 1063 1880 1118 ani-

299 1155 408 1213 mis
454 1154 653 1210 inesset
680 1155 978 1220 hominum,
1004 1153 1051 1210 si
1077 1152 1200 1225 quis
1244 1169 1364 1209 eam
1388 1161 1572 1224 posset
1597 1153 1797 1209 elicere
1823 1159 1881 1210 et

299 1247 665 1320 praecipiendo
691 1245 972 1303 meliorem
1002 1245 1245 1303 reddere.
1276 1244 1378 1313 Qui
1406 1247 1679 1317 dispersos
1701 1244 1879 1301 homi-

294 1356 398 1409 nes
419 1342 480 1397 in
519 1340 663 1413 agris
685 1348 741 1397 et
768 1340 825 1396 in
849 1341 1006 1396 tectis
1049 1339 1404 1411 sylvestribus
1424 1339 1638 1397 abditos
1664 1338 1880 1394 ratione

296 1435 530 1505 quadam
581 1434 840 1505 compulit
864 1434 941 1488 in
985 1448 1153 1489 unum
1180 1432 1381 1500 locum,
1430 1441 1487 1490 et
1528 1432 1878 1505 congregavit

295 1541 394 1583 eos
412 1528 467 1583 in
490 1543 677 1591 unum,
702 1528 936 1599 aliquam
962 1527 1200 1596 quietem
1217 1525 1398 1600 [δίκη
1424 1528 1480 1582 in
1501 1543 1664 1583 unam
1685 1541 1876 1596 quam-

290 1632 402 1687 que
429 1618 566 1691 rem]
612 1618 870 1674 inducens
915 1618 1102 1674 utilem
1132 1625 1295 1688 atque
1336 1618 1651 1684 honestam;
1697 1618 1875 1689 primo

288 1717 515 1778 propter
568 1707 907 1764 insolentiam
962 1708 1337 1773 reclamantes,
1411 1708 1603 1764 deinde
1648 1717 1875 1779 propter

1982 511 2354 581 prehenderis,
2375 515 2745 586 pronuntiare.

2056 601 2190 658 CAR.
2234 602 2295 659 Si
2325 605 2593 664 rhetorica
2620 609 2676 664 in
2698 610 2878 668 causis
2900 619 2956 667 et
2974 614 3360 684 quaestionibus
3381 620 3556 677 civili-

1980 695 2084 751 bus
2109 704 2376 765 versatur,
2406 714 2630 758 necesse
2667 710 2774 772 est,
2797 712 2857 759 ut
2903 707 3038 763 mihi
3083 708 3316 780 videtur,
3362 729 3555 771 causas

1982 784 2127 856 ipsas
2162 796 2311 843 certa
2340 789 2542 847 habere
2563 808 2783 864 genera,
2814 811 2936 868 quae
2968 798 3259 858 voluissem
3301 804 3459 871 scire,
3500 814 3556 863 et

1980 876 2244 946 exemplis
2269 878 2403 933 mihi
2443 886 2762 940 monstrari.
2791 915 2862 926 —
2883 885 3016 943 Au.
3045 888 3150 946 Ars
3188 892 3406 962 quidem
3432 895 3556 953 rhe-

1979 966 2165 1022 toricae
2206 966 2387 1039 [Mss.,
2419 969 2713 1047 rhetorica]
2750 974 2806 1030 in
2851 977 3027 1034 tribus
3068 990 3319 1038 versatur
3344 986 3557 1055 generi-

1977 1054 2102 1121 bus,
2145 1056 2332 1123 idest,
2362 1057 2809 1129 demonstrativo,
2865 1065 3233 1136 deliberativo,
3286 1054 3551 1140 iudiciali.

1976 1145 2452 1204 Demonstratiuum
2478 1166 2647 1223 genus
2675 1162 2777 1219 est,
2806 1157 2947 1226 quod
2974 1159 3227 1217 tribuiter
3253 1163 3308 1218 in
3328 1165 3555 1235 alicujus
3598 1162 3601 1165 ﬁ

1976 1244 2142 1292 certae
2181 1252 2427 1309 personae
2453 1239 2667 1297 laudem
2700 1244 2787 1299 vel
2832 1244 3159 1317 vituperium
3191 1250 3373 1323 [Μαίη
3412 1255 3555 1310 vitu-

1975 1329 2362 1403 perationem],
2389 1339 2449 1386 ut
2484 1334 2539 1388 in
2566 1334 2762 1392 Genesi
2803 1337 2869 1393 de
2892 1338 3029 1395 Abel
3054 1349 3111 1396 et
3149 1342 3283 1399 Cain
3306 1344 3503 1417 legitur
3533 1364 3550 1404 :

1977 1418 2223 1490 Respexit
2260 1421 2517 1478 Dominus
2548 1425 2617 1479 ad
2663 1427 2793 1483 Abel
2820 1437 2871 1484 et
2904 1430 2975 1485 ad
3018 1449 3237 1489 munera
3278 1437 3433 1506 ejus;
3483 1439 3554 1494 ad

1975 1509 2110 1566 Cain
2136 1521 2310 1568 autem
2337 1524 2387 1569 et
2414 1515 2486 1570 ad
2528 1534 2745 1574 munera
2775 1522 2891 1592 ejus
2934 1541 3038 1579 non
3066 1528 3309 1597 respexit.
3348 1529 3555 1585 Delibe-

1974 1602 2199 1657 rativum
2246 1614 2331 1661 est
2378 1606 2434 1662 in
2460 1611 2715 1667 suasione
2740 1622 2795 1669 et
2841 1615 3194 1693 dissuasione,
3222 1619 3383 1691 315
3412 1629 3474 1676 ut
3497 1622 3555 1679 in

1972 1696 2208 1769 secundo
2220 1695 2427 1765 Regum
2448 1699 2587 1755 libro
2606 1700 2849 1770 legimus,
2874 1707 3107 1776 qualiter
3122 1708 3300 1781 [Mss.,
3326 1711 3551 1783 legitur,

286 1800 563 1856 rationem
609 1808 769 1869 atque
797 1798 1097 1854 orationem
1135 1798 1427 1853 studiosius
1476 1798 1775 1865 audientes,
1802 1814 1865 1855 ex

1973 1787 2264 1861 quomodo]
2302 1791 2473 1845 suasit
2512 1791 2768 1849 Absaloni
2790 1774 3142 1869 Achitophel;
3164 1810 3224 1857 ut
3255 1774 3425 1860 David
3457 1774 3554 1875 pa;

289 1887 438 1945 feris
460 1890 870 1947 et'immanibus
891 1890 1048 1945 mites
1078 1890 1312 1946 reddidit
1359 1896 1413 1950 et
1439 1898 1771 1946 mansuetos.
1793 1890 1875 1947 Ac

287 1983 432 2038 mihi
450 1982 667 2051 quidem
692 1983 924 2049 videtur,
958 1983 1173 2039 domine
1211 1983 1285 2038 mi
1307 1999 1426 2050 rex,
1454 1984 1558 2040 hoc
1581 1998 1683 2040 nec
1709 1984 1872 2039 tacita

284 2071 489 2146 [Edit.,
515 2061 691 2146 tanta]
714 2114 730 2140 ,
759 2091 860 2130 nec
886 2076 1039 2145 inops
1066 2076 1277 2130 dicendi
1313 2077 1580 2147 sapientia
1609 2076 1873 2147 perﬁcere

282 2165 555 2235 potuisse,
584 2173 645 2220 ut
689 2166 936 2221 homines
961 2180 991 2219 a
1020 2164 1407 2221 consuetudine
1439 2165 1619 2222 subito
1645 2180 1869 2223 conver-

286 2263 453 2324 teret,
481 2265 538 2312 et
557 2256 627 2311 ad
650 2256 890 2313 diversas
910 2256 1035 2311 vitae
1058 2256 1296 2312 rationes
1321 2257 1648 2314 traduceret.

647 2367 848 2441 [QUID
885 2367 992 2425 srr
1032 2367 1508 2441 nnnromcan

362 2484 496 2540 Cm.
536 2482 693 2540 Unde
735 2484 879 2539 dicta
911 2492 995 2539 est
1023 2483 1327 2540 rhetorica?
1356 2515 1427 2526 —
1457 2484 1590 2540 ALB.
1620 2485 1744 2541 Ἀπὸ
1772 2481 1865 2542 eo;

281 2580 575 2655 ρητοριύω,
607 2577 748 2649 quod
774 2584 875 2642 est,
902 2576 1165 2643 declamo,
1186 2592 1305 2643 oro,
1332 2576 1451 2632 dico
1474 2576 1656 2649 [Mss.,
1682 2577 1738 2632 id
1760 2585 1862 2644 est,

279 2672 444 2741 copia
487 2667 818 2741 lucutionis].
848 2698 920 2709 —
939 2667 1072 2724 αλιι.
1100 2667 1183 2723 Ad
1211 2683 1371 2739 quem
1411 2668 1576 2723 ﬁnem
1623 2669 1864 2740 spectat?

275 2791 357 2806 ——
379 2756 513 2818 an.
538 2760 622 2816 Ad
650 2763 787 2817 bene
810 2760 1022 2816 dicendi
1052 2760 1356 2815 scientiam.

355 2854 491 2912 Cas.
517 2856 577 2912 In
605 2856 800 2926 quibus
826 2863 1075 2912 versatur
1097 2856 1296 2911 rebus?
1322 2885 1394 2896 —-
1420 2855 1554 2911 Ann.
1602 2856 1662 2910 In
1693 2855 1864 2912 civili-

266 2949 382 3006 bus
411 2948 491 3021 [id
510 2957 616 3015 est,
651 2947 846 3021 doctis]
891 2949 1298 3018 quaestionibus,
1336 2964 1457 3019 quae
1482 2947 1717 3004 naturali
1745 2949 1862 3004 ani-

270 3041 357 3096 mi
384 3041 600 3111 ingenio
642 3040 852 3111 concipi
890 3048 1136 3111 possunt.
1167 3038 1304 3095 Nam
1333 3040 1477 3096 sicut
1496 3039 1748 3095 naturale
1772 3045 1860 3095 est

1974 1884 2114 1933 trem
2138 1880 2421 1951 perderet;
2444 1881 2520 1954 [et
2543 1884 2833 1958 quomodo]
2859 1884 3055 1944 Chusai
3075 1888 3327 1947 dissuasit
3348 1890 3555 1964 [consi-

1972 1965 2105 2023 lium
2135 1968 2306 2043 ejus],
2336 1980 2395 2029 ut
2443 1988 2626 2046 regem
2668 1976 2919 2032 salvaret.
2940 1978 3205 2036 Judiciale
3233 1991 3336 2049 est,
3361 1985 3415 2039 in
3444 2000 3552 2055 quo

1971 2069 2057 2115 est
2109 2064 2384 2119 accusatio
2429 2073 2486 2121 et
2531 2066 2796 2135 defensio,
2853 2078 2915 2125 ut
2960 2071 3015 2126 in
3052 2072 3277 2130 Actibus
3325 2076 3552 2147 legimus

1969 2150 2372 2223 Apostolorum,
2400 2158 2669 2227 quomodo
2694 2147 2862 2215 Judaei
2890 2176 3012 2217 cum
3044 2162 3286 2221 Tertullo
3314 2170 3549 2237 quodam

1968 2254 2183 2301 oratore
2202 2246 2427 2304 Paulum
2450 2254 2779 2309 accusabant
2807 2254 2947 2324 apud
2968 2259 3255 2325 praesidem
3275 2261 3549 2331 Felicem;

1968 2342 2024 2390 et
2073 2339 2344 2405 quomodo
2391 2339 2593 2398 Paulus
2636 2358 2698 2399 se
2751 2343 3075 2402 defendebat
3112 2348 3253 2419 apud
3300 2353 3549 2410 eumdem

1969 2424 2322 2502 [praesidem].
2375 2431 2512 2488 Nam
2561 2434 2617 2489 in
2653 2434 2873 2503 judiciis
2911 2440 3130 2511 saepius,
3163 2442 3292 2511 quid
3333 2459 3549 2516 aequum

1967 2516 2059 2581 sit,
2091 2518 2382 2587 quaeritur;
2408 2521 2460 2575 in
2488 2522 2961 2592 demonstratione,
2993 2530 3122 2599 quid
3147 2530 3434 2589 honestum
3454 2535 3545 2603 sit,

1966 2607 2308 2680 intelligitur;
2346 2612 2403 2667 in
2431 2613 2836 2685 deliberatione,
2884 2620 3014 2689 quid
3054 2621 3337 2680 honestum
3377 2626 3451 2682 sit
3492 2638 3549 2684 et

1965 2699 2114 2767 utile,
2133 2701 2527 2759 consideratur.

2493 2795 2583 2851 DE
2618 2797 2999 2858 PERIOCHIS.

2033 2880 2166 2938 CAR.
2199 2882 2340 2952 Quot
2386 2885 2553 2941 habet
2599 2903 2765 2945 causa
2809 2892 3278 2953 circumstantias?
3313 2900 3542 2959 -—Ar.n.

1962 2968 2209 3028 Plenaria
2231 2989 2395 3031 causa
2424 2984 2631 3047 septem
2684 2980 2849 3037 habet
2880 2984 3335 3055 circumstantias,
3356 2990 3549 3049 videli-

1962 3071 2071 3129 cet,
2100 3078 2408 3135 personam,
2446 3068 2668 3134 factum,
2696 3080 2926 3143 tempus,
2951 3075 3151 3145 locum,
3184 3084 3423 3149 modum,
3450 3097 3544 3140 oc-

266 3132 813 3241 9¹¹ῗ¹ῗί¹ῗῗ²ῗῖ⁴ἴί¹ἰθῗῗ
839 3128 1322 3241 θῖὶ¹¹ίῗῖ¹ἰῗῗῖῗῖῗ
1344 3137 1861 3241 Ξ¹Ῐ³¹Ῐ¹Ξ¹μέἷ¹ζ¹ἷ¹¹ἓξῖ⁸
1887 3129 1934 3192 θ
1964 3155 2254 3222 σαείοηεωυ
2284 3157 2615 3214 facultatem
2645 3159 2704 3216 Ιιι
2731 3176 2964 3231 Persona
3012 3128 3273 3236 αυωὲῑιιιτ
3296 3128 3423 3241 qui;
3464 3170 3546 3228 fe-

267 3224 663 3282 exercitatione
713 3224 819 3279 hoc
865 3237 975 3279 non
1010 3222 1318 3288 didicerint,
1344 3221 1420 3277 ita
1461 3220 1707 3276 naturale
1734 3218 1851 3277 fere

266 3325 364 3374 est
435 3315 707 3381 omnibus,
769 3314 905 3370 alios
952 3328 1210 3370 accusare
1259 3321 1315 3368 et
1367 3313 1575 3383 seipsos
1626 3326 1861 3384 purgare

267 3406 465 3483 [Μαίη
512 3404 845 3478 defendere],
894 3405 1109 3462 etiamsi
1178 3405 1567 3461 exercitatione
1603 3404 1708 3460 hoc
1750 3420 1861 3461 non

268 3501 588 3561 didicerint.
614 3498 719 3555 Sed
735 3498 921 3553 utilius
942 3505 997 3552 et
1015 3498 1319 3568 promptius
1340 3504 1569 3552 utuntur
1588 3496 1856 3562 oratione,

272 3591 376 3666 qui
398 3590 700 3661 disciplinis
750 3590 1111 3652 instruuntur,
1139 3596 1194 3643 et
1217 3603 1317 3642 usu
1344 3595 1688 3644 exercentur.
1718 3586 1859 3643 Nam

271 3681 534 3739 omnibus
560 3679 811 3735 naturale
836 3687 920 3735 est
943 3678 1109 3749 loqui,
1131 3686 1367 3733 attamen
1387 3679 1616 3734 multum
1643 3678 1860 3736 excellit

270 3773 418 3831 alios
438 3773 530 3844 qui
555 3785 653 3841 per
695 3769 1101 3842 grammaticam
1121 3769 1380 3840 loquitur.

351 3863 488 3920 CAR.
535 3864 679 3919 Bene
708 3862 867 3927 dicis,
892 3860 1189 3931 magister;
1230 3860 1393 3916 etiam
1416 3860 1593 3917 omnis
1616 3861 1729 3916 vita
1764 3877 1861 3918 no-

272 3961 400 4011 stra
456 3952 755 4024 disciplinis
799 3951 1037 4023 proﬁcit,
1068 3959 1122 4006 et
1167 3967 1267 4007 usu
1303 3951 1464 4007 valet.
1520 3951 1860 4022 Quapropter

274 4045 492 4121 [hujus]
540 4046 826 4101 rhetorica:
849 4043 1145 4113 disciplinae
1195 4043 1407 4116 regulas
1452 4044 1611 4111 nobis
1660 4046 1855 4116 pande.

268 4140 419 4197 Nam
447 4139 759 4210 quotidiana
798 4137 1209 4207 occupationum
1238 4136 1533 4193 necessitas
1584 4137 1730 4206 cogit
1758 4153 1858 4195 nos

270 4230 526 4288 exerceri
576 4232 630 4285 in
674 4229 795 4284 illis.
827 4228 893 4284 Et
920 4229 1175 4300 primum,
1210 4243 1331 4299 quae
1354 4226 1534 4300 [Mss.,
1567 4228 1719 4303 quot]
1749 4229 1859 4286 sint

270 4321 428 4379 illius
454 4321 589 4376 artis
614 4323 796 4391 partes
824 4319 1007 4376 dicito.

721 4431 811 4487 DE
845 4429 1187 4488 PARTIBUS
1221 4429 1408 4488 EJUS.

344 4547 482 4602 Ann.
512 4546 659 4601 Artis
686 4543 970 4601 rhetorica:
994 4551 1179 4614 partes
1202 4543 1440 4614 quinque
1468 4551 1593 4599 sunt
1620 4561 1634 4597 :
1664 4542 1853 4599 inven—

268 4642 381 4706 tio,
407 4640 711 4711 dispositio,
737 4638 987 4702 elocutio,
1033 4637 1315 4701 memoria,
1342 4635 1729 4706 pronuntiatio.
1755 4634 1853 4691 Ιη-

266 4734 448 4788 tentio
475 4739 560 4788 est
601 4730 925 4800 excogitatio
974 4743 1158 4784 rerum
1203 4742 1454 4783 verarum
1484 4743 1548 4782 ac
1589 4726 1854 4782 verisimi—

266 4824 431 4890 lium,
462 4839 581 4894 qure
638 4838 857 4879 causam
900 4819 1237 4892 probabilem
1266 4819 1515 4875 reddant.
1567 4819 1854 4890 Dispositio

265 4924 363 4974 est
393 4932 575 4972 rerum
625 4917 964 4971 inventurum
1004 4914 1059 4968 in
1089 4912 1334 4968 ordinem
1363 4912 1691 4967 distributio.
1724 4911 1855 4967 Elo-

266 5007 420 5062 cutio
450 5015 534 5061 est
570 5006 889 5061 idoneorum
918 5004 1207 5059 verborum
1236 5004 1302 5058 ad
1338 5003 1702 5059 inventionem
1755 5017 1850 5058 ac-

267 5096 658 5151 commodatio.
690 5095 947 5150 Memoria
975 5101 1060 5150 est
1077 5093 1233 5148 ﬁrma
1258 5093 1423 5148 animi
1452 5108 1632 5148 rerum
1651 5109 1716 5149 ac
1733 5108 1855 5148 ver-

265 5186 476 5243 borum
514 5188 581 5243 ad
620 5187 984 5243 inventionem
1030 5186 1323 5257 perceptio.
1369 5183 1741 5241 Pronuntiatio
1774 5193 1859 5242 est

263 5294 346 5337 ex
375 5295 562 5335 rerum
606 5289 663 5337 et
686 5282 976 5339 verborum
1006 5279 1269 5350 dignitate
1315 5279 1464 5333 vocis
1510 5286 1567 5333 et
1613 5279 1858 5349 corporis

262 5372 596 5428 moderatio.

349 5462 592 5519 Primum
621 5473 705 5522 est
752 5466 896 5521 enim
931 5462 1197 5530 invenire,
1245 5462 1387 5533 quod
1439 5460 1615 5525 dicas;
1661 5457 1854 5513 deinde

261 5557 423 5627 quod
459 5558 747 5625 inveneris,
793 5560 1108 5628 disponere;
1157 5564 1269 5610 tum
1320 5556 1461 5624 quod
1497 5552 1850 5623 disposueris,

262 5647 463 5705 verbis
500 5652 801 5722 explicare;
852 5658 1043 5722 quarto
1089 5649 1231 5719 quod
1281 5646 1551 5702 inveneris
1593 5644 1854 5715 ctdispo-

265 5739 479 5800 sueris.
517 5751 574 5798 et
612 5744 856 5801 oratione
893 5742 1165 5809 vestieris,
1192 5741 1450 5800 memoria
1495 5738 1847 5811 comprehen-

1962 3246 2130 3314 cerit;
2165 3248 2221 3303 in
2236 3247 2381 3305 facto
2406 3251 2536 3321 quid
2556 3250 2778 3322 fecerit};
2811 3254 2866 3309 in
2904 3263 3167 3330 tempore,
3192 3262 3408 3339 quando
3456 3263 3543 3320 fc-

1961 3339 2129 3406 cerit;
2162 3340 2219 3395 in
2252 3341 2394 3410 loco,
2423 3343 2519 3399 ubi
2572 3342 2777 3401 factum
2806 3347 2910 3414 sit;
2965 3351 3022 3407 iu
3049 3355 3244 3420 modo,
3274 3358 3542 3425 quomodo

1960 3427 2081 3485 ﬁeri
2119 3433 2411 3502 potuisset;
2442 3435 2499 3490 in
2525 3438 2831 3505 occasione,
2864 3455 2963 3496 cur
3012 3441 3197 3500 facere
3244 3447 3539 3517 voluisset;

1960 3520 2015 3576 in
2035 3520 2310 3590 facultate,
2323 3527 2369 3581 si
2397 3527 2447 3582 ei
2474 3529 2843 3599 suppeditaret
2867 3541 3108 3602 potestas
3151 3536 3404 3594 faciendi.
3437 3540 3545 3598 Per

1959 3612 2060 3667 has
2099 3613 2245 3670 enim
2269 3616 2707 3675 circumstantias
2734 3628 2790 3676 et
2817 3624 3128 3681 conﬁrmari
3168 3634 3349 3698 potest
3378 3645 3542 3687 causa

1958 3714 2014 3761 et
2038 3706 2321 3764 inﬁrmari.
2371 3709 2597 3768 Frustra
2624 3710 2769 3769 enim
2812 3714 2868 3771 in
2924 3721 3293 3776 controversia
3343 3725 3543 3794 quaeris

1959 3797 2090 3866 quid
2118 3798 2321 3855 factum
2348 3801 2439 3867 sit,
2464 3802 2510 3858 si
2557 3818 2790 3874 persona
2830 3805 3079 3865 facientis
3122 3810 3314 3866 deerit.
3343 3812 3411 3868 Et
3442 3815 3543 3872 ite-

1958 3905 2078 3945 rum
2099 3906 2386 3961 personam
2414 3891 2617 3951 frustra
2645 3898 2909 3959 ostendis.
2937 3900 2984 3956 si
3009 3898 3211 3957 factum
3230 3918 3339 3959 non
3362 3906 3544 3964 aderit

1957 3997 2224 4053 personae.
2263 3985 2396 4041 Item
2421 3984 2517 4041 tali
2564 3986 2619 4042 in
2658 3987 2775 4044 loco
2803 3989 2909 4061 [vel
2960 3990 3079 4064 tali]
3128 4000 3369 4065 tempore
3416 3997 3539 4055 talis

1958 4089 2048 4131 res
2073 4074 2193 4131 ﬁeri
2217 4091 2324 4132 non
2348 4078 2544 4148 potuit,
2574 4076 2728 4150 [item
2752 4097 2858 4136 non
2887 4097 2952 4137 eo
2978 4084 3139 4140 modo
3168 4084 3286 4140 ﬁeri
3316 4088 3536 4162 potuit],

1956 4177 2018 4224 ut
2060 4170 2280 4237 asseris,
2302 4185 2403 4227 nec
2449 4171 2572 4228 ideo
2599 4171 2781 4229 facere
2802 4174 2971 4229 voluit
2998 4215 3013 4243 ,
3055 4191 3158 4233 nec
3203 4177 3327 4234 talis
3374 4180 3539 4238 homo

1957 4261 2122 4317 talem
2148 4263 2341 4319 habuit
2382 4272 2727 4335 potestatem,
2763 4274 2825 4322 ut
2877 4268 2983 4323 hoc
3018 4268 3203 4326 facere
3249 4274 3535 4343 potuisset.

2028 4352 2162 4409 Can.
2216 4354 2346 4412 Loci
2399 4360 2888 4415 controversiarum
2923 4371 3055 4432 quot
3108 4366 3367 4420 sunt?--
3398 4367 3537 4426 Au.

1878 4482 1935 4545 υ
1957 4446 2089 4504 Loci
2129 4450 2645 4517 controversiarum,
2676 4466 2813 4521 quos
2841 4453 3087 4511 rhetores
3133 4463 3308 4513 status
3347 4474 3537 4515 causa-

1956 4558 2077 4597 rum
2107 4542 2399 4612 appellant,
2433 4543 2488 4598 id
2515 4551 2617 4608 est,
2649 4544 2742 4600 ubi
2772 4546 3001 4615 qumstio
3048 4548 3296 4606 consistit
3321 4559 3376 4605 et
3423 4550 3539 4623 pri-

1954 4643 2103 4683 mum
2131 4644 2237 4684 non
2259 4630 2574 4685 convenerit
2610 4630 2751 4685 inter
2796 4639 3003 4700 partes,
3032 4642 3159 4690 sunt
3205 4635 3536 4709 rationales,
3618 4676 3629 4691 .

1955 4728 2050 4774 aut
2076 4718 2297 4791 legales.

2024 4810 2157 4866 Cm.
2196 4810 2338 4878 Quot
2362 4819 2487 4867 sunt
2511 4809 2839 4868 rationales?
2883 4843 2955 4854 —
2984 4813 3119 4871 Ann.
3161 4815 3421 4886 Quatuor,
3451 4820 3534 4876 vi-

1952 4901 2150 4957 delicet
2176 4902 2329 4970 facti,
2358 4910 2451 4958 aut
2477 4902 2730 4970 nominis,
2770 4912 2864 4960 aut
2910 4905 3208 4977 qualitatis,
3230 4920 3324 4967 aut
3354 4921 3531 4969 trans-

1949 4982 2187 5051 lationis.

2021 5086 2154 5143 Cm.
2185 5086 2531 5157 Singulorum
2577 5089 2821 5160 exempla
2864 5090 3069 5160 profer.
3095 5121 3165 5134 -—
3186 5091 3318 5147 Ana.
3346 5092 3529 5149 Prima

1952 5189 2037 5237 est
2061 5180 2188 5235 facti
2236 5180 2406 5251 ipsius
2454 5182 2848 5249 controversia;
2880 5192 2940 5239 ut
2984 5192 3105 5240 est:
3159 5182 3389 5244 Fecisti;
3424 5202 3531 5241 non

1954 5273 2073 5343 feci.
2106 5274 2175 5327 Et
2204 5272 2317 5329 haec
2343 5274 2516 5344 prima
2541 5278 2904 5333 controversia
2923 5318 2937 5344 ,
2962 5292 3081 5347 quae
3125 5277 3178 5331 in
3204 5276 3347 5332 facto
3394 5293 3527 5333 con-

1958 5374 2085 5430 stat,
2102 5365 2299 5421 dicitur
2311 5366 2686 5435 conjecturalis
2716 5368 3047 5433 constitutio,
3064 5370 3189 5437 quia
3205 5369 3529 5439 conjecturis

1953 5472 2041 5512 res
2063 5456 2389 5526 exploranda
2417 5465 2502 5513 est
2526 5457 2572 5512 si
2604 5457 2841 5523 fecisset,
2866 5471 2933 5511 an
2961 5472 3089 5511 non.
3114 5457 3184 5511 At
3206 5438 3328 5512 cum
3357 5456 3423 5513 de
3447 5438 3535 5512 fa;

1953 5557 2041 5605 cto
2064 5549 2313 5605 convenit
2334 5548 2800 5620 iuterlitigatores,
2818 5556 2944 5601 tunc
2975 5561 3115 5616 saepe
3135 5546 3368 5601 nominis
3392 5561 3525 5602 con-

1952 5642 2268 5698 troversiam
2290 5642 2652 5706 introducunt,
2670 5641 2793 5710 quia
2808 5645 3092 5693 accusator
3110 5653 3304 5708 augere
3319 5639 3524 5694 crimen

1952 5750 2019 5793 ex
2037 5736 2255 5794 nomine
2281 5734 2507 5803 nititur,
2555 5742 2609 5790 et
2634 5731 2885 5787 defensor
2911 5730 3183 5796 minuere;
3228 5737 3303 5797 ut,
3329 5729 3374 5786 si
3400 5727 3523 5800 quis
