  <div class='ocr_page' id='page_1' title='image "/cluster/home/n/w/nwhite01/storage/ocr_20150623/101/hvd.32044004824769/467.png"; bbox 0 0 4062 6346; ppageno 0'>
   <div class='ocr_carea' id='block_1_1' title="bbox 529 215 1129 273">
    <p class='ocr_par' dir='ltr' id='par_1_1' title="bbox 529 215 1129 273">
     <span class='ocr_line' id='line_1_1' title="bbox 529 215 1129 273; baseline 0.005 -2"><span class='ocrx_word' id='word_1_1' title='bbox 529 215 637 273; x_wconf 76' lang='lat' dir='ltr'><strong>sas</strong></span> <span class='ocrx_word' id='word_1_2' title='bbox 1050 244 1065 255; x_wconf 56' lang='grc' dir='ltr'><strong><em>υ</em></strong></span> <span class='ocrx_word' id='word_1_3' title='bbox 1098 228 1129 259; x_wconf 70' lang='grc' dir='ltr'><strong><em>τ</em></strong></span> 
     </span>
    </p>
   </div>
   <div class='ocr_carea' id='block_1_2' title="bbox 1338 191 2965 268">
    <p class='ocr_par' dir='ltr' id='par_1_2' title="bbox 1338 191 2965 268">
     <span class='ocr_line' id='line_1_2' title="bbox 1338 191 2965 268; baseline -0.005 -1"><span class='ocrx_word' id='word_1_4' title='bbox 1338 210 1400 268; x_wconf 80' lang='lat' dir='ltr'><strong>n.</strong></span> <span class='ocrx_word' id='word_1_5' title='bbox 1436 191 1781 265; x_wconf 56' lang='lat' dir='ltr'><strong>Firtme</strong></span> <span class='ocrx_word' id='word_1_6' title='bbox 1817 202 1954 261; x_wconf 72' lang='lat' dir='ltr'><strong>seu</strong></span> <span class='ocrx_word' id='word_1_7' title='bbox 1987 197 2271 259; x_wconf 81' lang='lat' dir='ltr'><strong>ALCUINI</strong></span> <span class='ocrx_word' id='word_1_8' title='bbox 2306 199 2597 260; x_wconf 79' lang='lat' dir='ltr'><strong>OPERUM</strong></span> <span class='ocrx_word' id='word_1_9' title='bbox 2630 198 2813 259; x_wconf 74' lang='lat' dir='ltr'><strong>rans</strong></span> <span class='ocrx_word' id='word_1_10' title='bbox 2849 199 2965 261; x_wconf 81' lang='lat' dir='ltr'><strong>vn.</strong></span> 
     </span>
    </p>
   </div>
   <div class='ocr_carea' id='block_1_3' title="bbox 3684 205 3794 265">
    <p class='ocr_par' dir='ltr' id='par_1_3' title="bbox 3684 205 3794 265">
     <span class='ocr_line' id='line_1_3' title="bbox 3684 205 3794 265; baseline 0 -4"><span class='ocrx_word' id='word_1_11' title='bbox 3684 205 3794 265; x_wconf 64' lang='grc'><strong>994</strong></span> 
     </span>
    </p>
   </div>
   <div class='ocr_carea' id='block_1_4' title="bbox 524 326 3796 402">
    <p class='ocr_par' dir='ltr' id='par_1_4' title="bbox 524 326 3796 402">
     <span class='ocr_line' id='line_1_4' title="bbox 524 326 3796 402; baseline -0.001 -11"><span class='ocrx_word' id='word_1_12' title='bbox 524 346 743 391; x_wconf 87' lang='lat' dir='ltr'><strong>sacrum</strong></span> <span class='ocrx_word' id='word_1_13' title='bbox 770 345 803 387; x_wconf 89' lang='lat' dir='ltr'><strong>e</strong></span> <span class='ocrx_word' id='word_1_14' title='bbox 830 329 950 387; x_wconf 89' lang='lat' dir='ltr'><strong>loco</strong></span> <span class='ocrx_word' id='word_1_15' title='bbox 973 329 1186 401; x_wconf 87' lang='lat' dir='ltr'><strong>privato</strong></span> <span class='ocrx_word' id='word_1_16' title='bbox 1206 326 1560 400; x_wconf 88' lang='lat' dir='ltr'><strong>subripuerlt,</strong></span> <span class='ocrx_word' id='word_1_17' title='bbox 1578 334 1765 385; x_wconf 87' lang='lat' dir='ltr'><strong>utrum</strong></span> <span class='ocrx_word' id='word_1_18' title='bbox 1788 328 1879 385; x_wconf 91' lang='lat' dir='ltr'><strong>fur</strong></span> <span class='ocrx_word' id='word_1_19' title='bbox 1911 331 1983 386; x_wconf 99' lang='lat' dir='ltr'><strong>sit</strong></span> <span class='ocrx_word' id='word_1_20' title='bbox 2006 345 2105 387; x_wconf 89' lang='lat' dir='ltr'><strong>no-</strong></span> <span class='ocrx_word' id='word_1_21' title='bbox 2128 330 2178 391; x_wconf 78' lang='grc' dir='ltr'><strong>Δ</strong></span> <span class='ocrx_word' id='word_1_22' title='bbox 2203 327 2560 402; x_wconf 82' lang='lat' dir='ltr'><strong>pervehitur].</strong></span> <span class='ocrx_word' id='word_1_23' title='bbox 2587 327 2705 397; x_wconf 88' lang='lat' dir='ltr'><strong>Ille,</strong></span> <span class='ocrx_word' id='word_1_24' title='bbox 2726 327 2819 400; x_wconf 88' lang='lat' dir='ltr'><strong>qui</strong></span> <span class='ocrx_word' id='word_1_25' title='bbox 2849 328 2904 384; x_wconf 93' lang='lat' dir='ltr'><strong>in</strong></span> <span class='ocrx_word' id='word_1_26' title='bbox 2934 327 3170 401; x_wconf 76' lang='lat' dir='ltr'><strong>gladium</strong></span> <span class='ocrx_word' id='word_1_27' title='bbox 3194 327 3555 397; x_wconf 91' lang='lat' dir='ltr'><strong>incubuerat,</strong></span> <span class='ocrx_word' id='word_1_28' title='bbox 3602 330 3796 389; x_wconf 82' lang='lat' dir='ltr'><strong>leviter</strong></span> 
     </span>
    </p>
   </div>
   <div class='ocr_carea' id='block_1_5' title="bbox 522 421 2101 492">
    <p class='ocr_par' dir='ltr' id='par_1_5' title="bbox 522 421 2101 492">
     <span class='ocr_line' id='line_1_5' title="bbox 522 421 2101 492; baseline -0.002 -9"><span class='ocrx_word' id='word_1_29' title='bbox 522 425 831 487; x_wconf 79' lang='lat' dir='ltr'><strong>minandus,</strong></span> <span class='ocrx_word' id='word_1_30' title='bbox 863 438 933 478; x_wconf 81' lang='lat' dir='ltr'><strong>an</strong></span> <span class='ocrx_word' id='word_1_31' title='bbox 981 421 1318 492; x_wconf 76' lang='lat' dir='ltr'><strong>sacrilegus?</strong></span> <span class='ocrx_word' id='word_1_32' title='bbox 1352 421 1617 479; x_wconf 80' lang='lat' dir='ltr'><strong>Defensor</strong></span> <span class='ocrx_word' id='word_1_33' title='bbox 1635 424 1726 488; x_wconf 91' lang='lat' dir='ltr'><strong>ait,</strong></span> <span class='ocrx_word' id='word_1_34' title='bbox 1758 423 1932 479; x_wconf 84' lang='lat' dir='ltr'><strong>furem</strong></span> <span class='ocrx_word' id='word_1_35' title='bbox 1957 438 2101 491; x_wconf 89' lang='lat' dir='ltr'><strong>esse,</strong></span> 
     </span>
    </p>
   </div>
   <div class='ocr_carea' id='block_1_6' title="bbox 526 514 2103 591">
    <p class='ocr_par' dir='ltr' id='par_1_6' title="bbox 526 514 2103 591">
     <span class='ocr_line' id='line_1_6' title="bbox 526 514 2103 591; baseline 0 -19"><span class='ocrx_word' id='word_1_36' title='bbox 526 517 653 591; x_wconf 84' lang='lat' dir='ltr'><strong>quia</strong></span> <span class='ocrx_word' id='word_1_37' title='bbox 684 515 773 571; x_wconf 91' lang='lat' dir='ltr'><strong>fur</strong></span> <span class='ocrx_word' id='word_1_38' title='bbox 818 514 1178 586; x_wconf 83' lang='lat' dir='ltr'><strong>quadruplum</strong></span> <span class='ocrx_word' id='word_1_39' title='bbox 1215 514 1374 570; x_wconf 79' lang='lat' dir='ltr'><strong>solvit</strong></span> <span class='ocrx_word' id='word_1_40' title='bbox 1403 532 1418 569; x_wconf 91' lang='lat'><strong>:</strong></span> <span class='ocrx_word' id='word_1_41' title='bbox 1450 525 1735 573; x_wconf 84' lang='lat' dir='ltr'><strong>accusator</strong></span> <span class='ocrx_word' id='word_1_42' title='bbox 1760 518 2103 587; x_wconf 84' lang='lat' dir='ltr'><strong>sacrilegum,</strong></span> 
     </span>
    </p>
   </div>
   <div class='ocr_carea' id='block_1_7' title="bbox 522 606 2107 681">
    <p class='ocr_par' dir='ltr' id='par_1_7' title="bbox 522 606 2107 681">
     <span class='ocr_line' id='line_1_7' title="bbox 522 606 2107 681; baseline 0 -17"><span class='ocrx_word' id='word_1_43' title='bbox 522 611 654 679; x_wconf 86' lang='lat' dir='ltr'><strong>quia</strong></span> <span class='ocrx_word' id='word_1_44' title='bbox 688 606 984 678; x_wconf 82' lang='lat' dir='ltr'><strong>sacrilegus</strong></span> <span class='ocrx_word' id='word_1_45' title='bbox 1035 606 1212 676; x_wconf 85' lang='lat' dir='ltr'><strong>capite</strong></span> <span class='ocrx_word' id='word_1_46' title='bbox 1254 608 1525 677; x_wconf 84' lang='lat' dir='ltr'><strong>plectitur.</strong></span> <span class='ocrx_word' id='word_1_47' title='bbox 1577 609 1645 663; x_wconf 88' lang='lat' dir='ltr'><strong>Et</strong></span> <span class='ocrx_word' id='word_1_48' title='bbox 1700 608 1859 681; x_wconf 77' lang='lat' dir='ltr'><strong>[hzec]</strong></span> <span class='ocrx_word' id='word_1_49' title='bbox 1905 609 2107 664; x_wconf 87' lang='lat' dir='ltr'><strong>consti-</strong></span> 
     </span>
    </p>
   </div>
   <div class='ocr_carea' id='block_1_8' title="bbox 524 696 2103 770">
    <p class='ocr_par' dir='ltr' id='par_1_8' title="bbox 524 696 2103 770">
     <span class='ocr_line' id='line_1_8' title="bbox 524 696 2103 770; baseline -0.001 -14"><span class='ocrx_word' id='word_1_50' title='bbox 524 702 665 757; x_wconf 83' lang='lat' dir='ltr'><strong>tutio</strong></span> <span class='ocrx_word' id='word_1_51' title='bbox 683 698 967 755; x_wconf 76' lang='lat' dir='ltr'><strong>difﬁnitiva</strong></span> <span class='ocrx_word' id='word_1_52' title='bbox 993 696 1221 764; x_wconf 85' lang='lat' dir='ltr'><strong>dicitur;</strong></span> <span class='ocrx_word' id='word_1_53' title='bbox 1249 699 1375 768; x_wconf 87' lang='lat' dir='ltr'><strong>quia</strong></span> <span class='ocrx_word' id='word_1_54' title='bbox 1396 700 1524 770; x_wconf 88' lang='lat' dir='ltr'><strong>quid</strong></span> <span class='ocrx_word' id='word_1_55' title='bbox 1547 702 1619 755; x_wconf 92' lang='lat' dir='ltr'><strong>sit</strong></span> <span class='ocrx_word' id='word_1_56' title='bbox 1641 700 1749 766; x_wconf 90' lang='lat' dir='ltr'><strong>fur,</strong></span> <span class='ocrx_word' id='word_1_57' title='bbox 1772 709 1824 755; x_wconf 93' lang='lat' dir='ltr'><strong>et</strong></span> <span class='ocrx_word' id='word_1_58' title='bbox 1857 701 1985 770; x_wconf 87' lang='lat' dir='ltr'><strong>quid</strong></span> <span class='ocrx_word' id='word_1_59' title='bbox 2010 714 2103 754; x_wconf 88' lang='lat' dir='ltr'><strong>sa-</strong></span> 
     </span>
    </p>
   </div>
   <div class='ocr_carea' id='block_1_9' title="bbox 524 789 2100 863">
    <p class='ocr_par' dir='ltr' id='par_1_9' title="bbox 524 789 2100 863">
     <span class='ocr_line' id='line_1_9' title="bbox 524 789 2100 863; baseline 0 -16"><span class='ocrx_word' id='word_1_60' title='bbox 524 793 759 863; x_wconf 81' lang='lat' dir='ltr'><strong>crilegus</strong></span> <span class='ocrx_word' id='word_1_61' title='bbox 812 789 1177 846; x_wconf 78' lang='lat' dir='ltr'><strong>diffiniendum</strong></span> <span class='ocrx_word' id='word_1_62' title='bbox 1228 800 1312 847; x_wconf 89' lang='lat' dir='ltr'><strong>est</strong></span> <span class='ocrx_word' id='word_1_63' title='bbox 1364 794 1603 858; x_wconf 88' lang='lat' dir='ltr'><strong>ratione;</strong></span> <span class='ocrx_word' id='word_1_64' title='bbox 1672 800 1727 847; x_wconf 93' lang='lat' dir='ltr'><strong>et</strong></span> <span class='ocrx_word' id='word_1_65' title='bbox 1779 793 2100 858; x_wconf 87' lang='lat' dir='ltr'><strong>videndum,</strong></span> 
     </span>
    </p>
   </div>
   <div class='ocr_carea' id='block_1_10' title="bbox 524 880 2106 961">
    <p class='ocr_par' dir='ltr' id='par_1_10' title="bbox 524 880 2106 961">
     <span class='ocr_line' id='line_1_10' title="bbox 524 880 2106 961; baseline 0.002 -24"><span class='ocrx_word' id='word_1_66' title='bbox 524 883 583 938; x_wconf 89' lang='lat' dir='ltr'><strong>in</strong></span> <span class='ocrx_word' id='word_1_67' title='bbox 615 882 771 950; x_wconf 82' lang='lat' dir='ltr'><strong>cujus</strong></span> <span class='ocrx_word' id='word_1_68' title='bbox 817 880 1191 938; x_wconf 79' lang='lat' dir='ltr'><strong>ditlinitionem</strong></span> <span class='ocrx_word' id='word_1_69' title='bbox 1225 885 1414 949; x_wconf 85' lang='lat' dir='ltr'><strong>cadat,</strong></span> <span class='ocrx_word' id='word_1_70' title='bbox 1474 885 1567 956; x_wconf 88' lang='lat' dir='ltr'><strong>qui</strong></span> <span class='ocrx_word' id='word_1_71' title='bbox 1619 899 1834 961; x_wconf 88' lang='lat' dir='ltr'><strong>sacrum</strong></span> <span class='ocrx_word' id='word_1_72' title='bbox 1881 886 1946 941; x_wconf 92' lang='lat' dir='ltr'><strong>de</strong></span> <span class='ocrx_word' id='word_1_73' title='bbox 1991 884 2106 959; x_wconf 87' lang='lat' dir='ltr'><strong>pri-</strong></span> 
     </span>
    </p>
   </div>
   <div class='ocr_carea' id='block_1_11' title="bbox 522 972 2105 1041">
    <p class='ocr_par' dir='ltr' id='par_1_11' title="bbox 522 972 2105 1041">
     <span class='ocr_line' id='line_1_11' title="bbox 522 972 2105 1041; baseline 0.004 -14"><span class='ocrx_word' id='word_1_74' title='bbox 522 981 648 1028; x_wconf 86' lang='lat' dir='ltr'><strong>vato</strong></span> <span class='ocrx_word' id='word_1_75' title='bbox 676 972 796 1029; x_wconf 89' lang='lat' dir='ltr'><strong>loco</strong></span> <span class='ocrx_word' id='word_1_76' title='bbox 814 974 1170 1041; x_wconf 81' lang='lat' dir='ltr'><strong>subripuerit.</strong></span> <span class='ocrx_word' id='word_1_77' title='bbox 1225 973 1283 1030; x_wconf 89' lang='lat' dir='ltr'><strong>Si</strong></span> <span class='ocrx_word' id='word_1_78' title='bbox 1308 991 1439 1031; x_wconf 90' lang='lat' dir='ltr'><strong>vero</strong></span> <span class='ocrx_word' id='word_1_79' title='bbox 1464 978 1604 1032; x_wconf 87' lang='lat' dir='ltr'><strong>inter</strong></span> <span class='ocrx_word' id='word_1_80' title='bbox 1651 985 2019 1033; x_wconf 85' lang='lat' dir='ltr'><strong>accusatorem</strong></span> <span class='ocrx_word' id='word_1_81' title='bbox 2049 983 2105 1033; x_wconf 92' lang='lat' dir='ltr'><strong>et</strong></span> 
     </span>
    </p>
   </div>
   <div class='ocr_carea' id='block_1_12' title="bbox 523 1065 2099 1137">
    <p class='ocr_par' dir='ltr' id='par_1_12' title="bbox 523 1065 2099 1137">
     <span class='ocr_line' id='line_1_12' title="bbox 523 1065 2099 1137; baseline 0.003 -16"><span class='ocrx_word' id='word_1_82' title='bbox 523 1065 859 1121; x_wconf 70' lang='lat' dir='ltr'><strong>defensorem</strong></span> <span class='ocrx_word' id='word_1_83' title='bbox 913 1066 1168 1121; x_wconf 87' lang='lat' dir='ltr'><strong>convenit</strong></span> <span class='ocrx_word' id='word_1_84' title='bbox 1196 1068 1263 1121; x_wconf 91' lang='lat' dir='ltr'><strong>de</strong></span> <span class='ocrx_word' id='word_1_85' title='bbox 1304 1068 1448 1125; x_wconf 89' lang='lat' dir='ltr'><strong>facto</strong></span> <span class='ocrx_word' id='word_1_86' title='bbox 1492 1072 1645 1126; x_wconf 88' lang='lat' dir='ltr'><strong>etde</strong></span> <span class='ocrx_word' id='word_1_87' title='bbox 1674 1072 1890 1126; x_wconf 88' lang='lat' dir='ltr'><strong>nomine</strong></span> <span class='ocrx_word' id='word_1_88' title='bbox 1935 1071 2099 1137; x_wconf 90' lang='lat' dir='ltr'><strong>facti,</strong></span> 
     </span>
    </p>
   </div>
   <div class='ocr_carea' id='block_1_13' title="bbox 522 1158 2106 1232">
    <p class='ocr_par' dir='ltr' id='par_1_13' title="bbox 522 1158 2106 1232">
     <span class='ocr_line' id='line_1_13' title="bbox 522 1158 2106 1232; baseline 0.004 -20"><span class='ocrx_word' id='word_1_89' title='bbox 522 1165 656 1215; x_wconf 86' lang='lat' dir='ltr'><strong>tunc</strong></span> <span class='ocrx_word' id='word_1_90' title='bbox 675 1158 963 1227; x_wconf 64' lang='lat' dir='ltr'><strong>quaerenda</strong></span> <span class='ocrx_word' id='word_1_91' title='bbox 991 1166 1074 1213; x_wconf 87' lang='lat' dir='ltr'><strong>est</strong></span> <span class='ocrx_word' id='word_1_92' title='bbox 1092 1160 1379 1216; x_wconf 64' lang='lat' dir='ltr'><strong>{estimatio</strong></span> <span class='ocrx_word' id='word_1_93' title='bbox 1402 1161 1548 1227; x_wconf 90' lang='lat' dir='ltr'><strong>facti,</strong></span> <span class='ocrx_word' id='word_1_94' title='bbox 1578 1162 1631 1217; x_wconf 88' lang='lat' dir='ltr'><strong>id</strong></span> <span class='ocrx_word' id='word_1_95' title='bbox 1651 1172 1735 1218; x_wconf 90' lang='lat' dir='ltr'><strong>est</strong></span> <span class='ocrx_word' id='word_1_96' title='bbox 1762 1204 1776 1227; x_wconf 94' lang='lat'><strong>,</strong></span> <span class='ocrx_word' id='word_1_97' title='bbox 1830 1163 1992 1232; x_wconf 86' lang='lat' dir='ltr'><strong>quale</strong></span> <span class='ocrx_word' id='word_1_98' title='bbox 2033 1164 2106 1218; x_wconf 92' lang='lat' dir='ltr'><strong>sit</strong></span> 
     </span>
    </p>
   </div>
   <div class='ocr_carea' id='block_1_14' title="bbox 522 1247 2104 1319">
    <p class='ocr_par' dir='ltr' id='par_1_14' title="bbox 522 1247 2104 1319">
     <span class='ocr_line' id='line_1_14' title="bbox 522 1247 2104 1319; baseline 0.004 -16"><span class='ocrx_word' id='word_1_99' title='bbox 522 1247 743 1315; x_wconf 67' lang='lat' dir='ltr'><strong>Pactum,</strong></span> <span class='ocrx_word' id='word_1_100' title='bbox 762 1248 970 1318; x_wconf 89' lang='lat' dir='ltr'><strong>justum</strong></span> <span class='ocrx_word' id='word_1_101' title='bbox 996 1265 1063 1303; x_wconf 90' lang='lat' dir='ltr'><strong>an</strong></span> <span class='ocrx_word' id='word_1_102' title='bbox 1100 1249 1380 1319; x_wconf 90' lang='lat' dir='ltr'><strong>injustum,</strong></span> <span class='ocrx_word' id='word_1_103' title='bbox 1411 1254 1543 1308; x_wconf 89' lang='lat' dir='ltr'><strong>utile</strong></span> <span class='ocrx_word' id='word_1_104' title='bbox 1571 1269 1638 1308; x_wconf 89' lang='lat' dir='ltr'><strong>an</strong></span> <span class='ocrx_word' id='word_1_105' title='bbox 1662 1252 1871 1309; x_wconf 85' lang='lat' dir='ltr'><strong>inutile.</strong></span> <span class='ocrx_word' id='word_1_106' title='bbox 1899 1254 1966 1307; x_wconf 86' lang='lat' dir='ltr'><strong>Et</strong></span> <span class='ocrx_word' id='word_1_107' title='bbox 1988 1255 2104 1309; x_wconf 75' lang='lat' dir='ltr'><strong>hzec</strong></span> 
     </span>
    </p>
   </div>
   <div class='ocr_carea' id='block_1_15' title="bbox 521 1331 2105 1413">
    <p class='ocr_par' dir='ltr' id='par_1_15' title="bbox 521 1331 2105 1413">
     <span class='ocr_line' id='line_1_15' title="bbox 521 1331 2105 1413; baseline 0.003 -15"><span class='ocrx_word' id='word_1_108' title='bbox 521 1342 837 1398; x_wconf 86' lang='lat' dir='ltr'><strong>constitutio</strong></span> <span class='ocrx_word' id='word_1_109' title='bbox 870 1342 1136 1411; x_wconf 74' lang='lat' dir='ltr'><strong>generalis</strong></span> <span class='ocrx_word' id='word_1_110' title='bbox 1169 1343 1367 1397; x_wconf 90' lang='lat' dir='ltr'><strong>dicitur</strong></span> <span class='ocrx_word' id='word_1_111' title='bbox 1387 1386 1400 1408; x_wconf 92' lang='lat'><strong>,</strong></span> <span class='ocrx_word' id='word_1_112' title='bbox 1457 1331 1611 1413; x_wconf 79' lang='lat' dir='ltr'><strong>cujus</strong></span> <span class='ocrx_word' id='word_1_113' title='bbox 1666 1346 1769 1400; x_wconf 87' lang='lat' dir='ltr'><strong>hoc</strong></span> <span class='ocrx_word' id='word_1_114' title='bbox 1822 1347 1893 1401; x_wconf 86' lang='lat' dir='ltr'><strong>sit</strong></span> <span class='ocrx_word' id='word_1_115' title='bbox 1922 1362 2105 1402; x_wconf 84' lang='lat' dir='ltr'><strong>exem-</strong></span> 
     </span>
    </p>
   </div>
   <div class='ocr_carea' id='block_1_16' title="bbox 520 1434 2103 1504">
    <p class='ocr_par' dir='ltr' id='par_1_16' title="bbox 520 1434 2103 1504">
     <span class='ocr_line' id='line_1_16' title="bbox 520 1434 2103 1504; baseline 0.005 -17"><span class='ocrx_word' id='word_1_116' title='bbox 520 1434 707 1504; x_wconf 77' lang='lat' dir='ltr'><strong>plum:</strong></span> <span class='ocrx_word' id='word_1_117' title='bbox 745 1434 970 1501; x_wconf 82' lang='lat' dir='ltr'><strong>Quidam</strong></span> <span class='ocrx_word' id='word_1_118' title='bbox 998 1435 1105 1489; x_wconf 88' lang='lat' dir='ltr'><strong>dux</strong></span> <span class='ocrx_word' id='word_1_119' title='bbox 1150 1435 1443 1500; x_wconf 80' lang='lat' dir='ltr'><strong>Romanus,</strong></span> <span class='ocrx_word' id='word_1_120' title='bbox 1471 1452 1593 1492; x_wconf 92' lang='lat' dir='ltr'><strong>cum</strong></span> <span class='ocrx_word' id='word_1_121' title='bbox 1646 1437 1985 1493; x_wconf 87' lang='lat' dir='ltr'><strong>obsideretur</strong></span> <span class='ocrx_word' id='word_1_122' title='bbox 2037 1441 2103 1496; x_wconf 90' lang='lat' dir='ltr'><strong>ab</strong></span> 
     </span>
    </p>
   </div>
   <div class='ocr_carea' id='block_1_17' title="bbox 521 1524 2106 1601">
    <p class='ocr_par' dir='ltr' id='par_1_17' title="bbox 521 1524 2106 1601">
     <span class='ocr_line' id='line_1_17' title="bbox 521 1524 2106 1601; baseline 0.003 -21"><span class='ocrx_word' id='word_1_123' title='bbox 521 1524 776 1589; x_wconf 85' lang='lat' dir='ltr'><strong>inimicis,</strong></span> <span class='ocrx_word' id='word_1_124' title='bbox 809 1541 911 1582; x_wconf 90' lang='lat' dir='ltr'><strong>nec</strong></span> <span class='ocrx_word' id='word_1_125' title='bbox 935 1526 1043 1582; x_wconf 92' lang='lat' dir='ltr'><strong>ullo</strong></span> <span class='ocrx_word' id='word_1_126' title='bbox 1067 1528 1226 1582; x_wconf 88' lang='lat' dir='ltr'><strong>modo</strong></span> <span class='ocrx_word' id='word_1_127' title='bbox 1260 1530 1488 1584; x_wconf 85' lang='lat' dir='ltr'><strong>evadere</strong></span> <span class='ocrx_word' id='word_1_128' title='bbox 1530 1530 1795 1598; x_wconf 83' lang='lat' dir='ltr'><strong>potuisset</strong></span> <span class='ocrx_word' id='word_1_129' title='bbox 1822 1529 1977 1601; x_wconf 79' lang='lat' dir='ltr'><strong>[Ms.,</strong></span> <span class='ocrx_word' id='word_1_130' title='bbox 2009 1545 2106 1600; x_wconf 90' lang='lat' dir='ltr'><strong>po-</strong></span> 
     </span>
    </p>
   </div>
   <div class='ocr_carea' id='block_1_18' title="bbox 525 1615 2097 1688">
    <p class='ocr_par' dir='ltr' id='par_1_18' title="bbox 525 1615 2097 1688">
     <span class='ocr_line' id='line_1_18' title="bbox 525 1615 2097 1688; baseline 0.005 -18"><span class='ocrx_word' id='word_1_131' title='bbox 525 1615 674 1688; x_wconf 82' lang='lat' dir='ltr'><strong>tuit],</strong></span> <span class='ocrx_word' id='word_1_132' title='bbox 719 1624 908 1687; x_wconf 86' lang='lat' dir='ltr'><strong>pactus</strong></span> <span class='ocrx_word' id='word_1_133' title='bbox 969 1625 1054 1673; x_wconf 92' lang='lat' dir='ltr'><strong>est</strong></span> <span class='ocrx_word' id='word_1_134' title='bbox 1106 1634 1229 1674; x_wconf 91' lang='lat' dir='ltr'><strong>cum</strong></span> <span class='ocrx_word' id='word_1_135' title='bbox 1283 1620 1550 1685; x_wconf 86' lang='lat' dir='ltr'><strong>hostibus,</strong></span> <span class='ocrx_word' id='word_1_136' title='bbox 1611 1629 1672 1675; x_wconf 90' lang='lat' dir='ltr'><strong>ut</strong></span> <span class='ocrx_word' id='word_1_137' title='bbox 1729 1637 1881 1677; x_wconf 88' lang='lat' dir='ltr'><strong>arma</strong></span> <span class='ocrx_word' id='word_1_138' title='bbox 1925 1625 2097 1679; x_wconf 87' lang='lat' dir='ltr'><strong>daret.</strong></span> 
     </span>
    </p>
   </div>
   <div class='ocr_carea' id='block_1_19' title="bbox 2209 420 3794 495">
    <p class='ocr_par' dir='ltr' id='par_1_19' title="bbox 2209 420 3794 495">
     <span class='ocr_line' id='line_1_19' title="bbox 2209 420 3794 495; baseline 0.001 -15"><span class='ocrx_word' id='word_1_139' title='bbox 2209 423 2449 491; x_wconf 76' lang='lat' dir='ltr'><strong>s‘aucius,</strong></span> <span class='ocrx_word' id='word_1_140' title='bbox 2476 438 2546 480; x_wconf 88' lang='lat' dir='ltr'><strong>ex</strong></span> <span class='ocrx_word' id='word_1_141' title='bbox 2572 424 2797 479; x_wconf 87' lang='lat' dir='ltr'><strong>vulnere</strong></span> <span class='ocrx_word' id='word_1_142' title='bbox 2822 430 3098 479; x_wconf 85' lang='lat' dir='ltr'><strong>recreatus</strong></span> <span class='ocrx_word' id='word_1_143' title='bbox 3114 430 3217 478; x_wconf 89' lang='lat' dir='ltr'><strong>est.</strong></span> <span class='ocrx_word' id='word_1_144' title='bbox 3235 420 3437 479; x_wconf 87' lang='lat' dir='ltr'><strong>Navem</strong></span> <span class='ocrx_word' id='word_1_145' title='bbox 3460 438 3584 480; x_wconf 92' lang='lat' dir='ltr'><strong>cum</strong></span> <span class='ocrx_word' id='word_1_146' title='bbox 3606 440 3794 495; x_wconf 85' lang='lat' dir='ltr'><strong>onere,</strong></span> 
     </span>
    </p>
   </div>
   <div class='ocr_carea' id='block_1_20' title="bbox 2210 514 3794 589">
    <p class='ocr_par' dir='ltr' id='par_1_20' title="bbox 2210 514 3794 589">
     <span class='ocr_line' id='line_1_20' title="bbox 2210 514 3794 589; baseline 0.003 -20"><span class='ocrx_word' id='word_1_147' title='bbox 2210 514 2427 588; x_wconf 84' lang='lat' dir='ltr'><strong>[horum</strong></span> <span class='ocrx_word' id='word_1_148' title='bbox 2463 515 2650 589; x_wconf 88' lang='lat' dir='ltr'><strong>trium]</strong></span> <span class='ocrx_word' id='word_1_149' title='bbox 2679 516 2835 587; x_wconf 82' lang='lat' dir='ltr'><strong>juxta</strong></span> <span class='ocrx_word' id='word_1_150' title='bbox 2875 516 3134 585; x_wconf 84' lang='lat' dir='ltr'><strong>scriptam</strong></span> <span class='ocrx_word' id='word_1_151' title='bbox 3168 514 3340 586; x_wconf 82' lang='lat' dir='ltr'><strong>legem</strong></span> <span class='ocrx_word' id='word_1_152' title='bbox 3380 516 3613 586; x_wconf 86' lang='lat' dir='ltr'><strong>quisque</strong></span> <span class='ocrx_word' id='word_1_153' title='bbox 3639 532 3794 575; x_wconf 86' lang='lat' dir='ltr'><strong>suam</strong></span> 
     </span>
    </p>
   </div>
   <div class='ocr_carea' id='block_1_21' title="bbox 2210 594 3790 680">
    <p class='ocr_par' dir='ltr' id='par_1_21' title="bbox 2210 594 3790 680">
     <span class='ocr_line' id='line_1_21' title="bbox 2210 594 3790 680; baseline 0 -14"><span class='ocrx_word' id='word_1_154' title='bbox 2210 609 2365 666; x_wconf 83' lang='lat' dir='ltr'><strong>dixit.</strong></span> <span class='ocrx_word' id='word_1_155' title='bbox 2394 610 2461 664; x_wconf 90' lang='lat' dir='ltr'><strong>Et</strong></span> <span class='ocrx_word' id='word_1_156' title='bbox 2486 594 2577 665; x_wconf 87' lang='lat' dir='ltr'><strong>hic</strong></span> <span class='ocrx_word' id='word_1_157' title='bbox 2603 625 2671 664; x_wconf 85' lang='lat' dir='ltr'><strong>ex</strong></span> <span class='ocrx_word' id='word_1_158' title='bbox 2716 609 2916 680; x_wconf 86' lang='lat' dir='ltr'><strong>scripto</strong></span> <span class='ocrx_word' id='word_1_159' title='bbox 2943 608 3173 679; x_wconf 79' lang='lat' dir='ltr'><strong>quzestio</strong></span> <span class='ocrx_word' id='word_1_160' title='bbox 3208 609 3474 675; x_wconf 90' lang='lat' dir='ltr'><strong>nascitur,</strong></span> <span class='ocrx_word' id='word_1_161' title='bbox 3507 608 3666 677; x_wconf 87' lang='lat' dir='ltr'><strong>cujus</strong></span> <span class='ocrx_word' id='word_1_162' title='bbox 3720 598 3790 667; x_wconf 83' lang='lat' dir='ltr'><strong>sit</strong></span> 
     </span>
    </p>
   </div>
   <div class='ocr_carea' id='block_1_22' title="bbox 2206 701 3798 775">
    <p class='ocr_par' dir='ltr' id='par_1_22' title="bbox 2206 701 3798 775">
     <span class='ocr_line' id='line_1_22' title="bbox 2206 701 3798 775; baseline 0.003 -18"><span class='ocrx_word' id='word_1_163' title='bbox 2206 703 2383 769; x_wconf 86' lang='lat' dir='ltr'><strong>navis,</strong></span> <span class='ocrx_word' id='word_1_164' title='bbox 2405 702 2810 757; x_wconf 81' lang='lat' dir='ltr'><strong>ditlinitionibus</strong></span> <span class='ocrx_word' id='word_1_165' title='bbox 2852 701 3148 767; x_wconf 85' lang='lat' dir='ltr'><strong>adhibitis,</strong></span> <span class='ocrx_word' id='word_1_166' title='bbox 3202 701 3334 771; x_wconf 87' lang='lat' dir='ltr'><strong>quid</strong></span> <span class='ocrx_word' id='word_1_167' title='bbox 3378 702 3450 758; x_wconf 85' lang='lat' dir='ltr'><strong>sit</strong></span> <span class='ocrx_word' id='word_1_168' title='bbox 3486 701 3798 775; x_wconf 80' lang='lat' dir='ltr'><strong>relinquere</strong></span> 
     </span>
    </p>
   </div>
   <div class='ocr_carea' id='block_1_23' title="bbox 2206 792 3247 864">
    <p class='ocr_par' dir='ltr' id='par_1_23' title="bbox 2206 792 3247 864">
     <span class='ocr_line' id='line_1_23' title="bbox 2206 792 3247 864; baseline -0.005 -13"><span class='ocrx_word' id='word_1_169' title='bbox 2206 810 2423 860; x_wconf 91' lang='lat' dir='ltr'><strong>navem,</strong></span> <span class='ocrx_word' id='word_1_170' title='bbox 2448 803 2503 849; x_wconf 88' lang='lat' dir='ltr'><strong>et</strong></span> <span class='ocrx_word' id='word_1_171' title='bbox 2528 794 2656 864; x_wconf 90' lang='lat' dir='ltr'><strong>quid</strong></span> <span class='ocrx_word' id='word_1_172' title='bbox 2689 808 2970 848; x_wconf 90' lang='lat' dir='ltr'><strong>remanere</strong></span> <span class='ocrx_word' id='word_1_173' title='bbox 2996 793 3049 848; x_wconf 92' lang='lat' dir='ltr'><strong>in</strong></span> <span class='ocrx_word' id='word_1_174' title='bbox 3076 792 3247 847; x_wconf 85' lang='lat' dir='ltr'><strong>navi?</strong></span> 
     </span>
    </p>
   </div>
   <div class='ocr_carea' id='block_1_24' title="bbox 2277 885 3797 961">
    <p class='ocr_par' dir='ltr' id='par_1_24' title="bbox 2277 885 3797 961">
     <span class='ocr_line' id='line_1_24' title="bbox 2277 885 3797 961; baseline 0.003 -21"><span class='ocrx_word' id='word_1_175' title='bbox 2277 885 2410 942; x_wconf 82' lang='lat' dir='ltr'><strong>Item</strong></span> <span class='ocrx_word' id='word_1_176' title='bbox 2459 886 2781 957; x_wconf 76' lang='lat' dir='ltr'><strong>ambiguitas</strong></span> <span class='ocrx_word' id='word_1_177' title='bbox 2816 902 2955 956; x_wconf 64' lang='lat' dir='ltr'><strong>saepe</strong></span> <span class='ocrx_word' id='word_1_178' title='bbox 2993 886 3048 941; x_wconf 91' lang='lat' dir='ltr'><strong>in</strong></span> <span class='ocrx_word' id='word_1_179' title='bbox 3084 887 3287 956; x_wconf 90' lang='lat' dir='ltr'><strong>scripta</strong></span> <span class='ocrx_word' id='word_1_180' title='bbox 3305 885 3422 959; x_wconf 89' lang='lat' dir='ltr'><strong>lege</strong></span> <span class='ocrx_word' id='word_1_181' title='bbox 3465 885 3599 943; x_wconf 81' lang='lat' dir='ltr'><strong>facit</strong></span> <span class='ocrx_word' id='word_1_182' title='bbox 3644 903 3797 961; x_wconf 70' lang='lat' dir='ltr'><strong>qua:-</strong></span> 
     </span>
    </p>
   </div>
   <div class='ocr_carea' id='block_1_25' title="bbox 2208 977 3803 1047">
    <p class='ocr_par' dir='ltr' id='par_1_25' title="bbox 2208 977 3803 1047">
     <span class='ocr_line' id='line_1_25' title="bbox 2208 977 3803 1047; baseline 0.001 -13"><span class='ocrx_word' id='word_1_183' title='bbox 2208 977 2458 1043; x_wconf 66' lang='lat' dir='ltr'><strong>stioném,</strong></span> <span class='ocrx_word' id='word_1_184' title='bbox 2484 978 2586 1033; x_wconf 92' lang='lat' dir='ltr'><strong>hoc</strong></span> <span class='ocrx_word' id='word_1_185' title='bbox 2619 980 2777 1033; x_wconf 91' lang='lat' dir='ltr'><strong>modo</strong></span> <span class='ocrx_word' id='word_1_186' title='bbox 2803 996 2816 1032; x_wconf 93' lang='lat'><strong>:</strong></span> <span class='ocrx_word' id='word_1_187' title='bbox 2846 977 3100 1033; x_wconf 73' lang='lat' dir='ltr'><strong>Meretrix</strong></span> <span class='ocrx_word' id='word_1_188' title='bbox 3135 994 3386 1033; x_wconf 86' lang='lat' dir='ltr'><strong>coronam</strong></span> <span class='ocrx_word' id='word_1_189' title='bbox 3414 996 3520 1034; x_wconf 82' lang='lat' dir='ltr'><strong>non</strong></span> <span class='ocrx_word' id='word_1_190' title='bbox 3566 978 3803 1047; x_wconf 71' lang='lat' dir='ltr'><strong>habeat;</strong></span> 
     </span>
    </p>
   </div>
   <div class='ocr_carea' id='block_1_26' title="bbox 2208 1069 3801 1149">
    <p class='ocr_par' dir='ltr' id='par_1_26' title="bbox 2208 1069 3801 1149">
     <span class='ocr_line' id='line_1_26' title="bbox 2208 1069 3801 1149; baseline 0.003 -26"><span class='ocrx_word' id='word_1_191' title='bbox 2208 1072 2255 1124; x_wconf 82' lang='lat' dir='ltr'><strong>si</strong></span> <span class='ocrx_word' id='word_1_192' title='bbox 2283 1070 2488 1136; x_wconf 84' lang='lat' dir='ltr'><strong>habeat,</strong></span> <span class='ocrx_word' id='word_1_193' title='bbox 2538 1070 2847 1141; x_wconf 80' lang='lat' dir='ltr'><strong>publicctur.</strong></span> <span class='ocrx_word' id='word_1_194' title='bbox 2886 1069 2984 1125; x_wconf 82' lang='lat' dir='ltr'><strong>Hic</strong></span> <span class='ocrx_word' id='word_1_195' title='bbox 3014 1071 3341 1140; x_wconf 80' lang='lat' dir='ltr'><strong>ambiguitas</strong></span> <span class='ocrx_word' id='word_1_196' title='bbox 3372 1070 3428 1125; x_wconf 91' lang='lat' dir='ltr'><strong>in</strong></span> <span class='ocrx_word' id='word_1_197' title='bbox 3458 1071 3662 1149; x_wconf 87' lang='lat' dir='ltr'><strong>scripto</strong></span> <span class='ocrx_word' id='word_1_198' title='bbox 3689 1077 3801 1137; x_wconf 76' lang='lat' dir='ltr'><strong>est,</strong></span> 
     </span>
    </p>
   </div>
   <div class='ocr_carea' id='block_1_27' title="bbox 2210 1158 3511 1231">
    <p class='ocr_par' dir='ltr' id='par_1_27' title="bbox 2210 1158 3511 1231">
     <span class='ocr_line' id='line_1_27' title="bbox 2210 1158 3511 1231; baseline 0.001 -18"><span class='ocrx_word' id='word_1_199' title='bbox 2210 1174 2279 1213; x_wconf 90' lang='lat' dir='ltr'><strong>an</strong></span> <span class='ocrx_word' id='word_1_200' title='bbox 2301 1161 2577 1225; x_wconf 81' lang='lat' dir='ltr'><strong>meretrix,</strong></span> <span class='ocrx_word' id='word_1_201' title='bbox 2609 1160 2691 1214; x_wconf 88' lang='lat' dir='ltr'><strong>vel</strong></span> <span class='ocrx_word' id='word_1_202' title='bbox 2717 1174 2914 1216; x_wconf 89' lang='lat' dir='ltr'><strong>corona</strong></span> <span class='ocrx_word' id='word_1_203' title='bbox 2947 1159 3269 1231; x_wconf 89' lang='lat' dir='ltr'><strong>publicanda</strong></span> <span class='ocrx_word' id='word_1_204' title='bbox 3297 1161 3386 1215; x_wconf 88' lang='lat' dir='ltr'><strong>sit.</strong></span> <span class='ocrx_word' id='word_1_205' title='bbox 3508 1158 3511 1159; x_wconf 55' lang='grc'><strong><em>⁷</em></strong></span> 
     </span>
    </p>
   </div>
   <div class='ocr_carea' id='block_1_28' title="bbox 2279 1249 3804 1329">
    <p class='ocr_par' dir='ltr' id='par_1_28' title="bbox 2279 1249 3804 1329">
     <span class='ocr_line' id='line_1_28' title="bbox 2279 1249 3804 1329; baseline 0.001 -24"><span class='ocrx_word' id='word_1_206' title='bbox 2279 1251 2361 1307; x_wconf 84' lang='lat' dir='ltr'><strong>Ex</strong></span> <span class='ocrx_word' id='word_1_207' title='bbox 2396 1252 2682 1307; x_wconf 86' lang='lat' dir='ltr'><strong>contrariis</strong></span> <span class='ocrx_word' id='word_1_208' title='bbox 2706 1267 2921 1321; x_wconf 89' lang='lat' dir='ltr'><strong>quoque</strong></span> <span class='ocrx_word' id='word_1_209' title='bbox 2943 1250 3152 1322; x_wconf 76' lang='lat' dir='ltr'><strong>legibus</strong></span> <span class='ocrx_word' id='word_1_210' title='bbox 3192 1266 3343 1329; x_wconf 69' lang='lat' dir='ltr'><strong>srepe</strong></span> <span class='ocrx_word' id='word_1_211' title='bbox 3370 1251 3601 1320; x_wconf 63' lang='lat' dir='ltr'><strong>quaestio</strong></span> <span class='ocrx_word' id='word_1_212' title='bbox 3621 1249 3804 1307; x_wconf 77' lang='lat' dir='ltr'><strong>nasci-</strong></span> 
     </span>
    </p>
   </div>
   <div class='ocr_carea' id='block_1_29' title="bbox 2209 1338 3801 1409">
    <p class='ocr_par' dir='ltr' id='par_1_29' title="bbox 2209 1338 3801 1409">
     <span class='ocr_line' id='line_1_29' title="bbox 2209 1338 3801 1409; baseline 0.002 -14"><span class='ocrx_word' id='word_1_213' title='bbox 2209 1347 2321 1408; x_wconf 87' lang='lat' dir='ltr'><strong>tur,</strong></span> <span class='ocrx_word' id='word_1_214' title='bbox 2357 1345 2485 1397; x_wconf 90' lang='lat' dir='ltr'><strong>dum</strong></span> <span class='ocrx_word' id='word_1_215' title='bbox 2534 1343 2601 1398; x_wconf 90' lang='lat' dir='ltr'><strong>de</strong></span> <span class='ocrx_word' id='word_1_216' title='bbox 2643 1358 2751 1397; x_wconf 91' lang='lat' dir='ltr'><strong>una</strong></span> <span class='ocrx_word' id='word_1_217' title='bbox 2788 1338 2848 1397; x_wconf 86' lang='lat' dir='ltr'><strong>re</strong></span> <span class='ocrx_word' id='word_1_218' title='bbox 2886 1342 3045 1397; x_wconf 86' lang='lat' dir='ltr'><strong>aliter</strong></span> <span class='ocrx_word' id='word_1_219' title='bbox 3089 1342 3194 1396; x_wconf 88' lang='lat' dir='ltr'><strong>alia</strong></span> <span class='ocrx_word' id='word_1_220' title='bbox 3240 1342 3326 1397; x_wconf 97' lang='lat' dir='ltr'><strong>lex</strong></span> <span class='ocrx_word' id='word_1_221' title='bbox 3376 1351 3538 1398; x_wconf 82' lang='lat' dir='ltr'><strong>cavet</strong></span> <span class='ocrx_word' id='word_1_222' title='bbox 3565 1383 3582 1409; x_wconf 95' lang='lat'><strong>,</strong></span> <span class='ocrx_word' id='word_1_223' title='bbox 3638 1343 3801 1398; x_wconf 80' lang='lat' dir='ltr'><strong>aliter</strong></span> 
     </span>
    </p>
   </div>
   <div class='ocr_carea' id='block_1_30' title="bbox 2210 1431 3801 1503">
    <p class='ocr_par' dir='ltr' id='par_1_30' title="bbox 2210 1431 3801 1503">
     <span class='ocr_line' id='line_1_30' title="bbox 2210 1431 3801 1503; baseline 0.001 -17"><span class='ocrx_word' id='word_1_224' title='bbox 2210 1431 2397 1486; x_wconf 80' lang='lat' dir='ltr'><strong>altera.</strong></span> <span class='ocrx_word' id='word_1_225' title='bbox 2430 1432 2544 1487; x_wconf 75' lang='lat' dir='ltr'><strong>Lex</strong></span> <span class='ocrx_word' id='word_1_226' title='bbox 2570 1450 2583 1488; x_wconf 92' lang='lat'><strong>:</strong></span> <span class='ocrx_word' id='word_1_227' title='bbox 2618 1431 2722 1497; x_wconf 79' lang='lat' dir='ltr'><strong>Qui</strong></span> <span class='ocrx_word' id='word_1_228' title='bbox 2750 1444 3035 1503; x_wconf 79' lang='lat' dir='ltr'><strong>tyrannum</strong></span> <span class='ocrx_word' id='word_1_229' title='bbox 3086 1431 3361 1498; x_wconf 80' lang='lat' dir='ltr'><strong>occiderit,</strong></span> <span class='ocrx_word' id='word_1_230' title='bbox 3392 1448 3501 1487; x_wconf 87' lang='lat' dir='ltr'><strong>rem</strong></span> <span class='ocrx_word' id='word_1_231' title='bbox 3525 1449 3685 1503; x_wconf 78' lang='lat' dir='ltr'><strong>quam</strong></span> <span class='ocrx_word' id='word_1_232' title='bbox 3709 1448 3801 1487; x_wconf 75' lang='lat' dir='ltr'><strong>oo-</strong></span> 
     </span>
    </p>
   </div>
   <div class='ocr_carea' id='block_1_31' title="bbox 2211 1520 3799 1593">
    <p class='ocr_par' dir='ltr' id='par_1_31' title="bbox 2211 1520 3799 1593">
     <span class='ocr_line' id='line_1_31' title="bbox 2211 1520 3799 1593; baseline 0.003 -20"><span class='ocrx_word' id='word_1_233' title='bbox 2211 1520 2279 1573; x_wconf 84' lang='lat' dir='ltr'><strong>let</strong></span> <span class='ocrx_word' id='word_1_234' title='bbox 2299 1522 2504 1592; x_wconf 56' lang='lat' dir='ltr'><strong>praemii</strong></span> <span class='ocrx_word' id='word_1_235' title='bbox 2530 1522 2644 1575; x_wconf 83' lang='lat' dir='ltr'><strong>loco</strong></span> <span class='ocrx_word' id='word_1_236' title='bbox 2667 1541 2699 1577; x_wconf 89' lang='lat' dir='ltr'><strong>a</strong></span> <span class='ocrx_word' id='word_1_237' title='bbox 2725 1522 3039 1591; x_wconf 76' lang='lat' dir='ltr'><strong>magistratu</strong></span> <span class='ocrx_word' id='word_1_238' title='bbox 3062 1530 3222 1591; x_wconf 86' lang='lat' dir='ltr'><strong>roget,</strong></span> <span class='ocrx_word' id='word_1_239' title='bbox 3252 1531 3303 1575; x_wconf 89' lang='lat' dir='ltr'><strong>et</strong></span> <span class='ocrx_word' id='word_1_240' title='bbox 3326 1523 3578 1593; x_wconf 86' lang='lat' dir='ltr'><strong>accipiat.</strong></span> <span class='ocrx_word' id='word_1_241' title='bbox 3610 1522 3799 1578; x_wconf 74' lang='lat' dir='ltr'><strong>Altera</strong></span> 
     </span>
    </p>
   </div>
   <div class='ocr_carea' id='block_1_32' title="bbox 2210 1611 3801 1685">
    <p class='ocr_par' dir='ltr' id='par_1_32' title="bbox 2210 1611 3801 1685">
     <span class='ocr_line' id='line_1_32' title="bbox 2210 1611 3801 1685; baseline 0.003 -18"><span class='ocrx_word' id='word_1_242' title='bbox 2210 1611 2327 1668; x_wconf 74' lang='lat' dir='ltr'><strong>Lex</strong></span> <span class='ocrx_word' id='word_1_243' title='bbox 2362 1631 2375 1670; x_wconf 88' lang='lat'><strong>:</strong></span> <span class='ocrx_word' id='word_1_244' title='bbox 2408 1613 2651 1684; x_wconf 75' lang='lat' dir='ltr'><strong>Tyranno</strong></span> <span class='ocrx_word' id='word_1_245' title='bbox 2711 1614 2880 1669; x_wconf 74' lang='lat' dir='ltr'><strong>occiso</strong></span> <span class='ocrx_word' id='word_1_246' title='bbox 2934 1612 3203 1685; x_wconf 85' lang='lat' dir='ltr'><strong>[quinque]</strong></span> <span class='ocrx_word' id='word_1_247' title='bbox 3232 1614 3391 1667; x_wconf 85' lang='lat' dir='ltr'><strong>etiam</strong></span> <span class='ocrx_word' id='word_1_248' title='bbox 3445 1616 3671 1683; x_wconf 68' lang='lat' dir='ltr'><strong>proximi</strong></span> <span class='ocrx_word' id='word_1_249' title='bbox 3711 1631 3801 1671; x_wconf 84' lang='lat' dir='ltr'><strong>co-</strong></span> 
     </span>
    </p>
   </div>
   <div class='ocr_carea' id='block_1_33' title="bbox 520 1690 2123 1787">
    <p class='ocr_par' dir='ltr' id='par_1_33' title="bbox 520 1711 2103 1787">
     <span class='ocr_line' id='line_1_33' title="bbox 520 1711 2103 1787; baseline 0.004 -18"><span class='ocrx_word' id='word_1_250' title='bbox 520 1712 703 1769; x_wconf 82' lang='lat' dir='ltr'><strong>Armis</strong></span> <span class='ocrx_word' id='word_1_251' title='bbox 728 1711 900 1787; x_wconf 89' lang='lat' dir='ltr'><strong>[vero]</strong></span> <span class='ocrx_word' id='word_1_252' title='bbox 928 1716 1068 1771; x_wconf 90' lang='lat' dir='ltr'><strong>datis</strong></span> <span class='ocrx_word' id='word_1_253' title='bbox 1114 1715 1319 1771; x_wconf 89' lang='lat' dir='ltr'><strong>salvum</strong></span> <span class='ocrx_word' id='word_1_254' title='bbox 1354 1716 1537 1771; x_wconf 79' lang='lat' dir='ltr'><strong>eduxit</strong></span> <span class='ocrx_word' id='word_1_255' title='bbox 1580 1719 1896 1774; x_wconf 89' lang='lat' dir='ltr'><strong>exercitum.</strong></span> <span class='ocrx_word' id='word_1_256' title='bbox 1928 1719 2103 1774; x_wconf 85' lang='lat' dir='ltr'><strong>Accu-</strong></span> 
     </span>
    </p>
   </div>
   <div class='ocr_carea' id='block_1_34' title="bbox 2215 1690 3796 1787">
    <p class='ocr_par' dir='ltr' id='par_1_34' title="bbox 2215 1703 3796 1774">
     <span class='ocr_line' id='line_1_34' title="bbox 2215 1703 3796 1774; baseline 0.001 -16"><span class='ocrx_word' id='word_1_257' title='bbox 2215 1705 2448 1774; x_wconf 69' lang='lat' dir='ltr'><strong>7natione</strong></span> <span class='ocrx_word' id='word_1_258' title='bbox 2505 1704 2833 1758; x_wconf 86' lang='lat' dir='ltr'><strong>occidantur.</strong></span> <span class='ocrx_word' id='word_1_259' title='bbox 2885 1703 3274 1769; x_wconf 79' lang='lat' dir='ltr'><strong>Alexandrum,</strong></span> <span class='ocrx_word' id='word_1_260' title='bbox 3305 1704 3397 1774; x_wconf 89' lang='lat' dir='ltr'><strong>qui</strong></span> <span class='ocrx_word' id='word_1_261' title='bbox 3447 1705 3504 1758; x_wconf 89' lang='lat' dir='ltr'><strong>in</strong></span> <span class='ocrx_word' id='word_1_262' title='bbox 3559 1705 3796 1760; x_wconf 79' lang='lat' dir='ltr'><strong>Thessa-</strong></span> 
     </span>
    </p>
   </div>
   <div class='ocr_carea' id='block_1_35' title="bbox 521 1805 2107 1875">
    <p class='ocr_par' dir='ltr' id='par_1_35' title="bbox 521 1805 2107 1875">
     <span class='ocr_line' id='line_1_35' title="bbox 521 1805 2107 1875; baseline 0.002 -15"><span class='ocrx_word' id='word_1_263' title='bbox 521 1813 673 1861; x_wconf 89' lang='lat' dir='ltr'><strong>satur</strong></span> <span class='ocrx_word' id='word_1_264' title='bbox 699 1819 729 1858; x_wconf 92' lang='lat' dir='ltr'><strong>a</strong></span> <span class='ocrx_word' id='word_1_265' title='bbox 776 1806 1095 1874; x_wconf 88' lang='lat' dir='ltr'><strong>quibusdam</strong></span> <span class='ocrx_word' id='word_1_266' title='bbox 1140 1822 1262 1861; x_wconf 89' lang='lat' dir='ltr'><strong>reus</strong></span> <span class='ocrx_word' id='word_1_267' title='bbox 1291 1821 1411 1862; x_wconf 88' lang='lat' dir='ltr'><strong>esse</strong></span> <span class='ocrx_word' id='word_1_268' title='bbox 1448 1805 1769 1875; x_wconf 78' lang='lat' dir='ltr'><strong>maiestatis.</strong></span> <span class='ocrx_word' id='word_1_269' title='bbox 1797 1809 1896 1864; x_wconf 86' lang='lat' dir='ltr'><strong>Hic</strong></span> <span class='ocrx_word' id='word_1_270' title='bbox 1934 1809 2001 1863; x_wconf 87' lang='lat' dir='ltr'><strong>de</strong></span> <span class='ocrx_word' id='word_1_271' title='bbox 2032 1809 2107 1863; x_wconf 89' lang='lat' dir='ltr'><strong>fa-</strong></span> 
     </span>
    </p>
   </div>
   <div class='ocr_carea' id='block_1_36' title="bbox 2206 1793 3799 1864">
    <p class='ocr_par' dir='ltr' id='par_1_36' title="bbox 2206 1793 3799 1864">
     <span class='ocr_line' id='line_1_36' title="bbox 2206 1793 3799 1864; baseline 0.002 -17"><span class='ocrx_word' id='word_1_272' title='bbox 2206 1794 2281 1848; x_wconf 88' lang='lat' dir='ltr'><strong>lia</strong></span> <span class='ocrx_word' id='word_1_273' title='bbox 2344 1795 2683 1864; x_wconf 86' lang='lat' dir='ltr'><strong>tyrannidem</strong></span> <span class='ocrx_word' id='word_1_274' title='bbox 2735 1801 3049 1864; x_wconf 86' lang='lat' dir='ltr'><strong>occuparat,</strong></span> <span class='ocrx_word' id='word_1_275' title='bbox 3081 1793 3268 1847; x_wconf 86' lang='lat' dir='ltr'><strong>Thebe</strong></span> <span class='ocrx_word' id='word_1_276' title='bbox 3315 1808 3456 1847; x_wconf 81' lang='lat' dir='ltr'><strong>uxor</strong></span> <span class='ocrx_word' id='word_1_277' title='bbox 3489 1809 3587 1848; x_wconf 90' lang='lat' dir='ltr'><strong>sua</strong></span> <span class='ocrx_word' id='word_1_278' title='bbox 3632 1802 3799 1850; x_wconf 69' lang='lat' dir='ltr'><strong>noctu</strong></span> 
     </span>
    </p>
   </div>
   <div class='ocr_carea' id='block_1_37' title="bbox 520 1869 3797 1969">
    <p class='ocr_par' dir='ltr' id='par_1_37' title="bbox 520 1869 3797 1969">
     <span class='ocr_line' id='line_1_37' title="bbox 520 1869 3797 1969; baseline 0.001 -20"><span class='ocrx_word' id='word_1_279' title='bbox 520 1903 609 1950; x_wconf 90' lang='lat' dir='ltr'><strong>cto</strong></span> <span class='ocrx_word' id='word_1_280' title='bbox 636 1903 691 1949; x_wconf 94' lang='lat' dir='ltr'><strong>et</strong></span> <span class='ocrx_word' id='word_1_281' title='bbox 713 1896 779 1950; x_wconf 92' lang='lat' dir='ltr'><strong>de</strong></span> <span class='ocrx_word' id='word_1_282' title='bbox 793 1869 936 1969; x_wconf 68' lang='lat' dir='ltr'><strong>facti</strong></span> <span class='ocrx_word' id='word_1_283' title='bbox 966 1896 1182 1951; x_wconf 88' lang='lat' dir='ltr'><strong>nomine</strong></span> <span class='ocrx_word' id='word_1_284' title='bbox 1209 1897 1460 1951; x_wconf 89' lang='lat' dir='ltr'><strong>convenit</strong></span> <span class='ocrx_word' id='word_1_285' title='bbox 1488 1869 1632 1953; x_wconf 29' lang='lat' dir='ltr'><strong>initer</strong></span> <span class='ocrx_word' id='word_1_286' title='bbox 1665 1899 1852 1953; x_wconf 90' lang='lat' dir='ltr'><strong>ambas</strong></span> <span class='ocrx_word' id='word_1_287' title='bbox 1876 1907 2102 1969; x_wconf 90' lang='lat' dir='ltr'><strong>partes;</strong></span> <span class='ocrx_word' id='word_1_288' title='bbox 2126 1869 2163 1917; x_wconf 44' lang='grc' dir='ltr'>θ</span> <span class='ocrx_word' id='word_1_289' title='bbox 2205 1884 2428 1939; x_wconf 60' lang='lat' dir='ltr'><strong>000m“-</strong></span> <span class='ocrx_word' id='word_1_290' title='bbox 2454 1882 2581 1939; x_wconf 62' lang='grc' dir='ltr'><strong>Ηωο</strong></span> <span class='ocrx_word' id='word_1_291' title='bbox 2605 1883 2775 1938; x_wconf 69' lang='lat' dir='ltr'><strong>ﬁlium</strong></span> <span class='ocrx_word' id='word_1_292' title='bbox 2801 1899 2982 1951; x_wconf 63' lang='lat' dir='ltr'><strong>suum:</strong></span> <span class='ocrx_word' id='word_1_293' title='bbox 3007 1900 3166 1955; x_wconf 70' lang='lat' dir='ltr'><strong>quem</strong></span> <span class='ocrx_word' id='word_1_294' title='bbox 3195 1900 3263 1939; x_wconf 67' lang='grc' dir='ltr'><strong>(δι</strong></span> <span class='ocrx_word' id='word_1_295' title='bbox 3285 1893 3514 1956; x_wconf 62' lang='lat' dir='ltr'><strong>limum</strong></span> <span class='ocrx_word' id='word_1_296' title='bbox 3540 1885 3797 1953; x_wconf 55' lang='lat' dir='ltr'><strong>habebat,</strong></span> 
     </span>
    </p>
   </div>
   <div class='ocr_carea' id='block_1_38' title="bbox 520 1967 2106 2056">
    <p class='ocr_par' dir='ltr' id='par_1_38' title="bbox 520 1967 2106 2056">
     <span class='ocr_line' id='line_1_38' title="bbox 520 1967 2106 2056; baseline 0.004 -17"><span class='ocrx_word' id='word_1_297' title='bbox 520 1986 614 2041; x_wconf 77' lang='lat' dir='ltr'><strong>sed</strong></span> <span class='ocrx_word' id='word_1_298' title='bbox 651 1984 810 2054; x_wconf 88' lang='lat' dir='ltr'><strong>quale</strong></span> <span class='ocrx_word' id='word_1_299' title='bbox 833 1967 926 2040; x_wconf 47' lang='lat' dir='ltr'><strong>sit.~</strong></span> <span class='ocrx_word' id='word_1_300' title='bbox 931 1985 1131 2041; x_wconf 80' lang='lat' dir='ltr'><strong>factum</strong></span> <span class='ocrx_word' id='word_1_301' title='bbox 1174 1988 1435 2056; x_wconf 66' lang='lat' dir='ltr'><strong>qureritur</strong></span> <span class='ocrx_word' id='word_1_302' title='bbox 1462 2029 1478 2056; x_wconf 92' lang='lat'><strong>,</strong></span> <span class='ocrx_word' id='word_1_303' title='bbox 1537 1989 1640 2044; x_wconf 90' lang='lat' dir='ltr'><strong>hoc</strong></span> <span class='ocrx_word' id='word_1_304' title='bbox 1679 1991 1839 2046; x_wconf 90' lang='lat' dir='ltr'><strong>modo</strong></span> <span class='ocrx_word' id='word_1_305' title='bbox 1862 1967 2106 2046; x_wconf 42' lang='lat' dir='ltr'><strong>{Utrum</strong></span> 
     </span>
    </p>
   </div>
   <div class='ocr_carea' id='block_1_39' title="bbox 521 2079 2107 2147">
    <p class='ocr_par' dir='ltr' id='par_1_39' title="bbox 521 2079 2107 2147">
     <span class='ocr_line' id='line_1_39' title="bbox 521 2079 2107 2147; baseline 0.006 -17"><span class='ocrx_word' id='word_1_306' title='bbox 521 2079 693 2133; x_wconf 88' lang='lat' dir='ltr'><strong>satius</strong></span> <span class='ocrx_word' id='word_1_307' title='bbox 728 2087 873 2134; x_wconf 88' lang='lat' dir='ltr'><strong>esset</strong></span> <span class='ocrx_word' id='word_1_308' title='bbox 902 2079 1149 2135; x_wconf 89' lang='lat' dir='ltr'><strong>amittere</strong></span> <span class='ocrx_word' id='word_1_309' title='bbox 1178 2081 1375 2136; x_wconf 87' lang='lat' dir='ltr'><strong>milites</strong></span> <span class='ocrx_word' id='word_1_310' title='bbox 1402 2124 1415 2147; x_wconf 93' lang='lat'><strong>,</strong></span> <span class='ocrx_word' id='word_1_311' title='bbox 1467 2098 1535 2136; x_wconf 88' lang='lat' dir='ltr'><strong>an</strong></span> <span class='ocrx_word' id='word_1_312' title='bbox 1579 2082 1645 2136; x_wconf 92' lang='lat' dir='ltr'><strong>ad</strong></span> <span class='ocrx_word' id='word_1_313' title='bbox 1677 2084 1817 2139; x_wconf 90' lang='lat' dir='ltr'><strong>hanc</strong></span> <span class='ocrx_word' id='word_1_314' title='bbox 1846 2085 2107 2140; x_wconf 79' lang='lat' dir='ltr'><strong>conditio-</strong></span> 
     </span>
    </p>
   </div>
   <div class='ocr_carea' id='block_1_40' title="bbox 520 2170 2107 2246">
    <p class='ocr_par' dir='ltr' id='par_1_40' title="bbox 520 2170 2107 2246">
     <span class='ocr_line' id='line_1_40' title="bbox 520 2170 2107 2246; baseline 0.006 -24"><span class='ocrx_word' id='word_1_315' title='bbox 520 2182 645 2223; x_wconf 89' lang='lat' dir='ltr'><strong>nem</strong></span> <span class='ocrx_word' id='word_1_316' title='bbox 670 2170 1041 2239; x_wconf 85' lang='lat' dir='ltr'><strong>turpissimam</strong></span> <span class='ocrx_word' id='word_1_317' title='bbox 1065 2171 1288 2226; x_wconf 85' lang='lat' dir='ltr'><strong>venire?</strong></span> <span class='ocrx_word' id='word_1_318' title='bbox 1335 2171 1499 2242; x_wconf 87' lang='lat' dir='ltr'><strong>Cujus</strong></span> <span class='ocrx_word' id='word_1_319' title='bbox 1545 2176 1947 2231; x_wconf 85' lang='lat' dir='ltr'><strong>constitutionis</strong></span> <span class='ocrx_word' id='word_1_320' title='bbox 1983 2178 2107 2246; x_wconf 69' lang='lat' dir='ltr'><strong>plu-&#39;</strong></span> 
     </span>
    </p>
   </div>
   <div class='ocr_carea' id='block_1_41' title="bbox 520 2260 2106 2334">
    <p class='ocr_par' dir='ltr' id='par_1_41' title="bbox 520 2260 2106 2334">
     <span class='ocr_line' id='line_1_41' title="bbox 520 2260 2106 2334; baseline 0.007 -23"><span class='ocrx_word' id='word_1_321' title='bbox 520 2271 609 2312; x_wconf 88' lang='lat' dir='ltr'><strong>res</strong></span> <span class='ocrx_word' id='word_1_322' title='bbox 639 2266 764 2312; x_wconf 84' lang='lat' dir='ltr'><strong>sunt</strong></span> <span class='ocrx_word' id='word_1_323' title='bbox 789 2268 989 2328; x_wconf 90' lang='lat' dir='ltr'><strong>partes,</strong></span> <span class='ocrx_word' id='word_1_324' title='bbox 1021 2260 1086 2314; x_wconf 90' lang='lat' dir='ltr'><strong>de</strong></span> <span class='ocrx_word' id='word_1_325' title='bbox 1121 2263 1315 2331; x_wconf 90' lang='lat' dir='ltr'><strong>quibus</strong></span> <span class='ocrx_word' id='word_1_326' title='bbox 1345 2264 1585 2319; x_wconf 88' lang='lat' dir='ltr'><strong>dicemus</strong></span> <span class='ocrx_word' id='word_1_327' title='bbox 1635 2264 1796 2319; x_wconf 84' lang='lat' dir='ltr'><strong>infra.</strong></span> <span class='ocrx_word' id='word_1_328' title='bbox 1824 2266 1882 2319; x_wconf 88' lang='lat' dir='ltr'><strong>In</strong></span> <span class='ocrx_word' id='word_1_329' title='bbox 1912 2276 2106 2334; x_wconf 89' lang='lat' dir='ltr'><strong>quarta</strong></span> 
     </span>
    </p>
   </div>
   <div class='ocr_carea' id='block_1_42' title="bbox 521 2349 2103 2426">
    <p class='ocr_par' dir='ltr' id='par_1_42' title="bbox 521 2349 2103 2426">
     <span class='ocr_line' id='line_1_42' title="bbox 521 2349 2103 2426; baseline 0.008 -26"><span class='ocrx_word' id='word_1_330' title='bbox 521 2349 922 2413; x_wconf 89' lang='lat' dir='ltr'><strong>constitutione,</strong></span> <span class='ocrx_word' id='word_1_331' title='bbox 949 2365 1109 2420; x_wconf 87' lang='lat' dir='ltr'><strong>quam</strong></span> <span class='ocrx_word' id='word_1_332' title='bbox 1172 2352 1579 2408; x_wconf 88' lang='lat' dir='ltr'><strong>translationem</strong></span> <span class='ocrx_word' id='word_1_333' title='bbox 1635 2354 1789 2426; x_wconf 77' lang='lat' dir='ltr'><strong>[Ms.,</strong></span> <span class='ocrx_word' id='word_1_334' title='bbox 1822 2358 2103 2412; x_wconf 90' lang='lat' dir='ltr'><strong>translati-</strong></span> 
     </span>
    </p>
   </div>
   <div class='ocr_carea' id='block_1_43' title="bbox 522 2437 2102 2515">
    <p class='ocr_par' dir='ltr' id='par_1_43' title="bbox 522 2437 2102 2515">
     <span class='ocr_line' id='line_1_43' title="bbox 522 2437 2102 2515; baseline 0.008 -24"><span class='ocrx_word' id='word_1_335' title='bbox 522 2437 668 2510; x_wconf 89' lang='lat' dir='ltr'><strong>vam]</strong></span> <span class='ocrx_word' id='word_1_336' title='bbox 698 2439 1059 2508; x_wconf 88' lang='lat' dir='ltr'><strong>nominamus,</strong></span> <span class='ocrx_word' id='word_1_337' title='bbox 1087 2444 1369 2512; x_wconf 76' lang='lat' dir='ltr'><strong>quzeritur,</strong></span> <span class='ocrx_word' id='word_1_338' title='bbox 1398 2460 1466 2498; x_wconf 88' lang='lat' dir='ltr'><strong>an</strong></span> <span class='ocrx_word' id='word_1_339' title='bbox 1514 2444 1694 2499; x_wconf 88' lang='lat' dir='ltr'><strong>facere</strong></span> <span class='ocrx_word' id='word_1_340' title='bbox 1731 2462 1847 2501; x_wconf 91' lang='lat' dir='ltr'><strong>rem</strong></span> <span class='ocrx_word' id='word_1_341' title='bbox 1890 2449 2102 2515; x_wconf 86' lang='lat' dir='ltr'><strong>debeat,</strong></span> 
     </span>
    </p>
   </div>
   <div class='ocr_carea' id='block_1_44' title="bbox 523 2527 2107 2603">
    <p class='ocr_par' dir='ltr' id='par_1_44' title="bbox 523 2527 2107 2603">
     <span class='ocr_line' id='line_1_44' title="bbox 523 2527 2107 2603; baseline 0.007 -21"><span class='ocrx_word' id='word_1_342' title='bbox 523 2530 612 2597; x_wconf 88' lang='lat' dir='ltr'><strong>qui</strong></span> <span class='ocrx_word' id='word_1_343' title='bbox 637 2527 786 2594; x_wconf 88' lang='lat' dir='ltr'><strong>fecit,</strong></span> <span class='ocrx_word' id='word_1_344' title='bbox 813 2538 906 2585; x_wconf 83' lang='lat' dir='ltr'><strong>aut</strong></span> <span class='ocrx_word' id='word_1_345' title='bbox 928 2547 995 2586; x_wconf 91' lang='lat' dir='ltr'><strong>eo</strong></span> <span class='ocrx_word' id='word_1_346' title='bbox 1016 2540 1274 2603; x_wconf 81' lang='lat' dir='ltr'><strong>tempore,</strong></span> <span class='ocrx_word' id='word_1_347' title='bbox 1302 2541 1394 2587; x_wconf 89' lang='lat' dir='ltr'><strong>aut</strong></span> <span class='ocrx_word' id='word_1_348' title='bbox 1418 2549 1483 2588; x_wconf 90' lang='lat' dir='ltr'><strong>eo</strong></span> <span class='ocrx_word' id='word_1_349' title='bbox 1508 2530 1690 2600; x_wconf 86' lang='lat' dir='ltr'><strong>modo,</strong></span> <span class='ocrx_word' id='word_1_350' title='bbox 1729 2546 1821 2591; x_wconf 88' lang='lat' dir='ltr'><strong>aut</strong></span> <span class='ocrx_word' id='word_1_351' title='bbox 1849 2537 1988 2603; x_wconf 92' lang='lat' dir='ltr'><strong>loco,</strong></span> <span class='ocrx_word' id='word_1_352' title='bbox 2012 2545 2107 2593; x_wconf 89' lang='lat' dir='ltr'><strong>aut</strong></span> 
     </span>
    </p>
   </div>
   <div class='ocr_carea' id='block_1_45' title="bbox 522 2622 2108 2692">
    <p class='ocr_par' dir='ltr' id='par_1_45' title="bbox 522 2622 2108 2692">
     <span class='ocr_line' id='line_1_45' title="bbox 522 2622 2108 2692; baseline 0.005 -18"><span class='ocrx_word' id='word_1_353' title='bbox 522 2634 646 2675; x_wconf 90' lang='lat' dir='ltr'><strong>cum</strong></span> <span class='ocrx_word' id='word_1_354' title='bbox 699 2622 804 2677; x_wconf 87' lang='lat' dir='ltr'><strong>illis</strong></span> <span class='ocrx_word' id='word_1_355' title='bbox 850 2639 972 2678; x_wconf 91' lang='lat' dir='ltr'><strong>cum</strong></span> <span class='ocrx_word' id='word_1_356' title='bbox 997 2624 1191 2692; x_wconf 85' lang='lat' dir='ltr'><strong>quibus</strong></span> <span class='ocrx_word' id='word_1_357' title='bbox 1220 2624 1381 2679; x_wconf 86' lang='lat' dir='ltr'><strong>fecit?</strong></span> <span class='ocrx_word' id='word_1_358' title='bbox 1406 2623 1478 2679; x_wconf 94' lang='lat' dir='ltr'><strong>Ut</strong></span> <span class='ocrx_word' id='word_1_359' title='bbox 1505 2625 1550 2679; x_wconf 88' lang='lat' dir='ltr'><strong>si</strong></span> <span class='ocrx_word' id='word_1_360' title='bbox 1578 2626 1797 2682; x_wconf 88' lang='lat' dir='ltr'><strong>Orestes</strong></span> <span class='ocrx_word' id='word_1_361' title='bbox 1820 2636 2108 2684; x_wconf 87' lang='lat' dir='ltr'><strong>accusetur</strong></span> 
     </span>
    </p>
   </div>
   <div class='ocr_carea' id='block_1_46' title="bbox 522 2709 2103 2789">
    <p class='ocr_par' dir='ltr' id='par_1_46' title="bbox 522 2709 2103 2789">
     <span class='ocr_line' id='line_1_46' title="bbox 522 2709 2103 2789; baseline 0.005 -23"><span class='ocrx_word' id='word_1_362' title='bbox 522 2709 969 2781; x_wconf 86' lang='lat' dir='ltr'><strong>Clytemnestram</strong></span> <span class='ocrx_word' id='word_1_363' title='bbox 991 2713 1143 2786; x_wconf 80' lang='lat' dir='ltr'><strong>[Ms.,</strong></span> <span class='ocrx_word' id='word_1_364' title='bbox 1171 2713 1547 2789; x_wconf 85' lang='lat' dir='ltr'><strong>Clemestram]</strong></span> <span class='ocrx_word' id='word_1_365' title='bbox 1578 2725 1801 2772; x_wconf 89' lang='lat' dir='ltr'><strong>matrem</strong></span> <span class='ocrx_word' id='word_1_366' title='bbox 1831 2734 1983 2774; x_wconf 88' lang='lat' dir='ltr'><strong>suam</strong></span> <span class='ocrx_word' id='word_1_367' title='bbox 2007 2735 2103 2774; x_wconf 88' lang='lat' dir='ltr'><strong>oc-</strong></span> 
     </span>
    </p>
   </div>
   <div class='ocr_carea' id='block_1_47' title="bbox 523 2805 2105 2877">
    <p class='ocr_par' dir='ltr' id='par_1_47' title="bbox 523 2805 2105 2877">
     <span class='ocr_line' id='line_1_47' title="bbox 523 2805 2105 2877; baseline 0.004 -18"><span class='ocrx_word' id='word_1_368' title='bbox 523 2805 719 2861; x_wconf 90' lang='lat' dir='ltr'><strong>cidisse</strong></span> <span class='ocrx_word' id='word_1_369' title='bbox 749 2824 760 2859; x_wconf 93' lang='lat'><strong>:</strong></span> <span class='ocrx_word' id='word_1_370' title='bbox 796 2822 900 2861; x_wconf 92' lang='lat' dir='ltr'><strong>non</strong></span> <span class='ocrx_word' id='word_1_371' title='bbox 925 2807 1071 2875; x_wconf 90' lang='lat' dir='ltr'><strong>juste</strong></span> <span class='ocrx_word' id='word_1_372' title='bbox 1100 2807 1266 2861; x_wconf 85' lang='lat' dir='ltr'><strong>lilium</strong></span> <span class='ocrx_word' id='word_1_373' title='bbox 1302 2810 1563 2865; x_wconf 89' lang='lat' dir='ltr'><strong>occidisse</strong></span> <span class='ocrx_word' id='word_1_374' title='bbox 1594 2821 1840 2877; x_wconf 86' lang='lat' dir='ltr'><strong>matrem,</strong></span> <span class='ocrx_word' id='word_1_375' title='bbox 1870 2814 1995 2868; x_wconf 89' lang='lat' dir='ltr'><strong>licet</strong></span> <span class='ocrx_word' id='word_1_376' title='bbox 2014 2813 2105 2867; x_wconf 91' lang='lat' dir='ltr'><strong>illa</strong></span> 
     </span>
    </p>
   </div>
   <div class='ocr_carea' id='block_1_48' title="bbox 522 2898 2106 2974">
    <p class='ocr_par' dir='ltr' id='par_1_48' title="bbox 522 2898 2106 2974">
     <span class='ocr_line' id='line_1_48' title="bbox 522 2898 2106 2974; baseline 0.004 -22"><span class='ocrx_word' id='word_1_377' title='bbox 522 2898 778 2952; x_wconf 89' lang='lat' dir='ltr'><strong>occiderit</strong></span> <span class='ocrx_word' id='word_1_378' title='bbox 809 2898 1265 2969; x_wconf 82' lang='lat' dir='ltr'><strong>Agamemnonem</strong></span> <span class='ocrx_word' id='word_1_379' title='bbox 1290 2909 1495 2971; x_wconf 85' lang='lat' dir='ltr'><strong>patrem</strong></span> <span class='ocrx_word' id='word_1_380' title='bbox 1512 2919 1668 2959; x_wconf 91' lang='lat' dir='ltr'><strong>suum</strong></span> <span class='ocrx_word' id='word_1_381' title='bbox 1699 2920 1877 2974; x_wconf 80' lang='lat' dir='ltr'><strong>regem</strong></span> <span class='ocrx_word' id='word_1_382' title='bbox 1895 2904 2106 2959; x_wconf 64' lang='lat' dir='ltr'><strong>Graeco-</strong></span> 
     </span>
    </p>
   </div>
   <div class='ocr_carea' id='block_1_49' title="bbox 522 2988 2103 3063">
    <p class='ocr_par' dir='ltr' id='par_1_49' title="bbox 522 2988 2103 3063">
     <span class='ocr_line' id='line_1_49' title="bbox 522 2988 2103 3063; baseline 0.006 -22"><span class='ocrx_word' id='word_1_383' title='bbox 522 3002 663 3042; x_wconf 88' lang='lat' dir='ltr'><strong>rum.</strong></span> <span class='ocrx_word' id='word_1_384' title='bbox 688 2988 787 3042; x_wconf 85' lang='lat' dir='ltr'><strong>Hic</strong></span> <span class='ocrx_word' id='word_1_385' title='bbox 799 2990 966 3057; x_wconf 79' lang='lat' dir='ltr'><strong>quteri</strong></span> <span class='ocrx_word' id='word_1_386' title='bbox 988 2990 1146 3044; x_wconf 86' lang='lat' dir='ltr'><strong>debet</strong></span> <span class='ocrx_word' id='word_1_387' title='bbox 1173 3004 1270 3060; x_wconf 87' lang='lat' dir='ltr'><strong>per</strong></span> <span class='ocrx_word' id='word_1_388' title='bbox 1299 2992 1723 3061; x_wconf 88' lang='lat' dir='ltr'><strong>translationem,</strong></span> <span class='ocrx_word' id='word_1_389' title='bbox 1744 2993 1887 3063; x_wconf 91' lang='lat' dir='ltr'><strong>juste</strong></span> <span class='ocrx_word' id='word_1_390' title='bbox 1912 2993 2103 3051; x_wconf 89' lang='lat' dir='ltr'><strong>fecerit</strong></span> 
     </span>
    </p>
   </div>
   <div class='ocr_carea' id='block_1_50' title="bbox 526 3080 1270 3155">
    <p class='ocr_par' dir='ltr' id='par_1_50' title="bbox 526 3080 1270 3155">
     <span class='ocr_line' id='line_1_50' title="bbox 526 3080 1270 3155; baseline 0.008 -21"><span class='ocrx_word' id='word_1_391' title='bbox 526 3080 680 3152; x_wconf 57' lang='grc' dir='ltr'><strong>μη,</strong></span> <span class='ocrx_word' id='word_1_392' title='bbox 710 3082 949 3155; x_wconf 82' lang='lat' dir='ltr'><strong>fecisset]</strong></span> <span class='ocrx_word' id='word_1_393' title='bbox 976 3124 989 3148; x_wconf 93' lang='lat'><strong>,</strong></span> <span class='ocrx_word' id='word_1_394' title='bbox 1027 3100 1097 3139; x_wconf 91' lang='lat' dir='ltr'><strong>an</strong></span> <span class='ocrx_word' id='word_1_395' title='bbox 1122 3085 1270 3139; x_wconf 80' lang='lat' dir='ltr'><strong>non?</strong></span> 
     </span>
    </p>
   </div>
   <div class='ocr_carea' id='block_1_51' title="bbox 542 3193 2110 3274">
    <p class='ocr_par' dir='ltr' id='par_1_51' title="bbox 542 3193 2110 3274">
     <span class='ocr_line' id='line_1_51' title="bbox 542 3193 2110 3274; baseline 0.007 -25"><span class='ocrx_word' id='word_1_396' title='bbox 542 3198 547 3199; x_wconf 56' lang='lat'><em>&#39;</em></span> <span class='ocrx_word' id='word_1_397' title='bbox 593 3194 726 3249; x_wconf 73' lang='lat' dir='ltr'><strong>CAR.</strong></span> <span class='ocrx_word' id='word_1_398' title='bbox 769 3193 923 3249; x_wconf 90' lang='lat' dir='ltr'><strong>Statu</strong></span> <span class='ocrx_word' id='word_1_399' title='bbox 950 3212 1124 3251; x_wconf 63' lang='lat' dir='ltr'><strong>causae</strong></span> <span class='ocrx_word' id='word_1_400' title='bbox 1153 3197 1369 3254; x_wconf 89' lang='lat' dir='ltr'><strong>invento</strong></span> <span class='ocrx_word' id='word_1_401' title='bbox 1395 3240 1410 3267; x_wconf 95' lang='lat'><strong>,</strong></span> <span class='ocrx_word' id='word_1_402' title='bbox 1457 3201 1724 3274; x_wconf 91' lang='lat' dir='ltr'><strong>quomodo</strong></span> <span class='ocrx_word' id='word_1_403' title='bbox 1775 3209 1904 3259; x_wconf 89' lang='lat' dir='ltr'><strong>tunc</strong></span> <span class='ocrx_word' id='word_1_404' title='bbox 1933 3212 2110 3261; x_wconf 88' lang='lat' dir='ltr'><strong>status</strong></span> 
     </span>
    </p>
   </div>
   <div class='ocr_carea' id='block_1_52' title="bbox 524 3286 2109 3369">
    <p class='ocr_par' dir='ltr' id='par_1_52' title="bbox 524 3286 2109 3369">
     <span class='ocr_line' id='line_1_52' title="bbox 524 3286 2109 3369; baseline 0.005 -28"><span class='ocrx_word' id='word_1_405' title='bbox 524 3286 639 3357; x_wconf 88' lang='lat' dir='ltr'><strong>ipse</strong></span> <span class='ocrx_word' id='word_1_406' title='bbox 665 3287 1085 3343; x_wconf 88' lang='lat' dir='ltr'><strong>considerandus</strong></span> <span class='ocrx_word' id='word_1_407' title='bbox 1115 3291 1231 3344; x_wconf 84' lang='lat' dir='ltr'><strong>est?</strong></span> <span class='ocrx_word' id='word_1_408' title='bbox 1260 3291 1471 3347; x_wconf 78' lang='lat' dir='ltr'><strong>-—ALB.</strong></span> <span class='ocrx_word' id='word_1_409' title='bbox 1505 3293 1901 3351; x_wconf 87' lang='lat' dir='ltr'><strong>Constitutionc</strong></span> <span class='ocrx_word' id='word_1_410' title='bbox 1929 3310 2109 3369; x_wconf 58' lang='lat' dir='ltr'><strong>causa;</strong></span> 
     </span>
    </p>
   </div>
   <div class='ocr_carea' id='block_1_53' title="bbox 527 3372 2109 3457">
    <p class='ocr_par' dir='ltr' id='par_1_53' title="bbox 527 3372 2109 3457">
     <span class='ocr_line' id='line_1_53' title="bbox 527 3372 2109 3457; baseline 0.007 -26"><span class='ocrx_word' id='word_1_411' title='bbox 527 3372 739 3447; x_wconf 85' lang='lat' dir='ltr'><strong>reperta</strong></span> <span class='ocrx_word' id='word_1_412' title='bbox 763 3379 946 3455; x_wconf 88' lang='lat' dir='ltr'><strong>statim</strong></span> <span class='ocrx_word' id='word_1_413' title='bbox 990 3380 1165 3457; x_wconf 90' lang='lat' dir='ltr'><strong>placet</strong></span> <span class='ocrx_word' id='word_1_414' title='bbox 1206 3382 1588 3449; x_wconf 76' lang='lat' dir='ltr'><strong>Considerare,</strong></span> <span class='ocrx_word' id='word_1_415' title='bbox 1644 3390 1827 3439; x_wconf 90' lang='lat' dir='ltr'><strong>utrum</strong></span> <span class='ocrx_word' id='word_1_416' title='bbox 1881 3388 2109 3456; x_wconf 58' lang='lat' dir='ltr'><strong>quiestio</strong></span> 
     </span>
    </p>
   </div>
   <div class='ocr_carea' id='block_1_54' title="bbox 525 3468 2110 3547">
    <p class='ocr_par' dir='ltr' id='par_1_54' title="bbox 525 3468 2110 3547">
     <span class='ocr_line' id='line_1_54' title="bbox 525 3468 2110 3547; baseline 0.008 -24"><span class='ocrx_word' id='word_1_417' title='bbox 525 3483 702 3523; x_wconf 77' lang='lat' dir='ltr'><strong>caus:e</strong></span> <span class='ocrx_word' id='word_1_418' title='bbox 729 3468 955 3540; x_wconf 83' lang='lat' dir='ltr'><strong>simplex</strong></span> <span class='ocrx_word' id='word_1_419' title='bbox 986 3471 1076 3536; x_wconf 91' lang='lat' dir='ltr'><strong>sit,</strong></span> <span class='ocrx_word' id='word_1_420' title='bbox 1106 3487 1174 3525; x_wconf 91' lang='lat' dir='ltr'><strong>an</strong></span> <span class='ocrx_word' id='word_1_421' title='bbox 1222 3472 1526 3543; x_wconf 86' lang='lat' dir='ltr'><strong>conjuncta.</strong></span> <span class='ocrx_word' id='word_1_422' title='bbox 1586 3472 1821 3545; x_wconf 79' lang='lat' dir='ltr'><strong>Simplex</strong></span> <span class='ocrx_word' id='word_1_423' title='bbox 1848 3485 1949 3540; x_wconf 87' lang='lat' dir='ltr'><strong>est,</strong></span> <span class='ocrx_word' id='word_1_424' title='bbox 1988 3492 2110 3547; x_wconf 80' lang='lat' dir='ltr'><strong>quae</strong></span> 
     </span>
    </p>
   </div>
   <div class='ocr_carea' id='block_1_55' title="bbox 524 3558 2107 3633">
    <p class='ocr_par' dir='ltr' id='par_1_55' title="bbox 524 3558 2107 3633">
     <span class='ocr_line' id='line_1_55' title="bbox 524 3558 2107 3633; baseline 0.005 -21"><span class='ocrx_word' id='word_1_425' title='bbox 524 3573 686 3612; x_wconf 88' lang='lat' dir='ltr'><strong>unam</strong></span> <span class='ocrx_word' id='word_1_426' title='bbox 714 3558 767 3612; x_wconf 91' lang='lat' dir='ltr'><strong>in</strong></span> <span class='ocrx_word' id='word_1_427' title='bbox 795 3574 853 3615; x_wconf 92' lang='lat' dir='ltr'><strong>se</strong></span> <span class='ocrx_word' id='word_1_428' title='bbox 878 3562 1118 3617; x_wconf 86' lang='lat' dir='ltr'><strong>continet</strong></span> <span class='ocrx_word' id='word_1_429' title='bbox 1161 3564 1534 3633; x_wconf 64' lang='lat' dir='ltr'><strong>quaestionem,</strong></span> <span class='ocrx_word' id='word_1_430' title='bbox 1561 3562 1663 3619; x_wconf 86' lang='lat' dir='ltr'><strong>hoc</strong></span> <span class='ocrx_word' id='word_1_431' title='bbox 1685 3565 1843 3621; x_wconf 92' lang='lat' dir='ltr'><strong>modo</strong></span> <span class='ocrx_word' id='word_1_432' title='bbox 1869 3584 1881 3619; x_wconf 88' lang='lat'>:</span> <span class='ocrx_word' id='word_1_433' title='bbox 1914 3563 2107 3621; x_wconf 84' lang='lat' dir='ltr'><strong>Corin-</strong></span> 
     </span>
    </p>
   </div>
   <div class='ocr_carea' id='block_1_56' title="bbox 521 3636 2105 3727">
    <p class='ocr_par' dir='ltr' id='par_1_56' title="bbox 521 3636 2105 3727">
     <span class='ocr_line' id='line_1_56' title="bbox 521 3636 2105 3727; baseline 0.007 -26"><span class='ocrx_word' id='word_1_434' title='bbox 521 3645 653 3701; x_wconf 87' lang='lat' dir='ltr'><strong>thiis</strong></span> <span class='ocrx_word' id='word_1_435' title='bbox 685 3647 883 3703; x_wconf 87' lang='lat' dir='ltr'><strong>bellum</strong></span> <span class='ocrx_word' id='word_1_436' title='bbox 929 3636 1161 3705; x_wconf 28' lang='lat' dir='ltr'><strong>in&#39;dicam</strong></span> <span class='ocrx_word' id='word_1_437' title='bbox 1204 3651 1330 3724; x_wconf 79' lang='lat' dir='ltr'><strong>[Ms.</strong></span> <span class='ocrx_word' id='word_1_438' title='bbox 1360 3693 1376 3718; x_wconf 93' lang='lat'><strong>,</strong></span> <span class='ocrx_word' id='word_1_439' title='bbox 1431 3653 1754 3727; x_wconf 89' lang='lat' dir='ltr'><strong>indicamus]</strong></span> <span class='ocrx_word' id='word_1_440' title='bbox 1782 3696 1796 3721; x_wconf 94' lang='lat'><strong>,</strong></span> <span class='ocrx_word' id='word_1_441' title='bbox 1848 3671 1913 3709; x_wconf 91' lang='lat' dir='ltr'><strong>an</strong></span> <span class='ocrx_word' id='word_1_442' title='bbox 1958 3658 2105 3712; x_wconf 91' lang='lat' dir='ltr'><strong>non?</strong></span> 
     </span>
    </p>
   </div>
   <div class='ocr_carea' id='block_1_57' title="bbox 523 3736 2110 3821">
    <p class='ocr_par' dir='ltr' id='par_1_57' title="bbox 523 3736 2110 3821">
     <span class='ocr_line' id='line_1_57' title="bbox 523 3736 2110 3821; baseline 0.009 -27"><span class='ocrx_word' id='word_1_443' title='bbox 523 3736 817 3809; x_wconf 80' lang='lat' dir='ltr'><strong>Conjuncta</strong></span> <span class='ocrx_word' id='word_1_444' title='bbox 847 3750 929 3797; x_wconf 93' lang='lat' dir='ltr'><strong>est</strong></span> <span class='ocrx_word' id='word_1_445' title='bbox 959 3745 1205 3812; x_wconf 59' lang='lat' dir='ltr'><strong>quatstio,</strong></span> <span class='ocrx_word' id='word_1_446' title='bbox 1246 3762 1365 3815; x_wconf 75' lang='lat' dir='ltr'><strong>quae</strong></span> <span class='ocrx_word' id='word_1_447' title='bbox 1410 3761 1474 3801; x_wconf 83' lang='lat' dir='ltr'><strong>ex</strong></span> <span class='ocrx_word' id='word_1_448' title='bbox 1500 3748 1743 3819; x_wconf 86' lang='lat' dir='ltr'><strong>pluribus</strong></span> <span class='ocrx_word' id='word_1_449' title='bbox 1797 3753 2110 3821; x_wconf 59' lang='lat' dir='ltr'><strong>quaestioni-</strong></span> 
     </span>
    </p>
   </div>
   <div class='ocr_carea' id='block_1_58' title="bbox 521 3833 2109 3914">
    <p class='ocr_par' dir='ltr' id='par_1_58' title="bbox 521 3833 2109 3914">
     <span class='ocr_line' id='line_1_58' title="bbox 521 3833 2109 3914; baseline 0.006 -25"><span class='ocrx_word' id='word_1_450' title='bbox 521 3833 623 3905; x_wconf 87' lang='lat' dir='ltr'><strong>bus</strong></span> <span class='ocrx_word' id='word_1_451' title='bbox 646 3844 876 3902; x_wconf 88' lang='lat' dir='ltr'><strong>constat,</strong></span> <span class='ocrx_word' id='word_1_452' title='bbox 900 3836 1001 3892; x_wconf 90' lang='lat' dir='ltr'><strong>hoc</strong></span> <span class='ocrx_word' id='word_1_453' title='bbox 1027 3848 1183 3909; x_wconf 88' lang='lat' dir='ltr'><strong>pacto</strong></span> <span class='ocrx_word' id='word_1_454' title='bbox 1211 3859 1223 3893; x_wconf 89' lang='lat'><strong>:</strong></span> <span class='ocrx_word' id='word_1_455' title='bbox 1253 3838 1446 3894; x_wconf 88' lang='lat' dir='ltr'><strong>Utrum</strong></span> <span class='ocrx_word' id='word_1_456' title='bbox 1469 3840 1734 3914; x_wconf 78' lang='lat' dir='ltr'><strong>Carthago</strong></span> <span class='ocrx_word' id='word_1_457' title='bbox 1757 3842 2021 3910; x_wconf 88' lang='lat' dir='ltr'><strong>diruatur,</strong></span> <span class='ocrx_word' id='word_1_458' title='bbox 2040 3860 2109 3911; x_wconf 80' lang='lat' dir='ltr'><strong>an</strong></span> 
     </span>
    </p>
   </div>
   <div class='ocr_carea' id='block_1_59' title="bbox 470 3925 2111 4007">
    <p class='ocr_par' dir='ltr' id='par_1_59' title="bbox 470 3925 2111 4007">
     <span class='ocr_line' id='line_1_59' title="bbox 470 3925 2111 4007; baseline 0.004 -26"><span class='ocrx_word' id='word_1_459' title='bbox 470 3940 479 3947; x_wconf 84' lang='lat'><em>‘</em></span> <span class='ocrx_word' id='word_1_460' title='bbox 522 3925 1040 3998; x_wconf 86' lang='lat' dir='ltr'><strong>Carthaginensibus</strong></span> <span class='ocrx_word' id='word_1_461' title='bbox 1070 3931 1345 3996; x_wconf 88' lang='lat' dir='ltr'><strong>reddatur,</strong></span> <span class='ocrx_word' id='word_1_462' title='bbox 1372 3948 1438 4007; x_wconf 83' lang='lat' dir='ltr'><strong>an</strong></span> <span class='ocrx_word' id='word_1_463' title='bbox 1464 3949 1527 3987; x_wconf 92' lang='lat' dir='ltr'><strong>eo</strong></span> <span class='ocrx_word' id='word_1_464' title='bbox 1544 3934 1753 3997; x_wconf 82' lang='lat' dir='ltr'><strong>colonia</strong></span> <span class='ocrx_word' id='word_1_465' title='bbox 1782 3935 2111 3989; x_wconf 87' lang='lat' dir='ltr'><strong>deducatur?</strong></span> 
     </span>
    </p>
   </div>
   <div class='ocr_carea' id='block_1_60' title="bbox 592 4019 2110 4101">
    <p class='ocr_par' dir='ltr' id='par_1_60' title="bbox 592 4019 2110 4101">
     <span class='ocr_line' id='line_1_60' title="bbox 592 4019 2110 4101; baseline 0.003 -25"><span class='ocrx_word' id='word_1_466' title='bbox 592 4019 755 4092; x_wconf 80' lang='lat'><strong>316</strong></span> <span class='ocrx_word' id='word_1_467' title='bbox 776 4020 908 4077; x_wconf 65' lang='lat' dir='ltr'><strong>an.</strong></span> <span class='ocrx_word' id='word_1_468' title='bbox 942 4022 1049 4101; x_wconf 88' lang='lat' dir='ltr'><strong>Sed</strong></span> <span class='ocrx_word' id='word_1_469' title='bbox 1075 4023 1273 4095; x_wconf 78' lang='lat' dir='ltr'><strong>legales</strong></span> <span class='ocrx_word' id='word_1_470' title='bbox 1311 4041 1457 4079; x_wconf 90' lang='lat' dir='ltr'><strong>nunc</strong></span> <span class='ocrx_word' id='word_1_471' title='bbox 1486 4026 1897 4081; x_wconf 86' lang='lat' dir='ltr'><strong>constitutiones</strong></span> <span class='ocrx_word' id='word_1_472' title='bbox 1926 4042 2110 4083; x_wconf 84' lang='lat' dir='ltr'><strong>exem-</strong></span> 
     </span>
    </p>
   </div>
   <div class='ocr_carea' id='block_1_61' title="bbox 520 4112 2109 4191">
    <p class='ocr_par' dir='ltr' id='par_1_61' title="bbox 520 4112 2109 4191">
     <span class='ocr_line' id='line_1_61' title="bbox 520 4112 2109 4191; baseline 0.006 -26"><span class='ocrx_word' id='word_1_473' title='bbox 520 4112 623 4185; x_wconf 86' lang='lat' dir='ltr'><strong>plis</strong></span> <span class='ocrx_word' id='word_1_474' title='bbox 645 4116 922 4191; x_wconf 78' lang='lat' dir='ltr'><strong>confirma.</strong></span> <span class='ocrx_word' id='word_1_475' title='bbox 948 4146 1018 4156; x_wconf 89' lang='lat'><strong><em>—</em></strong></span> <span class='ocrx_word' id='word_1_476' title='bbox 1050 4116 1180 4171; x_wconf 75' lang='lat' dir='ltr'><strong>Aw.</strong></span> <span class='ocrx_word' id='word_1_477' title='bbox 1219 4115 1677 4172; x_wconf 87' lang='lat' dir='ltr'><strong>Considerandum</strong></span> <span class='ocrx_word' id='word_1_478' title='bbox 1708 4126 1790 4171; x_wconf 88' lang='lat' dir='ltr'><strong>est</strong></span> <span class='ocrx_word' id='word_1_479' title='bbox 1811 4116 1975 4188; x_wconf 77' lang='lat' dir='ltr'><strong>[sicut</strong></span> <span class='ocrx_word' id='word_1_480' title='bbox 1995 4118 2109 4186; x_wconf 86' lang='lat' dir='ltr'><strong>jam</strong></span> 
     </span>
    </p>
   </div>
   <div class='ocr_carea' id='block_1_62' title="bbox 522 4203 2109 4283">
    <p class='ocr_par' dir='ltr' id='par_1_62' title="bbox 522 4203 2109 4283">
     <span class='ocr_line' id='line_1_62' title="bbox 522 4203 2109 4283; baseline 0.003 -25"><span class='ocrx_word' id='word_1_481' title='bbox 522 4203 680 4276; x_wconf 79' lang='lat' dir='ltr'><strong>dixi],</strong></span> <span class='ocrx_word' id='word_1_482' title='bbox 704 4206 758 4259; x_wconf 93' lang='lat' dir='ltr'><strong>in</strong></span> <span class='ocrx_word' id='word_1_483' title='bbox 788 4206 1015 4271; x_wconf 91' lang='lat' dir='ltr'><strong>ratione,</strong></span> <span class='ocrx_word' id='word_1_484' title='bbox 1048 4223 1115 4260; x_wconf 91' lang='lat' dir='ltr'><strong>an</strong></span> <span class='ocrx_word' id='word_1_485' title='bbox 1140 4208 1417 4283; x_wconf 86' lang='lat' dir='ltr'><strong>inscripto</strong></span> <span class='ocrx_word' id='word_1_486' title='bbox 1440 4209 1511 4262; x_wconf 90' lang='lat' dir='ltr'><strong>sit</strong></span> <span class='ocrx_word' id='word_1_487' title='bbox 1540 4210 1944 4264; x_wconf 80' lang='lat' dir='ltr'><strong>controversia?</strong></span> <span class='ocrx_word' id='word_1_488' title='bbox 1973 4208 2109 4283; x_wconf 82' lang='lat' dir='ltr'><strong>Nam</strong></span> 
     </span>
    </p>
   </div>
   <div class='ocr_carea' id='block_1_63' title="bbox 524 4282 2111 4375">
    <p class='ocr_par' dir='ltr' id='par_1_63' title="bbox 524 4282 2111 4375">
     <span class='ocr_line' id='line_1_63' title="bbox 524 4282 2111 4375; baseline 0.003 -25"><span class='ocrx_word' id='word_1_489' title='bbox 524 4296 714 4375; x_wconf 84' lang='lat' dir='ltr'><strong>scripti</strong></span> <span class='ocrx_word' id='word_1_490' title='bbox 744 4298 1110 4371; x_wconf 89' lang='lat' dir='ltr'><strong>controversia</strong></span> <span class='ocrx_word' id='word_1_491' title='bbox 1132 4282 1215 4351; x_wconf 86' lang='lat' dir='ltr'><strong>est</strong></span> <span class='ocrx_word' id='word_1_492' title='bbox 1240 4313 1303 4353; x_wconf 91' lang='lat' dir='ltr'><strong>ea</strong></span> <span class='ocrx_word' id='word_1_493' title='bbox 1327 4339 1342 4363; x_wconf 94' lang='lat'><strong>,</strong></span> <span class='ocrx_word' id='word_1_494' title='bbox 1400 4314 1518 4369; x_wconf 70' lang='lat' dir='ltr'><strong>qua:</strong></span> <span class='ocrx_word' id='word_1_495' title='bbox 1547 4314 1612 4355; x_wconf 85' lang='lat' dir='ltr'><strong>ex</strong></span> <span class='ocrx_word' id='word_1_496' title='bbox 1643 4300 1843 4372; x_wconf 89' lang='lat' dir='ltr'><strong>scripta</strong></span> <span class='ocrx_word' id='word_1_497' title='bbox 1873 4301 1989 4375; x_wconf 85' lang='lat' dir='ltr'><strong>lege</strong></span> <span class='ocrx_word' id='word_1_498' title='bbox 2018 4282 2111 4357; x_wconf 87' lang='lat' dir='ltr'><strong>na-</strong></span> 
     </span>
    </p>
   </div>
   <div class='ocr_carea' id='block_1_64' title="bbox 2128 3040 2178 3102">
    <p class='ocr_par' dir='ltr' id='par_1_64' title="bbox 2128 3040 2178 3102">
     <span class='ocr_line' id='line_1_64' title="bbox 2128 3040 2178 3102; baseline 0 0"><span class='ocrx_word' id='word_1_499' title='bbox 2128 3040 2178 3102; x_wconf 85' lang='lat' dir='ltr'><strong>C</strong></span> 
     </span>
    </p>
   </div>
   <div class='ocr_carea' id='block_1_65' title="bbox 2204 1973 3799 2046">
    <p class='ocr_par' dir='ltr' id='par_1_65' title="bbox 2204 1973 3799 2046">
     <span class='ocr_line' id='line_1_65' title="bbox 2204 1973 3799 2046; baseline 0.003 -17"><span class='ocrx_word' id='word_1_500' title='bbox 2204 1973 2307 2029; x_wconf 81' lang='lat' dir='ltr'><strong>sibi</strong></span> <span class='ocrx_word' id='word_1_501' title='bbox 2347 1974 2404 2027; x_wconf 88' lang='lat' dir='ltr'><strong>in</strong></span> <span class='ocrx_word' id='word_1_502' title='bbox 2437 1974 2644 2043; x_wconf 64' lang='lat' dir='ltr'><strong>praemii</strong></span> <span class='ocrx_word' id='word_1_503' title='bbox 2672 1974 2790 2029; x_wconf 90' lang='lat' dir='ltr'><strong>loco</strong></span> <span class='ocrx_word' id='word_1_504' title='bbox 2811 1974 3074 2046; x_wconf 87' lang='lat' dir='ltr'><strong>deposcit.</strong></span> <span class='ocrx_word' id='word_1_505' title='bbox 3107 1974 3249 2031; x_wconf 89' lang='lat' dir='ltr'><strong>Sunt</strong></span> <span class='ocrx_word' id='word_1_506' title='bbox 3271 1977 3364 2046; x_wconf 89' lang='lat' dir='ltr'><strong>qui</strong></span> <span class='ocrx_word' id='word_1_507' title='bbox 3391 1992 3459 2031; x_wconf 85' lang='lat' dir='ltr'><strong>ex</strong></span> <span class='ocrx_word' id='word_1_508' title='bbox 3482 1978 3601 2045; x_wconf 82' lang='lat' dir='ltr'><strong>lege</strong></span> <span class='ocrx_word' id='word_1_509' title='bbox 3620 1976 3799 2034; x_wconf 66' lang='grc' dir='ltr'><strong>θα)Ξᾶ</strong></span> 
     </span>
    </p>
   </div>
   <div class='ocr_carea' id='block_1_66' title="bbox 2203 2066 3799 2138">
    <p class='ocr_par' dir='ltr' id='par_1_66' title="bbox 2203 2066 3799 2138">
     <span class='ocr_line' id='line_1_66' title="bbox 2203 2066 3799 2138; baseline 0.003 -19"><span class='ocrx_word' id='word_1_510' title='bbox 2203 2080 2431 2136; x_wconf 87' lang='lat' dir='ltr'><strong>puerum</strong></span> <span class='ocrx_word' id='word_1_511' title='bbox 2465 2066 2649 2121; x_wconf 86' lang='lat' dir='ltr'><strong>dicant</strong></span> <span class='ocrx_word' id='word_1_512' title='bbox 2675 2075 2928 2136; x_wconf 90' lang='lat' dir='ltr'><strong>oportere</strong></span> <span class='ocrx_word' id='word_1_513' title='bbox 2953 2085 2968 2121; x_wconf 90' lang='lat'><strong>:</strong></span> <span class='ocrx_word' id='word_1_514' title='bbox 2996 2075 3122 2121; x_wconf 92' lang='lat' dir='ltr'><strong>sunt</strong></span> <span class='ocrx_word' id='word_1_515' title='bbox 3150 2068 3242 2138; x_wconf 89' lang='lat' dir='ltr'><strong>qui</strong></span> <span class='ocrx_word' id='word_1_516' title='bbox 3263 2068 3448 2123; x_wconf 87' lang='lat' dir='ltr'><strong>dicant</strong></span> <span class='ocrx_word' id='word_1_517' title='bbox 3467 2069 3618 2123; x_wconf 87' lang='lat' dir='ltr'><strong>reddi</strong></span> <span class='ocrx_word' id='word_1_518' title='bbox 3640 2083 3799 2138; x_wconf 88' lang='lat' dir='ltr'><strong>opor-</strong></span> 
     </span>
    </p>
   </div>
   <div class='ocr_carea' id='block_1_67' title="bbox 2204 2156 3799 2228">
    <p class='ocr_par' dir='ltr' id='par_1_67' title="bbox 2204 2156 3799 2228">
     <span class='ocr_line' id='line_1_67' title="bbox 2204 2156 3799 2228; baseline 0.004 -18"><span class='ocrx_word' id='word_1_519' title='bbox 2204 2164 2321 2211; x_wconf 86' lang='lat' dir='ltr'><strong>tere</strong></span> <span class='ocrx_word' id='word_1_520' title='bbox 2346 2158 2507 2212; x_wconf 88' lang='lat' dir='ltr'><strong>matri</strong></span> <span class='ocrx_word' id='word_1_521' title='bbox 2530 2158 2651 2214; x_wconf 92' lang='lat' dir='ltr'><strong>loco</strong></span> <span class='ocrx_word' id='word_1_522' title='bbox 2693 2159 2924 2228; x_wconf 76' lang='lat' dir='ltr'><strong>praemii.</strong></span> <span class='ocrx_word' id='word_1_523' title='bbox 2952 2157 3062 2213; x_wconf 80' lang='lat' dir='ltr'><strong>Res</strong></span> <span class='ocrx_word' id='word_1_524' title='bbox 3108 2159 3163 2213; x_wconf 90' lang='lat' dir='ltr'><strong>in</strong></span> <span class='ocrx_word' id='word_1_525' title='bbox 3201 2156 3407 2225; x_wconf 90' lang='lat' dir='ltr'><strong>judicio</strong></span> <span class='ocrx_word' id='word_1_526' title='bbox 3452 2167 3557 2213; x_wconf 80' lang='lat' dir='ltr'><strong>est.</strong></span> <span class='ocrx_word' id='word_1_527' title='bbox 3599 2158 3668 2212; x_wconf 79' lang='lat' dir='ltr'><strong>Et</strong></span> <span class='ocrx_word' id='word_1_528' title='bbox 3710 2157 3799 2217; x_wconf 76' lang='lat' dir='ltr'><strong>hic</strong></span> 
     </span>
    </p>
   </div>
   <div class='ocr_carea' id='block_1_68' title="bbox 2204 2246 3802 2318">
    <p class='ocr_par' dir='ltr' id='par_1_68' title="bbox 2204 2246 3802 2318">
     <span class='ocr_line' id='line_1_68' title="bbox 2204 2246 3802 2318; baseline 0.002 -18"><span class='ocrx_word' id='word_1_529' title='bbox 2204 2246 2657 2302; x_wconf 81' lang='lat' dir='ltr'><strong>considerandum</strong></span> <span class='ocrx_word' id='word_1_530' title='bbox 2695 2262 2815 2318; x_wconf 72' lang='lat' dir='ltr'><strong>qua:</strong></span> <span class='ocrx_word' id='word_1_531' title='bbox 2838 2248 2924 2303; x_wconf 89' lang='lat' dir='ltr'><strong>lex</strong></span> <span class='ocrx_word' id='word_1_532' title='bbox 2968 2249 3037 2303; x_wconf 87' lang='lat' dir='ltr'><strong>ad</strong></span> <span class='ocrx_word' id='word_1_533' title='bbox 3066 2246 3324 2316; x_wconf 83' lang='lat' dir='ltr'><strong>majorem</strong></span> <span class='ocrx_word' id='word_1_534' title='bbox 3352 2248 3643 2311; x_wconf 83' lang='lat' dir='ltr'><strong>utilitatem</strong></span> <span class='ocrx_word' id='word_1_535' title='bbox 3678 2262 3802 2316; x_wconf 77' lang='lat' dir='ltr'><strong>per—</strong></span> 
     </span>
    </p>
   </div>
   <div class='ocr_carea' id='block_1_69' title="bbox 2203 2336 3803 2411">
    <p class='ocr_par' dir='ltr' id='par_1_69' title="bbox 2203 2336 3803 2411">
     <span class='ocr_line' id='line_1_69' title="bbox 2203 2336 3803 2411; baseline 0.003 -23"><span class='ocrx_word' id='word_1_536' title='bbox 2203 2336 2410 2402; x_wconf 87' lang='lat' dir='ltr'><strong>tiueat;</strong></span> <span class='ocrx_word' id='word_1_537' title='bbox 2442 2345 2497 2391; x_wconf 90' lang='lat' dir='ltr'><strong>et</strong></span> <span class='ocrx_word' id='word_1_538' title='bbox 2521 2353 2641 2407; x_wconf 69' lang='lat' dir='ltr'><strong>quae</strong></span> <span class='ocrx_word' id='word_1_539' title='bbox 2661 2338 2812 2408; x_wconf 86' lang='lat' dir='ltr'><strong>prius</strong></span> <span class='ocrx_word' id='word_1_540' title='bbox 2847 2339 2921 2395; x_wconf 88' lang='lat' dir='ltr'><strong>sit</strong></span> <span class='ocrx_word' id='word_1_541' title='bbox 2942 2337 3096 2411; x_wconf 60' lang='grc' dir='ltr'><strong>[Ἀθη</strong></span> <span class='ocrx_word' id='word_1_542' title='bbox 3130 2337 3295 2411; x_wconf 84' lang='lat' dir='ltr'><strong>esset]</strong></span> <span class='ocrx_word' id='word_1_543' title='bbox 3321 2338 3546 2407; x_wconf 83' lang='lat' dir='ltr'><strong>scripta;</strong></span> <span class='ocrx_word' id='word_1_544' title='bbox 3579 2347 3637 2393; x_wconf 90' lang='lat' dir='ltr'><strong>et</strong></span> <span class='ocrx_word' id='word_1_545' title='bbox 3656 2353 3803 2407; x_wconf 89' lang='lat' dir='ltr'><strong>quos</strong></span> 
     </span>
    </p>
   </div>
   <div class='ocr_carea' id='block_1_70' title="bbox 2204 2428 3093 2502">
    <p class='ocr_par' dir='ltr' id='par_1_70' title="bbox 2204 2428 3093 2502">
     <span class='ocr_line' id='line_1_70' title="bbox 2204 2428 3093 2502; baseline 0.004 -21"><span class='ocrx_word' id='word_1_546' title='bbox 2204 2443 2430 2499; x_wconf 60' lang='lat' dir='ltr'><strong>quaeque</strong></span> <span class='ocrx_word' id='word_1_547' title='bbox 2459 2428 2710 2485; x_wconf 88' lang='lat' dir='ltr'><strong>habuerit</strong></span> <span class='ocrx_word' id='word_1_548' title='bbox 2736 2430 3093 2502; x_wconf 89' lang='lat' dir='ltr'><strong>legislatores.</strong></span> 
     </span>
    </p>
   </div>
   <div class='ocr_carea' id='block_1_71' title="bbox 2276 2520 3799 2591">
    <p class='ocr_par' dir='ltr' id='par_1_71' title="bbox 2276 2520 3799 2591">
     <span class='ocr_line' id='line_1_71' title="bbox 2276 2520 3799 2591; baseline 0.001 -17"><span class='ocrx_word' id='word_1_549' title='bbox 2276 2520 2354 2574; x_wconf 86' lang='lat' dir='ltr'><strong>Ex</strong></span> <span class='ocrx_word' id='word_1_550' title='bbox 2384 2521 2587 2591; x_wconf 89' lang='lat' dir='ltr'><strong>scripto</strong></span> <span class='ocrx_word' id='word_1_551' title='bbox 2611 2529 2667 2577; x_wconf 89' lang='lat' dir='ltr'><strong>ct</strong></span> <span class='ocrx_word' id='word_1_552' title='bbox 2688 2525 2955 2579; x_wconf 86' lang='lat' dir='ltr'><strong>sententia</strong></span> <span class='ocrx_word' id='word_1_553' title='bbox 2980 2524 3352 2581; x_wconf 89' lang='lat' dir='ltr'><strong>controversia</strong></span> <span class='ocrx_word' id='word_1_554' title='bbox 3377 2521 3651 2586; x_wconf 90' lang='lat' dir='ltr'><strong>consistit,</strong></span> <span class='ocrx_word' id='word_1_555' title='bbox 3675 2536 3799 2583; x_wconf 89' lang='lat' dir='ltr'><strong>cum</strong></span> 
     </span>
    </p>
   </div>
   <div class='ocr_carea' id='block_1_72' title="bbox 2205 2608 3799 2689">
    <p class='ocr_par' dir='ltr' id='par_1_72' title="bbox 2205 2608 3799 2689">
     <span class='ocr_line' id='line_1_72' title="bbox 2205 2608 3799 2689; baseline 0.001 -27"><span class='ocrx_word' id='word_1_556' title='bbox 2205 2608 2341 2673; x_wconf 82' lang='lat' dir='ltr'><strong>alter</strong></span> <span class='ocrx_word' id='word_1_557' title='bbox 2366 2612 2547 2665; x_wconf 87' lang='lat' dir='ltr'><strong>verbis</strong></span> <span class='ocrx_word' id='word_1_558' title='bbox 2573 2613 2704 2683; x_wconf 90' lang='lat' dir='ltr'><strong>ipsis</strong></span> <span class='ocrx_word' id='word_1_559' title='bbox 2736 2629 2856 2683; x_wconf 75' lang='lat' dir='ltr'><strong>quae</strong></span> <span class='ocrx_word' id='word_1_560' title='bbox 2885 2614 3085 2681; x_wconf 90' lang='lat' dir='ltr'><strong>scripta</strong></span> <span class='ocrx_word' id='word_1_561' title='bbox 3107 2623 3253 2680; x_wconf 90' lang='lat' dir='ltr'><strong>sunt,</strong></span> <span class='ocrx_word' id='word_1_562' title='bbox 3294 2614 3496 2678; x_wconf 89' lang='lat' dir='ltr'><strong>utitur;</strong></span> <span class='ocrx_word' id='word_1_563' title='bbox 3545 2611 3686 2689; x_wconf 84' lang='lat' dir='ltr'><strong>alter</strong></span> <span class='ocrx_word' id='word_1_564' title='bbox 3732 2609 3799 2665; x_wconf 89' lang='lat' dir='ltr'><strong>ad</strong></span> 
     </span>
    </p>
   </div>
   <div class='ocr_carea' id='block_1_73' title="bbox 2205 2690 3797 2776">
    <p class='ocr_par' dir='ltr' id='par_1_73' title="bbox 2205 2690 3797 2776">
     <span class='ocr_line' id='line_1_73' title="bbox 2205 2690 3797 2776; baseline 0.002 -23"><span class='ocrx_word' id='word_1_565' title='bbox 2205 2698 2258 2753; x_wconf 90' lang='lat' dir='ltr'><strong>id</strong></span> <span class='ocrx_word' id='word_1_566' title='bbox 2287 2700 2427 2768; x_wconf 90' lang='lat' dir='ltr'><strong>quod</strong></span> <span class='ocrx_word' id='word_1_567' title='bbox 2455 2700 2777 2771; x_wconf 89' lang='lat' dir='ltr'><strong>scriptorem</strong></span> <span class='ocrx_word' id='word_1_568' title='bbox 2802 2704 3039 2758; x_wconf 91' lang='lat' dir='ltr'><strong>sensisse</strong></span> <span class='ocrx_word' id='word_1_569' title='bbox 3081 2703 3212 2758; x_wconf 90' lang='lat' dir='ltr'><strong>dicit</strong></span> <span class='ocrx_word' id='word_1_570' title='bbox 3237 2702 3395 2776; x_wconf 77' lang='lat' dir='ltr'><strong>[Ms.,</strong></span> <span class='ocrx_word' id='word_1_571' title='bbox 3423 2701 3589 2775; x_wconf 81' lang='lat' dir='ltr'><strong>dicet]</strong></span> <span class='ocrx_word' id='word_1_572' title='bbox 3620 2742 3635 2767; x_wconf 96' lang='lat'><strong>,</strong></span> <span class='ocrx_word' id='word_1_573' title='bbox 3684 2690 3797 2755; x_wconf 52' lang='lat' dir='ltr'><strong>om?</strong></span> 
     </span>
    </p>
   </div>
   <div class='ocr_carea' id='block_1_74' title="bbox 2204 2792 3797 2867">
    <p class='ocr_par' dir='ltr' id='par_1_74' title="bbox 2204 2792 3797 2867">
     <span class='ocr_line' id='line_1_74' title="bbox 2204 2792 3797 2867; baseline -0.001 -20"><span class='ocrx_word' id='word_1_574' title='bbox 2204 2808 2327 2847; x_wconf 89' lang='lat' dir='ltr'><strong>nem</strong></span> <span class='ocrx_word' id='word_1_575' title='bbox 2362 2792 2603 2863; x_wconf 85' lang='lat' dir='ltr'><strong>adjungit</strong></span> <span class='ocrx_word' id='word_1_576' title='bbox 2628 2793 2939 2849; x_wconf 87' lang='lat' dir='ltr'><strong>dictionem.</strong></span> <span class='ocrx_word' id='word_1_577' title='bbox 2969 2793 3040 2849; x_wconf 91' lang='lat' dir='ltr'><strong>Ut</strong></span> <span class='ocrx_word' id='word_1_578' title='bbox 3077 2795 3163 2849; x_wconf 79' lang='lat' dir='ltr'><strong>lex</strong></span> <span class='ocrx_word' id='word_1_579' title='bbox 3192 2803 3292 2857; x_wconf 91' lang='lat' dir='ltr'><strong>est,</strong></span> <span class='ocrx_word' id='word_1_580' title='bbox 3322 2813 3439 2867; x_wconf 73' lang='lat' dir='ltr'><strong>qua</strong></span> <span class='ocrx_word' id='word_1_581' title='bbox 3473 2804 3609 2848; x_wconf 70' lang='lat' dir='ltr'><strong>vetat</strong></span> <span class='ocrx_word' id='word_1_582' title='bbox 3648 2802 3797 2847; x_wconf 67' lang='lat' dir='ltr'><strong>noctu</strong></span> 
     </span>
    </p>
   </div>
   <div class='ocr_carea' id='block_1_75' title="bbox 2203 2882 3797 2955">
    <p class='ocr_par' dir='ltr' id='par_1_75' title="bbox 2203 2882 3797 2955">
     <span class='ocr_line' id='line_1_75' title="bbox 2203 2882 3797 2955; baseline 0.004 -23"><span class='ocrx_word' id='word_1_583' title='bbox 2203 2889 2381 2950; x_wconf 77' lang='lat' dir='ltr'><strong>portas</strong></span> <span class='ocrx_word' id='word_1_584' title='bbox 2421 2882 2635 2951; x_wconf 85' lang='lat' dir='ltr'><strong>aperiri.</strong></span> <span class='ocrx_word' id='word_1_585' title='bbox 2678 2882 2907 2949; x_wconf 84' lang='lat' dir='ltr'><strong>Quidam</strong></span> <span class='ocrx_word' id='word_1_586' title='bbox 2936 2886 3109 2955; x_wconf 89' lang='lat' dir='ltr'><strong>aperit</strong></span> <span class='ocrx_word' id='word_1_587' title='bbox 3141 2893 3195 2939; x_wconf 92' lang='lat' dir='ltr'><strong>et</strong></span> <span class='ocrx_word' id='word_1_588' title='bbox 3224 2887 3427 2943; x_wconf 90' lang='lat' dir='ltr'><strong>amicos</strong></span> <span class='ocrx_word' id='word_1_589' title='bbox 3465 2886 3521 2939; x_wconf 91' lang='lat' dir='ltr'><strong>in</strong></span> <span class='ocrx_word' id='word_1_590' title='bbox 3546 2884 3797 2955; x_wconf 84' lang='lat' dir='ltr'><strong>oppidum</strong></span> 
     </span>
    </p>
   </div>
   <div class='ocr_carea' id='block_1_76' title="bbox 2204 2971 3797 3049">
    <p class='ocr_par' dir='ltr' id='par_1_76' title="bbox 2204 2971 3797 3049">
     <span class='ocr_line' id='line_1_76' title="bbox 2204 2971 3797 3049; baseline 0.003 -23"><span class='ocrx_word' id='word_1_591' title='bbox 2204 2973 2429 3043; x_wconf 88' lang='lat' dir='ltr'><strong>suscipit</strong></span> <span class='ocrx_word' id='word_1_592' title='bbox 2458 2971 2609 3045; x_wconf 82' lang='lat' dir='ltr'><strong>[Ms.,</strong></span> <span class='ocrx_word' id='word_1_593' title='bbox 2642 2974 2883 3048; x_wconf 87' lang='lat' dir='ltr'><strong>accipit],</strong></span> <span class='ocrx_word' id='word_1_594' title='bbox 2925 2992 2993 3049; x_wconf 88' lang='lat' dir='ltr'><strong>ne</strong></span> <span class='ocrx_word' id='word_1_595' title='bbox 3022 2976 3090 3031; x_wconf 89' lang='lat' dir='ltr'><strong>ab</strong></span> <span class='ocrx_word' id='word_1_596' title='bbox 3137 2977 3385 3033; x_wconf 87' lang='lat' dir='ltr'><strong>hostibus</strong></span> <span class='ocrx_word' id='word_1_597' title='bbox 3428 2979 3797 3047; x_wconf 57' lang='lat' dir='ltr'><strong>opprimerenc</strong></span> 
     </span>
    </p>
   </div>
   <div class='ocr_carea' id='block_1_77' title="bbox 2210 3064 3796 3145">
    <p class='ocr_par' dir='ltr' id='par_1_77' title="bbox 2210 3064 3796 3145">
     <span class='ocr_line' id='line_1_77' title="bbox 2210 3064 3796 3145; baseline 0.004 -28"><span class='ocrx_word' id='word_1_598' title='bbox 2210 3071 2319 3128; x_wconf 90' lang='lat' dir='ltr'><strong>tur,</strong></span> <span class='ocrx_word' id='word_1_599' title='bbox 2343 3064 2389 3118; x_wconf 92' lang='lat' dir='ltr'><strong>si</strong></span> <span class='ocrx_word' id='word_1_600' title='bbox 2434 3064 2565 3120; x_wconf 86' lang='lat' dir='ltr'><strong>foris</strong></span> <span class='ocrx_word' id='word_1_601' title='bbox 2605 3068 2951 3129; x_wconf 87' lang='lat' dir='ltr'><strong>mansissent.</strong></span> <span class='ocrx_word' id='word_1_602' title='bbox 3004 3068 3305 3126; x_wconf 86' lang='lat' dir='ltr'><strong>Accusator</strong></span> <span class='ocrx_word' id='word_1_603' title='bbox 3355 3071 3525 3126; x_wconf 89' lang='lat' dir='ltr'><strong>solam</strong></span> <span class='ocrx_word' id='word_1_604' title='bbox 3573 3069 3796 3145; x_wconf 84' lang='lat' dir='ltr'><strong>attendit</strong></span> 
     </span>
    </p>
   </div>
   <div class='ocr_carea' id='block_1_78' title="bbox 2212 3155 3796 3237">
    <p class='ocr_par' dir='ltr' id='par_1_78' title="bbox 2212 3155 3796 3237">
     <span class='ocr_line' id='line_1_78' title="bbox 2212 3155 3796 3237; baseline 0.004 -28"><span class='ocrx_word' id='word_1_605' title='bbox 2212 3155 2473 3221; x_wconf 86' lang='lat' dir='ltr'><strong>litteram;</strong></span> <span class='ocrx_word' id='word_1_606' title='bbox 2515 3156 2767 3213; x_wconf 82' lang='lat' dir='ltr'><strong>defensor</strong></span> <span class='ocrx_word' id='word_1_607' title='bbox 2798 3161 3120 3219; x_wconf 85' lang='lat' dir='ltr'><strong>sententiam</strong></span> <span class='ocrx_word' id='word_1_608' title='bbox 3152 3179 3165 3215; x_wconf 87' lang='lat'><strong>:</strong></span> <span class='ocrx_word' id='word_1_609' title='bbox 3205 3160 3529 3233; x_wconf 87' lang='lat' dir='ltr'><strong>scriptorem</strong></span> <span class='ocrx_word' id='word_1_610' title='bbox 3545 3160 3679 3233; x_wconf 84' lang='lat' dir='ltr'><strong>legis</strong></span> <span class='ocrx_word' id='word_1_611' title='bbox 3699 3172 3796 3237; x_wconf 87' lang='lat' dir='ltr'><strong>pro</strong></span> 
     </span>
    </p>
   </div>
   <div class='ocr_carea' id='block_1_79' title="bbox 2210 3236 3798 3322">
    <p class='ocr_par' dir='ltr' id='par_1_79' title="bbox 2210 3236 3798 3322">
     <span class='ocr_line' id='line_1_79' title="bbox 2210 3236 3798 3322; baseline 0.003 -21"><span class='ocrx_word' id='word_1_612' title='bbox 2210 3247 2444 3303; x_wconf 88' lang='lat' dir='ltr'><strong>inimicis</strong></span> <span class='ocrx_word' id='word_1_613' title='bbox 2476 3247 2650 3303; x_wconf 90' lang='lat' dir='ltr'><strong>claudi</strong></span> <span class='ocrx_word' id='word_1_614' title='bbox 2683 3261 2865 3319; x_wconf 90' lang='lat' dir='ltr'><strong>portas</strong></span> <span class='ocrx_word' id='word_1_615' title='bbox 2915 3251 3118 3321; x_wconf 89' lang='lat' dir='ltr'><strong>oppidi,</strong></span> <span class='ocrx_word' id='word_1_616' title='bbox 3147 3268 3257 3307; x_wconf 89' lang='lat' dir='ltr'><strong>non</strong></span> <span class='ocrx_word' id='word_1_617' title='bbox 3307 3236 3409 3322; x_wconf 80' lang='lat' dir='ltr'><strong>pro</strong></span> <span class='ocrx_word' id='word_1_618' title='bbox 3449 3253 3641 3308; x_wconf 87' lang='lat' dir='ltr'><strong>amicis</strong></span> <span class='ocrx_word' id='word_1_619' title='bbox 3684 3236 3798 3320; x_wconf 53' lang='lat' dir='ltr'><strong>jus?</strong></span> 
     </span>
    </p>
   </div>
   <div class='ocr_carea' id='block_1_80' title="bbox 2209 3338 3799 3417">
    <p class='ocr_par' dir='ltr' id='par_1_80' title="bbox 2209 3338 3799 3417">
     <span class='ocr_line' id='line_1_80' title="bbox 2209 3338 3799 3417; baseline 0.004 -24"><span class='ocrx_word' id='word_1_620' title='bbox 2209 3338 2365 3394; x_wconf 91' lang='lat' dir='ltr'><strong>sisse.</strong></span> <span class='ocrx_word' id='word_1_621' title='bbox 2397 3339 2559 3393; x_wconf 89' lang='lat' dir='ltr'><strong>Fiunt</strong></span> <span class='ocrx_word' id='word_1_622' title='bbox 2586 3356 2683 3410; x_wconf 89' lang='lat' dir='ltr'><strong>per</strong></span> <span class='ocrx_word' id='word_1_623' title='bbox 2713 3342 3183 3417; x_wconf 87' lang='lat' dir='ltr'><strong>ratiocinationem</strong></span> <span class='ocrx_word' id='word_1_624' title='bbox 3213 3342 3297 3401; x_wconf 88' lang='lat' dir='ltr'><strong>vel</strong></span> <span class='ocrx_word' id='word_1_625' title='bbox 3322 3340 3695 3397; x_wconf 78' lang='lat' dir='ltr'><strong>diiﬁnitionem</strong></span> <span class='ocrx_word' id='word_1_626' title='bbox 3722 3341 3799 3405; x_wconf 88' lang='lat' dir='ltr'><strong>lc-</strong></span> 
     </span>
    </p>
   </div>
   <div class='ocr_carea' id='block_1_81' title="bbox 2211 3432 3801 3504">
    <p class='ocr_par' dir='ltr' id='par_1_81' title="bbox 2211 3432 3801 3504">
     <span class='ocr_line' id='line_1_81' title="bbox 2211 3432 3801 3504; baseline 0.001 -19"><span class='ocrx_word' id='word_1_627' title='bbox 2211 3432 2292 3503; x_wconf 91' lang='lat' dir='ltr'><strong>gis</strong></span> <span class='ocrx_word' id='word_1_628' title='bbox 2318 3434 2666 3502; x_wconf 61' lang='lat' dir='ltr'><strong>quaestiones,</strong></span> <span class='ocrx_word' id='word_1_629' title='bbox 2699 3433 2824 3489; x_wconf 91' lang='lat' dir='ltr'><strong>dum</strong></span> <span class='ocrx_word' id='word_1_630' title='bbox 2848 3435 2953 3490; x_wconf 89' lang='lat' dir='ltr'><strong>alia</strong></span> <span class='ocrx_word' id='word_1_631' title='bbox 3005 3436 3213 3491; x_wconf 88' lang='lat' dir='ltr'><strong>ratione</strong></span> <span class='ocrx_word' id='word_1_632' title='bbox 3240 3435 3380 3489; x_wconf 89' lang='lat' dir='ltr'><strong>alter</strong></span> <span class='ocrx_word' id='word_1_633' title='bbox 3405 3436 3665 3504; x_wconf 90' lang='lat' dir='ltr'><strong>scriptum</strong></span> <span class='ocrx_word' id='word_1_634' title='bbox 3715 3434 3801 3487; x_wconf 90' lang='lat' dir='ltr'><strong>in-</strong></span> 
     </span>
    </p>
   </div>
   <div class='ocr_carea' id='block_1_82' title="bbox 2209 3525 3795 3593">
    <p class='ocr_par' dir='ltr' id='par_1_82' title="bbox 2209 3525 3795 3593">
     <span class='ocr_line' id='line_1_82' title="bbox 2209 3525 3795 3593; baseline 0.002 -16"><span class='ocrx_word' id='word_1_635' title='bbox 2209 3525 2500 3593; x_wconf 87' lang='lat' dir='ltr'><strong>terpretari</strong></span> <span class='ocrx_word' id='word_1_636' title='bbox 2527 3526 2737 3592; x_wconf 88' lang='lat' dir='ltr'><strong>nititur,</strong></span> <span class='ocrx_word' id='word_1_637' title='bbox 2774 3527 2881 3582; x_wconf 92' lang='lat' dir='ltr'><strong>alia</strong></span> <span class='ocrx_word' id='word_1_638' title='bbox 2930 3527 3223 3582; x_wconf 89' lang='lat' dir='ltr'><strong>alter:vel</strong></span> <span class='ocrx_word' id='word_1_639' title='bbox 3271 3528 3315 3582; x_wconf 91' lang='lat' dir='ltr'><strong>si</strong></span> <span class='ocrx_word' id='word_1_640' title='bbox 3363 3527 3571 3582; x_wconf 83' lang='lat' dir='ltr'><strong>diverso</strong></span> <span class='ocrx_word' id='word_1_641' title='bbox 3630 3525 3795 3581; x_wconf 88' lang='lat' dir='ltr'><strong>modo</strong></span> 
     </span>
    </p>
   </div>
   <div class='ocr_carea' id='block_1_83' title="bbox 2210 3617 3798 3699">
    <p class='ocr_par' dir='ltr' id='par_1_83' title="bbox 2210 3617 3798 3699">
     <span class='ocr_line' id='line_1_83' title="bbox 2210 3617 3798 3699; baseline 0.001 -27"><span class='ocrx_word' id='word_1_642' title='bbox 2210 3618 2491 3688; x_wconf 86' lang='lat' dir='ltr'><strong>scriptoris</strong></span> <span class='ocrx_word' id='word_1_643' title='bbox 2545 3621 2871 3676; x_wconf 88' lang='lat' dir='ltr'><strong>sententiam</strong></span> <span class='ocrx_word' id='word_1_644' title='bbox 2918 3629 3184 3699; x_wconf 89' lang='lat' dir='ltr'><strong>conantur</strong></span> <span class='ocrx_word' id='word_1_645' title='bbox 3238 3621 3481 3677; x_wconf 80' lang='lat' dir='ltr'><strong>delinire.</strong></span> <span class='ocrx_word' id='word_1_646' title='bbox 3542 3620 3615 3697; x_wconf 82' lang='lat' dir='ltr'><strong>Et</strong></span> <span class='ocrx_word' id='word_1_647' title='bbox 3658 3617 3798 3687; x_wconf 88' lang='lat' dir='ltr'><strong>ejus-</strong></span> 
     </span>
    </p>
   </div>
   <div class='ocr_carea' id='block_1_84' title="bbox 2210 3710 3491 3787">
    <p class='ocr_par' dir='ltr' id='par_1_84' title="bbox 2210 3710 3491 3787">
     <span class='ocr_line' id='line_1_84' title="bbox 2210 3710 3491 3787; baseline 0.001 -22"><span class='ocrx_word' id='word_1_648' title='bbox 2210 3710 2375 3776; x_wconf 89' lang='lat' dir='ltr'><strong>modi,</strong></span> <span class='ocrx_word' id='word_1_649' title='bbox 2407 3720 2468 3765; x_wconf 92' lang='lat' dir='ltr'><strong>ut</strong></span> <span class='ocrx_word' id='word_1_650' title='bbox 2490 3711 2624 3779; x_wconf 83' lang='lat' dir='ltr'><strong>dixi,</strong></span> <span class='ocrx_word' id='word_1_651' title='bbox 2650 3727 2716 3767; x_wconf 83' lang='lat' dir='ltr'><strong>ex</strong></span> <span class='ocrx_word' id='word_1_652' title='bbox 2747 3714 2950 3787; x_wconf 86' lang='lat' dir='ltr'><strong>scripto</strong></span> <span class='ocrx_word' id='word_1_653' title='bbox 2986 3713 3123 3768; x_wconf 82' lang='lat' dir='ltr'><strong>fiunt</strong></span> <span class='ocrx_word' id='word_1_654' title='bbox 3148 3714 3491 3785; x_wconf 67' lang='lat' dir='ltr'><strong>quaestiones.</strong></span> 
     </span>
    </p>
   </div>
   <div class='ocr_carea' id='block_1_85' title="bbox 2282 3819 3797 3894">
    <p class='ocr_par' dir='ltr' id='par_1_85' title="bbox 2282 3819 3797 3894">
     <span class='ocr_line' id='line_1_85' title="bbox 2282 3819 3797 3894; baseline 0.001 -18"><span class='ocrx_word' id='word_1_655' title='bbox 2282 3821 2415 3876; x_wconf 74' lang='lat' dir='ltr'><strong>CAR.</strong></span> <span class='ocrx_word' id='word_1_656' title='bbox 2448 3821 2737 3893; x_wconf 87' lang='lat' dir='ltr'><strong>Perspecto</strong></span> <span class='ocrx_word' id='word_1_657' title='bbox 2763 3824 3145 3880; x_wconf 54' lang='lat' dir='ltr'><strong>controversia</strong></span> <span class='ocrx_word' id='word_1_658' title='bbox 3173 3823 3311 3888; x_wconf 91' lang='lat' dir='ltr'><strong>loco,</strong></span> <span class='ocrx_word' id='word_1_659' title='bbox 3336 3821 3636 3879; x_wconf 87' lang='lat' dir='ltr'><strong>secundum</strong></span> <span class='ocrx_word' id='word_1_660' title='bbox 3658 3819 3797 3894; x_wconf 82' lang='lat' dir='ltr'><strong>quod</strong></span> 
     </span>
    </p>
   </div>
   <div class='ocr_carea' id='block_1_86' title="bbox 2212 3914 3799 3986">
    <p class='ocr_par' dir='ltr' id='par_1_86' title="bbox 2212 3914 3799 3986">
     <span class='ocr_line' id='line_1_86' title="bbox 2212 3914 3799 3986; baseline 0.003 -16"><span class='ocrx_word' id='word_1_661' title='bbox 2212 3914 2417 3980; x_wconf 78' lang='lat' dir='ltr'><strong>dixisti,</strong></span> <span class='ocrx_word' id='word_1_662' title='bbox 2450 3931 2518 3969; x_wconf 87' lang='lat' dir='ltr'><strong>an</strong></span> <span class='ocrx_word' id='word_1_663' title='bbox 2547 3915 2600 3971; x_wconf 94' lang='lat' dir='ltr'><strong>in</strong></span> <span class='ocrx_word' id='word_1_664' title='bbox 2627 3916 2834 3971; x_wconf 90' lang='lat' dir='ltr'><strong>ratione</strong></span> <span class='ocrx_word' id='word_1_665' title='bbox 2865 3916 2935 3972; x_wconf 89' lang='lat' dir='ltr'><strong>sit</strong></span> <span class='ocrx_word' id='word_1_666' title='bbox 2962 3955 2978 3982; x_wconf 95' lang='lat'><strong>,</strong></span> <span class='ocrx_word' id='word_1_667' title='bbox 3025 3917 3110 3972; x_wconf 88' lang='lat' dir='ltr'><strong>vel</strong></span> <span class='ocrx_word' id='word_1_668' title='bbox 3139 3918 3192 3971; x_wconf 90' lang='lat' dir='ltr'><strong>in</strong></span> <span class='ocrx_word' id='word_1_669' title='bbox 3223 3917 3461 3986; x_wconf 88' lang='lat' dir='ltr'><strong>scripto,</strong></span> <span class='ocrx_word' id='word_1_670' title='bbox 3510 3931 3619 3986; x_wconf 87' lang='lat' dir='ltr'><strong>quo</strong></span> <span class='ocrx_word' id='word_1_671' title='bbox 3672 3924 3799 3975; x_wconf 85' lang='lat' dir='ltr'><strong>tunc</strong></span> 
     </span>
    </p>
   </div>
   <div class='ocr_carea' id='block_1_87' title="bbox 2210 4007 3799 4085">
    <p class='ocr_par' dir='ltr' id='par_1_87' title="bbox 2210 4007 3799 4085">
     <span class='ocr_line' id='line_1_87' title="bbox 2210 4007 3799 4085; baseline 0.001 -23"><span class='ocrx_word' id='word_1_672' title='bbox 2210 4009 2422 4085; x_wconf 86' lang='lat' dir='ltr'><strong>animus</strong></span> <span class='ocrx_word' id='word_1_673' title='bbox 2452 4007 2704 4064; x_wconf 86' lang='lat' dir='ltr'><strong>ferendus</strong></span> <span class='ocrx_word' id='word_1_674' title='bbox 2723 4010 2840 4064; x_wconf 85' lang='lat' dir='ltr'><strong>est?</strong></span> <span class='ocrx_word' id='word_1_675' title='bbox 2865 4041 2936 4050; x_wconf 93' lang='lat'><strong>—</strong></span> <span class='ocrx_word' id='word_1_676' title='bbox 2962 4010 3095 4065; x_wconf 69' lang='lat' dir='ltr'><strong>Ana.</strong></span> <span class='ocrx_word' id='word_1_677' title='bbox 3147 4009 3448 4065; x_wconf 76' lang='lat' dir='ltr'><strong>Videndum</strong></span> <span class='ocrx_word' id='word_1_678' title='bbox 3494 4017 3578 4065; x_wconf 86' lang='lat' dir='ltr'><strong>est</strong></span> <span class='ocrx_word' id='word_1_679' title='bbox 3602 4049 3619 4075; x_wconf 91' lang='lat'><strong>,</strong></span> <span class='ocrx_word' id='word_1_680' title='bbox 3678 4021 3799 4079; x_wconf 72' lang='lat' dir='ltr'><strong>qua</strong></span> 
     </span>
    </p>
   </div>
   <div class='ocr_carea' id='block_1_88' title="bbox 2211 4099 3799 4173">
    <p class='ocr_par' dir='ltr' id='par_1_88' title="bbox 2211 4099 3799 4173">
     <span class='ocr_line' id='line_1_88' title="bbox 2211 4099 3799 4173; baseline 0.001 -20"><span class='ocrx_word' id='word_1_681' title='bbox 2211 4100 2459 4171; x_wconf 73' lang='lat' dir='ltr'><strong>quzestio,</strong></span> <span class='ocrx_word' id='word_1_682' title='bbox 2485 4115 2604 4168; x_wconf 66' lang='lat' dir='ltr'><strong>qua:</strong></span> <span class='ocrx_word' id='word_1_683' title='bbox 2635 4100 2795 4167; x_wconf 90' lang='lat' dir='ltr'><strong>ratio,</strong></span> <span class='ocrx_word' id='word_1_684' title='bbox 2826 4117 2946 4172; x_wconf 69' lang='lat' dir='ltr'><strong>qute</strong></span> <span class='ocrx_word' id='word_1_685' title='bbox 2992 4100 3288 4171; x_wconf 89' lang='lat' dir='ltr'><strong>judicatio,</strong></span> <span class='ocrx_word' id='word_1_686' title='bbox 3318 4108 3375 4156; x_wconf 89' lang='lat' dir='ltr'><strong>et</strong></span> <span class='ocrx_word' id='word_1_687' title='bbox 3419 4100 3566 4173; x_wconf 89' lang='lat' dir='ltr'><strong>quod</strong></span> <span class='ocrx_word' id='word_1_688' title='bbox 3610 4099 3799 4161; x_wconf 82' lang='lat' dir='ltr'><strong>ﬁrma-</strong></span> 
     </span>
    </p>
   </div>
   <div class='ocr_carea' id='block_1_89' title="bbox 2211 4192 2783 4247">
    <p class='ocr_par' dir='ltr' id='par_1_89' title="bbox 2211 4192 2783 4247">
     <span class='ocr_line' id='line_1_89' title="bbox 2211 4192 2783 4247; baseline 0.003 -2"><span class='ocrx_word' id='word_1_689' title='bbox 2211 4198 2449 4245; x_wconf 88' lang='lat' dir='ltr'><strong>mentum</strong></span> <span class='ocrx_word' id='word_1_690' title='bbox 2486 4207 2663 4247; x_wconf 80' lang='lat' dir='ltr'><strong>causae</strong></span> <span class='ocrx_word' id='word_1_691' title='bbox 2691 4192 2783 4247; x_wconf 90' lang='lat' dir='ltr'><strong>sit.</strong></span> 
     </span>
    </p>
   </div>
   <div class='ocr_carea' id='block_1_90' title="bbox 2279 4284 3802 4361">
    <p class='ocr_par' dir='ltr' id='par_1_90' title="bbox 2279 4284 3802 4361">
     <span class='ocr_line' id='line_1_90' title="bbox 2279 4284 3802 4361; baseline 0.004 -22"><span class='ocrx_word' id='word_1_692' title='bbox 2279 4284 2411 4340; x_wconf 73' lang='lat' dir='ltr'><strong>CAR.</strong></span> <span class='ocrx_word' id='word_1_693' title='bbox 2453 4285 2528 4339; x_wconf 89' lang='lat' dir='ltr'><strong>De</strong></span> <span class='ocrx_word' id='word_1_694' title='bbox 2550 4286 2772 4356; x_wconf 82' lang='lat' dir='ltr'><strong>singulis</strong></span> <span class='ocrx_word' id='word_1_695' title='bbox 2798 4285 2981 4341; x_wconf 89' lang='lat' dir='ltr'><strong>dicito.</strong></span> <span class='ocrx_word' id='word_1_696' title='bbox 3024 4317 3095 4361; x_wconf 59' lang='grc' dir='ltr'><strong>-έ-</strong></span> <span class='ocrx_word' id='word_1_697' title='bbox 3124 4286 3256 4343; x_wconf 71' lang='grc' dir='ltr'><strong>Διιι.</strong></span> <span class='ocrx_word' id='word_1_698' title='bbox 3306 4286 3542 4353; x_wconf 70' lang='grc' dir='ltr'><strong>Ωιιιτετίο</strong></span> <span class='ocrx_word' id='word_1_699' title='bbox 3560 4296 3645 4343; x_wconf 87' lang='lat' dir='ltr'><strong>est</strong></span> <span class='ocrx_word' id='word_1_700' title='bbox 3669 4301 3802 4345; x_wconf 82' lang='lat' dir='ltr'><strong>con-</strong></span> 
     </span>
    </p>
   </div>
   <div class='ocr_carea' id='block_1_91' title="bbox 525 4375 2123 4465">
    <p class='ocr_par' dir='ltr' id='par_1_91' title="bbox 525 4388 2109 4465">
     <span class='ocr_line' id='line_1_91' title="bbox 525 4388 2109 4465; baseline 0.003 -22"><span class='ocrx_word' id='word_1_701' title='bbox 525 4389 729 4453; x_wconf 89' lang='lat' dir='ltr'><strong>scitur,</strong></span> <span class='ocrx_word' id='word_1_702' title='bbox 778 4388 883 4443; x_wconf 90' lang='lat' dir='ltr'><strong>hoc</strong></span> <span class='ocrx_word' id='word_1_703' title='bbox 930 4389 1109 4443; x_wconf 91' lang='lat' dir='ltr'><strong>modo.</strong></span> <span class='ocrx_word' id='word_1_704' title='bbox 1157 4390 1271 4465; x_wconf 71' lang='lat' dir='ltr'><strong>Lex</strong></span> <span class='ocrx_word' id='word_1_705' title='bbox 1328 4410 1339 4445; x_wconf 94' lang='lat'>:</span> <span class='ocrx_word' id='word_1_706' title='bbox 1380 4392 1485 4465; x_wconf 74' lang='lat' dir='ltr'><strong>Qui</strong></span> <span class='ocrx_word' id='word_1_707' title='bbox 1543 4393 1599 4446; x_wconf 88' lang='lat' dir='ltr'><strong>in</strong></span> <span class='ocrx_word' id='word_1_708' title='bbox 1652 4393 1873 4465; x_wconf 81' lang='lat' dir='ltr'><strong>adversa</strong></span> <span class='ocrx_word' id='word_1_709' title='bbox 1916 4403 2109 4465; x_wconf 88' lang='lat' dir='ltr'><strong>tempe-</strong></span> 
     </span>
    </p>
   </div>
   <div class='ocr_carea' id='block_1_92' title="bbox 2215 4375 3795 4465">
    <p class='ocr_par' dir='ltr' id='par_1_92' title="bbox 2215 4375 3795 4461">
     <span class='ocr_line' id='line_1_92' title="bbox 2215 4375 3795 4461; baseline 0 -31"><span class='ocrx_word' id='word_1_710' title='bbox 2215 4375 2441 4441; x_wconf 89' lang='lat' dir='ltr'><strong>stitutio,</strong></span> <span class='ocrx_word' id='word_1_711' title='bbox 2471 4376 2525 4431; x_wconf 93' lang='lat' dir='ltr'><strong>in</strong></span> <span class='ocrx_word' id='word_1_712' title='bbox 2553 4392 2655 4445; x_wconf 86' lang='lat' dir='ltr'><strong>qua</strong></span> <span class='ocrx_word' id='word_1_713' title='bbox 2686 4392 2863 4433; x_wconf 72' lang='lat' dir='ltr'><strong>causa:</strong></span> <span class='ocrx_word' id='word_1_714' title='bbox 2882 4378 3199 4461; x_wconf 87' lang='lat' dir='ltr'><strong>disceptatio</strong></span> <span class='ocrx_word' id='word_1_715' title='bbox 3218 4387 3448 4441; x_wconf 88' lang='lat' dir='ltr'><strong>constat,</strong></span> <span class='ocrx_word' id='word_1_716' title='bbox 3479 4378 3586 4432; x_wconf 86' lang='lat' dir='ltr'><strong>hoc</strong></span> <span class='ocrx_word' id='word_1_717' title='bbox 3606 4379 3795 4433; x_wconf 88' lang='lat' dir='ltr'><strong>modo:</strong></span> 
     </span>
    </p>
   </div>
   <div class='ocr_carea' id='block_1_93' title="bbox 524 4460 2123 4552">
    <p class='ocr_par' dir='ltr' id='par_1_93' title="bbox 524 4462 2108 4552">
     <span class='ocr_line' id='line_1_93' title="bbox 524 4462 2108 4552; baseline 0.006 -24"><span class='ocrx_word' id='word_1_718' title='bbox 524 4485 658 4531; x_wconf 76' lang='lat' dir='ltr'><strong>state</strong></span> <span class='ocrx_word' id='word_1_719' title='bbox 687 4493 869 4531; x_wconf 79' lang='lat' dir='ltr'><strong>narem</strong></span> <span class='ocrx_word' id='word_1_720' title='bbox 897 4462 1220 4548; x_wconf 79' lang='lat' dir='ltr'><strong>reliquerint,</strong></span> <span class='ocrx_word' id='word_1_721' title='bbox 1252 4483 1427 4535; x_wconf 84' lang='lat' dir='ltr'><strong>omnia</strong></span> <span class='ocrx_word' id='word_1_722' title='bbox 1481 4484 1723 4538; x_wconf 81' lang='lat' dir='ltr'><strong>amittant</strong></span> <span class='ocrx_word' id='word_1_723' title='bbox 1750 4524 1767 4552; x_wconf 89' lang='lat'><strong>,</strong></span> <span class='ocrx_word' id='word_1_724' title='bbox 1820 4494 1868 4541; x_wconf 89' lang='lat' dir='ltr'><strong>et</strong></span> <span class='ocrx_word' id='word_1_725' title='bbox 1928 4502 2108 4539; x_wconf 82' lang='lat' dir='ltr'><strong>eorum</strong></span> 
     </span>
    </p>
   </div>
   <div class='ocr_carea' id='block_1_94' title="bbox 2215 4460 3801 4552">
    <p class='ocr_par' dir='ltr' id='par_1_94' title="bbox 2218 4466 3801 4540">
     <span class='ocr_line' id='line_1_94' title="bbox 2218 4466 3801 4540; baseline 0.001 -17"><span class='ocrx_word' id='word_1_726' title='bbox 2218 4466 2482 4538; x_wconf 82' lang='lat' dir='ltr'><strong>Nonjure</strong></span> <span class='ocrx_word' id='word_1_727' title='bbox 2510 4469 2712 4539; x_wconf 76' lang='lat' dir='ltr'><strong>fecisti;</strong></span> <span class='ocrx_word' id='word_1_728' title='bbox 2765 4470 2891 4540; x_wconf 85' lang='lat' dir='ltr'><strong>jure</strong></span> <span class='ocrx_word' id='word_1_729' title='bbox 2944 4470 3062 4539; x_wconf 88' lang='lat' dir='ltr'><strong>feci.</strong></span> <span class='ocrx_word' id='word_1_730' title='bbox 3097 4469 3254 4526; x_wconf 80' lang='lat' dir='ltr'><strong>Ratio</strong></span> <span class='ocrx_word' id='word_1_731' title='bbox 3305 4480 3388 4525; x_wconf 92' lang='lat' dir='ltr'><strong>est</strong></span> <span class='ocrx_word' id='word_1_732' title='bbox 3414 4511 3430 4535; x_wconf 92' lang='lat'><strong>,</strong></span> <span class='ocrx_word' id='word_1_733' title='bbox 3474 4486 3584 4540; x_wconf 82' lang='lat' dir='ltr'><strong>qua</strong></span> <span class='ocrx_word' id='word_1_734' title='bbox 3629 4471 3801 4526; x_wconf 81' lang='lat' dir='ltr'><strong>utitur</strong></span> 
     </span>
    </p>
   </div>
   <div class='ocr_carea' id='block_1_95' title="bbox 525 4570 2110 4650">
    <p class='ocr_par' dir='ltr' id='par_1_95' title="bbox 525 4570 2110 4650">
     <span class='ocr_line' id='line_1_95' title="bbox 525 4570 2110 4650; baseline 0.008 -28"><span class='ocrx_word' id='word_1_735' title='bbox 525 4570 629 4622; x_wconf 80' lang='lat' dir='ltr'><strong>sint</strong></span> <span class='ocrx_word' id='word_1_736' title='bbox 655 4585 814 4624; x_wconf 87' lang='lat' dir='ltr'><strong>onera</strong></span> <span class='ocrx_word' id='word_1_737' title='bbox 838 4579 886 4624; x_wconf 90' lang='lat' dir='ltr'><strong>et</strong></span> <span class='ocrx_word' id='word_1_738' title='bbox 916 4571 1080 4636; x_wconf 87' lang='lat' dir='ltr'><strong>navis,</strong></span> <span class='ocrx_word' id='word_1_739' title='bbox 1108 4574 1195 4646; x_wconf 85' lang='lat' dir='ltr'><strong>qui</strong></span> <span class='ocrx_word' id='word_1_740' title='bbox 1220 4575 1275 4628; x_wconf 86' lang='lat' dir='ltr'><strong>in</strong></span> <span class='ocrx_word' id='word_1_741' title='bbox 1325 4590 1386 4629; x_wconf 89' lang='lat' dir='ltr'><strong>ea</strong></span> <span class='ocrx_word' id='word_1_742' title='bbox 1429 4580 1791 4634; x_wconf 85' lang='lat' dir='ltr'><strong>remanserint.</strong></span> <span class='ocrx_word' id='word_1_743' title='bbox 1824 4580 1939 4636; x_wconf 91' lang='lat' dir='ltr'><strong>Duo</strong></span> <span class='ocrx_word' id='word_1_744' title='bbox 1991 4582 2110 4650; x_wconf 88' lang='lat' dir='ltr'><strong>qui-</strong></span> 
     </span>
    </p>
   </div>
   <div class='ocr_carea' id='block_1_96' title="bbox 528 4661 2107 4743">
    <p class='ocr_par' dir='ltr' id='par_1_96' title="bbox 528 4661 2107 4743">
     <span class='ocr_line' id='line_1_96' title="bbox 528 4661 2107 4743; baseline 0.009 -26"><span class='ocrx_word' id='word_1_745' title='bbox 528 4661 673 4727; x_wconf 90' lang='lat' dir='ltr'><strong>dam,</strong></span> <span class='ocrx_word' id='word_1_746' title='bbox 698 4663 825 4717; x_wconf 91' lang='lat' dir='ltr'><strong>dum</strong></span> <span class='ocrx_word' id='word_1_747' title='bbox 846 4661 901 4717; x_wconf 91' lang='lat' dir='ltr'><strong>in</strong></span> <span class='ocrx_word' id='word_1_748' title='bbox 949 4662 1057 4719; x_wconf 91' lang='lat' dir='ltr'><strong>alto</strong></span> <span class='ocrx_word' id='word_1_749' title='bbox 1101 4666 1436 4737; x_wconf 81' lang='lat' dir='ltr'><strong>navigarent,</strong></span> <span class='ocrx_word' id='word_1_750' title='bbox 1488 4684 1609 4724; x_wconf 92' lang='lat' dir='ltr'><strong>cum</strong></span> <span class='ocrx_word' id='word_1_751' title='bbox 1639 4672 1863 4729; x_wconf 89' lang='lat' dir='ltr'><strong>alterius</strong></span> <span class='ocrx_word' id='word_1_752' title='bbox 1910 4676 2107 4743; x_wconf 89' lang='lat' dir='ltr'><strong>navis,</strong></span> 
     </span>
    </p>
   </div>
   <div class='ocr_carea' id='block_1_97' title="bbox 530 4750 2109 4830">
    <p class='ocr_par' dir='ltr' id='par_1_97' title="bbox 530 4750 2109 4830">
     <span class='ocr_line' id='line_1_97' title="bbox 530 4750 2109 4830; baseline 0.009 -23"><span class='ocrx_word' id='word_1_753' title='bbox 530 4750 631 4827; x_wconf 91' lang='lat' dir='ltr'><strong>[et]</strong></span> <span class='ocrx_word' id='word_1_754' title='bbox 659 4751 882 4829; x_wconf 86' lang='lat' dir='ltr'><strong>alterius</strong></span> <span class='ocrx_word' id='word_1_755' title='bbox 902 4766 1040 4808; x_wconf 92' lang='lat' dir='ltr'><strong>onus</strong></span> <span class='ocrx_word' id='word_1_756' title='bbox 1067 4765 1229 4821; x_wconf 88' lang='lat' dir='ltr'><strong>esset,</strong></span> <span class='ocrx_word' id='word_1_757' title='bbox 1254 4757 1574 4830; x_wconf 80' lang='lat' dir='ltr'><strong>naufragum</strong></span> <span class='ocrx_word' id='word_1_758' title='bbox 1605 4763 1892 4830; x_wconf 88' lang='lat' dir='ltr'><strong>quemdam</strong></span> <span class='ocrx_word' id='word_1_759' title='bbox 1918 4774 2109 4820; x_wconf 82' lang='lat' dir='ltr'><strong>natan-</strong></span> 
     </span>
    </p>
   </div>
   <div class='ocr_carea' id='block_1_98' title="bbox 530 4836 2104 4924">
    <p class='ocr_par' dir='ltr' id='par_1_98' title="bbox 530 4836 2104 4924">
     <span class='ocr_line' id='line_1_98' title="bbox 530 4836 2104 4924; baseline 0.009 -26"><span class='ocrx_word' id='word_1_760' title='bbox 530 4852 639 4898; x_wconf 87' lang='lat' dir='ltr'><strong>tem</strong></span> <span class='ocrx_word' id='word_1_761' title='bbox 668 4842 1035 4900; x_wconf 85' lang='lat' dir='ltr'><strong>misericordia</strong></span> <span class='ocrx_word' id='word_1_762' title='bbox 1058 4847 1186 4902; x_wconf 90' lang='lat' dir='ltr'><strong>moti</strong></span> <span class='ocrx_word' id='word_1_763' title='bbox 1205 4848 1257 4901; x_wconf 91' lang='lat' dir='ltr'><strong>in</strong></span> <span class='ocrx_word' id='word_1_764' title='bbox 1279 4865 1472 4905; x_wconf 88' lang='lat' dir='ltr'><strong>navem</strong></span> <span class='ocrx_word' id='word_1_765' title='bbox 1505 4851 1859 4907; x_wconf 88' lang='lat' dir='ltr'><strong>sustulerunt.</strong></span> <span class='ocrx_word' id='word_1_766' title='bbox 1890 4836 2104 4924; x_wconf 65' lang='lat' dir='ltr'><strong>Posma,</strong></span> 
     </span>
    </p>
   </div>
   <div class='ocr_carea' id='block_1_99' title="bbox 528 4935 2111 5014">
    <p class='ocr_par' dir='ltr' id='par_1_99' title="bbox 528 4935 2111 5014">
     <span class='ocr_line' id='line_1_99' title="bbox 528 4935 2111 5014; baseline 0.008 -22"><span class='ocrx_word' id='word_1_767' title='bbox 528 4949 653 4992; x_wconf 88' lang='lat' dir='ltr'><strong>cum</strong></span> <span class='ocrx_word' id='word_1_768' title='bbox 680 4935 955 5006; x_wconf 87' lang='lat' dir='ltr'><strong>aliquanto</strong></span> <span class='ocrx_word' id='word_1_769' title='bbox 993 4937 1113 5008; x_wconf 92' lang='lat' dir='ltr'><strong>plus</strong></span> <span class='ocrx_word' id='word_1_770' title='bbox 1142 4939 1289 5009; x_wconf 91' lang='lat' dir='ltr'><strong>ipsos</strong></span> <span class='ocrx_word' id='word_1_771' title='bbox 1338 4956 1552 5012; x_wconf 88' lang='lat' dir='ltr'><strong>quoque</strong></span> <span class='ocrx_word' id='word_1_772' title='bbox 1598 4951 1892 5014; x_wconf 87' lang='lat' dir='ltr'><strong>tempestas</strong></span> <span class='ocrx_word' id='word_1_773' title='bbox 1947 4950 2111 5006; x_wconf 84' lang='lat' dir='ltr'><strong>vehe-</strong></span> 
     </span>
    </p>
   </div>
   <div class='ocr_carea' id='block_1_100' title="bbox 529 5027 2106 5108">
    <p class='ocr_par' dir='ltr' id='par_1_100' title="bbox 529 5027 2106 5108">
     <span class='ocr_line' id='line_1_100' title="bbox 529 5027 2106 5108; baseline 0.011 -28"><span class='ocrx_word' id='word_1_774' title='bbox 529 5028 765 5082; x_wconf 89' lang='lat' dir='ltr'><strong>mentius</strong></span> <span class='ocrx_word' id='word_1_775' title='bbox 780 5027 987 5099; x_wconf 90' lang='lat' dir='ltr'><strong>jactare</strong></span> <span class='ocrx_word' id='word_1_776' title='bbox 1016 5029 1271 5107; x_wconf 75' lang='lat' dir='ltr'><strong>ctepisset</strong></span> <span class='ocrx_word' id='word_1_777' title='bbox 1312 5029 1465 5103; x_wconf 84' lang='lat' dir='ltr'><strong>[Ms.,</strong></span> <span class='ocrx_word' id='word_1_778' title='bbox 1496 5034 1703 5108; x_wconf 64' lang='lat' dir='ltr'><strong>coepit],</strong></span> <span class='ocrx_word' id='word_1_779' title='bbox 1734 5053 1901 5107; x_wconf 88' lang='lat' dir='ltr'><strong>usque</strong></span> <span class='ocrx_word' id='word_1_780' title='bbox 1930 5039 2065 5099; x_wconf 85' lang='lat' dir='ltr'><strong>adeo</strong></span> <span class='ocrx_word' id='word_1_781' title='bbox 2089 5080 2106 5108; x_wconf 95' lang='lat'><strong>,</strong></span> 
     </span>
    </p>
   </div>
   <div class='ocr_carea' id='block_1_101' title="bbox 527 5110 2108 5197">
    <p class='ocr_par' dir='ltr' id='par_1_101' title="bbox 527 5110 2108 5197">
     <span class='ocr_line' id='line_1_101' title="bbox 527 5110 2108 5197; baseline 0.009 -24"><span class='ocrx_word' id='word_1_782' title='bbox 527 5126 591 5173; x_wconf 89' lang='lat' dir='ltr'><strong>ut</strong></span> <span class='ocrx_word' id='word_1_783' title='bbox 618 5119 865 5174; x_wconf 91' lang='lat' dir='ltr'><strong>dominus</strong></span> <span class='ocrx_word' id='word_1_784' title='bbox 892 5119 1075 5193; x_wconf 88' lang='lat' dir='ltr'><strong>navis,</strong></span> <span class='ocrx_word' id='word_1_785' title='bbox 1098 5110 1103 5121; x_wconf 85' lang='grc'><strong>’</strong></span> <span class='ocrx_word' id='word_1_786' title='bbox 1127 5136 1249 5175; x_wconf 90' lang='lat' dir='ltr'><strong>cum</strong></span> <span class='ocrx_word' id='word_1_787' title='bbox 1286 5120 1425 5175; x_wconf 77' lang='lat' dir='ltr'><strong>idem</strong></span> <span class='ocrx_word' id='word_1_788' title='bbox 1476 5123 1803 5194; x_wconf 81' lang='lat' dir='ltr'><strong>gubernator</strong></span> <span class='ocrx_word' id='word_1_789' title='bbox 1831 5137 2013 5197; x_wconf 91' lang='lat' dir='ltr'><strong>esset,</strong></span> <span class='ocrx_word' id='word_1_790' title='bbox 2050 5129 2108 5186; x_wconf 89' lang='lat' dir='ltr'><strong>in</strong></span> 
     </span>
    </p>
   </div>
   <div class='ocr_carea' id='block_1_102' title="bbox 529 5209 2109 5291">
    <p class='ocr_par' dir='ltr' id='par_1_102' title="bbox 529 5209 2109 5291">
     <span class='ocr_line' id='line_1_102' title="bbox 529 5209 2109 5291; baseline 0.006 -25"><span class='ocrx_word' id='word_1_791' title='bbox 529 5211 784 5281; x_wconf 87' lang='lat' dir='ltr'><strong>scapham</strong></span> <span class='ocrx_word' id='word_1_792' title='bbox 813 5211 1198 5266; x_wconf 89' lang='lat' dir='ltr'><strong>conscenderet</strong></span> <span class='ocrx_word' id='word_1_793' title='bbox 1226 5209 1375 5283; x_wconf 82' lang='lat' dir='ltr'><strong>[Ms.,</strong></span> <span class='ocrx_word' id='word_1_794' title='bbox 1434 5214 1793 5291; x_wconf 82' lang='lat' dir='ltr'><strong>confugeret],</strong></span> <span class='ocrx_word' id='word_1_795' title='bbox 1840 5235 1958 5289; x_wconf 64' lang='lat' dir='ltr'><strong>quae</strong></span> <span class='ocrx_word' id='word_1_796' title='bbox 1982 5219 2109 5275; x_wconf 88' lang='lat' dir='ltr'><strong>reli-</strong></span> 
     </span>
    </p>
   </div>
   <div class='ocr_carea' id='block_1_103' title="bbox 530 5300 2115 5384">
    <p class='ocr_par' dir='ltr' id='par_1_103' title="bbox 530 5300 2115 5384">
     <span class='ocr_line' id='line_1_103' title="bbox 530 5300 2115 5384; baseline 0.01 -31"><span class='ocrx_word' id='word_1_797' title='bbox 530 5310 654 5372; x_wconf 89' lang='lat' dir='ltr'><strong>gata</strong></span> <span class='ocrx_word' id='word_1_798' title='bbox 676 5300 797 5355; x_wconf 87' lang='lat' dir='ltr'><strong>navi</strong></span> <span class='ocrx_word' id='word_1_799' title='bbox 811 5302 1134 5368; x_wconf 72' lang='lat' dir='ltr'><strong>cohaerebat,</strong></span> <span class='ocrx_word' id='word_1_800' title='bbox 1149 5311 1201 5357; x_wconf 92' lang='lat' dir='ltr'><strong>et</strong></span> <span class='ocrx_word' id='word_1_801' title='bbox 1218 5303 1362 5371; x_wconf 92' lang='lat' dir='ltr'><strong>inde,</strong></span> <span class='ocrx_word' id='word_1_802' title='bbox 1379 5316 1635 5377; x_wconf 87' lang='lat' dir='ltr'><strong>quantum</strong></span> <span class='ocrx_word' id='word_1_803' title='bbox 1650 5311 1842 5379; x_wconf 89' lang='lat' dir='ltr'><strong>potuit,</strong></span> <span class='ocrx_word' id='word_1_804' title='bbox 1865 5312 1985 5367; x_wconf 91' lang='lat' dir='ltr'><strong>navi</strong></span> <span class='ocrx_word' id='word_1_805' title='bbox 2003 5313 2115 5384; x_wconf 82' lang='lat' dir='ltr'><strong>opi-</strong></span> 
     </span>
    </p>
   </div>
   <div class='ocr_carea' id='block_1_104' title="bbox 534 5390 2112 5473">
    <p class='ocr_par' dir='ltr' id='par_1_104' title="bbox 534 5390 2112 5473">
     <span class='ocr_line' id='line_1_104' title="bbox 534 5390 2112 5473; baseline 0.008 -26"><span class='ocrx_word' id='word_1_806' title='bbox 534 5393 822 5447; x_wconf 81' lang='lat' dir='ltr'><strong>tulabatur.</strong></span> <span class='ocrx_word' id='word_1_807' title='bbox 847 5390 938 5447; x_wconf 84' lang='lat' dir='ltr'><strong>Ille</strong></span> <span class='ocrx_word' id='word_1_808' title='bbox 967 5401 1165 5460; x_wconf 87' lang='lat' dir='ltr'><strong>autem,</strong></span> <span class='ocrx_word' id='word_1_809' title='bbox 1192 5395 1343 5466; x_wconf 87' lang='lat' dir='ltr'><strong>cujus</strong></span> <span class='ocrx_word' id='word_1_810' title='bbox 1368 5413 1574 5455; x_wconf 90' lang='lat' dir='ltr'><strong>merces</strong></span> <span class='ocrx_word' id='word_1_811' title='bbox 1596 5409 1773 5467; x_wconf 85' lang='lat' dir='ltr'><strong>erant,</strong></span> <span class='ocrx_word' id='word_1_812' title='bbox 1797 5403 1851 5455; x_wconf 91' lang='lat' dir='ltr'><strong>in</strong></span> <span class='ocrx_word' id='word_1_813' title='bbox 1880 5403 2112 5473; x_wconf 80' lang='lat' dir='ltr'><strong>gladium</strong></span> 
     </span>
    </p>
   </div>
   <div class='ocr_carea' id='block_1_105' title="bbox 532 5483 2114 5566">
    <p class='ocr_par' dir='ltr' id='par_1_105' title="bbox 532 5483 2114 5566">
     <span class='ocr_line' id='line_1_105' title="bbox 532 5483 2114 5566; baseline 0.008 -28"><span class='ocrx_word' id='word_1_814' title='bbox 532 5483 729 5539; x_wconf 89' lang='lat' dir='ltr'><strong>ibidem</strong></span> <span class='ocrx_word' id='word_1_815' title='bbox 761 5485 814 5539; x_wconf 93' lang='lat' dir='ltr'><strong>in</strong></span> <span class='ocrx_word' id='word_1_816' title='bbox 844 5485 968 5539; x_wconf 89' lang='lat' dir='ltr'><strong>navi</strong></span> <span class='ocrx_word' id='word_1_817' title='bbox 998 5485 1259 5542; x_wconf 88' lang='lat' dir='ltr'><strong>incumbit</strong></span> <span class='ocrx_word' id='word_1_818' title='bbox 1281 5488 1435 5561; x_wconf 64' lang='grc' dir='ltr'><strong>[δίδη</strong></span> <span class='ocrx_word' id='word_1_819' title='bbox 1462 5493 1828 5566; x_wconf 84' lang='lat' dir='ltr'><strong>occumberet]</strong></span> <span class='ocrx_word' id='word_1_820' title='bbox 1858 5514 1871 5549; x_wconf 87' lang='lat'><strong>:</strong></span> <span class='ocrx_word' id='word_1_821' title='bbox 1899 5496 2114 5551; x_wconf 86' lang='lat' dir='ltr'><strong>naufra-</strong></span> 
     </span>
    </p>
   </div>
   <div class='ocr_carea' id='block_1_106' title="bbox 532 5576 2104 5657">
    <p class='ocr_par' dir='ltr' id='par_1_106' title="bbox 532 5576 2104 5657">
     <span class='ocr_line' id='line_1_106' title="bbox 532 5576 2104 5657; baseline 0.01 -28"><span class='ocrx_word' id='word_1_822' title='bbox 532 5591 630 5646; x_wconf 87' lang='lat' dir='ltr'><strong>gus</strong></span> <span class='ocrx_word' id='word_1_823' title='bbox 653 5591 781 5630; x_wconf 90' lang='lat' dir='ltr'><strong>vero</strong></span> <span class='ocrx_word' id='word_1_824' title='bbox 810 5576 877 5630; x_wconf 89' lang='lat' dir='ltr'><strong>ad</strong></span> <span class='ocrx_word' id='word_1_825' title='bbox 920 5576 1280 5647; x_wconf 84' lang='lat' dir='ltr'><strong>gubernacula</strong></span> <span class='ocrx_word' id='word_1_826' title='bbox 1316 5583 1583 5647; x_wconf 86' lang='lat' dir='ltr'><strong>accessit,</strong></span> <span class='ocrx_word' id='word_1_827' title='bbox 1626 5599 1817 5637; x_wconf 86' lang='lat' dir='ltr'><strong>navem</strong></span> <span class='ocrx_word' id='word_1_828' title='bbox 1868 5589 2104 5657; x_wconf 82' lang='lat' dir='ltr'><strong>regebat.</strong></span> 
     </span>
    </p>
   </div>
   <div class='ocr_carea' id='block_1_107' title="bbox 2216 4557 3804 4633">
    <p class='ocr_par' dir='ltr' id='par_1_107' title="bbox 2216 4557 3804 4633">
     <span class='ocr_line' id='line_1_107' title="bbox 2216 4557 3804 4633; baseline 0.001 -19"><span class='ocrx_word' id='word_1_829' title='bbox 2216 4574 2361 4626; x_wconf 89' lang='lat' dir='ltr'><strong>reus,</strong></span> <span class='ocrx_word' id='word_1_830' title='bbox 2385 4574 2551 4631; x_wconf 90' lang='lat' dir='ltr'><strong>quare</strong></span> <span class='ocrx_word' id='word_1_831' title='bbox 2589 4557 2710 4627; x_wconf 90' lang='lat' dir='ltr'><strong>jure</strong></span> <span class='ocrx_word' id='word_1_832' title='bbox 2746 4558 2937 4615; x_wconf 80' lang='lat' dir='ltr'><strong>fecerit</strong></span> <span class='ocrx_word' id='word_1_833' title='bbox 2965 4558 3120 4633; x_wconf 78' lang='lat' dir='ltr'><strong>[Ms.,</strong></span> <span class='ocrx_word' id='word_1_834' title='bbox 3150 4559 3411 4633; x_wconf 83' lang='lat' dir='ltr'><strong>fecisset].</strong></span> <span class='ocrx_word' id='word_1_835' title='bbox 3446 4559 3513 4616; x_wconf 90' lang='lat' dir='ltr'><strong>Ut</strong></span> <span class='ocrx_word' id='word_1_836' title='bbox 3533 4560 3761 4617; x_wconf 88' lang='lat' dir='ltr'><strong>Orestes</strong></span> <span class='ocrx_word' id='word_1_837' title='bbox 3785 4601 3804 4627; x_wconf 90' lang='lat'><strong>,</strong></span> 
     </span>
    </p>
   </div>
   <div class='ocr_carea' id='block_1_108' title="bbox 2214 4649 3804 4716">
    <p class='ocr_par' dir='ltr' id='par_1_108' title="bbox 2214 4649 3804 4716">
     <span class='ocr_line' id='line_1_108' title="bbox 2214 4649 3804 4716; baseline 0.001 -10"><span class='ocrx_word' id='word_1_838' title='bbox 2214 4650 2260 4706; x_wconf 89' lang='lat' dir='ltr'><strong>si</strong></span> <span class='ocrx_word' id='word_1_839' title='bbox 2282 4659 2628 4706; x_wconf 88' lang='lat' dir='ltr'><strong>accusaretur</strong></span> <span class='ocrx_word' id='word_1_840' title='bbox 2666 4651 2976 4715; x_wconf 89' lang='lat' dir='ltr'><strong>matricidii,</strong></span> <span class='ocrx_word' id='word_1_841' title='bbox 3022 4667 3130 4706; x_wconf 92' lang='lat' dir='ltr'><strong>non</strong></span> <span class='ocrx_word' id='word_1_842' title='bbox 3177 4651 3341 4707; x_wconf 88' lang='lat' dir='ltr'><strong>habet</strong></span> <span class='ocrx_word' id='word_1_843' title='bbox 3384 4649 3761 4707; x_wconf 83' lang='lat' dir='ltr'><strong>defensionem</strong></span> <span class='ocrx_word' id='word_1_844' title='bbox 3786 4691 3804 4716; x_wconf 89' lang='lat'><strong>,</strong></span> 
     </span>
    </p>
   </div>
   <div class='ocr_carea' id='block_1_109' title="bbox 2213 4741 3805 4818">
    <p class='ocr_par' dir='ltr' id='par_1_109' title="bbox 2213 4741 3805 4818">
     <span class='ocr_line' id='line_1_109' title="bbox 2213 4741 3805 4818; baseline -0.002 -21"><span class='ocrx_word' id='word_1_845' title='bbox 2213 4742 2317 4797; x_wconf 88' lang='lat' dir='ltr'><strong>nisi</strong></span> <span class='ocrx_word' id='word_1_846' title='bbox 2358 4741 2522 4818; x_wconf 84' lang='lat' dir='ltr'><strong>[hoc],</strong></span> <span class='ocrx_word' id='word_1_847' title='bbox 2547 4743 2691 4798; x_wconf 88' lang='lat' dir='ltr'><strong>dicat</strong></span> <span class='ocrx_word' id='word_1_848' title='bbox 2721 4783 2736 4809; x_wconf 96' lang='lat'><strong>,</strong></span> <span class='ocrx_word' id='word_1_849' title='bbox 2786 4743 2912 4813; x_wconf 84' lang='lat' dir='ltr'><strong>jure</strong></span> <span class='ocrx_word' id='word_1_850' title='bbox 2936 4743 3069 4815; x_wconf 86' lang='lat' dir='ltr'><strong>feci;</strong></span> <span class='ocrx_word' id='word_1_851' title='bbox 3106 4741 3201 4796; x_wconf 80' lang='lat' dir='ltr'><strong>illa</strong></span> <span class='ocrx_word' id='word_1_852' title='bbox 3228 4743 3365 4796; x_wconf 81' lang='lat' dir='ltr'><strong>enim</strong></span> <span class='ocrx_word' id='word_1_853' title='bbox 3395 4753 3597 4814; x_wconf 79' lang='lat' dir='ltr'><strong>patrem</strong></span> <span class='ocrx_word' id='word_1_854' title='bbox 3625 4758 3805 4797; x_wconf 71' lang='lat' dir='ltr'><strong>meum</strong></span> 
     </span>
    </p>
   </div>
   <div class='ocr_carea' id='block_1_110' title="bbox 2214 4832 3806 4890">
    <p class='ocr_par' dir='ltr' id='par_1_110' title="bbox 2214 4832 3806 4890">
     <span class='ocr_line' id='line_1_110' title="bbox 2214 4832 3806 4890; baseline 0.001 -4"><span class='ocrx_word' id='word_1_855' title='bbox 2214 4832 2495 4887; x_wconf 85' lang='lat' dir='ltr'><strong>occiderat.</strong></span> <span class='ocrx_word' id='word_1_856' title='bbox 2520 4832 2793 4889; x_wconf 81' lang='lat' dir='ltr'><strong>Judicatio</strong></span> <span class='ocrx_word' id='word_1_857' title='bbox 2815 4844 2900 4889; x_wconf 93' lang='lat' dir='ltr'><strong>est</strong></span> <span class='ocrx_word' id='word_1_858' title='bbox 2939 4848 3008 4889; x_wconf 88' lang='lat' dir='ltr'><strong>ex</strong></span> <span class='ocrx_word' id='word_1_859' title='bbox 3038 4832 3247 4889; x_wconf 84' lang='lat' dir='ltr'><strong>ratione</strong></span> <span class='ocrx_word' id='word_1_860' title='bbox 3277 4833 3527 4890; x_wconf 89' lang='lat' dir='ltr'><strong>deducta.</strong></span> <span class='ocrx_word' id='word_1_861' title='bbox 3574 4832 3806 4889; x_wconf 82' lang='lat' dir='ltr'><strong>Summa</strong></span> 
     </span>
    </p>
   </div>
   <div class='ocr_carea' id='block_1_111' title="bbox 2215 4923 3810 4999">
    <p class='ocr_par' dir='ltr' id='par_1_111' title="bbox 2215 4923 3810 4999">
     <span class='ocr_line' id='line_1_111' title="bbox 2215 4923 3810 4999; baseline 0.003 -21"><span class='ocrx_word' id='word_1_862' title='bbox 2215 4923 2410 4998; x_wconf 84' lang='lat' dir='ltr'><strong>[Edit.,</strong></span> <span class='ocrx_word' id='word_1_863' title='bbox 2434 4926 2677 4999; x_wconf 91' lang='lat' dir='ltr'><strong>Sumam]</strong></span> <span class='ocrx_word' id='word_1_864' title='bbox 2705 4925 3045 4997; x_wconf 88' lang='lat' dir='ltr'><strong>hujusmodi:</strong></span> <span class='ocrx_word' id='word_1_865' title='bbox 3073 4926 3376 4983; x_wconf 84' lang='lat' dir='ltr'><strong>Rectumne</strong></span> <span class='ocrx_word' id='word_1_866' title='bbox 3394 4926 3561 4982; x_wconf 87' lang='lat' dir='ltr'><strong>fuerit</strong></span> <span class='ocrx_word' id='word_1_867' title='bbox 3577 4927 3652 4982; x_wconf 87' lang='lat' dir='ltr'><strong>ab</strong></span> <span class='ocrx_word' id='word_1_868' title='bbox 3672 4925 3810 4983; x_wconf 78' lang='lat' dir='ltr'><strong>Ore-</strong></span> 
     </span>
    </p>
   </div>
   <div class='ocr_carea' id='block_1_112' title="bbox 2213 5017 3810 5089">
    <p class='ocr_par' dir='ltr' id='par_1_112' title="bbox 2213 5017 3810 5089">
     <span class='ocr_line' id='line_1_112' title="bbox 2213 5017 3810 5089; baseline -0.001 -16"><span class='ocrx_word' id='word_1_869' title='bbox 2213 5026 2295 5073; x_wconf 71' lang='lat' dir='ltr'><strong>Ste</strong></span> <span class='ocrx_word' id='word_1_870' title='bbox 2322 5027 2552 5073; x_wconf 91' lang='lat' dir='ltr'><strong>matrem</strong></span> <span class='ocrx_word' id='word_1_871' title='bbox 2576 5018 2773 5085; x_wconf 90' lang='lat' dir='ltr'><strong>occidi,</strong></span> <span class='ocrx_word' id='word_1_872' title='bbox 2804 5034 2927 5074; x_wconf 92' lang='lat' dir='ltr'><strong>cum</strong></span> <span class='ocrx_word' id='word_1_873' title='bbox 2957 5017 3045 5073; x_wconf 91' lang='lat' dir='ltr'><strong>illa</strong></span> <span class='ocrx_word' id='word_1_874' title='bbox 3097 5017 3305 5074; x_wconf 86' lang='lat' dir='ltr'><strong>Orestis</strong></span> <span class='ocrx_word' id='word_1_875' title='bbox 3332 5026 3543 5089; x_wconf 85' lang='lat' dir='ltr'><strong>patrem</strong></span> <span class='ocrx_word' id='word_1_876' title='bbox 3587 5017 3810 5073; x_wconf 85' lang='lat' dir='ltr'><strong>occide-</strong></span> 
     </span>
    </p>
   </div>
   <div class='ocr_carea' id='block_1_113' title="bbox 2211 5105 3813 5182">
    <p class='ocr_par' dir='ltr' id='par_1_113' title="bbox 2211 5105 3813 5182">
     <span class='ocr_line' id='line_1_113' title="bbox 2211 5105 3813 5182; baseline 0.001 -22"><span class='ocrx_word' id='word_1_877' title='bbox 2211 5106 2316 5161; x_wconf 86' lang='lat' dir='ltr'><strong>rit?</strong></span> <span class='ocrx_word' id='word_1_878' title='bbox 2338 5105 2753 5163; x_wconf 86' lang='lat' dir='ltr'><strong>Firmamentum</strong></span> <span class='ocrx_word' id='word_1_879' title='bbox 2768 5118 2851 5164; x_wconf 90' lang='lat' dir='ltr'><strong>est</strong></span> <span class='ocrx_word' id='word_1_880' title='bbox 2874 5107 3184 5163; x_wconf 82' lang='lat' dir='ltr'><strong>firmissima</strong></span> <span class='ocrx_word' id='word_1_881' title='bbox 3204 5108 3604 5182; x_wconf 87' lang='lat' dir='ltr'><strong>argumentatio</strong></span> <span class='ocrx_word' id='word_1_882' title='bbox 3617 5107 3813 5164; x_wconf 87' lang='lat' dir='ltr'><strong>defen-</strong></span> 
     </span>
    </p>
   </div>
   <div class='ocr_carea' id='block_1_114' title="bbox 2214 5199 3812 5272">
    <p class='ocr_par' dir='ltr' id='par_1_114' title="bbox 2214 5199 3812 5272">
     <span class='ocr_line' id='line_1_114' title="bbox 2214 5199 3812 5272; baseline -0.001 -18"><span class='ocrx_word' id='word_1_883' title='bbox 2214 5200 2374 5264; x_wconf 88' lang='lat' dir='ltr'><strong>soris,</strong></span> <span class='ocrx_word' id='word_1_884' title='bbox 2411 5207 2492 5265; x_wconf 90' lang='lat' dir='ltr'><strong>ut,</strong></span> <span class='ocrx_word' id='word_1_885' title='bbox 2519 5200 2565 5255; x_wconf 92' lang='lat' dir='ltr'><strong>si</strong></span> <span class='ocrx_word' id='word_1_886' title='bbox 2614 5199 2744 5255; x_wconf 89' lang='lat' dir='ltr'><strong>velit</strong></span> <span class='ocrx_word' id='word_1_887' title='bbox 2770 5199 2989 5255; x_wconf 90' lang='lat' dir='ltr'><strong>Orestes</strong></span> <span class='ocrx_word' id='word_1_888' title='bbox 3034 5200 3235 5267; x_wconf 90' lang='lat' dir='ltr'><strong>dicere,</strong></span> <span class='ocrx_word' id='word_1_889' title='bbox 3263 5200 3529 5272; x_wconf 86' lang='lat' dir='ltr'><strong>ejusmodi</strong></span> <span class='ocrx_word' id='word_1_890' title='bbox 3556 5199 3812 5254; x_wconf 76' lang='lat' dir='ltr'><strong>animum</strong></span> 
     </span>
    </p>
   </div>
   <div class='ocr_carea' id='block_1_115' title="bbox 2217 5291 3813 5367">
    <p class='ocr_par' dir='ltr' id='par_1_115' title="bbox 2217 5291 3813 5367">
     <span class='ocr_line' id='line_1_115' title="bbox 2217 5291 3813 5367; baseline 0.001 -22"><span class='ocrx_word' id='word_1_891' title='bbox 2217 5293 2407 5347; x_wconf 89' lang='lat' dir='ltr'><strong>matris</strong></span> <span class='ocrx_word' id='word_1_892' title='bbox 2437 5291 2632 5364; x_wconf 89' lang='lat' dir='ltr'><strong>[Edit.,</strong></span> <span class='ocrx_word' id='word_1_893' title='bbox 2658 5292 2840 5364; x_wconf 88' lang='lat' dir='ltr'><strong>matri]</strong></span> <span class='ocrx_word' id='word_1_894' title='bbox 2873 5292 3028 5367; x_wconf 73' lang='lat' dir='ltr'><strong>[suae]</strong></span> <span class='ocrx_word' id='word_1_895' title='bbox 3052 5293 3217 5349; x_wconf 86' lang='lat' dir='ltr'><strong>fuisse</strong></span> <span class='ocrx_word' id='word_1_896' title='bbox 3246 5294 3299 5348; x_wconf 91' lang='lat' dir='ltr'><strong>in</strong></span> <span class='ocrx_word' id='word_1_897' title='bbox 3324 5303 3559 5364; x_wconf 90' lang='lat' dir='ltr'><strong>patrem,</strong></span> <span class='ocrx_word' id='word_1_898' title='bbox 3584 5292 3645 5347; x_wconf 87' lang='lat' dir='ltr'><strong>in</strong></span> <span class='ocrx_word' id='word_1_899' title='bbox 3666 5294 3813 5363; x_wconf 85' lang='lat' dir='ltr'><strong>seip-</strong></span> 
     </span>
    </p>
   </div>
   <div class='ocr_carea' id='block_1_116' title="bbox 2216 5380 3815 5460">
    <p class='ocr_par' dir='ltr' id='par_1_116' title="bbox 2216 5380 3815 5460">
     <span class='ocr_line' id='line_1_116' title="bbox 2216 5380 3815 5460; baseline 0.001 -18"><span class='ocrx_word' id='word_1_900' title='bbox 2216 5380 2354 5451; x_wconf 43' lang='lat' dir='ltr'><strong>sum‘,</strong></span> <span class='ocrx_word' id='word_1_901' title='bbox 2386 5387 2438 5440; x_wconf 92' lang='lat' dir='ltr'><strong>in</strong></span> <span class='ocrx_word' id='word_1_902' title='bbox 2470 5403 2713 5459; x_wconf 84' lang='lat' dir='ltr'><strong>regnum,</strong></span> <span class='ocrx_word' id='word_1_903' title='bbox 2747 5388 2799 5442; x_wconf 90' lang='lat' dir='ltr'><strong>in</strong></span> <span class='ocrx_word' id='word_1_904' title='bbox 2825 5402 2984 5455; x_wconf 79' lang='lat' dir='ltr'><strong>omne</strong></span> <span class='ocrx_word' id='word_1_905' title='bbox 3004 5404 3171 5459; x_wconf 90' lang='lat' dir='ltr'><strong>genus</strong></span> <span class='ocrx_word' id='word_1_906' title='bbox 3203 5397 3467 5454; x_wconf 76' lang='lat' dir='ltr'><strong>suum,°ut</strong></span> <span class='ocrx_word' id='word_1_907' title='bbox 3492 5388 3563 5443; x_wconf 86' lang='lat' dir='ltr'><strong>ab</strong></span> <span class='ocrx_word' id='word_1_908' title='bbox 3593 5404 3665 5443; x_wconf 81' lang='lat' dir='ltr'><strong>ea</strong></span> <span class='ocrx_word' id='word_1_909' title='bbox 3695 5402 3815 5460; x_wconf 63' lang='lat' dir='ltr'><strong>pa!-</strong></span> 
     </span>
    </p>
   </div>
   <div class='ocr_carea' id='block_1_117' title="bbox 2212 5482 3640 5553">
    <p class='ocr_par' dir='ltr' id='par_1_117' title="bbox 2212 5482 3640 5553">
     <span class='ocr_line' id='line_1_117' title="bbox 2212 5482 3640 5553; baseline 0 -16"><span class='ocrx_word' id='word_1_910' title='bbox 2212 5497 2311 5537; x_wconf 90' lang='lat' dir='ltr'><strong>nas</strong></span> <span class='ocrx_word' id='word_1_911' title='bbox 2340 5482 2494 5537; x_wconf 91' lang='lat' dir='ltr'><strong>liberi</strong></span> <span class='ocrx_word' id='word_1_912' title='bbox 2515 5484 2597 5536; x_wconf 90' lang='lat' dir='ltr'><strong>sui</strong></span> <span class='ocrx_word' id='word_1_913' title='bbox 2633 5483 2973 5553; x_wconf 91' lang='lat' dir='ltr'><strong>potissimum</strong></span> <span class='ocrx_word' id='word_1_914' title='bbox 3002 5492 3257 5553; x_wconf 85' lang='lat' dir='ltr'><strong>expetere</strong></span> <span class='ocrx_word' id='word_1_915' title='bbox 3280 5482 3640 5539; x_wconf 77' lang='lat' dir='ltr'><strong>debuissent.</strong></span> 
     </span>
    </p>
   </div>
   <div class='ocr_carea' id='block_1_118' title="bbox 2280 5588 3817 5667">
    <p class='ocr_par' dir='ltr' id='par_1_118' title="bbox 2280 5588 3817 5667">
     <span class='ocr_line' id='line_1_118' title="bbox 2280 5588 3817 5667; baseline -0.001 -21"><span class='ocrx_word' id='word_1_916' title='bbox 2280 5591 2412 5647; x_wconf 73' lang='lat' dir='ltr'><strong>CAR.</strong></span> <span class='ocrx_word' id='word_1_917' title='bbox 2454 5592 2529 5647; x_wconf 91' lang='lat' dir='ltr'><strong>De</strong></span> <span class='ocrx_word' id='word_1_918' title='bbox 2556 5593 2790 5664; x_wconf 88' lang='lat' dir='ltr'><strong>generali</strong></span> <span class='ocrx_word' id='word_1_919' title='bbox 2814 5595 3197 5651; x_wconf 87' lang='lat' dir='ltr'><strong>constitutione</strong></span> <span class='ocrx_word' id='word_1_920' title='bbox 3221 5595 3372 5667; x_wconf 89' lang='lat' dir='ltr'><strong>prius</strong></span> <span class='ocrx_word' id='word_1_921' title='bbox 3422 5592 3636 5657; x_wconf 90' lang='lat' dir='ltr'><strong>dixisti,</strong></span> <span class='ocrx_word' id='word_1_922' title='bbox 3667 5588 3817 5661; x_wconf 84' lang='lat' dir='ltr'><strong>quod</strong></span> 
     </span>
    </p>
   </div>
   <div class='ocr_carea' id='block_1_119' title="bbox 535 5663 3814 5761">
    <p class='ocr_par' dir='ltr' id='par_1_119' title="bbox 535 5663 3814 5761">
     <span class='ocr_line' id='line_1_119' title="bbox 535 5663 3814 5761; baseline 0.005 -40"><span class='ocrx_word' id='word_1_923' title='bbox 535 5663 731 5761; x_wconf 81' lang='lat' dir='ltr'><strong>Sedata</strong></span> <span class='ocrx_word' id='word_1_924' title='bbox 783 5675 1121 5741; x_wconf 89' lang='lat' dir='ltr'><strong>tempestate,</strong></span> <span class='ocrx_word' id='word_1_925' title='bbox 1152 5670 1304 5729; x_wconf 89' lang='lat' dir='ltr'><strong>navis</strong></span> <span class='ocrx_word' id='word_1_926' title='bbox 1348 5671 1403 5728; x_wconf 91' lang='lat' dir='ltr'><strong>in</strong></span> <span class='ocrx_word' id='word_1_927' title='bbox 1436 5682 1653 5745; x_wconf 90' lang='lat' dir='ltr'><strong>portum</strong></span> <span class='ocrx_word' id='word_1_928' title='bbox 1678 5679 1923 5748; x_wconf 88' lang='lat' dir='ltr'><strong>pervenit</strong></span> <span class='ocrx_word' id='word_1_929' title='bbox 1949 5678 2100 5753; x_wconf 77' lang='lat' dir='ltr'><strong>[.lIs.,</strong></span> <span class='ocrx_word' id='word_1_930' title='bbox 2203 5683 2385 5756; x_wconf 85' lang='lat' dir='ltr'><strong>plures</strong></span> <span class='ocrx_word' id='word_1_931' title='bbox 2410 5663 2592 5754; x_wconf 89' lang='lat' dir='ltr'><strong>partes</strong></span> <span class='ocrx_word' id='word_1_932' title='bbox 2623 5684 2844 5761; x_wconf 87' lang='lat' dir='ltr'><strong>haberet</strong></span> <span class='ocrx_word' id='word_1_933' title='bbox 2870 5684 3060 5760; x_wconf 80' lang='lat' dir='ltr'><strong>[Edit.,</strong></span> <span class='ocrx_word' id='word_1_934' title='bbox 3089 5663 3495 5760; x_wconf 38' lang='lat' dir='ltr'><strong>quae-pluribus</strong></span> <span class='ocrx_word' id='word_1_935' title='bbox 3542 5683 3814 5757; x_wconf 85' lang='lat' dir='ltr'><strong>partibus</strong></span> 
     </span>
    </p>
   </div>
  </div>
