4062 6346
2936 206 3027 249 α-
3128 202 3141 213 .

308 284 415 355 925
1118 273 1591 357 mntscauca.
1630 300 1701 315 -—
1733 266 1906 346 matr

2046 266 2138 325 nn
2171 264 2381 331 nam.
2419 264 2510 345 ET
2548 264 2733 327 VIRT.
3458 261 3563 339 est

306 395 562 471 constat].
591 395 714 459 illas
737 400 966 469 rogo,ut
988 392 1193 475 pandas
1221 392 1375 463 mihi,
1402 390 1674 465 magister,
1698 399 1880 455 exem-
1901 386 1959 463 Α
1983 384 2076 439 sed
2116 383 2277 463 [post]
2317 392 2602 441 accusatur
2639 398 2763 449 reus
2798 379 3115 475 majestatis.
3156 378 3388 437 Intentio
3402 388 3521 475 Aest
3545 397 3560 435 :

307 493 520 565 plisque
555 487 842 549 conﬁrmes
872 502 968 559 per
1017 484 1278 555 singulas,
1307 500 1392 539 me
1420 490 1627 537 tacente
1655 487 1709 535 et
1753 492 1882 551 pro-

304 583 491 641 bante.
516 610 584 647 ε-
613 577 742 651 Ann.
771 576 1055 650 [Faciam].
1091 577 1185 643 illa
1217 574 1603 637 controversia,
1628 588 1744 643 quae
1768 566 1886 643 [de-

304 670 600 749 monstrat]
630 669 787 745 quale
822 670 893 725 sit
923 668 1051 722 illud
1080 668 1456 749 factum,quod
1489 681 1583 721 reo
1609 664 1884 735 obiicitur,

264 826 271 832 _
308 756 624 839 nonstitutio
668 762 939 835 generalis
964 767 1208 826 vocatur,
1236 767 1291 815 et
1324 760 1487 815 habet
1506 766 1689 827 partes
1710 756 1843 821 duas
1867 793 1884 820 ,

304 855 615 932 judicialem
653 863 707 927 et
745 854 1086 935 negotialem.
1143 849 1433 922 Negotialis
1481 857 1590 913 est,
1644 849 1696 902 in
1738 862 1844 915 qua
1871 885 1886 911 ,

308 946 441 1023 quid
464 946 602 1019 juris
630 945 721 1021 sit,
740 960 808 1011 ex
854 944 996 1015 civili
1024 957 1173 999 more
1200 953 1255 998 ct
1294 942 1548 1013 aequitate
1574 938 1887 1003 considera-

308 1054 420 1117 ~cur.
446 1032 545 1111 Qui
569 1036 859 1113 diligentia:
886 1044 1127 1115 praesunt
1175 1035 1385 1107 judices
1404 1074 1418 1098 ,
1449 1040 1503 1101 et
1542 1031 1706 1113 habet
1736 1028 1793 1083 iu
1831 1042 1891 1117 se

310 1116 638 1203 implicatam
676 1127 844 1202 [Ms.,
881 1126 1219 1197 implicitam]
1263 1122 1689 1183 controversiam
1715 1116 1892 1181 civilis

306 1222 467 1298 juris,
493 1222 597 1276 hoc
625 1219 785 1287 modo
813 1237 840 1297 ε,
857 1217 1107 1286 Quidam,
1132 1218 1261 1273 dum
1291 1215 1458 1291 filium
1480 1212 1640 1293 317
1672 1226 1777 1269 non
1800 1209 1894 1269 ha-

310 1302 451 1380 buit,
479 1310 738 1383 pupillum
768 1309 871 1365 sibi
896 1308 1024 1365 fecit
1044 1308 1315 1373 haeredem
1342 1325 1358 1362 :
1386 1306 1480 1362 sed
1508 1303 1739 1375 pupillus
1766 1308 1895 1365 ante

308 1408 555 1473 mortuus
592 1407 676 1473 est
695 1413 857 1477 quam
884 1396 1172 1471 haereditas
1201 1396 1258 1450 in
1302 1402 1622 1465 potestatem
1648 1390 1766 1461 ejus
1805 1404 1894 1449 ve-

310 1490 501 1546 nisset.
529 1489 569 1563 ξ’
575 1491 615 1545 it
635 1488 981 1557 controversia
1004 1501 1039 1561 ᾳ
1068 1486 1317 1545 secundis
1346 1483 1651 1543 haeredibus
1678 1481 1849 1551 patris
1876 1497 1889 1533 :

1985 475 2101 533 Non
2129 476 2364 544 oportuit
2397 490 2549 531 arma
2585 475 2911 546 relinquere.
2956 472 3207 544 Depulsio
3246 479 3329 527 est
3354 490 3367 527 :
3393 470 3566 541 Opor-

1987 560 2108 621 tuit'.
2152 565 2383 632 Qua’stio
2419 576 2499 622 est
2535 586 2549 620 :
2587 566 3003 638 Oportueritne?
3040 565 3195 621 Ratio
3225 573 3344 621 est:
3368 565 3568 623 Milites

1984 660 2130 723 enim
2168 672 2356 714 omnes
2392 660 2698 729 periissent,
2740 660 2786 714 si
2821 660 2925 715 hoc
2954 675 3061 714 non
3090 657 3359 725 fecissem.
3406 656 3567 726 Inﬁr-

1987 750 2147 827 matio
2177 758 2261 806 est
2284 767 2296 803 :
2322 748 2439 804 Non
2464 750 2585 804 ideo
2615 750 2806 806 fecisti.
2842 750 2919 807 Ex
2940 750 3136 819 quibus
3156 748 3426 807 Judicatio
3450 757 3563 809 est:

1988 841 2387 917 Periisscntnc?
2433 841 2519 907 Et,
2561 842 2749 898 ideone
2794 842 3013 901 fecisti?
3059 842 3391 912 Comparatio
3430 854 3448 892 :
3481 839 3568 896 An

1988 932 2181 1001 melius
2205 941 2348 987 esset
2375 933 2441 988 ad
2464 933 2605 989 hanc
2638 933 3003 1005 tiu-pissimam
3030 932 3394 1003 conditionem
3419 931 3571 995 veni-

1990 1038 2072 1089 re,
2103 1022 2187 1079 vel
2217 1023 2417 1081 milites
2442 1023 2664 1095 perire?
3312 1094 3317 1098 δ

2063 1114 2271 1193 Βειιμίο
2304 1116 2535 1171 criminis
2572 1123 2679 1181 est,
2719 1131 2842 1173 cum
2877 1104 3004 1173 reus
3034 1116 3090 1172 id
3122 1118 3268 1187 quod
3302 1115 3568 1186 arguitur,

1991 1206 2271 1267 confessus
2298 1208 2517 1273 alterius
2546 1223 2605 1265 se
2633 1209 2910 1265 inductum
2938 1218 3180 1280 peccato,
3213 1208 3339 1277 iure
3376 1209 3570 1267 fecisse

1994 1299 2345 1363 demonstrat.
2372 1299 2450 1363 Ea
2473 1310 2556 1357 est
2573 1300 2877 1370 huiusmodi
2894 1320 2908 1354 :
2924 1300 3178 1363 Horatius
3187 1300 3381 1357 occisis
3398 1302 3571 1359 tribus

1994 1390 2249 1446 Curiatiis
2270 1390 2451 1463 [Mss.,
2472 1390 2817 1463 Curiatibus],
2845 1401 2899 1447 et
2920 1392 3127 1451 duobus
3149 1392 3363 1449 amissis
3392 1390 3576 1447 fratri-

1996 1482 2117 1549 bus,
2142 1485 2361 1549 domum
2390 1500 2448 1541 se
2473 1485 2647 1540 victor
2683 1486 2904 1554 recepit.
2944 1484 3040 1558 [is]
3078 1486 3460 1542 animadvertit
3488 1499 3576 1540 so-

312 1581 513 1655 Nostra
538 1590 623 1637 est
644 1580 933 1652 possessio.
965 1578 1195 1641 Intentio
1227 1586 1311 1633 est
1346 1576 1768 1657 propinquorum
1797 1589 1896 1643 pu-
1999 1590 2177 1639 rorem
2206 1589 2359 1630 suam
2387 1576 2454 1631 de
2487 1574 2712 1631 fratrum
2742 1585 2917 1633 morte
2948 1592 3057 1632 non
3080 1577 3351 1643 dolentem
3393 1574 3573 1646 [Μελ.

306 1673 429 1757 pilli
455 1690 468 1727 :
498 1673 695 1741 Nostra
723 1680 806 1731 est
846 1670 1074 1742 pecunia
1097 1710 1114 1737 ,
1163 1670 1231 1724 de
1259 1684 1363 1738 qua
1427 1676 1654 1735 testatus
1678 1681 1783 1719 non
1814 1671 1898 1757 est
1926 1736 1976 1757 ﬁ
2001 1683 2105 1722 non
2128 1666 2516 1739 laborantem];
2539 1669 2720 1737 sponsi
2742 1674 2921 1724 autem
2946 1686 3140 1737 nomen
3163 1669 3386 1725 Curiatii
3412 1668 3580 1740 [iden-

302 1736 645 1851 iirOpinquus
674 1736 876 1818 noster.
901 1760 1150 1835 Depulsio
1178 1736 1298 1815 est—2
1324 1758 1437 1813 lmo
1466 1765 1649 1812 nostra
1673 1763 1777 1821 est,
1806 1751 1899 1824 qui
1926 1736 1976 1813 Β
2006 1756 2192 1829 tidem]
2239 1736 2595 1828 appellantem
2642 1775 2765 1814 cum
2807 1761 3010 1830 gemitu
3036 1736 3116 1815 et
3159 1736 3574 1825 lamentatione,

303 1845 557 1925 heredes
594 1860 915 1927 testamento
942 1852 1117 1925 patris
1166 1866 1371 1906 sumus.
1404 1848 1643 1927 Quaestio
1669 1858 1741 1902 est
1767 1845 1901 1909 ratio

305 1944 439 2019 [Ms.
471 1985 488 2023 ρ
538 1943 779 2021 rationis]
813 1958 828 1997 :
865 1942 1073 2013 Pupillo
1110 1942 1267 2019 enim
1302 1948 1471 2023 ‘patcr
1520 1945 1902 2009 testamentum

307 2034 554 2109 scripsit,
586 2049 774 2109 quare,
804 2049 923 2103 quae
950 2033 1067 2104 ejus
1106 2042 1250 2097 sunt,
1284 2039 1470 2085 nostra
1521 2028 1653 2083 ﬁant
1686 2038 1905 2081 necesse

305 2134 414 2201 est.
448 2125 744 2194 Inﬁrmatt'o
775 2124 1035 2177 rationis:
1062 2122 1175 2193 Imo
1228 2130 1383 2192 pater
1425 2120 1527 2175 sibi
1565 2119 1780 2187 scripsit
1817 2130 1904 2171 se-

311 2218 549 2271 cundum
574 2215 875 2291 hzcrcdem,
925 2228 1033 2269 non
1079 2212 1312 2284 pupillo;
1367 2226 1533 2281 quare
1578 2216 1902 2265 testamento

311 2310 459 2364 illius
484 2316 663 2381 vestra
688 2322 805 2373 esse
831 2306 1123 2377 haereditas
1174 2322 1279 2363 non
1334 2312 1531 2374 potest.
1584 2302 1897 2357 Judicatio:

310 2400 561 2459 Possitne
592 2398 873 2471 quisquam
898 2396 963 2449 de
992 2395 1087 2463 ﬁlii
1122 2395 1310 2471 pupilli
1364 2410 1423 2455 re
1470 2394 1660 2457 testari
1685 2391 1899 2464 :[Edit.,

310 2489 444 2545 filiis
488 2488 675 2560 pupilli
726 2482 1037 2557 pre'testa‘ri],
1075 2501 1144 2541 an
1175 2484 1418 2543 haeredes
1460 2482 1686 2545 secundi
1733 2481 1903 2553 ipsius

308 2578 739 2659 patrisfamilias,
766 2592 873 2634 non
901 2576 997 2651 filii
1024 2591 1239 2648 quoque
1280 2575 1395 2646 ejus
1435 2574 1621 2647 pupilli
1658 2572 1904 2629 hieredes

312 2670 429 2726 sint
444 2670 468 2723 ?
816 2734 823 2740 _
1578 2666 1587 2669 ’

387 2757 669 2815 Judicialis
697 2766 798 2827 est,
838 2758 895 2831 in
932 2772 1038 2829 qua
1075 2757 1215 2829 aequi
1247 2764 1302 2812 et
1328 2754 1527 2825 iniqui,
1563 2751 1661 2826 [et]
1695 2751 1904 2823 praemii

312 2858 415 2907 aut
438 2865 610 2920 paena
645 2850 787 2905 ratio
818 2849 1104 2919 quzeritur.
1151 2844 1319 2916 Hujus
1356 2854 1545 2917 partes
1592 2844 1708 2899 dum
1756 2849 1901 2908 sunt,

310 2940 565 2999 absoluta
606 2948 661 2995 et
707 2940 1059 3011 assumptiva.
1102 2937 1353 3007 Absoluta
1402 2944 1524 3003 est,
1575 2949 1693 3005 quae
1739 2934 1795 2989 in
1845 2948 1904 2989 se

308 3035 561 3091 continet
598 3029 737 3101 juris
782 3040 838 3088 et
883 3030 1091 3102 injuriae
1128 3029 1498 3100 qumstionem,
1549 3027 1655 3082 hoc
1688 3024 1898 3091 modo:

310 3126 721 3207 QumTthani
740 3125 1152 3199 Lacedaimones
1183 3121 1323 3181 bello
1351 3112 1719 3191 superassent;
1743 3127 1798 3173 et
1824 3117 1901 3172 fe-
1922 3095 1975 3163 α
2009 3132 2121 3183 tum
2151 3142 2335 3191 causa,
2374 3136 2486 3182 tum
2523 3144 2614 3185 res
2650 3129 2767 3198 ipsa
2806 3095 3129 3185 removetur.
3156 3095 3613 3198 ⁸(ΣιιιιειιῘιτονιε,Γ

310 3235 382 3279 re
408 3232 528 3274 mos
552 3216 750 3289 Graecis
778 3215 957 3290 [Μεδη
984 3213 1165 3288 Grais]
1194 3222 1297 3285 est,
1320 3222 1380 3271 ut
1402 3212 1542 3269 bello
1564 3212 1704 3267 inter
1730 3225 1787 3267 se
1811 3225 1903 3281 ge-

312 3319 409 3368 sto
433 3308 613 3382 [Mss.,
640 3325 765 3365 cum
800 3309 940 3379 inter
968 3324 1024 3362 se
1042 3307 1243 3373 bellum
1271 3307 1565 3379 gessissent
1589 3303 1694 3377 ut],
1724 3304 1782 3382 hi
1810 3303 1904 3377 qui

310 3380 603 3469 vicisSent,
632 3409 888 3471 tropmum
918 3399 1133 3468 aliquod
1168 3400 1224 3453 in
1253 3398 1449 3455 ﬁnibus
1475 3380 1795 3461 statuerent,
1828 3395 1907 3463 vi:

314 3481 507 3549 cteris:
528 3491 687 3547 modo
714 3491 770 3545 in
796 3490 1083 3569 praesentia
1116 3487 1292 3560 [Mss.,
1322 3486 1686 3561 prtesentiam]
1725 3487 1904 3549 decla-

316 3584 507 3641 randae
548 3596 737 3647 causa,
789 3595 895 3643 non
934 3589 994 3635 ut
1031 3579 1088 3635 in
1126 3589 1446 3651 perpetuum
1482 3580 1607 3636 belli
1644 3578 1907 3645 memoria

314 3679 589 3737 maneret,
634 3686 843 3725 aeneum
886 3677 1192 3739 statuerunt
1237 3678 1514 3739 tropaeum.
1572 3668 1910 3739 Accusautur

317 3768 469 3840 apud
490 3781 775 3827 commune
803 3763 1023 3835 Graeciae
1048 3762 1353 3818 concilium.
1390 3760 1616 3814 Intentio
1643 3765 1728 3814 est
1752 3775 1764 3811 :
1792 3757 1909 3815 Non

314 3858 587 3931 oportuit.
624 3857 872 3928 Depnlsio
898 3864 983 3912 est
1005 3874 1017 3909 :
1042 3854 1308 3926 Oportuit.
1344 3852 1574 3918 Qutrslio
1596 3859 1679 3909 est
1705 3870 1719 3906 :
1746 3851 1914 3921 Opor-

314 3949 605 4007 tueritne?
644 3949 800 4004 Ratio
827 3934 909 4006 est
930 3967 944 4003 :
968 3948 1101 4004 Eam
1131 3936 1273 4003 enim
1299 3961 1363 4001 ex
1390 3944 1530 4000 bello
1553 3942 1775 4014 gloriam
1803 3942 1913 3997 vir-

316 4048 448 4098 tute
471 4038 798 4111 peperimus,
827 4047 888 4093 ut
920 4037 1038 4109 ejus
1065 4046 1265 4092 aeterna
1292 4034 1519 4105 insignia
1554 4033 1784 4105 posteris
1810 4048 1911 4089 no-

316 4131 462 4193 stris
490 4131 957 4201 relinquerentur;
988 4130 1276 4185 statuimus
1304 4136 1581 4196 tropaeum.
1612 4124 1913 4195 Inﬁrmatio

318 4234 447 4282 est:
464 4223 715 4279 Attamen
735 4230 996 4278 aeternum
1013 4220 1420 4277 inimicitiarum
1442 4216 1661 4272 Grtncos
1680 4216 1745 4269 de
1768 4214 1916 4269 Gm-

315 4314 418 4371 cis
459 4310 639 4385 [Mss.,
676 4310 866 4367 Graios
894 4312 959 4368 de
1002 4308 1186 4382 Grais]
1228 4316 1635 4383 monumentum
1679 4313 1917 4361 statuere

2006 1848 2225 1918 indigne
2248 1864 2438 1918 passus
2468 1849 2660 1921 [Edit.,
2691 1851 2827 1907 vidit
2849 1852 2951 1905 hoc
2975 1851 3193 1921 indigne
3214 1850 3439 1922 ferens],
3461 1850 3576 1905 vir-

2002 1941 2183 2011 ginem
2218 1941 2433 1999 occidit.
2475 1941 2791 1999 Accusatur.
2840 1942 3071 1997 Intcntio
3110 1940 3452 2009 estzlnjuria
3492 1955 3580 1996 so-

2004 2046 2183 2099 rorem
2207 2031 2476 2086 occidisti.
2507 2030 2758 2103 Depulsio
2785 2046 2802 2084 :
2825 2031 2955 2087 Jure
2975 2032 3167 2088 occidi.
3195 2030 3429 2097 Quinctio
3445 2045 3465 2084 :
3484 2028 3579 2085 Ju-

2004 2138 2134 2179 rene
2161 2123 2461 2178 occiderit?
2485 2122 2638 2178 Ratio
2665 2138 2683 2175 :
2702 2125 2795 2179 illa
2815 2126 2957 2180 enim
2988 2125 3224 2181 hostium
3248 2132 3480 2178 mortem
3499 2122 3582 2178 lu-

2002 2215 2180 2284 gebat,
2209 2214 2439 2269 fratrum
2463 2215 2784 2285 negligebat,
2810 2230 2898 2271 me
2924 2226 2979 2271 et
3004 2216 3256 2288 populum
3277 2215 3582 2270 Romanum

2002 2306 2199 2361 vicisSe
2231 2306 2458 2362 moleste
2491 2306 2719 2362 ferebat.
2766 2306 3066 2376 Inﬁrmatio
3090 2324 3108 2362 :
3131 2307 3333 2362 Tamen
3363 2321 3394 2359 a
3419 2305 3584 2360 fratre

2002 2398 2370 2455 indemnatam
2404 2414 2646 2456 sororem
2686 2401 2870 2455 necari
2918 2416 3023 2455 non
3058 2400 3313 2471 oportuit.
3363 2398 3442 2453 Ex
3474 2414 3581 2479 quo

2001 2489 2271 2547 Judicatio
2304 2490 2400 2546 fit:
2424 2492 2560 2547 Cum
2590 2492 2809 2547 Horatia
2835 2491 3064 2547 fratrum
3096 2501 3324 2547 mortem
3348 2490 3586 2562 neglige—

2004 2589 2106 2647 ret,
2145 2581 2383 2637 hostium
2421 2581 2649 2652 lugeret,
2694 2567 2878 2635 fratris
2922 2589 2978 2636 et
3018 2580 3323 2650 reipublicae
3360 2580 3587 2634 victoria

2002 2686 2112 2735 non
2134 2672 2410 2741 gauderet,
2435 2670 2801 2742 oportueritne
2821 2684 2941 2726 eam
2966 2685 2998 2725 a
3017 2669 3186 2725 fratre
3218 2671 3585 2725 indemnatam

2004 2760 2178 2821 occidi
2200 2762 2222 2814 ?

2077 2852 2315 2908 Remotio
2340 2853 2571 2909 criminis
2600 2861 2705 2920 est,
2734 2868 2859 2911 cum
2887 2851 3002 2921 ejus
3023 2850 3251 2911 intentio
3274 2849 3421 2917 facti,
3444 2852 3588 2921 quod

2004 2943 2074 2998 ab
2103 2944 2417 3003 adversario
2448 2946 2699 3010 infertur,
2732 2945 2787 3007 in
2813 2945 2976 2999 alium
2994 2952 3089 2998 aut
3111 2944 3167 2998 in
3207 2943 3349 2998 aliud
3379 2943 3587 2999 crimen

2007 3034 2330 3093 dimovetur.
2370 3036 2428 3092 ld
2468 3036 2532 3092 fit
2572 3035 2823 3093 bifariam
2871 3035 3055 3108 [Mss.,
3100 3032 3399 3106 bipertito].
3451 3032 3588 3089 Nam

2002 3217 2202 3293 cauam]
2255 3219 2555 3281 remotianis
2601 3219 2707 3275 hoc
2752 3217 2910 3274 nobis
2945 3217 3190 3288 exemplo
3245 3218 3319 3273 sit
3352 3235 3364 3270 :
3395 3213 3591 3271 Rhodii

2005 3311 2269 3380 quosdam
2302 3310 2549 3381 legarunt
2575 3310 2837 3365 Athenas.
2884 3310 3098 3379 Legatis
3128 3316 3423 3380 quaestores
3451 3320 3593 3360 sum-

2004 3408 2155 3471 ptum
2205 3417 2366 3470 quem
2408 3402 2692 3472 oportebat
2759 3401 2895 3466 dari,
2943 3415 3053 3455 non
3088 3399 3377 3462 dederant;
3425 3394 3591 3465 legati

2006 3491 2233 3559 profecti
2268 3508 2375 3547 non
2419 3500 2565 3548 sunt.
2615 3492 2972 3545 Accusautur.
3010 3490 3239 3544 Intentio
3271 3504 3290 3542 :
3313 3485 3591 3541 Proﬁcisci

2006 3583 2263 3651 oportuit.
2304 3582 2554 3653 Περαιάο
2577 3598 2597 3637 :
2621 3583 2738 3637 Non
2757 3582 3011 3651 oportuit.
3041 3580 3272 3647 Quaestio
3293 3592 3312 3630 .'
3332 3578 3595 3647 Oportue-

2007 3673 2151 3731 ritne
2168 3676 2191 3728 ?
2208 3720 2211 3721 ν
2229 3673 2386 3729 Ratio
2417 3685 2493 3728 est
2518 3688 2537 3726 :
2556 3673 2816 3743 Sumptus
2840 3673 3004 3739 enim,
3027 3673 3118 3742 qui
3144 3672 3210 3726 de
3233 3670 3447 3741 publico
3474 3667 3593 3723 dari
3626 3660 3629 3663 ’

2009 3766 2168 3835 solet,
2198 3766 2286 3823 his
2318 3780 2348 3821 a
2374 3774 2643 3835 quaestore
2666 3778 2772 3818 non
2799 3772 2884 3818 est
2908 3764 3081 3817 datus.
3124 3760 3423 3830 Inﬁrmatio
3445 3774 3463 3812 :
3488 3758 3596 3814 Vos

2010 3865 2193 3917 tamen
2216 3858 2291 3925 id,
2315 3858 2458 3927 quod
2482 3857 2682 3927 publici
2704 3858 2856 3912 vobis
2876 3864 2996 3910 erat
3019 3840 3217 3923 negotii
3240 3854 3442 3915 datum,
3469 3864 3597 3903 con-

2012 3949 2176 4006 ﬁcere
2210 3950 2509 4019 oportebat.
2561 3949 2830 4003 Judicatio
2862 3953 2948 4001 est
2975 3964 2989 4001 :
3017 3945 3151 4001 Cum
3182 3944 3347 4015 318
3384 3942 3467 4007 iis,
3500 3938 3595 4010 qui

2012 4039 2175 4107 legati
2203 4047 2382 4102 erant,
2412 4046 2659 4108 sumptus
2685 4038 2778 4107 qui
2808 4035 3101 4092 debebatur
3137 4050 3203 4089 ex
3240 4030 3451 4103 publico
3485 4045 3591 4086 non

2013 4128 2255 4195 daretur,
2281 4130 2650 4199 oportueritne
2681 4143 2777 4183 eos
2804 4127 3072 4183 conficere
3111 4125 3461 4181 nihilominus
3495 4139 3591 4179 ne-

1992 4286 1995 4289 _
2015 4221 2221 4292 gotium
2243 4220 2525 4289 legationis
2543 4220 2567 4273 ‘t
3040 4212 3051 4225 ’

2085 4311 2255 4381 Ipsius
2276 4320 2457 4366 autem
2485 4310 2561 4364 rei
2588 4310 2653 4364 fit
2676 4309 2912 4375 remotio,
2936 4323 3059 4364 cum
3082 4288 3295 4378 id'quod
3316 4306 3477 4361 datur
3493 4304 3600 4361 cri-

320 4420 443 4463 non
476 4410 704 4475 oportet.
736 4401 1006 4459 Judicatio
1032 4410 1116 4459 est
1140 4419 1154 4455 :
1178 4400 1313 4457 Cum
1336 4416 1560 4456 summa:
1584 4400 1799 4454 virtutis
1821 4412 1913 4453 ce-
1938 4406 2169 4511 Dmini,
2202 4414 2380 4475 negat,
2408 4419 2583 4475 neque
2621 4404 2689 4459 ad
2738 4418 2818 4471 se,
2857 4416 3031 4472 neque
3073 4402 3139 4457 ad
3171 4398 3401 4456 ofﬁcium
3439 4413 3597 4455 suum

320 4494 417 4511 .-
468 4510 473 4511 ,
544 4494 557 4511 .
590 4508 645 4511 η
1310 4492 1435 4511 την
1658 4489 1912 4511 imum
2269 4498 2302 4511 Α.
2384 4498 2397 4509 .
2720 4497 2733 4510 .
3024 4507 3069 4511 μ

320 4494 608 4552 lebrandre
625 4508 788 4551 causa
807 4492 980 4551 Graeci
1003 4494 1069 4551 de
1090 4493 1290 4548 Graecis
1310 4492 1490 4565 [Mss.,
1505 4490 1632 4547 Grai
1648 4492 1715 4546 de
1734 4489 1915 4563 Grais]
1940 4489 1996 4511 ""
2019 4515 2145 4555 reus
2165 4498 2491 4568 pertinuisse
2518 4515 2532 4551 :
2562 4511 2664 4555 nec
2688 4497 2737 4552 si
2765 4497 2907 4566 quod
2934 4497 2987 4550 in
3015 4507 3081 4550 eo
3116 4494 3186 4549 sit
3226 4494 3502 4563 delictum,
3534 4491 3602 4547 si-

320 4592 600 4641 aeternum
627 4583 1035 4641 inimicitiarum
1061 4592 1470 4655 monumentum
1488 4591 1815 4650 statuerunt,
1839 4597 1921 4638 re-

322 4685 428 4736 cte
454 4691 524 4732 an
554 4692 663 4745 non
691 4674 956 4733 fecerint?
1826 4668 1831 4671 ⁷

412 4766 741 4838 Auumptiva
769 4774 871 4832 est,
894 4780 1024 4831 cum
1048 4764 1225 4841 ipsum
1244 4763 1447 4825 factum
1466 4762 1684 4837 probari
1706 4778 1811 4819 non
1829 4778 1925 4835 po-

318 4860 471 4921 test,
487 4855 581 4931 sed
597 4855 777 4927 aliquo
797 4854 928 4929 foris
948 4865 1225 4928 assumpto
1244 4864 1560 4928 argumento
1579 4855 1884 4912 defenditur
1905 4871 1923 4921 ;

321 4949 503 5020 cujus
538 4959 717 5027 partes
750 4958 878 5013 sunt
908 4960 1159 5023 quatuor.
1199 4951 1566 5022 Comparatio,
1600 4950 1790 5007 relatio
1818 4950 1927 5005 cri-

322 5040 533 5109 minis,
559 5042 789 5099 remotio
812 5042 1072 5111 criminis,
1103 5040 1368 5097 confessio
1392 5040 1573 5114 [Mss.,
1597 5039 1923 5112 concessio].

418 5126 755 5202 Comporatio
784 5140 885 5198 est,
912 5147 1038 5193 cum
1057 5131 1202 5188 aliud
1229 5132 1446 5202 aliquod
1474 5132 1695 5197 factum,
1716 5142 1929 5186 rectum

326 5228 447 5278 aut
468 5220 602 5277 utile
625 5224 927 5279 ostenditur
955 5221 1135 5295 [Mss.,
1163 5222 1551 5295 contenditur],
1580 5224 1720 5292 quod
1749 5230 1807 5277 ut
1835 5222 1934 5278 fiee

324 5321 459 5380 ret,
485 5314 617 5369 illud
645 5315 786 5385 quod
813 5316 1071 5386 arguitur,
1099 5315 1297 5373 dicitur
1317 5331 1438 5373 esse
1470 5318 1840 5381 commissum,
1870 5322 1931 5372 ut

324 5410 409 5467 in
436 5407 705 5479 exemplo,
735 5408 877 5479 quod
901 5423 1061 5479 paulo
1091 5417 1217 5464 ante
1248 5410 1481 5478 positum
1505 5416 1591 5464 est
1626 5407 1800 5480 [Mss.,
1833 5423 1930 5479 po-

326 5499 777 5575 suimus].-Gum
803 5504 911 5557 dux
933 5500 1206 5557 Romanus
1225 5503 1294 5559 ab
1312 5501 1555 5558 hostibus
1573 5502 1927 5570 obsideretur,

328 5604 461 5674 nec
490 5589 598 5645 ullo
637 5599 794 5674 pacto
818 5591 1045 5674 evadere
1075 5592 1271 5674 potuit,
1303 5591 1695 5674 nisi_'[pacaret,
1722 5592 1802 5665 ut]
1835 5594 1934 5674 ho-

331 5662 537 5724 stibus
563 5676 711 5717 arma
742 5663 924 5734 daret;
954 5662 1119 5720 armis
1156 5664 1293 5721 datis
1326 5662 1526 5720 milites
1556 5662 1927 5733 conservavit;

2019 4594 2075 4651 bi
2098 4592 2319 4648 attribui
2343 4599 2607 4662 oportere.
2637 4592 2807 4647 Porro
2836 4591 2889 4645 id
2916 4605 3092 4663 causa:
3123 4578 3292 4661 genus
3328 4598 3413 4645 est
3448 4588 3596 4659 ejus-
3668 4642 3673 4645 .

2021 4684 2168 4740 modi
2200 4700 2213 4737 :
2239 4682 2297 4737 Id
2327 4696 2393 4757 eo
2433 4680 2636 4736 foedere
2664 4681 2807 4749 quod
2842 4679 3041 4735 factum
3070 4687 3156 4735 est
3180 4679 3449 4750 quondam
3478 4692 3600 4747 cum

2027 4773 2382 4839 Samnitibus,
2401 4774 2618 4843 quidam
2643 4770 2954 4826 adolescens
2980 4770 3175 4827 nobilis
3194 4785 3418 4840 porcum
3443 4768 3603 4823 susti-

2025 4866 2141 4923 nuit
2167 4867 2323 4937 jussu
2361 4863 2729 4935 imperatoris;
2761 4862 2963 4917 fredere
2993 4872 3173 4918 autem
3203 4863 3382 4918 hocin
3415 4869 3606 4917 senatu

2025 4958 2349 5029 improbato,
2375 4965 2432 5011 et
2457 4956 2782 5025 imperatore
2802 4955 3133 5012 Samnitibus
3164 4957 3361 5023 dedito,
3386 4956 3603 5026 quidam

2010 5050 2084 5105 ~in
2112 5058 2306 5105 senatu
2341 5061 2463 5103 eum
2492 5062 2707 5117 quoque
2732 5047 2878 5111 dicit,
2904 5047 2993 5117 qui
3019 5063 3240 5117 porcum
3272 5047 3457 5110 tenuit,
3484 5044 3602 5100 dedi

2030 5149 2311 5209 oportere.
2337 5135 2567 5189 Intentio
2587 5144 2672 5191 est
2692 5155 2705 5190 :
2725 5136 2856 5192 Dedi
2887 5140 3153 5207 oportere.
3197 5135 3444 5206 Πειραιείο
3474 5142 3557 5187 est
3591 5153 3603 5189 :

2030 5229 2148 5285 Non
2184 5234 2413 5296 oportet.
2454 5226 2684 5291 Qumstio
2720 5234 2839 5282 est:
2864 5224 3233 5297 Oporteatne?
3274 5224 3425 5279 Ratio
3448 5237 3468 5276 :
3490 5225 3607 5280 Non

2034 5319 2178 5375 enim
2201 5332 2377 5373 meum
2405 5315 2508 5371 fuit
2534 5316 2784 5383 cilicium,
2823 5334 2925 5373 nec
2953 5333 3073 5373 mea
3107 5324 3368 5386 potestas,
3402 5329 3525 5370 cum
3556 5325 3611 5370 et

2034 5412 2090 5467 id
2127 5412 2301 5466 astatis
2339 5426 2443 5465 non
2485 5410 2666 5477 habui,
2704 5419 2759 5466 et
2790 5412 3031 5481 privatus
3067 5424 3263 5475 essem,
3310 5416 3364 5465 et
3400 5404 3609 5464 summa

2034 5519 2158 5559 cum
2206 5503 2525 5557 auctoritate
2571 5510 2625 5555 et
2671 5510 2935 5572 potestate
2971 5502 3264 5570 imperator
3311 5500 3608 5567 mandavit,

2035 5595 2126 5664 qui
2154 5594 2377 5667 videret,
2401 5600 2458 5646 ut
2478 5592 2609 5646 satis
2632 5594 2915 5647 honestum
2941 5591 3115 5647 fmdus
3136 5590 3407 5647 feriretur.
3450 5591 3587 5659 Inﬁr

2036 5686 2198 5739 matio
2220 5693 2306 5740 est
2329 5704 2341 5738 :
2366 5682 2631 5751 Quoniam
2653 5686 2924 5757 particeps
2943 5682 3119 5742 factus
3138 5698 3199 5744 es
3215 5683 3275 5744 in
3296 5683 3612 5762 turpissim
