4062 6346
506 355 615 416 ρετ

1353 344 1410 398 Β.
1439 341 1502 398 F.
1528 327 1770 398 ’ALBINI
1810 339 1943 398 SEU
1978 335 2256 394 ALCUINI
2293 331 2578 393 OPERUM
2615 330 2796 390 PARS
2837 330 2945 390 VII.

507 471 732 535 ﬁndere,
757 479 979 522 summa:
1003 460 1279 532 religionis
1308 458 1429 514 dedi
1465 468 1519 514 te
1552 457 1824 514 convenit.
1865 453 2090 510 Judica-
2112 455 2167 514 Α
2191 449 2522 520 deprehensa
2547 450 2639 515 sit,
2667 446 2992 519 publicetur.
3035 441 3173 500 Cum
3195 455 3388 514 magna
3418 441 3474 497 in
3503 441 3618 535 alto
3646 450 3784 499 tem-

508 566 580 619 tio
610 570 730 616 est:
764 557 898 614 Cum
924 557 971 610 is
1009 553 1100 624 qui
1134 551 1416 622 potestatis
1453 549 1587 605 nihil
1625 546 1894 614 habuerit,
1934 545 2091 616 jussu

509 650 850 724 imperatoris
882 648 938 702 in
974 645 1176 700 foedere
1202 651 1257 698 et
1283 643 1335 696 in
1367 650 1519 696 tanta
1547 639 1806 708 religione
1835 637 2092 693 interfue-

511 744 620 810 rit,
665 740 1010 797 dedendusne
1044 736 1114 791 sit
1156 733 1399 789 hostibus
1441 731 1567 805 [nec
1605 731 1741 801 ne]?
1777 729 1891 785 Hoc
1924 743 2093 799 genus

511 848 690 890 causa:
725 845 848 886 cum
875 825 1140 898 superiori
1169 825 1364 887 differt,
1391 823 1534 893 quod
1555 822 1610 876 in
1637 821 1730 876 illo
1762 818 2012 875 concedit
2035 830 2093 872 se

511 941 655 990 reus,
687 920 990 992 oportuisse
1021 918 1198 972 facere
1228 915 1284 970 id
1317 914 1460 984 quod
1487 912 1605 968 fieri
1640 912 1784 968 dicat
1812 917 2096 967 accusator

511 1017 844 1089 Oportuisse;
872 1013 967 1069 sed
994 1011 1150 1066 alicui
1176 1008 1254 1064 rei
1277 1018 1370 1063 aut
1389 1007 1595 1062 homini
1622 1021 1740 1060 eam
1763 1019 1985 1060 causam
2014 1009 2096 1057 at-

513 1107 719 1171 tribuit,
769 1119 889 1175 quae
929 1099 1192 1158 voluntati
1229 1112 1340 1152 suae
1384 1095 1546 1150 fuerit
1578 1093 2006 1164 impedimento:
2036 1090 2091 1145 in

512 1197 617 1252 hoc
662 1206 843 1250 autem
885 1209 994 1249 non
1037 1205 1294 1246 accusare
1339 1187 1585 1249 alterum,
1642 1200 1742 1240 nec
1779 1183 1988 1253 culpam
2037 1182 2095 1237 in

515 1287 680 1340 alium
709 1283 1005 1340 transferre
1025 1281 1206 1345 debet,
1231 1279 1325 1334 sed
1352 1285 1656 1332 monstrare
1677 1289 1798 1329 eam
1821 1287 1935 1328 rem
1958 1271 2094 1326 nihil

517 1377 582 1430 ad
611 1391 688 1441 se,
719 1390 820 1431 nec
855 1375 923 1429 ad
952 1388 1104 1429 suam
1141 1378 1485 1441 potestatem,
1531 1383 1704 1438 neque
1747 1366 1816 1422 ad
1861 1363 2096 1423 officium

518 1481 674 1521 suum
698 1464 1042 1535 pertinuisse,
1069 1471 1161 1516 aut
1180 1459 1470 1530 pertinere.

591 1555 864 1609 Concessio
886 1561 988 1619 est,
1020 1568 1116 1622 per
1147 1566 1308 1621 quam
1333 1565 1440 1604 non
1471 1548 1672 1604 factum
1695 1547 1871 1618 ipsum
1906 1546 2100 1616 proba—

521 1658 608 1702 tur
626 1647 694 1701 ab
715 1661 831 1711 reo,
859 1645 954 1700 sed
978 1652 1040 1698 ut
1066 1644 1377 1714 ignoscatur
1399 1640 1454 1695 id
1481 1641 1714 1710 petitur;
1743 1636 1897 1706 cujus
1917 1643 2100 1707 partes

521 1744 647 1791 sunt
675 1733 836 1806 [dum]
867 1753 880 1788 :
911 1733 1163 1803 Purgatio
1183 1739 1237 1784 et
1259 1730 1584 1800 deprecatio.

2189 553 2372 616 pestas
2399 552 2564 609 esset,
2593 542 2676 597 vis
2705 548 3013 604 ventorum,
3044 536 3229 593 invitis
3253 535 3436 591 nautis
3467 535 3523 590 in
3547 533 3785 592 Rhodio

2191 652 2314 692 rum
2357 644 2570 706 portum
2607 648 2798 689 navem
2837 632 3032 701 coegit.
3078 629 3325 696 Quaestor
3362 643 3555 683 navem
3591 627 3779 699 populi

2189 742 2310 784 esse
2337 727 2468 783 dicit
2497 725 2672 799 [Mss.,
2705 725 2885 796 populi
2914 722 3115 794 vocat].
3152 721 3314 776 Navis
3340 720 3592 775 dominus
3620 729 3786 792 negat

2191 819 2458 891 publicari
2508 819 2723 874 debere.
2783 815 3014 871 Intentio
3054 823 3139 870 est
3177 834 3192 868 :
3232 815 3489 868 Bostrata
3531 815 3686 868 navis
3727 814 3787 869 in

2189 918 2354 981 portu
2392 910 2726 980 deprehensa
2752 916 2854 963 est.
2905 906 3156 977 llepulsio
3178 923 3197 962 :
3217 906 3530 963 Concessio.
3574 906 3737 962 Ratio
3765 920 3788 964 :

2195 998 2259 1055 Vi
2295 1009 2351 1054 et
2397 999 2722 1055 necessitate
2759 1013 2945 1053 sumus
2993 997 3048 1052 in
3099 997 3264 1068 319
3303 1006 3523 1066 portum
3575 995 3793 1054 redacti

2194 1088 2376 1163 [Mss.,
2402 1088 2620 1161 coacti].
2658 1087 2957 1157 Inﬁrmatio
2986 1096 3070 1142 est
3092 1105 3104 1140 :
3130 1085 3333 1142 Navem
3359 1102 3425 1141 ex
3451 1086 3571 1157 lege
3599 1094 3789 1146 tamen

2193 1178 2377 1250 p0puli
2402 1193 2521 1233 esse
2545 1185 2796 1248 oportere
2835 1176 3017 1248 [Mss.,
3043 1174 3300 1247 oportet].
3345 1173 3618 1229 Judicatio
3659 1184 3786 1232 est:

2195 1270 2332 1326 Cum
2355 1277 2644 1325 rostratam
2673 1283 2868 1322 navem
2897 1267 2950 1322 in
2979 1274 3137 1337 portu
3170 1267 3564 1336 deprehensam
3591 1267 3675 1323 lex
3689 1283 3792 1338 pu-

2192 1361 2440 1428 blicavit;
2457 1374 2688 1429 cumque
2699 1360 2814 1413 haec
2828 1357 3000 1422 navis,
3018 1356 3200 1412 invitis
3217 1359 3419 1424 nautis,
3431 1358 3484 1412 vi
3498 1366 3792 1429 tempesta—

2196 1456 2268 1512 tis
2284 1456 2336 1510 in
2362 1463 2575 1526 portum
2604 1453 2842 1522 conjecta
2869 1453 2960 1518 sit,
2992 1457 3310 1520 oporteatne
3330 1465 3452 1506 eam
3480 1452 3790 1521 publicari?

2267 1546 2577 1616 Deprecatio
2605 1552 2720 1610 est,
2753 1558 2877 1599 cum
2902 1550 2959 1597 et
2978 1556 3241 1611 peccasse
3281 1549 3339 1597 et
3373 1543 3624 1598 consulto
3655 1558 3786 1614 pec-

2198 1650 2353 1690 casse
2378 1649 2505 1689 reus
2535 1649 2594 1690 se
2623 1633 2941 1697 confitetur;
2976 1639 3191 1697 tamen,
3221 1639 3281 1684 ut
3311 1631 3416 1686 sibi
3447 1631 3784 1702 ignoscatur,

2198 1725 2439 1795 postulat
2469 1740 2484 1779 :
2515 1726 2659 1795 quod
2707 1738 2880 1795 genus
2926 1737 3154 1794 perraro
3201 1729 3382 1792 potest
3415 1725 3693 1789 accidere,
3728 1726 3788 1780 in

591 1795 847 1896 Pui'gatio
871 1833 976 1890 est,
1015 1795 1114 1893 per
1151 1795 1465 1892 quam-ejus
1507 1819 1599 1889 qui
1639 1825 1946 1882 accusatur,
1990 1830 2099 1871 non
2126 1795 2176 1856 Β
2202 1832 2310 1886 quo
2349 1831 2457 1870 non
2501 1814 2744 1870 defensio
2785 1813 2951 1879 facti,
3003 1813 3098 1869 sed
3135 1808 3451 1885 ignoscendi
3498 1815 3787 1886 postulatio

522 1917 722 1972 factum
751 1917 948 1986 ipsum,
973 1914 1066 1968 sed
1088 1913 1336 1968 voluntas
1360 1910 1663 1966 defenditur
1687 1926 1700 1961 :
1725 1916 1779 1962 et
1800 1906 1964 1960 habet
1980 1921 2104 1975 par-

523 2015 604 2061 tes
626 2016 734 2060 tres
763 2024 776 2058 :
802 2003 1239 2073 lmprudentiam,
1264 2015 1472 2064 casum,
1495 1996 1968 2053 necessitudinem.
1994 1993 2103 2047 Im-

521 2095 795 2166 prudentia
825 2102 924 2159 est,
959 2109 1082 2149 cum
1109 2092 1276 2146 scisse
1312 2103 1370 2145 se
1399 2089 1600 2158 aliquid
1634 2087 1680 2143 is
1716 2087 1805 2156 qui
1837 2084 2102 2154 arguitur,

523 2192 701 2254 negat.
733 2181 976 2252 Exempli
1005 2181 1178 2252 gratia
1204 2198 1217 2233 :
1242 2178 1398 2249 Apud
1427 2177 1692 2246 quosdam
1734 2175 1822 2228 lex
1864 2180 2001 2236 erat,
2037 2184 2106 2225 ne

525 2275 646 2344 quis
674 2274 852 2328 Diana:
886 2272 1114 2326 vitulum
1152 2269 1474 2326 immolaret.
1513 2266 1701 2322 Nautae
1732 2265 1949 2334 quidam
1984 2277 2106 2316 cum

526 2364 749 2418 adversa
774 2370 1093 2431 tempestate
1122 2363 1176 2415 in
1204 2361 1312 2414 alto
1341 2358 1700 2428 jactarentur,
1737 2356 2022 2418 vovebant,
2059 2352 2107 2410 si

526 2468 590 2507 eo
614 2461 770 2523 portu
795 2467 956 2523 quem
996 2452 1418 2522 conspiciebant,
1451 2449 1607 2520 potiti
1644 2457 1844 2514 essent,
1879 2448 2106 2502 vitulum

528 2541 600 2614 [ei
625 2541 779 2615 Deo],
809 2544 901 2613 qui
927 2543 1000 2597 ibi
1027 2550 1188 2609 esset,
1216 2557 1275 2597 se
1302 2540 1696 2595 immolaturos.
1736 2537 1878 2594 Casu
1914 2547 2033 2593 erat
2054 2537 2109 2593 in

525 2648 590 2687 eo
617 2643 773 2702 portu
797 2633 980 2688 fanum
1010 2634 1213 2699 Dianae,
1240 2634 1328 2688 cui
1353 2631 1578 2686 vitulum
1611 2631 1890 2686 immolare
1906 2645 2014 2686 non
2039 2630 2108 2685 li-

526 2725 698 2780 cebat.
745 2726 1115 2796 Imprudentes
1140 2726 1295 2798 legis,
1327 2741 1450 2780 cum
1477 2725 1738 2790 exissent,
1759 2725 1987 2779 vitulum
2010 2725 2111 2779 im-

525 2814 881 2870 molaverunt.
929 2816 1286 2872 Accusantur.
1330 2815 1558 2870 Intentio
1590 2823 1713 2872 est:
1740 2815 1976 2871 Vitulum
2005 2815 2110 2868 im-

527 2889 767 2962 molasiis
790 2908 840 2962 ei
867 2907 990 2962 Dea:
1021 2906 1204 2980 [Mss.,
1230 2906 1386 2978 Deo],
1416 2908 1504 2962 cui
1531 2923 1638 2962 non
1659 2907 1874 2962 licebat.
1909 2905 2113 2976 Imput—

527 3001 605 3053 u‘o
641 3008 725 3054 est
766 3000 821 3054 in
866 3001 1212 3055 concessione
1250 3001 1512 3070 deposita.
1559 3000 1715 3054 Ratio
1755 3009 1838 3055 est
1863 3017 1876 3054 :
1899 2999 2112 3056 Nescivi

528 3107 634 3146 non
659 3092 841 3145 licere.
870 3090 1166 3159 Inﬁrmatio
1187 3105 1206 3144 :
1223 3091 1446 3157 Tamen,
1471 3092 1724 3160 quoniam
1747 3089 1939 3156 fecisti,
1966 3093 2110 3162 quod

530 3194 639 3234 non
676 3178 871 3232 licebat
903 3193 969 3232 ex
1001 3180 1138 3248 lege,
1181 3179 1442 3248 supplicio
1476 3179 1668 3250 dignus
1713 3195 1791 3234 es.
1837 3178 2107 3234 Iudicatio

530 3278 644 3327 est:
669 3271 802 3326 Cum
817 3273 866 3326 id
880 3272 1069 3327 fecerit
1079 3274 1221 3342 quod
1236 3287 1341 3326 non
1355 3275 1671 3343 oportuerit,
1688 3283 1744 3331 et
1758 3276 1810 3330 id
1831 3290 1938 3331 non
1951 3291 2110 3348 opor-

530 3368 644 3415 tere
672 3361 947 3424 nescierit,
980 3361 1119 3414 sitne
1141 3360 1401 3430 supplicio
1431 3361 1661 3433 dignus?

600 3447 767 3504 Casus
791 3459 970 3505 autem
990 3450 1219 3506 infertur
1238 3452 1293 3506 in
1319 3453 1741 3521 concessionem,
1757 3470 1879 3511 cum
1894 3457 2112 3514 demon—

529 3550 731 3598 stratur
756 3542 933 3611 aliqua
961 3541 1189 3598 fortunae
1226 3543 1307 3598 vis
1344 3543 1539 3615 [Edit.,
1572 3545 1787 3602 fortuna
1824 3547 1962 3620 eius]
2009 3563 2108 3604 vo-

530 3632 720 3688 luntati
745 3633 1038 3698 obstitisse,
1071 3641 1131 3687 ut
1169 3634 1223 3688 in
1261 3634 1365 3688 hac
1399 3650 1495 3691 re:
1521 3635 1655 3691 Cum
1691 3636 2110 3696 Lacedmmoniis

529 3718 616 3776 lex
648 3729 809 3788 esset,
840 3730 899 3775 ut
923 3721 1126 3776 hostias
1151 3722 1256 3777 nisi
1284 3723 1349 3777 ad
1371 3723 1694 3779 sacriﬁcium
1727 3727 1996 3796 quoddam
2022 3743 2110 3784 re-

531 3811 650 3867 dem
658 3821 787 3883 ptor
805 3815 1143 3882 prmbuisset,
1163 3813 1389 3883 capitale
1403 3826 1564 3882 esset,
1593 3817 1640 3871 is
1664 3818 1756 3887 qui
1782 3819 2108 3887 redemerat,

531 3919 655 3958 cum
687 3904 937 3959 sacrificii
973 3905 1087 3960 dies
1111 3905 1359 3971 instaret,
1399 3906 1451 3961 in
1482 3909 1672 3963 urbem
1693 3925 1761 3963 ex
1791 3925 1920 3980 agro
1951 3925 2111 3981 agere

529 3994 736 4050 hostias
764 3997 928 4065 coepit
956 4015 968 4050 :
999 4012 1122 4052 cum
1147 3997 1322 4052 subito
1344 3999 1555 4065 magnis
1580 4008 1880 4055 commotus
1902 4007 2108 4070 tempe-

529 4086 755 4140 statibus
786 4083 977 4141 lluvius
1007 4086 1253 4151 Eurotas,
1289 4088 1334 4142 is
1354 4088 1441 4156 qui
1473 4088 1931 4143 [.acedmmouiam
1971 4105 2110 4158 pra:-

529 4175 750 4242 terfluit,
782 4176 855 4230 ita
900 4193 1125 4247 magnus
1165 4187 1219 4232 et
1253 4179 1540 4233 vehemens
1583 4175 1756 4234 factus
1795 4187 1896 4243 est,
1940 4188 2000 4232 ut
2043 4195 2109 4235 eo

529 4263 739 4318 traduci
795 4264 1027 4320 victimae
1075 4266 1220 4320 nullo
1264 4268 1422 4322 modo
1469 4274 1705 4336 possent.
1758 4267 2105 4337 Redemptor,

532 4372 641 4410 suae
671 4357 961 4412 voluntatis
989 4360 1333 4415 ostendendae
1363 4377 1544 4426 causa,
1583 4361 1788 4416 hostias
1821 4376 2010 4416 omnes
2050 4361 2108 4416 in

531 4446 711 4501 littore
742 4449 1040 4512 constituit,
1071 4459 1128 4502 ut
1163 4450 1252 4518 qui
1283 4460 1430 4505 trans
1463 4451 1658 4505 flumen
1693 4461 1894 4517 essent,
1925 4453 2107 4506 videre

530 4546 769 4608 possent.
813 4537 947 4591 Cum
969 4554 1154 4592 omnes
1175 4540 1349 4594 studio
1391 4540 1572 4611 [ejus],
1606 4541 1835 4596 subitam
1873 4541 2106 4598 ﬂuminis

531 4625 953 4695 magnitudinem
1005 4626 1207 4682 scirent
1252 4625 1417 4682 fuisse
1459 4629 1875 4698 impedimento,
1926 4639 2106 4687 tamen

530 4719 746 4787 quidam
775 4734 896 4773 eum
925 4719 1117 4789 capitis
1145 4718 1470 4774 damnabant
1498 4719 1677 4791 [Mss.,
1716 4722 2102 4797 arcesscrunt].

530 4808 761 4864 Intentio
787 4819 869 4865 est
895 4830 907 4864 :
934 4811 1151 4876 Hostiae,
1175 4826 1309 4881 quas
1333 4811 1400 4866 ad
1430 4812 1756 4867 sacrificium
1783 4812 1976 4867 afferre
2009 4815 2104 4869 de-

529 4903 713 4969 buisti,
743 4918 848 4956 non
867 4911 1066 4972 praesto
1086 4903 1322 4958 fuerunt.
1352 4903 1599 4972 Depulsio
1627 4917 1645 4955 :
1669 4901 1975 4960 Concessio.
2007 4904 2109 4958 Ra-

529 4993 600 5046 tio
631 5005 649 5044 :
680 4992 905 5046 Flumen
934 4994 1079 5048 enim
1120 4993 1298 5049 subito
1333 4994 1591 5060 accrevit,
1623 5002 1680 5051 et
1707 5010 1769 5049 ea
1806 5011 1866 5050 re
1903 4995 2110 5053 traduci

527 5099 634 5138 non
679 5092 989 5154 potuerunt.
1039 5083 1340 5154 Inﬁrmatio
1364 5101 1382 5137 :
1407 5087 1644 5152 Tamen,
1683 5087 1809 5158 quia
1847 5089 1987 5156 quod
2024 5088 2109 5144 lex

521 5173 695 5244 jubet,
725 5174 926 5230 factum
949 5191 1054 5231 non
1091 5183 1196 5242 est,
1223 5177 1482 5247 supplicio
1510 5177 1704 5246 dignus
1729 5194 1806 5233 es.
1838 5177 2107 5233 Judicatio

527 5274 611 5320 est
640 5283 652 5318 :
684 5265 818 5320 Cum
845 5267 902 5320 in
925 5282 989 5320 ea
1022 5282 1082 5321 re
1112 5276 1298 5321 contra
1347 5267 1516 5336 legem
1558 5269 1864 5340 redemptor
1905 5270 2107 5340 aliquid

527 5351 736 5421 fecerit,
763 5371 868 5424 qua
898 5358 952 5411 in
979 5373 1038 5411 re
1064 5358 1242 5412 studio
1277 5357 1393 5426 ejus
1423 5359 1597 5412 subita
1630 5359 1867 5417 fluminis
1897 5363 2107 5426 magni-

527 5447 657 5500 tudo
685 5447 974 5511 obstiterit,
1005 5446 1264 5517 supplicio
1291 5447 1549 5516 dignusne
1576 5449 1684 5502 sit?

601 5531 942 5590 Necessitudo
969 5547 1149 5590 autem
1181 5536 1427 5601 infertur,
1458 5554 1580 5592 cum
1615 5541 1667 5594 vi
1707 5540 1935 5608 quadam
1980 5559 2106 5599 reus

531 5625 602 5690 id,
636 5627 775 5692 quod
805 5625 1013 5690 fecerit,
1044 5627 1236 5681 fecisse
1255 5625 1576 5691 defenditur,
1623 5629 1723 5683 hoc
1766 5631 1922 5686 modo
1952 5650 1963 5685 :
1992 5631 2102 5688 Lex

529 5722 612 5769 est
633 5715 1060 5801 apudli'hodios,
1090 5725 1155 5800 ut,
1178 5717 1222 5771 si
1251 5726 1628 5795 qua‘rostrata
1665 5722 1818 5776 navis
1854 5722 1906 5777 in
1948 5732 2101 5778 nortu

2202 1907 2531 1961 continetur.
2561 1905 2677 1960 Hoc
2705 1921 2874 1974 genus
2905 1904 2996 1958 vix
3023 1905 3078 1959 in
3103 1902 3310 1972 judicio
3337 1905 3560 1976 probari
3588 1914 3784 1976 potest.

2201 1998 2328 2053 ldeo
2356 2013 2615 2055 concesso
2644 2005 2869 2068 peccato
2902 1995 3116 2052 difﬁcile
3143 2004 3228 2052 est
3253 1998 3321 2051 ab
3351 2013 3416 2053 eo
3434 2039 3448 2064 ,
3477 2000 3569 2068 qui
3600 2013 3790 2068 pecca-

2203 2095 2382 2143 torum
2411 2089 2612 2143 vindex
2641 2103 2761 2144 esse
2789 2089 2971 2153 debet,
2999 2096 3061 2141 ut
3087 2089 3359 2158 ignoscat,
3395 2089 3715 2160 impetrare.

2273 2181 2415 2237 Ecce
2441 2182 2615 2237 habes
2643 2182 2710 2236 de
2740 2182 2877 2237 locis
2903 2182 3262 2251 quastionum
3294 2188 3351 2237 et
3377 2181 3445 2237 de
3471 2191 3619 2238 statu
3658 2198 3790 2239 cau-

2205 2289 2422 2337 sarum,
2461 2281 2518 2330 et
2560 2274 2628 2328 de
2665 2272 2915 2342 partibus
2962 2273 3362 2328 institutionum
3393 2287 3411 2327 :
3439 2289 3561 2344 qua
3606 2275 3795 2332 omnia

2205 2361 2519 2433 quotidiano
2547 2376 2671 2426 usu,
2706 2370 2901 2416 natura
2929 2362 3220 2431 pandente,
3243 2361 3503 2432 agnoscis.

2277 2453 2412 2509 CAR.
2443 2453 2772 2524 Agnoscam,
2805 2453 2852 2508 si
2884 2461 3208 2508 naturarum
3231 2451 3488 2509 Conditor
3514 2468 3606 2509 me
3636 2453 3797 2526 adju-

2205 2544 2350 2599 verit
2375 2541 2573 2615 [Edit.,
2606 2541 2846 2613 adjuvet]
2875 2561 2888 2596 :
2919 2551 2975 2598 et
3003 2551 3183 2597 tamen
3225 2543 3403 2599 habeo
3440 2543 3586 2613 quod
3614 2545 3714 2599 abs
3742 2552 3797 2600 te

2207 2650 2466 2706 quaeram.
2493 2665 2567 2676 —
2589 2635 2723 2691 ALB.
2755 2633 2948 2702 Quaere
2974 2633 3119 2705 quod
3142 2634 3385 2706 placeat;
3413 2649 3641 2706 pergam
3684 2647 3794 2706 quo

2208 2741 2296 2782 me
2327 2725 2504 2782 ducis.

2755 2816 2848 2875 DE
2884 2815 3245 2872 PERSONIS.

2278 2914 2411 2970 CAR.
2464 2912 2606 2981 Quot
2654 2927 2900 2983 personae
2950 2910 3122 2966 solent
3156 2909 3212 2966 in
3263 2908 3486 2981 judiciis
3538 2911 3693 2965 esse?
3723 2937 3792 2952 —

2209 3003 2342 3059 Ann.
2387 3003 2652 3071 Quatuor.
2694 3003 2996 3057 Accusator
3027 3015 3237 3066 causae,
3279 2997 3536 3056 defensor
3578 3015 3790 3068 causae,

2135 3133 2182 3196 ο
2212 3103 2378 3151 testes
2408 3093 2604 3166 [Edit.,
2637 3091 2838 3164 testis],
2863 3091 3052 3162 judex.

2283 3184 2419 3240 Cn.
2451 3183 2567 3250 Quo
2613 3182 2839 3252 quisque
2883 3181 3058 3236 utitur
3100 3177 3404 3235 oﬂicio?—
3438 3180 3574 3237 ALe.
3626 3179 3796 3236 Iudex

2211 3275 2498 3346 aequitate,
2543 3274 2698 3328 testis
2743 3273 3005 3336 veritate,
3056 3279 3345 3328 accusator
3391 3272 3690 3329 intentione
3727 3273 3795 3329 ad

2212 3364 2644 3434 ampliﬁcandam
2669 3378 2909 3429 causam,
2934 3361 3186 3417 defensor
3205 3363 3586 3418 extenuatione
3609 3364 3676 3417 ad
3700 3366 3799 3419 mi-

2209 3456 2477 3513 nuendam
2504 3472 2752 3522 causam;
2785 3456 2888 3510 nisi
2918 3455 3056 3511 forte
3091 3455 3145 3509 in
3176 3453 3332 3510 laude
3358 3455 3441 3510 vel
3469 3456 3676 3524 praemii
3707 3471 3800 3526 pe-

2209 3547 2402 3602 titione
2427 3547 2498 3602 sit
2524 3562 2686 3603 causa
2713 3547 2886 3616 posita
2912 3565 2927 3599 :
2958 3554 3085 3600 tunc
3106 3559 3366 3600 converso
3388 3544 3581 3618 [Edit.,
3605 3561 3636 3600 e
3665 3562 3801 3602 con-

2209 3634 2389 3707 verso]
2422 3634 2659 3708 [ordine]
2684 3636 2986 3692 accusatori
3012 3636 3415 3701 extenuatione,
3440 3642 3497 3691 et
3523 3636 3799 3691 defensori

2219 3726 2639 3797 amplificatione
2665 3728 2928 3781 utendum
2953 3734 3056 3781 est.

2278 3816 2411 3874 CAR.
2451 3818 2594 3885 Quot
2641 3818 2818 3872 modis
2861 3816 2922 3870 ﬁt
2969 3815 3323 3887 amplificatio
3364 3816 3448 3872 vel
3485 3819 3799 3873 extenuatio

2211 3907 2427 3963 causae?
2453 3937 2525 3947 —
2545 3905 2677 3961 Ann.
2707 3905 2947 3961 Duobus.
2985 3906 3064 3960 Ex
3095 3905 3416 3976 impulsione
3455 3905 3541 3960 vel
3583 3907 3798 3962 ratioci-

2212 3997 2450 4052 natione.
2472 3995 2729 4067 Impulsio
2747 4005 2848 4061 est,
2866 4011 2985 4065 qua:
3007 3996 3123 4050 sine
3146 3996 3473 4066 cogitatione
3485 4009 3584 4064 per
3605 4011 3797 4065 quam-

2161 4080 2163 4083 ’
2213 4088 2336 4143 dam
2371 4087 2711 4141 affectionem
2765 4086 2931 4140 animi
2978 4086 3159 4140 facere
3194 4085 3398 4154 aliquid
3433 4086 3709 4151 hortatur,
3742 4091 3800 4139 ut

2214 4195 2396 4244 amor,
2438 4177 2753 4243 iracundia,
2783 4177 3074 4246 aegritudo,
3112 4175 3403 4230 vinolentia
3427 4215 3442 4239 ,
3479 4183 3533 4229 et
3577 4175 3800 4229 omnino

2210 4267 2390 4323 omnia
2419 4266 2470 4319 in
2497 4265 2693 4335 quibus
2726 4266 2938 4320 animus
2973 4267 3045 4319 ita
3073 4265 3286 4320 videtur
3320 4263 3547 4319 affectus
3599 4264 3796 4328 fuisse,

2209 4369 2271 4415 ut
2309 4375 2420 4414 rem
2454 4359 2765 4427 perspicere
2794 4373 2917 4413 cum
2947 4357 3176 4412 consilio
3211 4365 3264 4411 et
3299 4373 3427 4412 cura
3460 4373 3567 4411 non
3604 4369 3798 4426 potue-

2133 4483 2185 4546 υ
2210 4453 2310 4518 rit;
2337 4461 2392 4508 et
2413 4452 2464 4506 id
2487 4495 2501 4517 ,
2528 4451 2669 4522 quod
2697 4453 2856 4517 facit,
2891 4453 3094 4524 impetu
3121 4454 3355 4523 quodam
3405 4453 3573 4507 animi
3609 4452 3799 4508 fecerit

2209 4543 2390 4615 potius
2411 4558 2571 4612 quam
2595 4543 2939 4613 cogitatione.
2968 4541 3320 4599 Ratiocinatio
3348 4551 3526 4599 autem
3564 4553 3653 4599 est
3679 4545 3799 4599 dili-

2212 4649 2343 4704 gens
2369 4641 2425 4687 ct
2455 4633 2794 4687 considerata
2821 4632 3053 4686 faciendi
3083 4632 3286 4701 aliquid
3313 4642 3404 4687 aut
3428 4649 3536 4688 non
3566 4631 3799 4689 faciendi

2212 4724 2556 4793 excogitatio.
2583 4722 2658 4776 Ea
2681 4723 2888 4776 dicetur
2910 4721 3218 4778 interfuisse
3239 4733 3387 4787 tunc,
3415 4739 3539 4778 cum
3567 4723 3799 4779 faciendi

2213 4814 2414 4884 aliquid
2447 4822 2538 4867 aut
2568 4829 2674 4868 non
2708 4812 2938 4868 faciendi
2965 4821 3112 4868 certa
3141 4814 3208 4868 de
3240 4829 3402 4869 causa
3437 4814 3679 4876 vitasse.
3711 4822 3802 4870 aut

2213 4911 2432 4957 secutus
2474 4917 2592 4956 esse
2639 4901 2851 4956 animus
2899 4902 3212 4956 videbitur:
3242 4903 3289 4957 si
3325 4903 3579 4957 amicitiae
3632 4917 3799 4959 causa

2213 4993 2341 5062 quid
2376 4992 2578 5047 factum
2600 4991 2828 5059 dicitur;
2863 4993 2907 5047 si
2932 4992 3137 5047 inimici
3171 4991 3498 5057 ulciscendi;
3525 4993 3570 5048 si
3597 5005 3798 5060 metus,

2211 5085 2259 5140 si
2293 5085 2507 5155 glorize,
2537 5086 2582 5139 si
2605 5085 2878 5154 pecunia},
2910 5084 3161 5154 denique,
3189 5093 3250 5138 ut
3273 5085 3453 5140 omnia
3490 5087 3800 5156 generatim

2211 5176 2619 5245 amplectamur,
2645 5173 2870 5242 alicujus
2892 5173 3179 5238 retinendi,
3211 5175 3456 5244 augendi,
3489 5175 3800 5245 adipiscen-

2209 5265 2330 5321 dive
2352 5265 2656 5331 commodi;
2697 5273 2791 5319 aut
2835 5273 3024 5320 contra
3066 5262 3373 5332 rejicieudi,
3415 5264 3798 5332 diminuendi,

2211 5355 2550 5410 devitandive
2586 5355 2914 5411 incommodi
2948 5371 3130 5410 causa.

2276 5447 2407 5501 αλιι.
2443 5446 2684 5513 Qualiter
2720 5455 3002 5502 accusator
3041 5445 3125 5500 vel
3174 5445 3426 5500 defensor
3464 5446 3800 5516 impulsione

2208 5554 2301 5594 seu
2333 5539 2746 5594 ratiocinatione
2787 5539 2868 5593 uti
2915 5538 3108 5593 debet?
3132 5567 3203 5577 ——
3226 5538 3358 5592 Au.
3392 5536 3534 5608 Ergo
3569 5551 3800 5592 accusa.

2207 5643 2310 5697 tor,
2349 5649 2473 5689 cum
2501 5631 2821 5702 impulsione
2851 5630 3053 5701 aliquid
3078 5629 3281 5686 factum
3307 5642 3428 5684 esse
3451 5628 3615 5693 dicet,
3645 5627 3798 5682 illum

2205 5725 2465 5793 impetum
2490 5731 2545 5779 et
2566 5723 2979 5781 commotionem
2998 5720 3186 5787 animi.
3207 5718 3663 5787 atl‘ectiouentque
3677 5731 3797 5775 ver-
