4062 6346
286 389 397 448 939

1101 374 1570 436 DIDASCALICA.
1610 401 1682 414 -
1715 368 1988 428 DIALOG.
2029 365 2117 422 DE
2155 363 2362 420 RHET.
2405 362 2494 418 ET
2534 360 2719 418 VIRT.

3431 357 3540 413 950

285 504 373 561 bis
397 507 454 556 et
483 496 767 556 sententiis
813 495 1140 568 amplificare
1181 493 1429 558 debebit,
1473 500 1530 547 et
1575 488 1862 545 ostendere
1885 486 1940 546 Δ
1963 489 2022 537 ut
2057 480 2371 544 benevolus,
2397 487 2658 544 attentus,
2682 472 2870 568 docilis
2892 472 3153 568 efﬁciatur
3177 469 3408 568 auditor.
3429 470 3537 568 βοὰ

288 602 491 664 quanta
523 593 603 646 vis
629 593 699 646 sit
722 591 954 655 amoris,
989 596 1188 660 quanta
1223 587 1388 642 animi
1421 582 1756 656 perturbatio
1793 593 1863 635 ex

1966 589 2200 646 quonam
2231 573 2390 626 modo
2422 573 2524 626 hoc
2551 568 2738 643 [idem]
2765 566 2901 622 efﬁci
2936 566 3141 637 possit,
3183 564 3344 620 velim
3376 563 3537 618 scire.

286 658 568 745 iracundia
603 686 717 752 fiat,
740 693 832 740 aut
851 701 920 740 ex
944 658 1126 754 aliqua
1152 698 1311 738 causa
1342 697 1564 747 earum,
1611 693 1731 749 qua:
1766 677 1866 731 im-
1963 663 2187 720 —ALn.
2221 664 2460 730 Quatuor
2496 678 2563 716 ex
2607 661 2739 716 Ῑοοίε
2781 658 3131 754 θεηευίξίεξξίία
3176 663 3539 726 comparatur-

282 779 503 854 pulsum
548 777 781 846 aliquem
813 775 924 845 (ad)
959 776 1012 830 id
1046 775 1239 830 fecisse
1284 774 1428 828 dicet
1469 771 1665 844 [Edit.,
1692 782 1864 837 qua...

289 868 466 941 dicit],
494 874 554 922 ut
582 883 690 922 non
734 866 935 921 mirum
972 866 1237 930 videatur,
1267 865 1314 919 si
1351 864 1493 933 quod
1528 863 1595 918 ad
1626 860 1866 924 facinus,

293 961 388 1016 tali
428 958 832 1031 perturbatione
866 964 1166 1013 commotus
1196 955 1408 1011 animus
1447 953 1640 1026 [Edit.,
1677 951 1866 1021 quis...

289 1049 504 1122 animi]
556 1049 879 1114 accesserit;
932 1057 990 1103 et
1043 1047 1308 1118 exemplis
1361 1034 1683 1100 confirmare
1742 1052 1872 1098 ante

291 1143 432 1200 actis
459 1182 476 1208 ,
523 1142 616 1212 qui
660 1141 823 1198 simili
880 1139 1111 1212 impulsu
1162 1138 1365 1210 aliquid
1421 1137 1598 1193 simile
1645 1136 1872 1192 commi-

293 1251 440 1294 sere.

365 1326 500 1382 Cum
527 1334 709 1382 autem
740 1341 848 1382 non
875 1324 1213 1398 impulsione,
1242 1340 1429 1380 verum
1459 1323 1872 1380 ratiocinatione

294 1418 529 1487 aliquem
573 1419 912 1474 commisisse
956 1419 1085 1488 quid
1116 1419 1289 1483 dicet,
1324 1417 1452 1487 quid
1500 1415 1767 1472 commodi
1801 1415 1875 1470 sit

294 1520 532 1576 secutus,
557 1521 649 1567 aut
672 1512 802 1582 quid
831 1512 1157 1568 incommodi
1187 1511 1418 1582 fugerit,
1450 1508 1871 1574 demonstrabit‘,

293 1610 351 1656 et
397 1603 450 1656 id
483 1603 696 1672 augebit
736 1618 898 1672 quam
941 1605 1193 1658 maxime.
1248 1603 1320 1658 Ut
1362 1601 1407 1656 si
1457 1601 1639 1670 gloria:
1683 1615 1874 1666 causa,

294 1700 550 1760 quantam
577 1693 806 1763 gloriam
832 1708 891 1748 se
917 1699 1336 1748 consecuturum
1368 1691 1712 1746 existimarit.
1741 1690 1876 1744 Item

291 1782 340 1837 si
366 1783 767 1847 dominationis,
799 1783 844 1837 si
873 1785 1136 1852 pecunim,
1164 1783 1210 1837 si
1235 1782 1510 1846 amicitia,
1553 1782 1598 1836 si
1639 1782 1873 1836 inimici-

290 1871 494 1927 tiarum
514 1913 528 1937 ,
561 1884 618 1927 et
651 1873 870 1927 omnino
899 1873 1159 1942 quidquid
1203 1873 1333 1938 erit,
1371 1873 1514 1942 quod
1539 1887 1718 1927 causae
1751 1886 1877 1941 pro—

289 1963 454 2018 desse
481 1965 638 2028 dicet,
671 1964 724 2018 id
752 1980 959 2019 summe
987 1979 1182 2035 augere
1207 1965 1444 2019 debebit.

364 2056 629 2111 Defensor
661 2064 844 2111 autem
888 2071 957 2112 ex
986 2057 1281 2112 contrario.
1321 2056 1562 2110 Primum
1607 2053 1882 2123 impulsio-

295 2164 422 2205 nem
451 2157 544 2202 aut
565 2149 767 2204 nullam
796 2149 961 2205 fuisse
989 2151 1166 2216 dicet;
1199 2158 1292 2204 aut
1321 2150 1366 2205 si
1403 2148 1570 2204 fuisse
1598 2149 1880 2214 concedet,

295 2240 633 2303 extenuabit,
663 2248 716 2293 et
738 2239 1019 2310 parvulam
1046 2241 1336 2311 quamdam
1359 2238 1527 2293 fuisse
1549 2238 1884 2291 demonstra-

296 2332 408 2397 bit;
435 2339 527 2385 aut
555 2347 662 2385 non
693 2346 761 2386 ex
792 2347 855 2386 ea
891 2332 1065 2387 solere
1095 2331 1401 2400 huiusmodi
1435 2331 1573 2384 facta
1604 2329 1751 2385 nasci
1789 2328 1884 2382 do-

299 2422 462 2477 cebit.
489 2421 941 2477 Ratiocinationis
964 2429 1145 2476 autem
1179 2421 1516 2491 suspiciones
1552 2417 1882 2483 infirmabit,

300 2512 350 2568 si
373 2519 464 2566 aut
487 2513 828 2568 commodum
867 2511 1073 2567 nullum
1113 2512 1308 2578 fuisse,
1360 2520 1453 2566 aut
1497 2526 1724 2582 parvum
1748 2551 1764 2574 ,
1792 2517 1887 2565 aut

301 2607 426 2664 aliis
449 2608 621 2678 magis
650 2624 790 2674 esse,
823 2616 917 2664 aut
943 2607 1113 2663 nihilo
1141 2608 1245 2663 sibi
1270 2607 1443 2679 magis
1479 2605 1658 2679 [Mss.,
1685 2604 1881 2677 majus]

302 2712 468 2768 quam
494 2699 642 2764 aliis;
672 2707 766 2753 aut
791 2698 1190 2754 incommodum
1214 2697 1318 2753 sibi
1349 2697 1524 2768 majus
1551 2712 1713 2766 quam
1739 2710 1886 2751 com-

301 2790 523 2846 modum
549 2788 718 2854 dicet,
749 2796 809 2842 ut
833 2803 1180 2859 nequaquam
1221 2786 1386 2842 fuerit
1412 2787 1556 2842 illius
1583 2784 1882 2850 commodi,

299 2880 450 2949 quod
499 2880 796 2949 expetitum
843 2880 1086 2944 dicatur,
1131 2878 1476 2950 magnitudo;
1521 2885 1616 2932 aut
1657 2891 1780 2932 cum
1821 2890 1886 2932 eo

302 2969 678 3037 incommodo,
724 2971 868 3042 quod
904 2971 1192 3034 acciderit,
1234 2978 1326 3024 aut
1373 2984 1496 3024 cum
1523 2983 1588 3024 eo
1614 2967 1886 3038 periculo,

303 3063 450 3132 quod
476 3063 756 3127 subeatur,
787 3063 1211 3133 comparandum
1235 3078 1250 3115 :
1275 3060 1367 3131 qui
1392 3074 1582 3116 omnes
1602 3059 1707 3115 loci
1733 3057 1887 3115 simi-

301 3152 431 3211 liter
458 3153 782 3211 incommodi
809 3168 1023 3224 quoque
1049 3153 1309 3208 vitatione
1335 3152 1730 3208 tractabuntu‘.

540 3266 703 3336 320
737 3264 826 3320 DE
859 3263 1126 3321 OFFICIO
1161 3261 1650 3321 PEBSONARUM.

376 3377 509 3433 Cn.
549 3376 686 3444 Quia
736 3391 997 3446 personas
1049 3389 1339 3430 causarum
1393 3372 1615 3438 dixisti,
1653 3371 1742 3428 dic
1789 3371 1888 3430 ob-

301 3482 462 3525 secro
509 3474 565 3521 et
599 3466 718 3522 loca
762 3465 1094 3537 singularum
1131 3481 1509 3537 personarum.
1541 3494 1612 3506 —
1635 3462 1769 3519 Ana.
1801 3463 1888 3518 Di-

305 3571 453 3622 eam,
470 3557 599 3613 licet
617 3559 721 3612 hoc
741 3573 847 3612 non
865 3565 1073 3612 tantum
1093 3557 1161 3611 ad
1181 3558 1314 3612 artis
1332 3563 1598 3626 praecepta
1620 3556 1892 3625 pertineat

307 3647 481 3722 [Edit.
521 3647 704 3702 haec...
730 3647 1083 3718 pertineant],
1110 3657 1374 3718 quantum
1420 3649 1489 3703 ad
1535 3646 1692 3702 ofﬁcii
1731 3648 1888 3702 decc-

307 3753 447 3794 rem.
480 3735 654 3792 Judex
698 3738 755 3792 in
799 3737 1093 3802 tribunali,
1126 3753 1290 3794 causa
1321 3738 1375 3793 in
1405 3738 1583 3795 medio
1612 3745 1736 3792 ante
1764 3753 1891 3794 eum

305 3828 380 3882 ad
407 3827 620 3883 laudem
648 3827 732 3882 vel
759 3829 826 3884 ad
854 3842 1068 3898 poenam
1092 3829 1287 3897 posita,
1324 3837 1384 3884 ut
1411 3829 1550 3884 forte
1577 3829 1766 3899 patriae
1801 3830 1893 3884 de-

307 3919 487 3973 fensio
513 3918 599 3973 vel
626 3918 878 3989 proditio.
907 3919 1209 3974 Accusator
1243 3918 1312 3974 ad
1355 3920 1652 3975 sinistram.
1697 3920 1888 3974 Causae

309 4010 566 4067 defensor
595 4011 660 4066 ad
687 4012 955 4067 dextram.
983 4011 1172 4067 Testes
1218 4020 1366 4067 retro
1398 4011 1590 4084 [Edit.,
1628 4012 1889 4085 quoque].

297 4131 300 4146 =
381 4099 515 4156 Can.
557 4100 638 4154 An
663 4100 892 4172 insignia
920 4100 1064 4174 [sua]
1093 4101 1287 4172 singuli
1331 4118 1397 4157 ex
1425 4102 1531 4157 illis
1566 4103 1801 4158 habent?
1824 4134 1894 4144 —

307 4192 447 4247 Au.
482 4191 712 4247 Habent.
743 4190 912 4248 Judex
940 4203 1151 4262 sceptro
1175 4194 1447 4262 :equitatis
1474 4196 1766 4250 armandus
1788 4205 1892 4260 est,

311 4290 602 4338 accusator
627 4281 853 4352 pugione
877 4283 1116 4347 malitia,
1145 4281 1395 4339 defensor
1419 4283 1608 4355 clypeo
1641 4286 1892 4358 pietatis,

310 4381 485 4429 testes
514 4373 641 4428 tuba
664 4375 930 4428 veritatis.

653 4488 740 4543 DE
777 4486 1120 4546 PARTIBUS
1157 4485 1552 4545 ORATIONIS.

386 4601 519 4657 Cn.
550 4600 725 4656 Etiam
762 4615 830 4656 ex
875 4599 962 4654 his
1007 4601 1258 4655 omnibus
1305 4615 1482 4655 causae
1521 4599 1891 4671 adiacentibus

310 4694 740 4752 circumstantiis
768 4692 1026 4763 repertis,
1074 4693 1203 4762 quid
1231 4700 1361 4746 tunc
1399 4693 1748 4761 querendum
1777 4700 1892 4759 est,

312 4784 606 4855 magister?
629 4791 702 4826 -ε-
723 4782 855 4839 Ann.
883 4782 1044 4850 Quid,
1090 4783 1194 4838 nisi
1243 4781 1466 4855 singulae
1501 4783 1668 4838 totius
1716 4797 1894 4839 causa:

311 4888 521 4952 partes.

384 4966 521 5022 Cu.
555 4965 685 5034 Quae
727 4979 782 5022 et
828 4974 959 5037 quot
998 4965 1104 5022 illae
1149 4962 1290 5032 sint,
1325 4965 1513 5022 audire
1535 4962 1801 5021 desidero.
1827 4996 1898 5007 —

311 5057 447 5115 Am.
476 5056 582 5112 Sex
612 5057 800 5130 [enim]
832 5066 958 5112 sunt
1000 5066 1214 5129 partes,
1241 5072 1338 5129 per
1388 5074 1522 5129 quas
1567 5059 1634 5114 ah
1680 5065 1898 5115 oratore

312 5147 614 5204 ordinanda
660 5157 742 5204 est
775 5149 969 5204 oratio.
1016 5148 1205 5204 Causm
1252 5150 1566 5214 exordium,
1612 5149 1896 5214 narratio,

312 5239 677 5305 conﬁrmatio,
709 5241 947 5309 partitio,
974 5240 1344 5308 reprehensio,
1371 5239 1664 5294 conclusio.

387 5332 527 5390 Cui.
563 5334 704 5402 Quid
730 5341 813 5391 est
839 5333 1152 5388 exordium?
1173 5363 1238 5373 —
1268 5332 1400 5388 Acs.
1430 5330 1616 5387 Oratio
1658 5332 1896 5386 animum

312 5429 585 5488 auditoris
639 5427 830 5482 idonee
895 5439 1217 5493 comparans
1267 5424 1334 5477 ad
1391 5423 1654 5493 reliquam
1709 5423 1900 5478 dictio-

314 5538 446 5580 nem

1913 3153 1960 3269 (ὲ

1966 758 2014 815 Δ
2040 765 2244 822 nostra,
2278 757 2345 810 ab
2382 754 2839 818 adversariorum,
2883 767 2913 805 a
2945 750 3187 819 judicum
3217 763 3482 819 persona,
3512 761 3544 802 a

1968 863 2153 904 causa.
2182 847 2229 900 A
2250 853 2434 900 nostra
2465 862 2479 898 :
2513 845 2559 898 si
2590 845 2655 898 de
2684 843 2885 898 nostris
2925 840 3080 895 factis
3120 848 3174 894 et
3216 837 3400 893 oiliciis
3425 837 3544 892 sine

1970 937 2282 1008 arrogantia
2311 936 2581 999 dicemus;
2608 949 2654 988 sn
2686 933 2914 988 crimina
2938 931 3082 985 illata
3106 938 3162 983 et
3195 929 3404 1000 aliquas
3444 928 3546 984 mi-

1972 1046 2074 1086 nus
2101 1030 2358 1085 honestas
2386 1029 2721 1097 suspiciones
2751 1028 2977 1098 injectas
3005 1027 3305 1093 diluemus;
3345 1026 3392 1082 si
3426 1040 3548 1096 quae

1971 1121 2310 1180 incommoda
2340 1122 2656 1188 acciderint,
2685 1130 2779 1176 aut
2803 1138 2924 1191 qu:e
2969 1123 3168 1177 instent
3209 1118 3548 1176 difficultates

1969 1215 2342 1288 proferemus;
2371 1216 2418 1270 si
2442 1231 2604 1285 prece
2630 1222 2686 1271 et
2709 1215 3082 1270 obsecratione
3112 1216 3301 1271 humili
3335 1224 3392 1270 et
3424 1231 3551 1286 sup-

1975 1310 2102 1380 plici
2128 1319 2362 1363 utemur.
2398 1309 2476 1364 Ab
2513 1309 2945 1363 adversariorum
2973 1317 3153 1363 autem
3191 1323 3463 1377 persona:
3505 1308 3551 1364 si

1975 1417 2070 1458 eos
2103 1411 2197 1456 aut
2226 1403 2281 1455 in
2309 1401 2516 1467 odium,
2543 1409 2636 1455 aut
2662 1402 2715 1456 in
2742 1401 2996 1456 invidiam
3016 1441 3032 1467 ,
3078 1408 3170 1455 aut
3211 1403 3265 1454 in
3312 1410 3552 1456 eontem-

1974 1506 2129 1566 ptum
2155 1496 2503 1550 adducemus.
2535 1495 2593 1549 In
2617 1494 2798 1549 odium
2826 1496 3151 1550 adducemus
3174 1492 3352 1566 [Mss.,
3386 1495 3544 1548 addu-

1977 1585 2214 1658 centur],
2241 1587 2288 1640 si
2318 1586 2447 1657 quid
2475 1601 2663 1641 eorum
2709 1600 2903 1655 spurce
2923 1626 2938 1650 ,
2965 1586 3212 1654 superbe,
3240 1583 3554 1650 crudeliter,

1977 1677 2245 1731 malitiose
2265 1675 2466 1730 factum
2494 1676 2827 1746 proferetur;
2859 1677 2913 1732 in
2950 1677 3240 1741 invidiam,
3273 1676 3319 1731 si
3346 1675 3427 1729 vis
3456 1690 3556 1730 eo-

1980 1782 2120 1832 rum,
2147 1770 2408 1837 potentia,
2435 1769 2697 1838 pecunize,
2722 1768 2942 1834 divitias,
2985 1770 3234 1839 cognatio
3281 1767 3558 1838 proferen-

1981 1866 2098 1925 tur;
2126 1868 2287 1929 atque
2311 1875 2498 1915 eorum
2528 1877 2661 1916 usus
2688 1876 2967 1931 arrogans,
2999 1869 3054 1916 et
3078 1862 3465 1925 intolerabilis;
3505 1867 3562 1916 et

1981 1951 2125 2020 quod
2160 1951 2247 2006 his
2290 1950 2454 2006 rebus
2498 1953 2671 2022 magis
2710 1953 2995 2008 videantur
3037 1968 3197 2022 quam
3246 1969 3419 2008 causae
3454 1970 3564 2010 sum

1982 2041 2286 2107 confidere;
2338 2044 2393 2098 in
2440 2053 2808 2113 contemptum
2858 2046 3225 2111 adducentur,
3276 2046 3323 2100 si
3375 2061 3564 2101 eorum

1983 2131 2203 2196 inertia,
2234 2132 2585 2203 negligentia,
2615 2135 2824 2203 ignavia
2842 2173 2859 2200 ,
2884 2135 3216 2190 desidiosum
3243 2135 3484 2189 studium
3513 2143 3569 2190 et

1982 2222 2320 2279 luxuriosum
2345 2226 2512 2280 otium
2540 2227 2868 2297 proferetur.
2892 2227 2974 2282 Ab
2998 2228 3308 2283 auditorum
3334 2243 3568 2298 persona

1982 2319 2354 2374 benevolentia
2404 2321 2730 2390 captabitur,
2756 2321 2800 2376 si
2829 2335 2916 2376 res
2947 2322 3014 2376 ab
3053 2323 3122 2376 iis
3149 2321 3382 2387 fortiter,
3411 2337 3568 2377 man-

1982 2419 2159 2476 suete,
2186 2411 2462 2480 sapienter
2487 2419 2651 2480 gestae
2679 2411 3059 2482 proferentur;
3091 2427 3433 2482 nequaquam
3474 2427 3569 2466 au-

1986 2508 2096 2555 tem
2143 2501 2524 2557 assentationis
2567 2517 2688 2557 esse
2721 2503 2825 2558 hoc
2872 2503 3227 2572 significetur,
3269 2503 3316 2558 si
3363 2504 3430 2559 de
3468 2505 3566 2572 iis,

1986 2605 2150 2660 quam
2177 2591 2403 2646 honesta
2432 2592 2784 2660 existimatio,
2812 2603 3122 2664 quantaque
3152 2610 3342 2651 eorum
3376 2594 3570 2664 iudicii

1987 2688 2040 2734 et
2078 2681 2418 2737 auctoritatis
2444 2684 2777 2754 exspectatio
2801 2685 2896 2751 sit,
2929 2686 3250 2740 ostenditur.
3292 2686 3338 2741 A
3383 2689 3565 2752 rebus,

1987 2771 2034 2825 si
2084 2778 2326 2826 nostram
2367 2787 2587 2828 causam
2641 2774 2911 2830 laudando
2957 2776 3290 2842 extollimus,
3341 2775 3570 2835 aliorum

1989 2874 2207 2915 causam
2238 2875 2336 2931 per
2361 2871 2729 2934 contemptum
2754 2865 3143 2934 deprimemus.

2060 2951 2293 3006 Attentos
2341 2961 2519 3008 autem
2568 2954 2852 3022 faciemus,
2883 2955 2930 3010 si
2971 2958 3460 3016 demonstrabimus
3505 2975 3572 3018 ea

1989 3058 2110 3113 qua:
2138 3045 2336 3100 dicturi
2360 3062 2566 3112 sumus,
2599 3063 2819 3118 magna,
2849 3064 3013 3116 nova,
3042 3049 3381 3106 incredibilia
3415 3068 3570 3121 esse;

1990 3143 2084 3189 aut
2112 3136 2180 3191 ad
2197 3151 2405 3203 omnes,
2433 3144 2528 3192 aut
2555 3139 2623 3194 ad
2646 3155 2741 3194 eos
2765 3141 2857 3209 qui
2881 3141 3122 3207 audient,
3147 3150 3241 3197 aut
3265 3145 3334 3199 ad
3363 3143 3574 3214 aliquos

1989 3223 2226 3282 illustres
2252 3227 2523 3293 homines,
2563 3237 2659 3283 aut
2699 3229 2767 3284 ad
2813 3231 2944 3287 deos
2974 3232 3340 3301 immortales,
3378 3245 3472 3291 aut
3505 3238 3574 3293 ad

1985 3332 2253 3373 summam
2282 3318 2594 3388 reipublicae
2617 3322 2890 3388 pertinere
2917 3340 2931 3377 :
2964 3332 3019 3377 et
3043 3323 3086 3377 si
3125 3324 3446 3393 pollicemur
3471 3341 3572 3383 nos

1985 3405 2137 3463 brevi
2166 3422 2386 3462 causam
2417 3418 2658 3464 nostram
2683 3412 3186 3481 demonstraturos,
3212 3424 3375 3485 atque
3404 3432 3576 3489 expo-

1986 3513 2180 3554 nemus
2197 3498 2587 3568 judicationem
2610 3500 3116 3570 autjudicationes,
3156 3505 3202 3562 si
3237 3506 3421 3576 plures
3452 3508 3572 3564 fue-

1989 3587 2119 3643 rint.

2059 3677 2266 3732 Dociles
2294 3677 2568 3736 auditores
2600 3679 2862 3737 faciemus
2883 3724 2897 3748 ,
2927 3683 2972 3738 si
3013 3693 3198 3753 aperte
3240 3694 3298 3741 et
3336 3688 3577 3749 breviter

1991 3786 2254 3826 summam
2282 3786 2461 3826 causa:
2489 3786 2856 3842 exponemus;
2884 3775 2990 3830 hoc
3017 3785 3120 3842 est,
3151 3777 3206 3832 in
3249 3794 3355 3849 quo
3396 3785 3575 3840 consi-

1992 3870 2102 3917 stat
2147 3862 2551 3918 controversia?
2607 3862 2714 3918 Sed
2763 3866 2855 3934 qui
2914 3865 3054 3922 bene
3100 3870 3339 3925 exordiri
3391 3872 3573 3942 volet,

1990 3954 2168 4024 primo
2198 3968 2421 4010 necesse
2455 3962 2558 4022 est,
2601 3962 2662 4010 ut
2708 3971 2819 4010 sua:
2864 3971 3042 4012 causa:
3081 3974 3249 4029 genus
3291 3963 3576 4034 diligenter

1996 4053 2271 4115 agnoscat.

2066 4139 2196 4194 Cm.
2228 4140 2370 4207 Quot
2399 4150 2526 4196 sunt
2554 4155 2844 4197 causarum
2884 4141 3116 4215 genera?
3135 4176 3205 4188 -—
3231 4146 3365 4203 Au.
3411 4149 3577 4217 Quin-

1994 4245 2118 4300 que.
2150 4226 2471 4296 Honestum,
2495 4230 2834 4295 admirabile,
2869 4226 3092 4301 h'umile,
3121 4251 3350 4308 anceps,
3383 4241 3577 4295 obscu-

1997 4340 2138 4380 rum.
2184 4324 2480 4380 Honestum
2524 4341 2701 4380 causae
2728 4343 2898 4397 genus
2943 4337 3054 4394 est,
3103 4332 3189 4386 cui
3229 4334 3435 4400 statim,
3462 4336 3578 4392 sine

1995 4417 2242 4470 oratione
2267 4425 2474 4481 nostra,
2501 4414 2648 4471 favet
2673 4418 2937 4474 auditoris
2957 4421 3192 4476 animus.
3219 4422 3575 4494 Admirabile,

1998 4522 2030 4562 a
2059 4522 2164 4576 quo
2190 4517 2272 4561 est
2301 4507 2563 4562 alienatus
2590 4509 2802 4565 animus
2829 4524 3017 4566 eorum
3046 4513 3139 4581 qui
3167 4513 3402 4570 audituri
3428 4526 3572 4572 sunt.

1995 4603 2228 4667 Humile,
2261 4604 2403 4673 quod
2429 4603 2718 4674 negligitur
2749 4605 2816 4659 ab
2853 4605 3118 4670 auditore,
3141 4614 3197 4661 et
3225 4623 3332 4663 non
3359 4625 3578 4680 magno-

1993 4710 2123 4766 pere
2135 4691 2520 4748 attendendum
2535 4694 2768 4749 videtur.
2781 4693 3016 4763 Anceps,
3032 4697 3085 4750 in
3099 4713 3206 4766 quo
3215 4698 3576 4768 autjudicatio

1996 4786 2159 4841 dubia
2198 4793 2319 4850 est,
2363 4793 2458 4839 aut
2498 4800 2664 4839 causa
2694 4793 2750 4839 et
2790 4785 3092 4842 honestatis
3129 4797 3185 4843 et
3226 4793 3575 4862 turpitudinis

1995 4876 2288 4946 particeps,
2315 4881 2374 4928 ut
2408 4875 2838 4928 benevolentiam
2883 4876 3061 4943 pariat
3099 4886 3155 4932 et
3197 4879 3571 4939 offensionem.

2001 4966 2322 5029 Obscurum,
2352 4965 2406 5019 in
2433 4979 2541 5033 quo
2564 4971 2657 5019 aut
2680 4967 2818 5020 tardi
2849 4975 2975 5021 sunt
2996 4969 3292 5037 auditores,
3326 4983 3419 5028 aut
3445 4976 3574 5031 difli-

1998 5058 2278 5114 cilioribus
2297 5057 2363 5112 ad
2388 5057 2821 5130 cognoscendum
2848 5059 3078 5130 negotiis
3098 5077 3261 5118 causa
3283 5072 3363 5120 est
3398 5065 3575 5136 impli-

1998 5157 2118 5204 cata
2127 5188 2140 5202 .

2068 5239 2224 5309 321
2265 5237 2397 5293 CAR-
2430 5267 2500 5278 -’
2534 5237 2615 5292 AI
2643 5232 2857 5308 semper
2884 5242 3166 5311 perspicue
3205 5243 3442 5297 exordiri
3487 5245 3578 5300 de-

1995 5326 2091 5387 'net
2121 5331 2340 5386 orator?
2368 5361 2439 5370 —
2467 5329 2597 5385 Aw.
2634 5331 2931 5402 Aliquando
2957 5335 3261 5404 perspicue,
3291 5335 3578 5406 aliquando

1998 5441 2097 5496 per
2137 5424 2525 5478 circuitionem.
2584 5423 2874 5495 Perspicua
2932 5427 3110 5480 oratio
3157 5434 3261 5491 est,
3314 5428 3401 5482 cui
3452 5444 3575 5485 mox

2001 5518 2214 5572 animus
2273 5517 2536 5573 auditoris
2597 5517 2757 5582 favet,
2820 5525 2878 5572 ut
2940 5519 3037 5589 (in
3099 5519 3324 5574 honesto
3382 5538 3579 5592 genere

393 5614 528 5669 (λιι.
555 5612 832 5681 Quomodo
862 5610 1010 5684 [hoc]
1043 5609 1304 5664 efﬁcitur?
1331 5638 1397 5648 —
1425 5607 1556 5661 ALs.
1598 5605 1813 5671 Primo,
1843 5615 1903 5661 ut
2001 5623 2177 5665 causa:
2235 5607 2430 5680 [Edit.,
2500 5607 2682 5680 causa]
2747 5617 2848 5663 est.
2880 5607 2973 5662 Illa
3004 5624 3132 5663 vero
3171 5625 3288 5678 qum
3324 5625 3422 5680 per
3471 5611 3579 5666 cir-

316 5707 667 5772 benevolum,
700 5714 985 5769 attentum,
1013 5703 1242 5759 docilem
1268 5701 1470 5758 eﬂicias
1506 5701 1826 5757 auditorem.

395 5797 534 5858 ω.
572 5797 646 5856 Ut
669 5796 804 5856 mihi
829 5796 1062 5860 Videtur,
1088 5795 1194 5853 hoc
1217 5808 1428 5851 summe
1451 5793 1747 5851 curandum
1787 5800 1900 5859 est,

2002 5701 2295 5756 cuitionem
2362 5699 2556 5774 [Ms.,
2628 5698 2975 5772 circuitum]
3041 5700 3102 5755 fit
3142 5743 3158 5766 ,
3222 5702 3362 5758 clam
3425 5703 3574 5763 subit

2003 5793 2242 5848 animum
2264 5791 2552 5856 auditoris,
2581 5799 2641 5847 ut
2665 5789 2720 5847 in
2747 5789 2957 5856 humili,
2981 5790 3220 5864 ancipiti,
3239 5793 3323 5852 vel
3341 5795 3576 5857 absoluo
