4062 6346
286 306 394 387 ἑὼ

1100 296 1569 376 arbusculas.
1598 320 1669 359 -ς
1706 290 1978 371 bliteo.
2019 288 2109 369 ne
2146 290 2354 370 sunt.
2393 290 2485 371 iz'r

3426 302 3533 379 934

283 434 606 517 praeseferre
627 438 1023 511 conjecturam;
1056 444 1117 492 ut
1143 432 1314 500 amor,
1342 433 1644 498 iracundia,
1685 429 1855 487 mole-
1878 432 1932 493 Α
1956 430 2109 486 dines
2137 436 2316 496 erunt,
2341 431 2439 486 has
2466 427 2635 504 [eum]
2680 434 2775 485 aut
2795 414 3171 500 iitipruden'tite
3210 430 3534 506 [necessitu-

286 538 413 601 stia,
444 541 729 607 propterea
756 531 897 602 quod
929 537 983 585 et
1022 531 1258 600 ipsorum
1286 527 1369 582 vis
1409 525 1728 595 intelligitur
1749 564 1764 589 ,
1805 529 1861 578 et

286 636 407 701 quae
446 640 535 683 res
566 626 755 680 harum
804 623 1005 693 aliquid
1057 619 1209 695 [Ms.,
1253 620 1488 690 aliquam
1529 615 1667 689 rem]
1720 630 1854 672 con-

284 716 606 789 Sequantur,
649 711 835 768 faciles
864 712 1082 783 cognitu
1109 716 1249 766 sunt.

356 788 607 865 Studium
649 812 849 870 autem,
911 798 1053 874 quod
1090 811 1174 859 est
1216 798 1430 859 assidua
1468 808 1524 857 et
1568 788 1863 856 vehemens

283 896 467 967 aliqua
514 894 583 949 ad
612 908 731 947 rem
765 892 1029 963 applicata
1064 900 1258 964 magna
1287 906 1411 947 cum
1449 891 1728 961 voluptate
1770 890 1862 944 oe-

284 986 524 1058 cupatio,
572 982 730 1040 facile
778 1001 846 1040 ex
880 1001 945 1040 eo
979 982 1194 1040 ducitur
1239 979 1665 1053 argumentatio}
1700 982 1863 1051 prout

282 1076 375 1133 res
414 1077 531 1148 ipsa
556 1075 610 1129 in
634 1089 798 1130 causa
828 1075 1155 1131 desiderabit
1186 1074 1377 1145 [Edit.,
1420 1064 1857 1143 desiderabitur].

284 1162 420 1221 ltem
449 1180 518 1219 ex
547 1163 764 1217 consilio
796 1165 1027 1219 sumitur
1076 1163 1279 1233 aliquid
1328 1162 1683 1232 suspicionis;
1731 1160 1861 1215 nam

287 1254 570 1309 consilium
594 1261 679 1307 est
702 1253 903 1322 aliquid
926 1253 1155 1309 faciendi
1181 1252 1333 1327 [Ms.,
1359 1251 1620 1327 faciundi]
1646 1252 1732 1309 vel
1752 1254 1861 1310 non

282 1342 517 1399 fadiendi
556 1342 857 1414 excogitata
904 1336 1063 1400 ratio.

360 1431 531 1488 Facta
558 1442 738 1489 autem
765 1441 820 1488 et
844 1444 998 1489 casus
1029 1442 1086 1489 et
1117 1432 1382 1489 arationes
1416 1447 1483 1488 ex
1514 1432 1691 1488 tribus
1727 1438 1864 1487 tem-

280 1524 506 1594 poribus
532 1518 1043 1591 considerabuntu'r;
1072 1520 1203 1594 quid
1230 1524 1440 1589 fecerit,
1475 1530 1569 1577 aut
1600 1525 1731 1593 quid
1756 1524 1859 1593 ipsi

286 1618 566 1684 acciderit,
599 1626 695 1672 aut
720 1616 850 1687 quid
889 1616 1118 1682 dixerit;
1153 1626 1214 1671 et
1235 1616 1363 1686 quid
1392 1615 1575 1681 faciat,
1606 1616 1733 1685 quid
1757 1615 1859 1684 ipsi

284 1710 511 1775 accidat,
556 1710 684 1780 quid
705 1710 867 1774 dicat,
892 1716 985 1762 aut
1011 1704 1140 1777 quid
1169 1704 1413 1761 facturus
1453 1698 1525 1761 sit
1550 1722 1565 1770 ;
1597 1704 1726 1775 quid
1755 1706 1858 1775 ipsi

1962 522 2132 595 diue],
2162 534 2256 577 aut
2276 523 2651 579 adolescentia:
2671 524 3017 594 persuasione
3042 520 3416 597 perpetrasse;
3442 537 3535 586 aut

1960 617 2264 686 aliquorum
2305 615 2507 671 invidia
2532 618 2719 687 ﬁctas,
2765 612 2856 672 aut
2907 615 3038 673 falsa
3068 616 3318 689 Opinione
3358 612 3535 679 illatas

1958 721 2080 762 esse
2105 705 2388 763 dicendum
2413 702 2534 761 erit.
2562 708 2618 763 Si
2647 710 2826 764 autem
2855 706 2999 765 nullo
3034 712 3195 766 modo
3214 708 3338 767 vita:
3360 714 3534 785 turpi-

1960 801 2112 865 tudo,
2139 806 2231 854 aut
2258 797 2477 854 infamia
2499 800 2653 855 leniri
2673 804 2849 871 potest
2871 802 3137 869 oratibne,
3168 806 3364 874 negare
3382 818 3536 874 opor-

1964 884 2119 958 tebit,
2161 890 2229 946 de
2269 891 2379 945 vita
2422 892 2538 963 ejus
2582 899 2676 946 aut
2714 892 2957 949 moribus
2984 892 3332 966 qumrendum
3379 892 3532 968 [Ms.,

1961 981 2251 1055 quaerere],
2300 982 2396 1037 sed
2444 983 2512 1037 de
2556 998 2666 1038 uno
2695 982 2940 1052 crimine,
2988 986 3054 1041 de
3098 986 3205 1057 quo
3257 994 3532 1058 arguatur.

1961 1073 2140 1141 Quare
2165 1074 2429 1130 anteactis
2456 1074 2671 1131 omissis
2696 1075 2846 1142 illud,
2873 1076 3017 1147 quod
3041 1076 3227 1144 instat,
3252 1078 3337 1150 agi
3367 1094 3532 1151 opor-

1960 1174 2095 1225 tere.

2032 1259 2166 1317 CAR.
2237 1260 2453 1327 Dixisti,
2501 1250 2645 1331 quOd
2674 1258 2779 1314 alia
2832 1248 3149 1329 argumenta
3194 1270 3225 1316 a
3262 1261 3534 1333 personis,

1959 1351 2066 1408 alia
2117 1368 2148 1406 a
2187 1353 2417 1424 negotiis
2454 1353 2581 1407 sint.
2637 1352 2763 1407 Haec
2788 1353 2953 1416 enim,
3002 1367 3120 1422 quze
3145 1355 3305 1410 modo
3328 1352 3534 1421 dixisti,

1960 1436 1991 1497 a
2020 1443 2268 1513 personis
2320 1452 2461 1498 sunt.
2502 1444 2782 1513 Superest,
2843 1450 2906 1497 ut
2948 1456 3035 1509 ea,
3067 1454 3187 1512 Quae
3238 1463 3271 1499 a
3318 1446 3536 1515 negotiis

1962 1543 2106 1615 sunt,
2163 1535 2328 1590 dicas.
2370 1534 2437 1588 Et
2476 1535 2728 1604 primum,
2787 1534 2917 1604 quid
2965 1535 3249 1619 negotium
3291 1538 3538 1591 nomines

1961 1624 2114 1701 [Ms.,
2171 1628 2384 1698 negotia
2413 1626 2703 1699 nominas].
2752 1627 2936 1681 dicito.
2968 1657 3040 1667 ——
3070 1622 3203 1681 Αιῒςέ
3253 1626 3536 1699 Negotium

1960 1712 2043 1773 est
2098 1717 2270 1787 ipsum
2302 1717 2526 1782 factum,
2553 1716 2608 1771 in
2654 1732 2761 1787 quo
2790 1708 2933 1771 inter
2976 1722 3343 1773 accnsatorem
3369 1725 3424 1775 et
3444 1719 3539 1775 tie-

280 1810 537 1856 casurum
580 1801 690 1866 sit;
730 1813 835 1868 qua
871 1799 1115 1853 oratione
1165 1806 1363 1852 usums
1402 1797 1491 1852 sit.
1533 1794 1612 1850 Ex
1663 1797 1857 1865 Quibus

1959 1800 2229 1864 fensorem
2268 1808 2635 1864 controversia
2682 1814 2783 1863 est.
2837 1808 2971 1864 Cum
3020 1824 3151 1865 vero
3190 1824 3257 1865 ex
3308 1812 3538 1883 negotiis

276 1886 445 1946 facile
466 1891 574 1947 erit
602 1890 886 1946 videndum
910 1889 1041 1958 quid
1076 1887 1303 1943 afferant
1329 1882 1397 1941 ad
1436 1884 1860 1942 confirmandam

278 1982 656 2051 conjecturam
678 1979 1020 2051 suspicionis;

352 2072 489 2129 CAR.
528 2073 667 2129 Sunt
694 2074 807 2127 haec
836 2073 953 2127 loca
970 2071 1271 2126 accusatori
1299 2084 1394 2126 seu
1424 2068 1694 2124 defensori
1716 2068 1861 2125 com-

280 2162 500 2217 munia?
523 2192 597 2204 —
638 2162 770 2218 Aut.
802 2162 968 2217 Fiunt
1011 2162 1307 2219 secundum
1355 2160 1639 2230 utriusque
1684 2174 1861 2217 causa:

278 2254 647 2311 commodum.

352 2345 486 2402 Cm.
526 2344 842 2411 011011101ιοῖ
866 2354 939 2387 -‘-
964 2345 1097 2400 Anu.
1130 2336 1266 2398 Nam
1306 2351 1591 2398 accusator
1615 2341 1731 2411 ejus
1778 2342 1860 2397 vi-

278 2445 397 2494 tam
419 2445 739 2503 anteactam,
768 2448 930 2507 quam
958 2434 1267 2507 arguit,‘vei
1288 2443 1598 2505 protervam
1619 2434 1735 2503 ejus
1762 2451 1860 2490 na-

276 2528 488 2595 turam;
520 2536 613 2586 seu
644 2531 821 2585 studia
856 2529 1146 2594 malitiosa,
1199 2527 1281 2582 vel
1326 2542 1506 2582 mores
1552 2527 1849 2597 improbos,

283 2620 369 2676 vel
394 2619 536 2675 facta
563 2628 784 2675 cruenta
815 2619 1121 2689 improbare
1149 2619 1383 2683 debebit,
1408 2624 1463 2671 et
1481 2617 1789 2684 ostendere,
1812 2619 1857 2673 si

277 2712 536 2784 potuerit,
566 2712 613 2766 si
641 2711 693 2766 in
725 2711 885 2766 simili
916 2710 1070 2783 [ἥδη
1101 2710 1148 2766 si
1176 2709 1235 2764 in
1264 2722 1371 2777 quo
1396 2707 1539 2780 pari]
1568 2716 1694 2762 ante
1731 2724 1858 2777 pec-

278 2816 407 2862 cato
430 2802 709 2862 convictus
726 2806 835 2871 sit;
866 2813 922 2860 et
947 2816 1110 2875 quam
1143 2806 1338 2873 turpis,
1370 2810 1464 2856 aut
1484 2801 1740 2871 cupidus,
1767 2808 1861 2854 aut

279 2900 547 2971 petulans,
581 2908 674 2955 aut
700 2906 956 2955 cruentus
981 2905 1147 2963 esset,
1193 2898 1254 2950 ut
1287 2895 1593 2950 mirandum
1632 2908 1739 2948 non
1787 2891 1859 2947 sit

276 2988 446 3047 talem
474 2992 746 3047 hominem
787 2986 854 3045 ad
885 2982 992 3044 tate
1018 2984 1230 3044 facinus
1256 2988 1554 3058 proruisse.
1584 2986 1855 3053 Quantum

272 3086 425 3140 enim
450 3084 518 3140 de
558 3082 837 3139 honestate
865 3088 920 3138 et
948 3083 1271 3138 auctoritate
1316 3079 1431 3149 ejus
1459 3081 1551 3150 qui
1576 3080 1853 3150 arguitur,
1892 3134 1901 3151 κ

1959 1909 2271 1972 argumenta
2295 1902 2554 1955 Sumenda
2602 1908 2749 1967 sunt,
2796 1903 2902 1956 tria
2952 1902 3338 1958 consideranda
3388 1902 3536 1959 sunt.

1958 1988 2161 2057 Primo,
2190 1982 2316 2061 quid
2344 1992 2413 2046 sit
2434 2001 2558 2046 ante
2579 2007 2714 2059 rem,
2745 1992 2872 2061 quid
2894 1992 2949 2048 in
2982 2009 3058 2058 re,
3088 1980 3216 2063 quid
3244 1999 3367 2071 post
3386 1980 3538 2048 rem?

1960 2072 2033 2138 Ut
2082 2080 2135 2165 in
2176 2080 2319 2137 facto
2383 2084 2644 2153 cauponis
2691 2082 2887 2156 [Edit.,
2938 2082 3115 2165 causre
3157 2084 3361 2157 penis].
3402 2085 3536 2165 Ante

1959 2168 2067 2226 rem
2096 2162 2216 2236 fuit,
2250 2174 2390 2242 quod
2428 2175 2481 2228 in
2506 2172 2700 2228 itinere
2731 2172 2804 2229 illi
2843 2174 2948 2231 duo
2983 2164 3321 2231 familiariter
3350 2162 3532 2240 ibant;

1959 2261 2102 2331 'quod
2143 2262 2303 2316 simul
2349 2263 2677 2318 diverterent
2730 2262 2798 2317 ad
2827 2264 3151 2334 hOSpitium;
3208 2266 3350 2335 qdod
3378 2258 3539 2319 simul

1959 2354 2254 2409 emnarent.
2315 2352 2377 2408 In
2409 2368 2657 2417 re:nox,
2715 2356 2939 2409 semnus
2978 2351 3173 2425 [Edit.,
3219 2348 3534 2426 somnium],

1958 2443 2176 2499 o'ccisio.
2236 2441 2365 2499 Post
2389 2461 2496 2499 rem
2526 2460 2545 2499 :
2572 2444 2714 2514 q’uod
2763 2436 2909 2501 soliis
2945 2445 3092 2511 ierit,
3138 2444 3283 2515 quad
3334 2446 3537 2502 Socium

1959 2533 2258 2603 reliquerit,
2312 2535 2455 2604 quod
2496 2542 2780 2590 cruentum
2826 2534 3065 2606 gladium
3115 2530 3384 2591 habuerit.
3442 2534 3540 2593 Est

1960 2636 2173 2693 quoque
2216 2632 2491 2694 quartum,
2547 2618 2688 2695 quod
2742 2626 2815 2679 ad
2852 2622 3126 2696 negotium
3164 2626 3421 2695 pertinet,
3485 2628 3539 2683 id

1959 2725 2061 2781 cst,
2085 2720 2204 2786 quae
2240 2712 2327 2771 lex
2353 2717 2425 2772 sit
2451 2715 2566 2785 ejus
2592 2717 2708 2783 rei;
2739 2716 2822 2771 vel
2844 2710 2935 2786 qui
2968 2710 3075 2771 sirit
3096 2722 3345 2772 auctores
3374 2704 3534 2787 ejus;

1958 2806 2043 2861 vel
2096 2821 2203 2878 quo
2225 2808 2278 2861 id
2314 2808 2550 2873 nomine,
2613 2804 2755 2879 quod
2782 2796 2982 2862 factum
3006 2806 3111 2871 εει,
3150 2802 3411 2879 appellari
3442 2806 3538 2865 de-

2156 2894 2291 2951 Ante
2312 2897 2457 2951 enim
2512 2900 2627 2952 rem
2669 2912 2832 2953 causa
2862 2888 2989 2952 facti
3016 2890 3405 2954 consideranda
3433 2896 3537 2966 est,

1918 2966 2143 3054 'i'u‘e'st,
2211 3004 2278 3043 an
2325 3004 2421 3059 spe
2458 2989 2614 3054 lucri,
2666 2988 2750 3044 vel
2777 2986 2940 3044 causa
2975 2986 3402 3057 inimicitiarum,
3448 2984 3539 3046 vel

1958 3087 2153 3147 metus,
2184 3079 2269 3135 vel
2313 3081 2473 3135 amici
2499 3078 2691 3153 [Edit.,
2744 3080 3017 3153 amicitia]
3061 3072 3319 3138 occiderit
3352 3076 3529 3139 homi-

277 3178 579 3235 detraetum
609 3178 734 3243 erit,
768 3184 976 3231 tantum
999 3177 1105 3230 erit
1133 3175 1201 3229 de
1245 3173 1506 3228 facultate
1532 3172 1696 3227 totius
1740 3170 1856 3239 ejus
1883 3153 1931 3217 ο
1959 3172 2124 3229 nem?
2170 3172 2298 3228 nam
2328 3170 2533 3228 frustra
2572 3170 2847 3229 hominem
2874 3162 3122 3229 occidere
3150 3170 3287 3231 vene
3306 3168 3539 3231 incredi-

276 3269 605 3326 defen’sionis
631 3268 971 3324 diminutum.
1009 3267 1067 3323 Si
1119 3266 1265 3321 nullo
1294 3268 1419 3319 ante
1466 3270 1588 3319 acto
1631 3270 1854 3333 peccato

274 3370 405 3417 reus
446 3359 699 3414 infamari
736 3360 957 3428 poterit,
1004 3356 1192 3412 orandi
1221 3352 1374 3427 [Ms.,
1408 3353 1681 3425 hertandi]
1729 3362 1857 3408 sunt

269 3453 508 3523 iudices,
556 3465 663 3505 non
710 3458 951 3504 veterem
1000 3447 1199 3501 famam
1243 3447 1499 3510 hominis,
1534 3445 1627 3500 sed
1658 3459 1855 3498 novum

277 3541 491 3597 facinus
523 3539 758 3595 hominis
795 3538 1040 3608 judicent
1082 3536 1245 3608 [Ἀθη
1296 3546 1416 3591 esse
1452 3534 1850 3605 iudicandum].

275 3632 412 3689 Nam
442 3640 569 3686 ante
612 3626 843 3685 celatum
870 3642 1011 3692 esse,
1062 3626 1237 3697 qualis
1278 3632 1453 3693 esset;
1486 3642 1629 3682 nunc
1675 3634 1853 3680 autem

280 3723 631 3780 manifestum
675 3736 791 3777 esse
827 3736 842 3787 ;
891 3735 1062 3790 quare
1109 3721 1250 3775 hanc
1307 3734 1423 3775 rem
1457 3732 1526 3773 ex
1591 3719 1856 3789 superiori

271 3818 390 3874 ﬁta
419 3832 529 3873 non
573 3812 758 3871 deberi
786 3814 1152 3879 considerari;
1184 3812 1278 3868 sed
1312 3813 1647 3882 Superiorem
1687 3812 1856 3866 vitam

272 3920 345 3968 ex
371 3913 476 3967 hac
502 3909 832 3981 turpitudine
859 3909 1271 3980 improbandam
1314 3906 1469 3981 [Ms.,
1499 3909 1695 3965 debere
1729 3910 1857 3965 con-

273 4000 609 4058 siderare...
636 3998 995 4071 improbare].

348 4091 485 4146 Cm.
523 4089 582 4145 Si
618 4091 733 4146 haec
756 4091 936 4145 omnia
965 4094 1250 4144 aecusator
1276 4096 1370 4144 reo
1387 4088 1608 4157 ingerit,
1636 4088 1756 4159 quis
1781 4088 1858 4144 lo-

274 4194 377 4240 cus
402 4182 729 4238 defensionis
765 4181 1090 4252 relinquitur
1114 4181 1200 4235 ei?
1243 4208 1313 4221 —-
1352 4179 1485 4235 Acs.
1516 4178 1858 4249 Relinquitur

276 4274 613 4332 defensionis
639 4274 864 4329 idoneus
887 4272 1037 4328 locus
1064 4272 1133 4327 ei.
1182 4266 1337 4342 Srepe'
1367 4271 1507 4326 enim
1535 4286 1644 4326 uno
1672 4264 1854 4341 prote-

274 4374 440 4438 gente
473 4372 623 4419 scuto
649 4364 816 4419 multa
844 4362 1089 4417 nocentis
1124 4361 1459 4430 repelluntur
1485 4360 1714 4431 spicula.
1749 4360 1855 4415 De-

273 4456 468 4514 fensor
488 4457 681 4527 primo,
714 4456 760 4510 si
788 4455 1002 4525 peterit,
1035 4453 1252 4509 debebit
1278 4452 1394 4522 ejus
1420 4452 1587 4507 vitam
1614 4464 1735 4508 esse
1757 4452 1855 4507 ho-

273 4548 662 4614 nestissimam,
691 4547 1059 4603 fidelissimam
1083 4542 1477 4610 demonstrare,
1507 4552 1601 4598 aut
1620 4542 1677 4598 in
1714 4544 1855 4598 rem-

274 4636 571 4709 publicam,
590 4642 700 4691 aut
724 4637 780 4691 in
807 4641 1075 4707 parentes,
1099 4634 1379 4705 cogh‘atbs,
1408 4633 1639 4699 amicos;
1667 4639 1724 4687 et
1740 4634 1889 4714 ejus.

274 4727 420 4784 bene
444 4734 593 4799 gesta
640 4727 870 4782 ﬁdeliter
910 4738 976 4781 ac
1018 4725 1252 4790 fortiter,
1299 4725 1480 4794 siqua
1522 4722 1681 4795 [Ms.,
1711 4722 1854 4796 qua]

275 4826 428 4883 sunt,
485 4810 838 4888 proferenda;
880 4826 936 4873 et
978 4817 1236 4871 miserum
1283 4824 1425 4881 esse,
1474 4821 1586 4869 tam
1624 4813 1854 4884 insignia

274 4913 424 4970 bona
446 4919 558 4967 111111
582 4916 752 4983 parvo
776 4918 930 4967 reatu
956 4909 1257 4967 obscurari.
1288 4898 1398 4964 Nec
1425 4909 1530 4963 hoc
1550 4908 1728 4977 ipsum
1757 4906 1857 4961 ai-

278 5018 392 5086 Qua
431 5012 723 5085 cupiditate
766 5012 853 5066 vel
898 5008 1127 5077 malitia,
1178 5024 1274 5065 seu
1314 5007 1630 5063 inﬁdelitate
1665 5020 1859 5077 perpe-

276 5108 478 5168 trasse,
510 5101 605 5157 sed
640 5117 769 5157 casu
813 5107 868 5157 et
911 5098 1238 5172 ignorantia,
1270 5106 1363 5152 aut
1392 5098 1618 5152 alterius
1664 5104 1858 5168 Sugge-

278 5193 461 5252 btione
506 5190 717 5255 fecisse,
762 5191 1077 5260 nullumque
1104 5184 1264 5260 323
1301 5190 1490 5259 patriae
1532 5186 1864 5258 profectibus

277 5286 371 5343 vel
396 5289 595 5356 pietate
617 5286 925 5356 paientum,
950 5283 1038 5339 vel
1067 5280 1325 5351 dignitate
1370 5280 1565 5353 [Edit.,
1603 5281 1859 5351 pietati...

276 5377 819 5450 dignitatij‘morum
869 5374 1082 5431 studere
1132 5372 1270 5429 velle
1302 5371 1511 5444 [Edit.,
1564 5370 1767 5443 posse],
1819 5371 1864 5426 si

279 5469 527 5553 quolibet
552 5486 720 5540 parvo
746 5467 871 5541 '[vei
917 5467 1043 5540 levi]
1078 5474 1229 5521 reatu
1260 5465 1441 5535 priora
1488 5465 1629 5519 bona
1676 5464 1866 5518 annui-

278 5560 447 5620 hnda
477 5571 637 5627 sunt;
668 5571 924 5633 praeterea
957 5559 1055 5633 [et]
1084 5560 1187 5615 hoc
1212 5558 1431 5626 Optimis
1452 5557 1583 5611 viris
1604 5570 1722 5611 esse
1744 5572 1864 5627 per-

276 5653 578 5718 ﬂiciosum,
609 5663 669 5707 ut
704 5653 1008 5708 malitiosus
1035 5651 1287 5722 quislibet
1318 5651 1487 5705 bonos
1515 5648 1711 5704 audeat
1736 5649 1864 5704 insi-

280 5743 517 5807 liulare.
546 5744 607 5804 Si
633 5753 813 5802 autem
837 5744 971 5803 etin
996 5753 1120 5803 ante
1141 5751 1263 5801 acta
1282 5742 1393 5800 vita
1414 5742 1607 5817 aliquae
1631 5742 1864 5815 turpitu-

1956 3264 2064 3319 bile
2088 3271 2190 3320 est.
2248 3263 2480 3320 Omnino
2522 3265 2575 3317 in
2618 3265 2861 3335 gestione
2897 3260 2977 3319 rei
3010 3264 3205 3337 [Edit.,
3268 3266 3328 3323 're
3355 3267 3531 3342 gesta]

1954 3356 2134 3423 loeus,
2159 3363 2395 3427 tempus,
2428 3357 2664 3419 occasio,
2697 3358 2909 3423 modus,
2942 3348 3171 3414 facultas
3205 3356 3537 3416 considerari

1957 3448 2115 3511 Solet,
2138 3448 2191 3502 id
2218 3457 2319 3514 est,
2366 3449 2421 3502 in
2451 3462 2557 3517 quo
2581 3447 2718 3512 loco,
2750 3448 2857 3521 [vel
2893 3450 2947 3502 in
2976 3440 3106 3521 que]
3164 3446 3426 3519 tempore,
3452 3432 3538 3507 vel

1954 3554 2052 3611 per
2088 3555 2248 3609 quem
2277 3539 2519 3604 modum,
2548 3539 2631 3592 vel
2667 3554 2771 3607 qua
2797 3534 3101 3605 occasione;
3147 3540 3238 3593 aut
3282 3540 3538 3597 facultate

1955 3632 2217 3689 oeciderit
2255 3632 2551 3697 hominem,
2614 3631 2960 3701 quaerendum
3014 3626 3116 3687 est.
3181 3628 3310 3687 Pest
3330 3640 3537 3701 gestam

1957 3741 2074 3781 rem
2116 3725 2600 3781 considerabuntur
2624 3724 2776 3794 signa
2824 3724 3069 3793 qamdam
3101 3721 3178 3779 rei
3216 3731 3417 3792 gestae,
3477 3732 3540 3779 ut

1956 3833 2118 3874 cruor
2143 3816 2305 3872 caedis
2334 3817 2549 3887 signum
2573 3822 2687 3882 est,
2715 3822 2770 3870 et
2792 3813 2915 3887 fuga
2945 3804 3129 3871 reatus
3158 3814 3299 3884 Saepe
3327 3812 3538 3886 Signum

1956 3922 2077 3964 esse
2102 3907 2258 3963 solet.

2029 3998 2161 4053 (Ian.
2203 3995 2813 4053 Commemoratislocis
2850 3994 3294 4067 argumen‘tbruin
3324 3992 3379 4050 et
3403 4006 3534 4050 cou-

1956 4089 2342 4158 ﬁrmationum,
2374 4092 2489 4162 ipsa
2516 4092 2917 4163 argumentatio,
2946 4086 3006 4144 ut
3026 4082 3167 4155 reor,
3197 4078 3537 4157 nequaquam

1955 4184 2242 4240 uniformis
2271 4196 2391 4239 esse
2416 4190 2611 4254 potest.
2638 4211 2710 4223 --
2742 4180 2874 4237 Acs.
2917 4178 3035 4238 Non
3065 4174 3386 4246 nnifbrmis;
3444 4178 3539 4235 sed

1957 4281 2134 4337 omnis
2182 4279 2599 4352 argumentatio,
2646 4278 2769 4347 Quae
2795 4286 2864 4333 ex
2896 4266 2983 4331 his
3018 4266 3153 4329 locis
3189 4278 3325 4345 QUOS
3382 4278 3537 4352 eom-

1957 4350 2397 4436 memoravimus,
2454 4362 2755 4434 conﬁcitur,
2798 4366 2891 4422 aut
2914 4360 3209 4437 probabilis
3236 4360 3328 4418 aut
3351 4350 3539 4419 neces-

1959 4465 2101 4521 saria
2129 4464 2286 4519 debet
2314 4466 2449 4517 esse.
2484 4454 2795 4515 Necessaria
2816 4468 2918 4526 est,
2956 4470 3077 4529 quae
3097 4446 3255 4512 aliter
3282 4452 3400 4513 fieri
3426 4448 3537 4512 non

1957 4562 2157 4627 potest,
2203 4562 2296 4610 ut:
2332 4551 2390 4611 Si
2446 4551 2673 4622 peperit,
2736 4552 3027 4608 concubuit
3080 4542 3203 4606 cum
3247 4548 3383 4604 viro.
3443 4546 3537 4605 Hae

1961 4646 2110 4722 [Περ
2152 4645 2299 4717 llaec]
2324 4652 2453 4699 vero
2476 4659 2571 4714 per
2596 4642 3041 4713 complexionem,
3082 4640 3174 4697 seu
3195 4644 3290 4711 per
3318 4632 3539 4695 enume-i

1958 4738 2223 4795 rationem
2247 4742 2340 4792 seu
2367 4742 2464 4805 per
2492 4726 2790 4804 simpliCem
2818 4731 3221 4789 conclusionem
3246 4731 3396 4786 fiunt.
3430 4724 3537 4784 Per

1958 4826 2382 4901 eontplexionem,
2410 4829 2465 4884 in
2496 4844 2621 4898 qua,
2650 4836 2832 4881 utrum
2864 4825 3218 4893 Concesseris,
3241 4823 3534 4895 reprehen-

1959 4922 2103 4976 ditur
2138 4918 2193 4976 in
2213 4922 2355 4975 hunc
2376 4919 2595 4975 modum
2624 4936 2637 4972 :
2672 4917 2729 4973 Si
2757 4912 3030 4987 improbus
3058 4929 3163 4983 est,
3201 4930 3298 4971 cur
3319 4906 3530 4969 tueris?

1962 5008 2021 5065 Si
2057 5012 2277 5079 probus,
2306 5002 2403 5064 cur
2432 5007 2695 5063 accusas?
2724 5006 2830 5062 Per
2849 5006 3313 5070 enumerationem,
3346 5002 3398 5058 in
3425 5012 3531 5071 qua

1959 5098 2204 5170 pluribus
2225 5098 2388 5152 rebus
2417 5097 2648 5153 inductis
2674 5112 2779 5152 una
2824 5094 3130 5152 necessario
3159 5094 3531 5157 confirmatur,

1962 5190 2067 5245 hoc
2120 5194 2277 5260 pacto
2311 5207 2323 5241 :
2357 5186 2606 5254 Necesse,
2658 5196 2750 5242 aut
2801 5180 3207 5243 inimicitiarum
3260 5186 3421 5236 causa
3470 5174 3536 5236 ab

1962 5283 2069 5339 hoc
2088 5295 2205 5336 esse
2230 5281 2372 5336 hunc
2401 5280 2658 5346 occisum,
2685 5288 2777 5335 aut
2804 5286 3001 5344 metus,
3031 5282 3120 5332 aut
3144 5289 3235 5343 spe
3259 5272 3416 5337 lucri,-
3446 5278 3539 5326 aut

1971 5372 2195 5440 alicujus
2226 5373 2384 5427 amici
2440 5384 2636 5436 causa;
2695 5379 2750 5427 et
2798 5372 2845 5427 si
2894 5373 3085 5425 horum
3119 5362 3251 5421 nihil
3305 5368 3410 5429 est,
3450 5378 3539 5419 reo

1970 5465 2251 5534 linquitur,
2305 5465 2375 5519 ab
2404 5480 2467 5520 eo
2506 5464 2648 5519 hunc
2687 5478 2795 5517 nou
2820 5476 2940 5517 esse
2970 5460 3238 5522 occisum;
3271 5471 3398 5511 nam
3426 5455 3541 5511 fru-

1967 5563 2078 5611 stra
2146 5554 2303 5610 homo
2328 5554 2497 5610 occidi
2551 5570 2655 5609 non
2680 5560 2874 5624 potest.
2934 5549 3041 5604 P‘er
3081 5544 3365 5615 simplicem
3418 5550 3542 5599 cort-

1967 5648 2270 5711 clusionem,
2333 5648 2436 5703 hoc
2484 5646 2645 5701 modo
2685 5659 2701 5698 :
2743 5644 2801 5698 Si
2835 5652 2930 5695 vos
2952 5656 3038 5696 me
3078 5637 3254 5693 istliuc
3292 5653 3357 5693 eo
3406 5644 3543 5692 tem-

1962 5736 2098 5817 pore
2118 5738 2298 5798 dicitis
2343 5736 2492 5813 [hoc]
2548 5736 2761 5801 fecisse,
2811 5746 2913 5808 ego
2936 5740 3003 5790 ea
3052 5728 3299 5803 tempere
3338 5726 3541 5809 [Edil.,
