4062 6346
555 286 664 344 955

1392 275 1455 330 Β.
1492 271 1558 330 F.
1598 265 1828 328 ALBINI
1863 265 2000 324 SEU
2021 261 2300 322 ALCUINI
2332 264 2620 325 OPERUM
2655 265 2837 326 PARS
2874 264 2986 323 Vll.

3695 266 3816 326 936

559 400 696 474 tum]
719 394 1030 468 transtmare
1050 392 1149 450 tui.
1181 391 1307 448 ideo
1331 389 1391 446 id
1421 362 1584 460 quod
1611 385 1948 474 dicitis,non
1975 381 2135 436 modo
2163 379 2214 439 Α
2240 381 2501 452 optimum
2539 385 2715 440 virum
2769 385 2854 440 vis
2877 383 3110 474 habere;
3154 387 3304 474 ettu
3326 379 3631 474 xenopbon
3673 397 3822 442 uxo-

558 473 826 554 nonifeci,
874 486 968 542 sed
1006 500 1073 538 ne
1094 482 1270 537 facere
1294 480 1445 551 potui
1477 477 1693 549 quidem
1745 473 1896 547 [Ms.,
1948 487 2016 526 ne
2044 485 2138 541 po-

560 581 755 638 tuerim
780 576 1012 647 quidem,
1046 571 1268 643 facere].

630 671 761 728 CAR.
792 667 918 723 Haec
941 664 1180 729 omnino,
1209 669 1270 715 ut
1313 659 1570 730 intelligo,
1624 655 1934 713 necessaria
1975 659 2135 717 sunt;

558 762 652 819 sed
689 758 788 832 [et]
826 765 885 816 ut
911 755 1090 819 video,
1151 751 1438 821 diligenter
1482 749 1771 804 videndum
1803 755 1902 809 est,
1933 759 2000 799 ne
2030 756 2138 812 quo

557 860 713 924 pacto
750 852 853 906 hoc
890 861 1059 919 genus
1107 840 1589 914 argumentationis
1627 836 1804 894 refelli
1840 835 2032 906 possit.
2066 861 2137 873 —

556 950 689 1004 Αιιι.
740 945 855 1010 Est,
924 948 986 997 ut
1043 938 1318 1010 intelligis,
1373 935 1563 993 Carole
1619 933 1773 1008 [Ms.,
1829 931 1976 985 omit.
2022 945 2134 984 voc.

559 1037 795 1111 Carole].

628 1131 761 1187 CAR.
785 1128 911 1184 Haec
926 1133 1260 1197 argumenta,
1281 1135 1400 1192 quae
1416 1117 1617 1182 dixisti,
1645 1114 1954 1171 necessaria
1975 1118 2131 1168 sunt:

551 1221 664 1292 jam
703 1217 1001 1291 probabilia
1056 1227 1274 1284 quoque
1314 1211 1479 1265 dicito
1531 1207 1682 1280 [Ms.,
1740 1203 1871 1276 dic].
1901 1233 1971 1244 ——
1998 1203 2130 1257 Arn.

558 1313 864 1370 Probabilia
912 1316 1055 1374 sunt,
1114 1321 1232 1376 quae
1253 1319 1378 1359 vere
1428 1302 1546 1356 ﬁeri
1577 1299 1773 1363 solent,
1802 1304 1862 1351 ut
1891 1313 1903 1350 :
1931 1295 1987 1349 Si
2020 1309 2136 1348 ma-

559 1415 642 1461 ter
684 1413 788 1467 est,
847 1400 1023 1471 diligit
1058 1398 1266 1463 ﬁlium;
1317 1395 1364 1450 si
1405 1407 1601 1448 avarus
1624 1397 1726 1454 est,
1775 1387 1997 1458 negligit
2022 1385 2139 1454 jus-

552 1496 866 1568 jurandum.

629 1586 762 1642 CAR.
792 1583 930 1639 Num
979 1579 1278 1652 probabilia
1317 1590 1532 1644 semper
1574 1588 1704 1628 vera
1732 1568 2143 1634 sunt?——ALBJ

556 1678 676 1736 Alia
701 1691 830 1731 vera
863 1673 1016 1748 [Ms.,
1039 1669 1190 1740 vero]
1240 1669 1296 1722 in
1347 1663 1630 1736 opinione;
1671 1662 1774 1715 alia
1801 1660 1858 1714 in
1887 1658 2143 1714 similitu-

559 1776 704 1831 dine.
753 1771 822 1826 In
859 1767 1119 1840 opinione,
1141 1771 1222 1827 ut,
1248 1761 1458 1816 inferna
1476 1773 1597 1813 esse
1617 1756 1716 1812 sub
1752 1763 1900 1810 terra
1935 1749 2138 1812 Similia,

557 1866 683 1921 tudo
728 1863 784 1918 in
803 1859 1090 1918 contrariis
1135 1864 1191 1910 et
1222 1855 1277 1909 in
1320 1852 1541 1924 paribus
1596 1856 1893 1919 spectatur.
2097 1915 2100 1917 j

589 2007 592 2010 .
627 1958 758 2014 Cm.
820 1952 1098 2021 Quomodo
1145 1948 1201 2002 in
1235 1943 1525 2001 contrariis
1578 1950 1634 1997 et
1688 1941 1741 1994 in
1780 1937 2140 2010 paribus?—

552 2049 686 2105 Aw.
722 2045 781 2101 In
807 2042 1093 2099 contrariis
1122 2040 1227 2094 hoc
1245 2037 1406 2092 modo
1436 2053 1449 2087 :
1484 2031 1619 2086 Nam
1643 2031 1689 2085 si
1716 2031 1782 2085 iis
1817 2029 1910 2099 qni
1937 2029 2139 2096 impru-

555 2139 746 2194 denter
780 2137 1056 2198 lreserunt,
1108 2129 1316 2200 ignosci
1363 2125 1636 2187 convenit,
1689 2122 1795 2177 illis
1823 2122 1914 2190 qui
1951 2135 2141 2174 neces-

554 2231 699 2286 sario
752 2225 1093 2298 profuerunt,
1149 2218 1338 2274 haberi
1367 2217 1594 2287 gratiam
1622 2228 1730 2268 non
1751 2211 2008 2281 oportet?
2060 2209 2141 2262 Ex

553 2319 673 2392 pari
723 2315 847 2389 [sic]
880 2333 892 2368 :
924 2314 1061 2368 Nam
1082 2318 1144 2365 ut
1170 2309 1322 2364 locus
1374 2308 1491 2362 sine
1539 2312 1698 2373 portu
1741 2302 1967 2356 navibus
2022 2313 2142 2354 esse

557 2391 667 2466 non
684 2415 865 2481 potest
898 2414 1065 2470 tutus,
1096 2403 1175 2459 sic
1202 2400 1414 2456 animus
1453 2397 1572 2453 sine
1620 2395 1726 2452 fide
1767 2393 1979 2450 stabilis
2007 2391 2142 2447 ami-

557 2502 636 2558 cis
667 2515 774 2554 non
809 2503 988 2570 potest
1014 2510 1154 2551 esse.

624 2591 787 2665 324
822 2591 956 2646 Cm.
983 2589 1067 2644 An
1095 2585 1272 2643 omnis
1298 2581 1694 2655 argumentatio
1725 2594 1792 2634 ex
1815 2577 1904 2634 his
1928 2583 2141 2631 tantum

555 2687 692 2747 locis
722 2683 1096 2746 continuatur,
1119 2686 1344 2734 ornatur
1383 2685 1441 2733 et
1461 2672 1876 2760 consideratur?
1904 2701 1975 2710 ——
2005 2669 2137 2723 Ann.

557 2779 698 2836 Sunt
745 2787 960 2846 quoque
1002 2768 1516 2843 argumentationes,
1561 2781 1682 2836 quae
1719 2778 1820 2835 per
1874 2761 2143 2818 inductio-

554 2885 681 2927 nem
726 2867 813 2923 vel
853 2863 1323 2921 ratiocinationem
1349 2866 1673 2923 tractantur,
1728 2855 1824 2911 sed
1850 2855 1934 2910 ha:
1965 2852 2140 2931 magis

557 2963 628 3020 ad
674 2960 1024 3034 philosophos
1060 2957 1353 3027 pertinent.

627 3053 761 3110 Cm.
794 3051 893 3106 Dic
916 3058 1096 3106 tamen
1129 3048 1196 3102 de
1217 3047 1344 3101 illis.
1367 3074 1438 3085 —
1466 3043 1602 3099 Aen.
1631 3041 1880 3096 Induclio
1903 3047 1989 3095 est
2015 3053 2140 3094 ora-

558 3145 638 3202 tio
674 3158 795 3213 quze
835 3156 936 3211 per
958 3147 1136 3196 certas
1158 3152 1249 3192 res
1283 3135 1530 3205 quaedam
1575 3133 1787 3188 incerta
1811 3130 2029 3200 probat,
2083 3135 2141 3183 et

559 3233 834 3290 uolentem
862 3230 1012 3284 ducit
1067 3228 1122 3282 in
1157 3225 1548 3281 assensionent.

631 3322 767 3380 Cn.
807 3319 922 3374 Hoc
946 3319 1144 3374 mirum
1179 3316 1412 3380 videtur,
1447 3315 1493 3369 si
1515 3313 1694 3368 facere
1729 3317 1931 3382 potest,
1960 3318 2021 3364 ut
2044 3323 2138 3364 no—

556 3417 678 3473 lens
722 3411 1142 3470 consentiat.-—
1186 3409 1319 3464 Acs.
1369 3407 1570 3462 Audies
1600 3413 1656 3461 et
1703 3403 1846 3458 forte
1890 3401 2139 3472 exemplo

557 3508 765 3566 credes.
815 3505 951 3560 Nam
973 3501 1324 3575 philosophus
1361 3499 1579 3571 quidam
1626 3513 1746 3552 cum
1785 3497 2140 3566 Xenophonte

557 3595 877 3674 [quondam]
899 3603 954 3649 et
977 3591 1140 3664 iejus]
1165 3605 1333 3646 uxore
1357 3591 1480 3645 iniit
1501 3589 1920 3659 disputationem
1943 3586 2135 3658 [Edit.,

555 3691 691 3747 inita
723 3684 1129 3759 disputatione],
1161 3692 1217 3738 et
1241 3683 1479 3754 primum
1521 3697 1646 3736 cum
1677 3695 1846 3734 uxore
1885 3675 2001 3745 ejus
2025 3690 2139 3731 ser-

558 3796 777 3840 monem
805 3777 1040 3836 instituit
1080 3793 1094 3830 :
1143 3775 1241 3830 Dic
1303 3773 1454 3837 mihi,
1501 3787 1704 3842 quaeso,
1764 3769 2139 3839 Xenophontis

554 3889 718 3941 uxor,
756 3873 804 3928 si
831 3871 1014 3926 vicina
1043 3878 1137 3923 tua
1183 3864 1375 3922 melius
1412 3865 1612 3919 habeat
1664 3876 1855 3915 aurum
1882 3874 2045 3931 quam
2082 3865 2140 3912 tu

553 3966 743 4032 habes,
797 3971 980 4018 utrum
1038 3959 1256 4024 illudne,
1304 3972 1371 4010 an
1406 3962 1558 4009 tuum
1598 3951 1804 4007 malis?
1843 3951 1999 4016 lllud,
2059 3950 2140 4003 in-

557 4057 695 4129 quit.
751 4053 890 4122 Quid
921 4052 969 4108 si
994 4058 1203 4107 vestem
1231 4057 1288 4105 et
1335 4055 1590 4102 caeterum
1617 4052 1998 4100 ornamentum
2021 4057 2140 4096 mu-

552 4147 724 4206 liebre
752 4144 975 4216 majoris
995 4142 1153 4214 pretii
1193 4141 1391 4196 habeat
1416 4153 1580 4209 quam
1610 4143 1667 4190 tu
1696 4136 1887 4198 habes,
1919 4142 2141 4189 tuumne

555 4256 626 4297 an
672 4239 818 4294 illius
874 4235 1065 4292 malles
1114 4232 1272 4307 [Ms.,
1328 4229 1555 4302 malis]?
1600 4227 1917 4298 Respondit,
1971 4225 2135 4280 illius.

551 4328 690 4398 Age,
715 4327 906 4398 inquit,
936 4322 1111 4397 [quid]
1155 4323 1200 4379 si
1221 4323 1399 4377 virum
1437 4321 1718 4376 meliorem
1742 4319 1942 4373 habeat
1974 4331 2140 4386 quam

556 4429 616 4475 tu
645 4420 865 4482 habeas,
906 4425 1162 4470 utrumne
1224 4422 1377 4468 tuum
1400 4414 1578 4466 virum
1626 4412 1802 4477 malis,
1845 4425 1914 4464 an
1953 4409 2141 4464 illius?

557 4509 659 4564 Hic
708 4507 902 4562 mulier
939 4503 1174 4559 erubuit.
1202 4501 1560 4571 Philosophus
1605 4510 1788 4555 autem
1834 4514 2139 4555 sermonem

556 4613 682 4655 cum
715 4593 1073 4665 Xenophonte
1137 4591 1390 4647 instituit.
1445 4591 1658 4658 Quaeso,
1723 4591 1920 4659 inquit,
1955 4589 2138 4644 Xeno-

554 4689 724 4762 phon,
757 4688 804 4742 si
851 4684 1061 4741 vicinus
1087 4691 1211 4738 tuus
1234 4697 1433 4752 equum
1455 4681 1735 4737 meliorem
1759 4681 1957 4736 habeat
1975 4695 2138 4750 quam

556 4790 683 4837 tuus
709 4789 816 4846 est,
866 4786 1087 4833 tuumne
1131 4777 1290 4832 malis
1339 4789 1558 4847 equum,
1605 4792 1673 4830 an
1728 4774 1936 4839 illius,?
1971 4775 2138 4843 lllius,

556 4871 751 4941 inquit.
797 4867 936 4937 Quid
961 4867 1006 4923 si
1047 4865 1273 4922 fundum
1312 4866 1594 4921 meliorem
1640 4866 1841 4920 habeat
1891 4880 2056 4935 quam
2081 4873 2138 4919 tu

555 4966 761 5029 habes,
823 4971 1049 5016 tuumne
1117 4959 1308 5026 malis,
1356 4973 1427 5012 an
1472 4957 1795 5013 meliorem?
1825 4956 2135 5030 “Meliorem,

554 5058 731 5128 inquit
789 5053 942 5127 [Ms.,
987 5060 1169 5106 utrum
1209 5050 1428 5106 tandem
1457 5049 1681 5107 fundum
1715 5051 1914 5106 habere
1942 5051 2141 5104 malis?

515 5149 726 5212 illium,
784 5145 978 5215 inquit,
1014 5142 1294 5197 meliorem
1344 5141 1597 5214 scilicet].
1662 5141 1801 5208 Quid
1831 5141 1875 5195 si
1894 5146 2138 5196 “uxorem

554 5241 834 5297 meliorem
888 5237 1086 5290 habeat
1123 5251 1288 5305 quam
1324 5242 1381 5289 tu
1409 5235 1597 5299 habes,
1653 5235 1892 5304 nunquid
1918 5243 1972 5290 et
1996 5236 2139 5291 illam

553 5333 712 5391 malis
752 5329 906 5403 [Μελ.
965 5336 1143 5382 utram
1194 5325 1410 5399 malis?]
1465 5326 1643 5398 Atque
1704 5328 1793 5382 hic
1838 5325 2140 5396 Xenophon

553 5442 768 5498 quoque
813 5424 998 5479 tacuit.
1056 5422 1186 5477 Post
1230 5421 1582 5492 philosophus
1636 5439 1648 5474 :
1687 5420 1952 5486 Quoniam
1990 5429 2139 5475 uter-

554 5534 661 5587 que
689 5524 946 5579 vestrum,
994 5513 1190 5583 inquit,
1228 5511 1281 5565 id
1307 5512 1440 5566 mihi
1502 5511 1681 5566 solum
1704 5525 1809 5564 non
1841 5513 2139 5582 respondit,

557 5608 701 5678 quod
747 5621 844 5678 ego
896 5606 1068 5660 solum
1108 5604 1298 5660 audire
1353 5605 1653 5670 volueram,
1694 5615 1915 5676 egomet
1965 5608 2141 5662 dicam

557 5699 686 5770 quid
711 5706 938 5770 uterque
982 5705 1224 5754 vestrum
1251 5697 1473 5769 cogitet.
1508 5696 1667 5771 [Nam
1691 5696 1790 5771 et],
1825 5707 1883 5754 tu
1920 5700 2138 5769 mulier,

2165 1725 2214 1784 B

2241 491 2356 530 rem
2395 475 2779 531 electissimam
2831 474 2981 548 [Ms.,
3040 472 3413 544 lectissimam]
3445 475 3679 528 maxime
3705 475 3822 530 vis.

2154 552 2167 606 ί
2239 562 2417 629 Quare
2432 565 2534 619 nisi
2557 567 2660 619 hoc
2673 564 3028 634 perfeceritis,
3048 573 3107 618 ut
3126 577 3300 633 neque
3311 564 3395 616 vir
3406 562 3616 629 melior,
3637 579 3824 635 neque

2237 656 2437 710 temina
2468 656 2690 711 electior
2715 657 2770 710 in
2793 657 2957 710 terris
2981 655 3072 722 sit,
3108 654 3349 726 profecto
3378 654 3453 721 id,
3502 657 3649 726 quod
3670 672 3827 712 sem-

2236 761 2336 817 per
2361 748 2623 816 optimum
2648 747 2800 820 [Ms.,
2826 747 3127 820 optumum]
3165 747 3420 816 putabitis
3463 758 3603 812 esse,
3644 749 3827 805 maxi-

2236 855 2326 896 me
2360 841 2667 911 requiretis,
2722 849 2780 895 ut
2810 847 2867 894 tu
2911 839 3140 896 maritus
3198 839 3274 894 sis
3318 839 3536 907 optima:
3574 839 3824 906 feminas,

2236 943 2292 990 et
2323 937 2440 991 hzec
2471 951 2632 1006 quam
2654 936 2857 1004 optimo
2902 937 3099 991 marito
3145 934 3274 1008 [M5,
3348 934 3486 1007 viro]
3528 944 3701 1006 nupta
3730 937 3824 993 sit.

2237 1026 2338 1083 Hic
2360 1026 2530 1082 rebus
2545 1042 2654 1081 non
2681 1027 2861 1082 dubiis
2890 1027 3052 1081 dubia
3099 1025 3346 1098 probavit
3372 1041 3470 1095 per
3511 1025 3826 1082 similitudi-

2235 1135 2361 1175 nem
2383 1119 2724 1174 inductionis’.
2776 1119 2930 1186 Quod
2948 1119 2997 1173 si
3038 1119 3160 1189 quis
3189 1118 3484 1188 separatim
3525 1128 3824 1189 quaereret,

2237 1211 2376 1266 forte
2399 1227 2507 1266 non
2538 1211 2946 1267 concederetur.

2307 1304 2439 1360 Can.
2455 1305 2559 1360 lste
2572 1305 2924 1374 philosophus
2937 1318 3046 1359 non
3065 1303 3170 1358 fuit
3190 1291 3567 1378 Evangelicus.
3593 1339 3666 1354 —-
3685 1311 3821 1368 Au.

2239 1395 2358 1452 Non
2413 1395 2537 1469 [fuit
2583 1393 2992 1466 Evangelicus],
3044 1396 3139 1451 sed
3185 1397 3511 1453 rhetoricus.
3559 1430 3633 1441 —-
3684 1401 3824 1457 Cn.

2240 1489 2352 1546 Cur
2391 1489 2660 1546 credimus
2691 1488 2784 1542 ei?
2810 1485 3034 1543 --Αωι⁸
3058 1487 3178 1544 illic
3229 1499 3450 1545 secutus
3489 1490 3618 1564 [est]
3667 1507 3823 1549 suam

2243 1587 2436 1635 artem.
2541 1651 2565 1656 Δ
2657 1653 2680 1656 η

2317 1651 2628 1738 ΟΑιιῘρἶ-ιίὁ
2657 1653 2734 1727 ad
2762 1670 2919 1727 hac?
2971 1663 3368 1742 Sequamur“et
3410 1687 3512 1730 nos
3543 1682 3812 1731 nostram.

2239 1793 2312 1805 —
2341 1764 2474 1818 Acs.
2523 1764 2763 1833 Sequere
2802 1779 2922 1834 qua:
2949 1764 3104 1829 velis,
3162 1779 3360 1835 sequar
3385 1773 3440 1821 te
3487 1774 3819 1838 sequentem.

2309 1853 2440 1911 CAR.
2467 1855 2653 1921 Qualis
2675 1855 2834 1911 debet
2859 1871 2980 1912 esse
3003 1856 3093 1911 illa
3123 1857 3398 1913 inductio?
3418 1889 3490 1900 --
3506 1858 3640 1916 Au.
3668 1860 3826 1916 Simi-

2239 1946 2306 2002 lis
2339 1962 2551 2015 semper
2595 1947 2646 2001 ei
2674 1947 2776 2012 rei,
2823 1947 2976 2017 cujus
3035 1964 3198 2004 causa
3247 1949 3542 2006 inducitur.
3572 1983 3647 1994 ——
3682 1951 3818 2007 Cu.

2238 2037 2320 2092 An
2348 2037 2544 2102 lucida,
2568 2052 2634 2089 an
2655 2036 2886 2091 obscura
2901 2037 3139 2093 ?—ALn.
3159 2039 3460 2096 Videndum
3476 2051 3561 2097 est
3582 2041 3830 2111 diligenti

2239 2143 2392 2194 cura,
2417 2135 2476 2182 ut
2500 2143 2604 2182 non
2627 2127 2891 2198 intelligat
2919 2130 3284 2198 adversarius,
3326 2147 3433 2200 quo
3453 2142 3700 2202 spectent
3725 2131 3830 2188 illa!

2239 2219 2428 2288 primae
2464 2217 2821 2283 inductiones,
2860 2227 2913 2273 et
2942 2220 3010 2275 ad
3038 2237 3203 2290 quem
3241 2221 3401 2277 tinem
3440 2224 3552 2278 sint
3595 2239 3830 2293 perven-

2240 2317 2405 2375 tum;
2440 2325 2563 2363 nam
2604 2311 2696 2379 qui
2743 2310 2941 2364 viderit
2969 2309 3125 2383 [Ms.,
3166 2312 3520 2388 videt],.[aut]
3563 2314 3827 2380 tacendo,

2243 2399 2380 2472 [aut]
2420 2401 2664 2471 negando
2686 2416 2793 2454 non
2819 2401 2948 2456 sinit
2975 2401 3186 2474 longius
3218 2403 3293 2458 ire
3315 2404 3826 2474 interrogationem.

2238 2523 2312 2535 —
2335 2493 2475 2547 CAR.-
2499 2493 2556 2547 Si
2587 2493 2784 2564 negat?
2807 2524 2878 2534 ——
2894 2494 3025 2549 Ann.
3059 2496 3402 2552 Ostendenda
3429 2506 3512 2552 est
3533 2497 3832 2554 similitudo

2241 2600 2424 2641 earum
2448 2602 2568 2656 quae
2613 2597 2737 2642 ante
2759 2603 3030 2644 concessae
3061 2604 3206 2644 sunt.
3250 2620 3323 2629 —
3346 2589 3480 2646 CAR.
3535 2590 3594 2645 Si
3651 2594 3832 2648 tacet?

2241 2706 2312 2717 -—
2346 2677 2479 2732 Acs.
2516 2676 2635 2732 Jam
2664 2677 2927 2734 elicienda
2952 2688 3037 2735 est
3062 2681 3371 2751 reSponsio,
3439 2689 3551 2748 aut,
3599 2685 3727 2753 quia
3749 2692 3830 2738 ta-

2241 2770 2525 2824 citurnitas
2553 2769 2796 2825 imitatur
2856 2772 3273 2840 confessionem,
3327 2773 3698 2832 concludenda
3744 2787 3830 2834 est

2241 2862 2658 2930 argumentatio,
2699 2863 2839 2918 sicut
2871 2863 2926 2918 in
2955 2866 3251 2920 concessis.

2311 2953 2445 3007 CAR.
2506 2953 2784 3021 Quomodo
2814 2970 2913 3027 per
2943 2957 3394 3013 ratiocinationem
3452 2958 3824 3014 conﬁrmanda

2165 3072 2214 3138 ο
2243 3055 2326 3100 est
2338 3047 2773 3138 argumentatio?
2792 3047 3004 3103 —ALB.
3027 3048 3116 3102 llla
3137 3047 3327 3122 [enim]
3343 3049 3408 3104 ﬁt
3424 3050 3812 3121 propositione,

2241 3138 2580 3207 probatione,
2625 3137 2754 3211 [vel]
2797 3141 3183 3211 assumptione,
3216 3141 3313 3214 [et]
3341 3143 3703 3200 conclusione.

2309 3227 2442 3283 Cm.
2486 3229 2736 3284 Planiora
2776 3230 2892 3285 haec
2943 3233 3193 3301 exemplo
3238 3233 3484 3303 quolibet
3533 3233 3713 3290 facito.
3757 3264 3828 3276 —

2238 3320 2373 3375 ALB.
2405 3318 2704 3389 Propositio
2733 3328 2839 3388 est,
2866 3330 2926 3377 ut
2960 3337 2976 3376 :
3021 3323 3212 3378 Melius
3234 3334 3560 3380 accurantur
3579 3324 3714 3398 [Al.,
3739 3342 3833 3382 ac-

2242 3410 2522 3483 curentur]
2570 3427 2691 3482 qute
2729 3413 2958 3468 consilio
3006 3427 3290 3483 geruntur,
3349 3433 3509 3487 quam
3557 3433 3676 3486 quae
3708 3417 3833 3472 sine

2241 3502 2468 3558 consilio
2515 3503 2988 3558 administrantur.
3016 3506 3337 3575 Approbatio
3363 3517 3443 3562 est
3468 3525 3481 3561 :
3510 3507 3715 3562 Domus
3741 3524 3830 3572 ea,

2240 3610 2363 3665 quae
2400 3595 2610 3650 ratione
2634 3603 2690 3649 et
2737 3597 2965 3652 consilio
2995 3598 3223 3668 regitur,
3255 3598 3503 3653 omnibus
3545 3599 3716 3652 rebus
3751 3611 3832 3653 est

2239 3685 2576 3751 instructior,
2600 3701 2760 3756 quam
2792 3686 2901 3760 [ea]
2934 3703 3054 3758 quae
3083 3690 3200 3744 sine
3241 3689 3465 3744 consilio
3514 3689 3833 3759 rationeque

2240 3777 2670 3833 administratur.
2723 3778 3022 3850 Assumptio
3067 3788 3152 3835 est
3191 3781 3271 3836 sic
3305 3800 3318 3835 :
3350 3780 3435 3835 Nil
3462 3781 3698 3837 omnium
3751 3796 3832 3836 re-

2240 3883 2362 3923 rum
2411 3867 2546 3941 [Al.,
2589 3868 2646 3923 in
2709 3871 2961 3925 omnibus
2993 3871 3177 3943 rebus]
3227 3872 3420 3927 melius
3464 3887 3622 3942 quam
3669 3888 3832 3927 mun-

2240 3958 2340 4012 dus
2383 3958 2814 4014 administratur.
2857 3960 2956 4016 Hic
3008 3961 3176 4017 altera
3207 3963 3458 4033 probatio
3504 3963 3828 4018 inducitur:

2239 4047 2375 4104 Nam
2421 4050 2699 4120 signorum
2727 4061 2882 4106 ortus
2905 4060 2962 4107 et
3000 4067 3242 4117 occasus,
3283 4063 3340 4108 et
3381 4052 3831 4124 annuzefrugum,

2239 4147 2566 4210 temporum,
2615 4150 2669 4196 et
2702 4142 2910 4197 dierum
2948 4145 3277 4199 mutationes
3317 4145 3450 4200 satis
3469 4145 3701 4199 mirabili
3741 4161 3835 4200 or-

2240 4228 2366 4285 dine
2399 4237 2454 4285 et
2495 4240 2645 4286 certa
2683 4231 3058 4289 vicissitudine
3088 4235 3469 4304 disponuntur,
3508 4250 3625 4306 qua
3665 4235 3832 4308 signa

2241 4332 2388 4388 sunt,
2450 4338 2647 4394 magno
2693 4326 2920 4381 consilio
2969 4327 3231 4382 mundum
3279 4328 3417 4400 regi.
3469 4328 3600 4383 Tum
3641 4339 3833 4386 autem

2166 4425 2220 4488 ι)
2244 4423 2555 4486 exspectata
2577 4416 2842 4472 conclusio
2863 4418 3183 4489 proferenda
3211 4428 3318 4485 est,
3341 4421 3444 4474 hoc
3463 4420 3650 4475 modo:
3669 4420 3834 4488 Quod

2244 4507 2290 4562 si
2317 4507 2506 4561 melius
2553 4517 2815 4578 geruntur
2841 4523 2905 4563 ea
2945 4524 3065 4579 quae
3101 4509 3330 4565 consilio
3355 4526 3517 4581 quam
3559 4526 3680 4581 quae
3709 4513 3835 4568 sine

2244 4597 2470 4653 consilio
2507 4599 2994 4666 administrantur;
3032 4599 3152 4672 [nil
3174 4609 3352 4656 autem
3374 4603 3611 4656 omnium
3643 4617 3833 4660 rerum

2242 4690 2434 4746 melius
2483 4690 2893 4746 administratur
2943 4671 3107 4760 quam
3156 4701 3305 4748 totus
3361 4693 3646 4766 mundus];
3687 4710 3832 4750 con-

2243 4780 2364 4835 silio
2393 4781 2556 4848 igitur
2579 4781 2812 4836 mundus
2834 4781 3246 4839 administratur
3268 4783 3401 4856 [AI.,
3435 4763 3666 4840 mundus
3692 4800 3834 4842 sane

2242 4871 2443 4940 optime
2468 4870 2720 4942 regitur].
2746 4870 2861 4926 Hoc
2898 4880 3277 4942 argumentum
3310 4874 3568 4930 adversus
3596 4888 3693 4929 eos
3739 4891 3836 4932 va-

2240 4962 2337 5027 let,
2369 4963 2460 5033 qui
2506 4963 2691 5017 dicunt
2712 4963 2972 5017 mundum
2997 4978 3126 5019 casu
3147 4966 3254 5036 agi,
3286 4982 3394 5022 non
3439 4967 3664 5024 consilio
3687 4970 3830 5041 regi.

2313 5054 2445 5108 Cm.
2503 5053 2642 5119 Quid
2665 5053 2882 5108 stultius
2903 5063 2988 5108 est
3015 5070 3177 5124 quam
3218 5055 3323 5111 hoc
3343 5058 3572 5126 putare?
3596 5087 3674 5100 —-
3689 5059 3834 5116 Au.

2243 5143 2448 5200 Stultus
2485 5142 2647 5198 stulta
2675 5144 2929 5208 aestimat,
2970 5145 3054 5200 cui
3085 5154 3268 5200 tamen
3289 5147 3445 5217 juxta
3477 5147 3836 5205 Salomonem

2241 5237 2668 5306 respondendum
2697 5245 2802 5301 est,
2861 5252 2931 5291 ne
2953 5237 3058 5292 sibi
3088 5239 3306 5308 sapiens
3341 5240 3606 5297 videatur.

2311 5327 2443 5383 (Lux.
2484 5327 2684 5382 Recolo
2714 5336 2788 5391 te,
2851 5330 3134 5399 magister,
3188 5331 3330 5386 inter
3354 5335 3616 5389 orationis
3641 5347 3838 5405 partes

2245 5420 2687 5492 reprehensionem
2718 5421 3058 5487 nominasse;
3107 5423 3201 5477 sed
3227 5433 3434 5479 tantam
3458 5424 3840 5481 conﬁrmatio—

2243 5529 2372 5567 num
2393 5511 2586 5566 seriem
2614 5509 2815 5574 audivi,
2845 5518 2906 5564 ut
2932 5512 3019 5565 vix
3047 5511 3294 5567 videatur
3318 5516 3695 5583 reprehensori
3733 5517 3840 5573 ali—

2244 5607 2364 5676 quis
2409 5602 2569 5673 325
2607 5602 2756 5657 locus
2786 5603 3025 5668 relictus,
3055 5621 3162 5674 quo
3197 5607 3368 5674 possit
3393 5608 3672 5664 inﬁrmare
3697 5624 3842 5666 con-

2245 5697 2516 5753 ﬁrmatam
2547 5693 2613 5748 iis
2642 5697 2973 5766 argumentis
3010 5711 3250 5756 causam.
3284 5729 3354 5741 —-
3385 5701 3521 5758 Au.
3554 5701 3824 5776 Relinqui
