4062 6346
255 317 363 372 937

1075 308 1545 367 DlDASCALlCA.
1582 336 1654 347 -
1691 302 1962 361 DlALOG.
2004 304 2093 359 ns
2130 300 2338 357 BHET.
2379 299 2467 356 ET
2504 298 2686 355 war.
3162 306 3171 313 ·
3412 286 3516 357 938

261 438 350 485 tur
378 424 429 481 ei
473 422 625 479 locus
658 421 999 489 inﬁrmandi;
1038 424 1132 478 sed
1178 438 1283 477 non
1327 437 1424 476 nos
1458 422 1525 476 de
1577 434 1639 473 ea
1684 420 1844 473 debe-
1870 422 1920 481 Α
1947 417 2170 472 -ΟΑιι.
2202 417 2315 473 lloc
2343 419 2576 474 maxime
2602 419 2762 472 velim
2806 417 2965 477 scire.
2991 418 3262 486 quomodo
3293 418 3346 473 id
3383 418 3522 477 effici

262 535 385 575 mus
432 517 697 571 laborare.
736 516 881 571 Pene
926 515 1104 570 omnis
1143 531 1310 569 causa
1358 514 1410 568 in
1447 513 1623 582 scipsa
1679 512 1844 566 habet

263 611 384 668 loca
407 607 761 664 conﬁrmandi
800 616 856 663 et
893 607 1010 663 loca
1044 604 1492 676 reprehendendi.

336 700 471 758 Cu.
514 694 820 768 Suspensus
847 713 966 753 sum
996 706 1173 751 tamen
1212 695 1341 766 quid
1370 693 1438 751 de
1463 708 1526 748 ea
1545 691 1680 747 velis
1707 691 1851 747 dioe-

268 808 349 848 re.
387 819 457 830 —
494 788 626 843 Acs.
655 787 867 853 Dicam,
896 794 952 842 et
974 786 1213 841 breviter
1247 785 1441 840 dicam.
1500 782 1849 853 Reprehensio

267 890 383 937 est.
415 894 515 950 per
542 893 706 947 quam
739 876 1162 949 argumentando
1189 875 1625 930 adversariorum
1650 872 1851 929 conﬁr-

268 972 440 1029 matio
482 977 576 1025 aut
620 968 947 1033 inﬁrmatur,
984 978 1079 1022 aut
1117 967 1344 1022 tollitur.
1401 966 1528 1021 Haec
1561 972 1739 1020 autem
1764 965 1857 1019 iis-

270 1064 396 1120 dem
424 1059 580 1133 [ng.,
613 1058 848 1131 hisdem]
873 1073 939 1114 ex
966 1058 1102 1113 locis
1126 1058 1387 1121 sumitur,
1428 1057 1625 1127 quibus
1649 1064 1705 1110 et
1727 1071 1857 1110 con-

271 1152 544 1216 ﬁrmatio;
598 1149 723 1219 quia
763 1148 943 1203 omnis
989 1162 1079 1202 res
1128 1145 1332 1219 [pene]
1361 1145 1504 1200 unde
1545 1145 1857 1200 confirmari

272 1251 470 1315 potest,
503 1241 628 1297 inde
649 1250 702 1295 et
732 1239 997 1298 inﬁrmari
1024 1246 1231 1309 potest;
1269 1238 1412 1309 quod
1438 1238 1518 1292 sic
1550 1237 1765 1301 evenit,
1811 1237 1858 1291 si

274 1346 369 1392 aut
397 1335 593 1405 falsum
623 1342 708 1389 est
729 1374 743 1398 ,
788 1332 954 1387 unde
993 1331 1334 1401 componitur
1370 1329 1709 1386 conﬁrmatio
1757 1330 1861 1383 hoc

272 1428 436 1484 modo
460 1443 473 1479 :
499 1423 617 1480 Non
638 1432 816 1494 potest
837 1422 1052 1493 sapiens
1081 1437 1222 1487 esse,
1248 1422 1339 1491 qui
1369 1421 1654 1492 pecuniam
1682 1418 1863 1489 negle-

276 1518 449 1583 xerit;
498 1516 652 1571 multi
691 1516 969 1584 sapientes
1007 1513 1292 1583 pecuniam
1331 1511 1706 1582 neglexerunt.
1754 1507 1863 1561 Aut

276 1614 548 1663 commune
573 1645 589 1672 ,
637 1605 781 1676 quod
818 1604 1171 1659 nihilominus
1210 1606 1279 1658 ab
1321 1600 1645 1657 adversariis
1686 1606 1864 1669 potest

273 1699 408 1761 dici,
438 1699 542 1753 hoc
570 1698 731 1752 modo
756 1713 771 1750 :
802 1695 1041 1761 Idcirco,
1081 1693 1292 1763 iudices
1310 1733 1324 1758 ,
1377 1692 1503 1762 quia
1529 1706 1713 1746 veram
1739 1706 1866 1745 cau-

1947 507 2138 577 possit.
2162 537 2234 547 —
2256 506 2386 562 ALn.
2420 508 2549 577 Ejus
2579 516 2845 578 przecepta
2873 508 3103 577 plurima
3145 517 3288 564 sunt.
3333 510 3521 587 [Alia],

1868 638 1875 645 ε
1948 601 1995 655 si
2022 601 2455 657 demonstramus
2477 642 2492 666 ,
2525 602 2669 657 illam
2709 617 2822 657 rem
2864 618 3025 673 quam
3055 604 3397 660 adversarius
3428 605 3524 661 de-

1950 691 2151 760 fendit,
2182 692 2287 748 diis
2317 694 2728 761 immortalibus,
2753 696 3166 765 sapientissimis
3196 697 3522 763 hominibus,

1950 784 2182 849 senatui,
2213 784 2358 839 omni
2386 784 2581 853 populo
2610 785 2882 855 indignam
2920 787 3113 841 videri.
3176 786 3329 852 ltem,
3360 788 3404 842 si
3434 788 3525 844 de-

1953 884 2318 930 monstramus
2346 875 2644 931 adversarii
2679 876 2782 931 alia
2826 876 2970 933 facta
2998 878 3234 933 crudelia
3254 919 3269 943 ,
3308 878 3525 947 injusta,

1955 984 2121 1025 avara
2142 1010 2158 1035 ,
2190 969 2501 1035 inhonesta,
2542 971 2903 1026 contumacia.
2943 970 3098 1035 ltem,
3129 972 3175 1026 si
3205 980 3528 1026 transactam

1957 1058 2073 1128 ejus
2094 1061 2260 1114 vitam
2296 1075 2583 1129 moresque
2612 1060 2995 1130 improbanius.
3048 1063 3213 1125 ltem,
3241 1062 3370 1131 quid
3406 1059 3531 1116 mali

1957 1152 2029 1206 sit
2055 1150 2311 1215 futurum,
2341 1152 2385 1206 si
2411 1167 2515 1207 non
2541 1152 2816 1221 puniatur.
2852 1152 3005 1216 ltem,
3036 1152 3340 1209 voluntario
3368 1153 3533 1208 male-

1958 1243 2082 1297 ficio
2130 1241 2213 1297 vel
2253 1243 2567 1297 inconsueto
2608 1243 2821 1298 veniam
2868 1257 2973 1296 non
3018 1244 3213 1297 debere
3252 1243 3369 1297 dari
3400 1242 3532 1315 [AI.,

1960 1350 2068 1389 non
2097 1332 2329 1406 deberi].
2370 1334 2504 1389 ltem
2530 1375 2545 1399 ,
2584 1335 2629 1390 si
2668 1336 2973 1405 superbiam
3019 1336 3138 1405 ejus
3161 1336 3246 1391 vel
3274 1352 3534 1405 arrogan-

1963 1428 2095 1481 tiam
2120 1425 2474 1481 ostendimus.
2510 1426 2673 1493 ltem,
2718 1435 2776 1481 ut
2814 1428 2880 1483 de
2906 1442 2964 1483 se
2990 1428 3107 1497 ipso
3126 1425 3290 1495 judcx
3319 1429 3537 1498 cogitet,

1963 1517 2051 1571 vel
2076 1518 2142 1573 de
2165 1519 2278 1573 suis
2305 1519 2518 1584 charis,
2558 1520 2604 1575 si
2637 1520 2765 1591 quid
2799 1520 2903 1575 tale
2929 1522 3007 1575 eis
3038 1521 3345 1576 accidisset.
3384 1520 3538 1585 ltem,

1965 1609 2164 1663 multos
2187 1609 2395 1665 alacres
2422 1619 2757 1679 exspectare,
2786 1611 2915 1682 quid
2939 1620 3209 1666 statuatur
3240 1612 3340 1665 hac
3371 1610 3436 1666 de
3461 1626 3540 1676 re,

1964 1707 2028 1753 ut
2051 1714 2117 1753 ex
2142 1714 2207 1754 eo
2236 1701 2379 1769 quod
2421 1700 2549 1755 huic
2590 1715 2908 1755 concessum
2935 1702 3036 1769 sit,
3075 1703 3177 1758 sibi
3207 1717 3420 1775 quoque
3450 1701 3544 1755 tali

275 1806 394 1847 sam
421 1788 711 1853 habebam,
757 1786 998 1842 breviter
1038 1784 1311 1855 peroravi.
1367 1783 1473 1838 Aut
1515 1782 1622 1837 leve
1649 1792 1729 1837 est
1755 1800 1768 1837 :
1803 1780 1862 1837 Si
1892 1777 1941 1839 Β
1966 1790 2032 1844 de
2060 1804 2119 1844 re
2145 1789 2273 1858 quid
2304 1789 2489 1854 liceat,
2524 1790 2821 1861 intelligere
2848 1792 3076 1861 possint.
3117 1791 3269 1855 ltem,
3302 1792 3546 1862 indigna-

275 1884 333 1939 in
362 1890 601 1937 mentem
627 1895 733 1935 non
752 1880 1008 1944 venisset,
1023 1892 1131 1933 non
1153 1876 1536 1933 commisisset.
1570 1875 1678 1929 Aut
1696 1892 1865 1929 remo-

274 1985 389 2029 tum
419 1982 475 2027 et
500 1971 713 2043 longius
735 1970 922 2041 incipit
947 1984 1108 2040 quam
1135 1969 1269 2023 satis
1297 1975 1380 2023 est
1424 1985 1435 2021 :
1483 1966 1542 2021 Si
1569 1965 1750 2035 Scipio
1775 1965 1866 2020 Ti-

275 2064 434 2121 berio
460 2062 705 2117 Graccho
743 2060 907 2115 ﬁliam
941 2076 1093 2114 suam
1135 2059 1441 2114 Corneliam
1471 2074 1578 2112 non
1608 2058 1862 2123 dedisset,

280 2156 401 2210 haec
427 2152 619 2208 seditio
643 2167 674 2205 a
704 2150 830 2206 ﬁliis
874 2166 1062 2205 eorum
1095 2150 1147 2204 in
1172 2150 1370 2220 populo
1400 2164 1506 2203 non
1534 2147 1818 2203 accidisset
1847 2161 1862 2201 :

281 2258 453 2316 quare
479 2242 719 2312 Scipioni
746 2242 851 2297 hoc
878 2241 1079 2296 malum
1109 2240 1481 2310 imputandum
1520 2238 1674 2311 [Ms.,
1703 2239 1866 2307 depu-

282 2334 531 2407 tandum]
558 2342 661 2390 est.
685 2335 796 2387 Aut
822 2333 1078 2403 offensum
1106 2331 1229 2404 [est,
1259 2331 1311 2385 id
1334 2328 1461 2402 est],
1494 2331 1636 2400 quod
1656 2344 1864 2395 eorum,

282 2429 379 2499 qui
410 2427 672 2493 audiunt,
718 2425 867 2481 laedit
886 2424 1245 2488 voluntatem,
1278 2430 1338 2481 ut
1360 2463 1375 2489 ,
1422 2422 1467 2477 si
1496 2429 1621 2476 ante
1644 2435 1868 2475 avarum

283 2517 428 2575 forte
474 2532 696 2574 accuses
741 2517 983 2587 pecunia:
1022 2531 1281 2571 amorem.
1338 2513 1448 2569 Aut
1482 2513 1867 2579 adversarium,

286 2610 369 2685 [id
394 2610 499 2682 est]
542 2609 686 2680 quod
721 2617 826 2664 tuae
871 2624 1050 2664 causae
1088 2607 1275 2676 oﬁicit,
1326 2615 1404 2674 ut,
1449 2606 1492 2663 si
1517 2606 1720 2664 milites
1747 2613 1869 2660 tuos

284 2701 497 2757 hortari
523 2700 750 2764 debeas,
784 2698 967 2768 copias
994 2698 1231 2754 hostium
1268 2706 1323 2753 et
1355 2696 1726 2752 fortitudinem
1753 2696 1871 2750 lau-

287 2793 405 2850 des.
444 2792 597 2856 ltem,
635 2790 939 2862 complexio
967 2790 1398 2861 reprehenditur,
1432 2790 1477 2845 si
1508 2788 1746 2845 converti
1776 2801 1872 2857 po-

289 2889 435 2946 test,
473 2883 578 2937 hoc
624 2882 822 2937 modo:
874 2880 931 2936 Si
960 2889 1194 2945 veretur,
1244 2895 1354 2935 non
1393 2888 1479 2935 est
1515 2877 1868 2941 accusandus,

288 2975 423 3046 quia
474 2977 676 3046 probus
714 2982 825 3039 est;
855 2974 901 3029 si
929 2972 1103 3046 [vero]
1134 2989 1240 3028 non
1283 2981 1521 3038 veretur,
1566 2971 1668 3028 scit
1696 2986 1754 3025 se
1788 2970 1872 3023 in-

287 3076 577 3125 nocentem
626 3082 745 3122 esse
772 3107 786 3133 ,
818 3076 872 3121 et
912 3064 1032 3119 ideo
1077 3079 1185 3119 non
1228 3071 1312 3118 est
1338 3062 1691 3118 accusandus.
1749 3059 1867 3124 llic,

288 3160 469 3215 vereri
491 3172 613 3214 eum
657 3159 770 3214 sive
809 3174 917 3213 non
944 3157 1122 3213 vereri
1150 3157 1326 3221 dicas,
1364 3157 1469 3211 hoc
1494 3163 1647 3225 putat
1679 3170 1872 3209 conce-
1898 3134 1943 3196 (ἶ

288 3250 551 3314 dendum,
593 3256 653 3303 ut
697 3256 1077 3319 negetseesse
1118 3248 1480 3303 accusandum
1530 3244 1680 3318 [Ms.,
1711 3260 1873 3316 neges

287 3357 414 3401 esse
435 3342 856 3415 accusandum];
905 3343 1048 3412 quod
1077 3342 1428 3396 conversione
1460 3340 1537 3395 sic
1574 3338 1871 3409 reprehen-

289 3436 479 3492 ditur:
511 3434 625 3490 lmo
663 3435 999 3491 accusandus
1044 3443 1157 3498 est;
1191 3434 1237 3488 si
1265 3441 1513 3496 veretur,
1561 3439 1791 3487 testatur
1816 3446 1873 3485 se

292 3527 641 3581 innocentem
685 3540 793 3580 non
838 3540 997 3579 esse:
1029 3524 1073 3578 si
1100 3539 1230 3580 vero
1255 3539 1361 3578 non
1396 3532 1635 3586 veretur,
1673 3523 1875 3592 probus

290 3634 406 3674 non
428 3628 531 3681 est,
560 3625 615 3671 et
644 3616 765 3671 ideo
786 3613 1120 3670 accusandus
1140 3622 1241 3669 est.
1281 3613 1413 3668 Item
1432 3611 1769 3669 enumeratio
1794 3625 1878 3665 re-

290 3708 672 3781 prehenditur,
709 3707 754 3761 si
780 3706 1090 3776 praeteritur
1128 3705 1384 3775 quiddam
1421 3706 1477 3759 in
1513 3703 1876 3759 enumeratio-

292 3816 388 3865 ne,
418 3800 520 3854 hoc
546 3798 740 3853 modo:
766 3797 905 3865 Quia
936 3798 1105 3852 habes
1131 3812 1329 3866 equum
1358 3796 1541 3861 istum,
1572 3802 1666 3848 aut
1699 3794 1877 3848 emisti

291 3905 444 3954 eum,
475 3898 569 3944 aut
594 3889 906 3944 haereditate
949 3888 1048 3944 tibi
1096 3889 1297 3949 evenit,
1346 3895 1440 3941 aut
1472 3900 1696 3941 munere
1723 3885 1879 3939 datus

294 3983 397 4039 tibi
439 3990 523 4037 est
561 3980 675 4053 [aut
713 3980 857 4036 domi
892 3987 1054 4036 natus
1086 3978 1214 4051 est].
1269 3977 1411 4043 Aut,
1448 3977 1493 4032 si
1521 3978 1715 4031 horum
1748 3974 1881 4029 nihil

293 4082 412 4138 est,
465 4072 797 4143 subripueris
824 4087 949 4126 eum
979 4085 1199 4127 necesse
1238 4077 1341 4124 est.
1404 4067 1559 4135 Quod
1588 4067 1691 4123 hoc
1720 4067 1881 4121 modo

295 4163 738 4233 reprehenditur,
786 4164 834 4219 si
889 4164 988 4219 1ici
1013 4170 1188 4234 potest
1211 4177 1278 4217 ex
1310 4161 1558 4217 hostibus
1590 4175 1711 4215 esse
1748 4173 1879 4228 cap-

298 4264 440 4309 tum.
481 4252 579 4308 llis
622 4262 676 4309 et
720 4253 841 4309 aliis
874 4254 1060 4308 multis
1097 4252 1271 4307 modis
1312 4250 1632 4321 reprehendi
1657 4257 1883 4319 possunt

299 4343 800 4414 argumentationes
824 4383 839 4410 ,
880 4343 972 4412 qui
1019 4357 1230 4397 summo
1271 4341 1448 4396 studio
1489 4340 1712 4395 cavendi
1757 4346 1885 4394 sunt

296 4435 508 4493 oratori
550 4434 755 4505 magis,
802 4449 965 4503 quam
993 4433 1122 4489 mihi
1142 4474 1156 4499 ,
1186 4442 1407 4503 propter
1431 4432 1752 4487 brevitatem
1782 4446 1880 4485 ex-

299 4527 581 4600 planandi.

374 4616 510 4672 Caa.
562 4618 747 4673 Restat
794 4617 1056 4674 conclusio
1103 4618 1249 4683 sola,
1302 4634 1465 4688 quam
1513 4633 1608 4673 sex
1650 4619 1884 4689 partium

302 4710 571 4765 orationis
599 4711 829 4781 posuisti
856 4719 1154 4767 extremam
1174 4752 1190 4776 ,
1233 4711 1298 4765 de
1328 4727 1432 4780 qua
1461 4712 1595 4766 ordo
1622 4711 1883 4780 postulat,

303 4810 370 4854 ut
404 4800 572 4856 dicas.
595 4830 667 4861 -_-
684 4800 817 4856 Acs.
842 4798 1121 4856 Conclusio
1152 4810 1237 4856 est
1270 4801 1443 4857 exitus
1478 4809 1535 4856 et
1554 4802 1884 4856 determina-

307 4891 387 4945 tio
413 4891 578 4945 totius
600 4906 797 4947 causae.
823 4921 895 4931 —
914 4890 1046 4947 Cu.
1079 4891 1221 4959 Quot
1244 4893 1408 4948 habet
1427 4893 1641 4962 partes?
1662 4924 1734 4933 -—
1752 4893 1881 4949 Ars.

308 4978 470 5037 Tres.
507 4980 1003 5046 Enumerationem,
1036 4981 1486 5051 indignationem,
1532 4982 1889 5053 conquaastio-

309 5086 459 5126 nem.
479 5100 553 5114 —
572 5070 702 5127 Cm.
735 5073 1087 5127 Enumeratio
1116 5072 1477 5128 conclusionis
1517 5089 1637 5144 quae
1666 5074 1790 5128 est?
1818 5103 1890 5113 —

309 5166 447 5222 Au.
479 5165 820 5220 Enumeratio
851 5166 1216 5221 conclusionis
1244 5173 1348 5232 est,
1375 5181 1474 5237 per
1500 5182 1660 5237 quam
1687 5180 1776 5220 res
1804 5165 1889 5219 di-

307 5272 514 5330 spersae
561 5258 616 5311 in
666 5273 834 5313 unum
874 5257 1054 5313 locum
1095 5265 1379 5327 coguntur,
1415 5266 1470 5312 et
1508 5255 1892 5312 reminiscendi

305 5365 479 5407 causa
518 5365 685 5404 unum
727 5350 826 5405 sub
867 5358 1145 5419 aspectum
1184 5348 1342 5404 simul
1376 5349 1757 5419 subjiciuntur,
1789 5348 1894 5404 hoc

300 5440 475 5500 modo
500 5458 514 5495 :
546 5440 813 5507 Quidnam
841 5440 1072 5511 amplius
1095 5439 1434 5506 desideratis,
1464 5455 1497 5495 o
1515 5440 1744 5511 judices,
1769 5456 1892 5496 cum

301 5532 468 5590 vobis
489 5533 594 5587 hoc
618 5540 674 5587 et
702 5534 807 5588 hoc
824 5532 970 5599 dixi;
1008 5533 1114 5588 hoc
1134 5541 1190 5587 et
1209 5533 1314 5588 hoc
1334 5532 1554 5603 planum
1581 5531 1717 5588 feci?

378 5624 517 5680 αλιι.
547 5623 687 5691 Quid
704 5623 867 5680 eﬁieit
886 5608 1216 5695 indignatio?
1242 5654 1313 5665 —
1335 5624 1467 5682 Au.
1501 5624 1694 5681 Odium
1720 5624 1776 5680 in
1800 5626 1894 5681 ad-

300 5717 617 5793 versarium
637 5726 694 5774 et
714 5716 895 5789 [Μαίη
914 5717 1021 5790 vel]
1045 5717 1393 5777 offensionem
1428 5718 1482 5778 in
1509 5718 1627 5793 ejus
1646 5734 1889 5778 causam.

676 5808 954 5877 ΡΑι-ιιοι..
999 5806 1101 5873 CI.

1962 1895 2085 1933 mur
2105 1887 2335 1944 tetrum,
2381 1879 2628 1943 crudele,
2675 1881 2971 1945 nefarium,
3003 1882 3346 1953 tyrannicum
3372 1881 3548 1938 scelus

1963 1984 2069 2025 non
2094 1970 2316 2036 ulcisci;
2355 1972 2500 2042 quod
2518 1979 2786 2028 remotum
2809 1974 2881 2028 sit
2908 1974 2976 2028 ab
2995 1973 3143 2027 omni
3165 1972 3281 2044 lege
3308 1979 3365 2026 et
3383 1972 3548 2041 aequi-

1914 2094 1919 2095 ν
1965 2069 2108 2126 tate,
2155 2061 2260 2116 tale
2292 2060 2492 2117 factum
2519 2078 2627 2117 non
2662 2063 2947 2120 vindicari.
2998 2064 3163 2130 Item,
3209 2064 3265 2118 in
3300 2079 3422 2119 eum
3453 2064 3547 2134 qui

1964 2150 2184 2206 laederet
2214 2150 2395 2223 [Mss.,
2422 2152 2473 2206 in
2510 2168 2605 2209 eos
2628 2194 2641 2218 ,
2673 2154 2764 2223 qui
2795 2153 3012 2226 laedere]
3042 2155 3206 2220 alios,
3237 2170 3337 2210 nec
3359 2171 3418 2211 se
3452 2156 3545 2209 de-

1965 2237 2185 2293 fendere
2212 2247 2522 2310 potuerunt,
2556 2242 2846 2296 crudeliter
2891 2242 3035 2297 facta
3081 2244 3350 2309 dicemus,
3397 2253 3457 2298 ut
3490 2245 3546 2299 in

1964 2346 2182 2401 pueros,
2214 2332 2491 2398 mulieres,
2524 2348 2702 2398 senes,
2737 2334 3001 2390 infirmos.
3042 2336 3196 2402 ltem,
3231 2337 3286 2391 in
3307 2337 3547 2407 peregri-

1967 2436 2085 2487 nos,
2112 2422 2167 2476 in
2188 2422 2445 2492 hospites,
2479 2424 2534 2477 in
2560 2425 2798 2490 vicinos,
2830 2427 2885 2480 in
2913 2427 3117 2482 amicos
3144 2428 3347 2482 atrocia
3374 2436 3545 2499 gesta.

1967 2511 2123 2576 ltem,
2148 2521 2208 2567 ut
2229 2512 2395 2583 judex
2416 2514 2629 2579 videat,
2671 2514 2717 2569 si
2750 2515 2864 2585 ipse
2888 2514 3195 2570 interfuerit
3220 2531 3281 2570 ac
3308 2530 3547 2587 pnesens

1968 2604 2181 2659 viderit.
2223 2603 2380 2670 ltem,
2414 2606 2458 2660 si
2486 2606 2695 2661 ostendi
2718 2614 2897 2676 potest
2921 2607 2988 2661 ab
3015 2622 3080 2662 eo
3103 2605 3334 2671 factum,
3380 2622 3412 2660 a
3440 2623 3549 2677 quo

1969 2695 2189 2749 minime
2210 2697 2540 2766 Oportuerit,
2586 2706 2639 2752 et
2665 2713 2696 2751 a
2726 2713 2854 2768 quo,
2886 2698 2931 2752 si
2962 2698 3099 2752 alius
3128 2696 3339 2764 fecerit,
3367 2697 3555 2766 prohi-

1969 2789 2085 2844 beri
2111 2789 2440 2844 conveniret.
2484 2788 2579 2843 llis
2624 2799 2678 2844 et
2725 2791 2846 2845 aliis
2883 2790 3047 2861 326
3081 2790 3327 2861 pluribus
3354 2788 3551 2854 modis,

1970 2890 2130 2951 prout
2171 2898 2229 2936 se
2254 2897 2441 2947 causa,
2473 2882 2645 2947 locus,
2678 2890 2892 2952 tempus
2918 2898 3266 2952 personaeque
3298 2881 3551 2948 aﬂ'erunt,

1972 2971 2393 3042 indignationem
2431 2973 2518 3049 vel
2546 2973 2894 3029 offensionem
2937 2973 2992 3027 in
3021 2974 3394 3028 adversarium
3418 2989 3554 3028 con-

1974 3064 2143 3119 citare
2190 3064 2373 3121 debes.
2410 3095 2484 3106 —
2520 3065 2654 3121 Cu.
2696 3066 2839 3122 Bene
2894 3066 3132 3137 intelligo
3176 3067 3242 3121 de
3291 3065 3554 3134 ejusmodi

1975 3155 2221 3209 oratione
2249 3170 2408 3225 posse
2433 3157 2644 3211 animos
2673 3156 3005 3212 audientium
3036 3158 3102 3212 ad
3135 3157 3558 3226 indignationem

1975 3248 2239 3319 instigari.
2272 3278 2342 3288 -—
2366 3248 2499 3305 Anu.
2528 3249 2664 3304 Nam
2689 3256 2749 3305 ut
2770 3250 2903 3315 dixi,
2929 3265 2998 3304 ex
3019 3249 3104 3305 his
3133 3249 3560 3321 argumentatio-

1974 3341 2151 3404 nibus,
2176 3357 2296 3411 qua:
2317 3358 2381 3397 ex
2412 3344 2659 3412 personis
2691 3351 2746 3398 et
2784 3358 2851 3398 ex
2877 3344 3109 3413 negotiis
3137 3344 3409 3408 eveniunt,
3442 3358 3558 3399 am-

1973 3431 2330 3501 pliﬂcationes
2357 3441 2413 3488 et
2437 3434 2829 3505 indignationes
2863 3435 3013 3490 nasci
3035 3442 3279 3504 possunt.

2046 3566 2177 3621 ΟΑιι.
2218 3567 2471 3634 Possunt,
2496 3576 2555 3622 ut
2578 3578 2786 3625 eertum
2812 3577 2987 3624 teneo.
3043 3569 3149 3625 Sed
3178 3568 3306 3638 quid
3332 3568 3404 3623 sit
3430 3584 3561 3624 con~

1977 3656 2208 3724 questio,
2237 3665 2291 3711 et
2314 3657 2443 3726 quid
2465 3658 2691 3724 efﬁciat,
2732 3667 2789 3713 et
2816 3660 3083 3730 quomodo
3113 3660 3183 3714 sit
3205 3659 3555 3731 perﬁcienda,

1978 3746 2196 3803 edicito.
2219 3778 2290 3787 —
2311 3747 2441 3802 Ana.
2476 3748 2789 3820 Conquestio
2815 3759 2897 3804 est
2923 3752 3096 3806 oratio
3128 3752 3434 3806 auditorum
3458 3752 3560 3807 mi-

1979 3840 2329 3895 sericordiam
2365 3851 2606 3909 captans.
2665 3842 2721 3896 In
2755 3842 2858 3897 hac
2884 3842 3118 3913 primum
3145 3844 3384 3897 animum
3410 3843 3561 3897 audi-

1980 3933 2114 3987 toris
2144 3933 2329 3986 mitem
2358 3948 2421 3988 ac
2444 3934 2849 3989 misericordem
2881 3934 3146 3991 conﬁcere
3179 3942 3411 4006 oportet,
3440 3952 3560 4005 qua:

1981 4024 2164 4079 multis
2194 4025 2370 4080 modis
2394 4025 2472 4089 ﬁt,
2512 4033 2572 4079 ut
2608 4041 2729 4095 qua:
2753 4027 3032 4081 commoda
3055 4026 3381 4097 perdiderit,
3423 4035 3475 4079 et
3507 4026 3560 4079 in

1982 4117 2178 4186 quibus
2200 4118 2556 4173 incommodis
2580 4118 2687 4173 sit:
2722 4127 2782 4171 ut
2805 4118 2859 4171 in
2890 4108 3065 4173 morte
3097 4117 3190 4171 filii
3217 4132 3388 4182 amor,
3415 4131 3560 4187 spes,

1983 4208 2273 4273 solatium,
2313 4209 2580 4263 educatio.
2640 4208 2800 4274 ltem,
2853 4218 3054 4279 quanta
3095 4211 3234 4265 bona
3272 4209 3486 4265 fecisset
3511 4210 3563 4265 ei

1983 4299 2076 4369 qui
2104 4308 2252 4354 tanta
2275 4299 2417 4353 mala
2446 4298 2573 4354 fecit
2597 4298 2778 4371 [Mss.,
2806 4300 3047 4373 fecisset]
3073 4301 3196 4356 sibi.
3221 4300 3376 4366 ltem,
3402 4317 3563 4370 quam

1985 4396 2171 4458 turpes
2195 4403 2284 4443 res
2313 4397 2368 4443 et
2405 4388 2696 4445 illiberales
2740 4390 3082 4445 adversarius
3119 4389 3343 4460 profert.
3406 4391 3561 4457 ltem,

1909 4490 1961 4550 υ
1985 4495 2148 4551 quam
2175 4480 2432 4535 miserum
2455 4481 2608 4536 vobis
2634 4482 2931 4547 videretur,
2966 4497 3000 4537 ο
3018 4479 3231 4551 judices
3249 4524 3263 4548 ,
3294 4483 3339 4537 si
3363 4482 3567 4539 adfuis-

1988 4574 2137 4630 setis.
2176 4573 2329 4640 ltem,
2366 4574 2493 4629 dum
2520 4575 2660 4630 bona
2686 4577 2917 4646 speravi,
2948 4585 3214 4632 venerunt
3238 4577 3372 4632 mihi
3399 4578 3561 4632 mala.

1986 4663 2119 4719 Item
2144 4665 2347 4735 inopia,
2378 4665 2682 4729 inﬁrmitas,
2714 4665 3003 4722 infelicitas
3027 4666 3207 4739 [Mss.,
3235 4667 3569 4724 inﬁrmitatis

1987 4753 2297 4827 infelicitas]
2339 4757 2706 4824 conqueritur.
2764 4756 2931 4823 ltem,
2977 4755 3264 4825 disjunctio
3304 4760 3567 4829 parentis,

1988 4844 2105 4909 ﬁlii,
2130 4845 2324 4910 amici,
2361 4843 2546 4900 fratris
2563 4885 2577 4909 ,
2624 4846 2809 4901 uxoris
2835 4853 2892 4901 et
2916 4848 3160 4902 suavium
3190 4863 3567 4919 personarum.

1987 4938 2141 5003 ltem,
2174 4940 2317 5008 quod
2340 4939 2479 4992 male
2507 4946 2765 4993 tractetur
2790 4940 2857 4993 ab
2879 4940 2959 4995 eis
2975 4980 2989 5006 ,
3034 4957 3063 4994 a
3086 4941 3282 5011 quibus
3306 4956 3413 4997 non
3441 4957 3573 4998 con-

1990 5032 2193 5095 veniat,
2218 5031 2435 5094 amicis,
2459 5030 2649 5084 servis.
2691 5029 2845 5095 ltem,
2875 5047 3035 5101 quam
3063 5032 3372 5088 misericors
3392 5046 3570 5087 essent

1992 5125 2046 5179 in
2072 5124 2241 5179 illum.
2300 5122 2433 5177 Nam
2465 5122 2705 5192 gravitas
2744 5131 2800 5177 et
2840 5125 3132 5180 auctoritas
3160 5123 3427 5179 sermonis
3449 5122 3573 5191 plus

1992 5221 2252 5285 provocat
2310 5211 2490 5284 [Mss.,
2536 5211 2769 5284 proﬁcit]
2812 5229 2952 5283 szepe
3003 5214 3072 5270 ad
3118 5213 3570 5276 misericordiam,

1995 5322 2160 5377 quam
2183 5304 2458 5360 humilitas
2480 5312 2537 5360 et
2564 5305 2887 5361 obsecratio.
2928 5306 3033 5361 Sed
3062 5322 3205 5361 nunc
3244 5303 3475 5377 [habes]
3506 5305 3575 5363 de

1995 5398 2171 5469 prima
2200 5405 2256 5452 et
2281 5397 2516 5452 maxima
2542 5405 2698 5467 parte
2727 5398 3011 5453 rhetoricae
3053 5397 3208 5463 artis,
3251 5395 3306 5451 id
3330 5404 3442 5462 est,
3490 5399 3578 5450 ln-

1995 5490 2249 5545 ventione.
2288 5488 2408 5545 1am
2438 5498 2777 5545 transeamus
2802 5489 2869 5545 ad
2899 5489 3036 5544 alias
3058 5496 3259 5559 partes.

2067 5623 2199 5678 CAR.
2243 5622 2627 5679 Transeamus.
2670 5621 2777 5678 Sed
2815 5624 3051 5693 primum
3092 5621 3179 5678 dic
3219 5636 3340 5692 quae
3386 5619 3569 5694 [Mss.,
3652 5596 3657 5601 ⁴

1996 5717 2148 5791 quid]
2179 5717 2252 5774 sit
2270 5718 2564 5791 sophistica
2586 5716 2907 5774 locutio‘l—
2924 5713 3055 5771 Au.
3090 5715 3149 5773 Si
3181 5730 3267 5772 me
3295 5714 3430 5772 alius
3452 5715 3574 5799 quis

3132 5807 3212 5875 30

3714 5798 3748 5833 τ
