4062 6346
557 270 663 331 939

1410 264 1471 318 Β.
1508 263 1571 319 F.
1605 261 1834 319 ALBlNI
1867 260 2310 321 SEU-ALCUINI
2351 260 2633 318 OPERUM
2652 259 2835 319 PARS
2857 260 2965 317 VII.

3712 266 3823 327 940

561 383 628 438 de
654 377 837 436 schola
877 375 1067 448 palatii
1094 374 1174 430 tui
1217 373 1644 451 interrogasset,
1694 372 1921 429 forsitan
1952 371 2133 447 [Mss.,
2162 382 2216 443 Α
2241 373 2359 429 sine
2387 376 2654 446 ambiguo,
2691 391 2809 431 .non
2836 376 2997 432 nimis
3032 376 3220 449 procul
3242 377 3419 439 ductis
3443 360 3820 445 translationi-

557 469 768 543 forsan]
797 467 1155 525 ostendissem
1175 464 1244 520 ei.
1650 549 1672 554 κ
1690 544 1781 563 “ﬂ

628 561 764 617 Cn.
801 557 912 615 Cur
957 556 1113 612 alteri
1163 562 1219 610 et
1260 568 1365 610 non
1393 554 1667 610 mihi?An
1694 554 1900 611 invides
1932 563 1994 611 ut
2035 556 2142 612 hoc

560 654 731 711 sciam
750 648 935 724 (Msa,
960 648 1168 704 invides
1188 662 1277 703 me
1305 645 1465 719 scire]
1483 648 1506 701 ?
1524 679 1594 687 —
1607 646 1736 703 Aw.
1756 646 1877 704 Non
1904 648 2137 718 invideo,

557 746 656 802 sed
704 755 868 815 parco
920 747 977 795 et
1018 736 1492 795 bonam—Cia.
1534 736 1652 792 Non
1682 738 1836 793 video
1875 738 2138 794 honorem

558 837 693 894 mihi
723 848 861 899 esse,
891 836 1018 889 dum
1046 833 1374 902 interrogata
1405 844 1587 902 negas.
1612 861 1683 871 —
1702 832 1833 887 Aw.
1858 832 2013 887 Licet
2038 832 2139 887 mi-

558 936 613 990 bi
662 934 999 1000 interrogare
1032 927 1213 982 te?—
1238 926 1371 981 CAR.
1408 925 1519 981 Cur
1550 925 1690 980 non?
1742 925 1877 981 Nam
1904 926 2134 980 interro-

556 1043 684 1103 gare
712 1026 982 1101 sapienter
1025 1031 1108 1079 est
1134 1018 1365 1077 dooere:
1397 1028 1453 1075 et
1496 1020 1541 1075 si
1578 1019 1714 1074 alter
1745 1020 1816 1073 sit
1845 1021 1934 1091 qui
1970 1019 2136 1076 inter-

557 1128 729 1194 rogat,
769 1118 906 1173 alter
952 1116 1045 1187 qui
1096 1116 1275 1179 docet,
1329 1128 1396 1167 ex
1445 1127 1553 1167 uno
1589 1121 1808 1179 tamen,
1862 1111 1989 1185 [hoc
2027 1110 2132 1192 est]

558 1209 836 1284 sapientiae
878 1207 1025 1262 fonte
1066 1206 1348 1276 utriusque
1389 1219 1580 1258 sensus
1622 1204 1885 1275 procedit.
1910 1203 2132 1261 —ALn.

470 1365 481 1377 ,
553 1306 730 1361 Etiam
762 1300 1025 1375 procedit.
1068 1299 1136 1353 Et
1162 1297 1206 1351 si
1234 1296 1369 1352 alter
1388 1303 1491 1360 est,
1516 1294 1607 1364 qui
1634 1295 1964 1366 interrogat,
1997 1296 2135 1350 alter

555 1398 645 1471 qui
691 1392 1012 1465 respondeat
1058 1389 1240 1465 [Mss.,
1266 1386 1615 1463 respondet],
1659 1395 1789 1445 tunc
1826 1395 1879 1441 tu
1916 1388 2132 1458 quidem

554 1505 661 1545 non
687 1504 748 1544 es
775 1487 919 1541 idem
946 1482 1039 1556 qui
1068 1482 1375 1553 interrogas
1402 1480 1543 1550 quod
1567 1494 1665 1552 ego
1690 1479 1781 1549 qui
1806 1480 2128 1550 respondeo.

551 1613 622 1623 ——
643 1580 776 1637 CAR.
807 1576 1159 1653 Nequaquam
1185 1573 1347 1629 idem.
1372 1602 1443 1612 —-
1461 1570 1591 1627 ALB.
1620 1570 1759 1645 Quid
1790 1571 1883 1627 tu?
1901 1603 1972 1613 -——
1995 1572 2127 1629 CAR.

551 1676 664 1746 Ego
689 1673 868 1728 homo.
891 1699 963 1710 -—-
986 1666 1120 1722 ALB.
1158 1666 1322 1721 Vides
1352 1665 1618 1735 quomodo
1650 1671 1707 1721 tu
1734 1679 1819 1719 me
1842 1664 2128 1720 conclude-

551 1782 611 1822 re
636 1763 828 1839 potes?
854 1792 925 1803 —
953 1759 1089 1817 CAR.
1124 1756 1439 1826 Quomodo?
1462 1787 1533 1797 —
1559 1755 1694 1812 Arn.
1722 1755 1779 1812 Si
1822 1757 1955 1811 dicis
1981 1776 1994 1813 :
2020 1773 2127 1813 non

550 1856 693 1913 idem
720 1871 819 1927 ego
840 1859 897 1911 et
921 1861 1007 1918 tu;
1055 1857 1110 1907 et
1145 1864 1244 1923 ego
1274 1850 1459 1916 homo,
1495 1864 1829 1920 consequens
1856 1864 1943 1915 es,
1982 1857 2042 1903 ut
2073 1858 2128 1904 tu

547 1948 712 2004 homo
763 1960 870 1999 non
922 1942 1019 1999 sis.
1061 1969 1135 1981 —--
1173 1939 1307 1996 CAR.
1351 1938 1718 2011 Consequens.
1746 1970 1818 1980 -—
1844 1938 1976 1994 ALa.
2023 1939 2130 1995 Sed

548 2045 681 2111 quot
724 2035 957 2111 syllabas
994 2032 1162 2089 habet
1201 2032 1402 2087 homo?
1434 2060 1506 2071 —-
1532 2032 1664 2086 CAR.
1710 2031 1875 2086 Duas.
1906 2030 2126 2085 —ALB.

548 2129 801 2202 Nunquid
822 2137 879 2184 tu
901 2128 1020 2184 dure
1040 2126 1142 2181 illae
1162 2125 1379 2199 syllabae
1406 2124 1725 2181 esti—Cia.
1754 2123 2124 2196 Nequaquam.

550 2216 657 2279 Sed
684 2235 942 2292 quorsum
967 2218 1106 2277 ista?
1125 2248 1199 2260 —
1222 2216 1354 2273 Ana.
1384 2216 1455 2273 Ut
1481 2217 1833 2290 sophisticam
1862 2216 2130 2288 intelligas

547 2311 869 2379 versutiam,
897 2318 953 2366 et
972 2308 1157 2367 videas
1196 2306 1465 2383 quomodo
1502 2305 1748 2363 concludi
1793 2312 1945 2377 potes
1991 2304 2127 2377 [ΑΛ.

548 2404 775 2480 potest].
798 2435 870 2445 —
891 2402 1024 2461 Οιιι.
1050 2400 1220 2459 Video
1250 2409 1305 2457 et
1332 2401 1589 2473 intelligo,
1612 2416 1683 2455 ex
1705 2400 1978 2471 prioribus
2000 2414 2128 2453 con-

548 2496 740 2563 cessis,
762 2494 891 2551 dum
920 2491 1196 2563 concessi,
1239 2500 1299 2547 ut
1323 2498 1377 2546 et
1405 2506 1504 2562 ego
1531 2491 1693 2547 homo
1722 2504 1919 2555 essem,
1948 2496 2003 2542 et
2026 2488 2126 2544 lio—

548 2606 641 2648 mo
670 2589 775 2645 duo
800 2583 1017 2661 syllabae
1042 2592 1186 2653 sunt,
1237 2583 1481 2639 concludi
1510 2598 1596 2639 me
1619 2595 1801 2653 posse,
1831 2588 1889 2636 ut
1917 2596 2014 2651 ego
2044 2580 2127 2635 hae

548 2683 667 2745 dua:
697 2678 916 2761 syllabae
940 2677 1063 2734 sim.
1101 2677 1171 2732 Et
1194 2676 1384 2743 miror,
1412 2690 1574 2745 quam
1603 2674 1835 2729 latenter
1869 2672 2125 2729 induxisti

544 2789 633 2831 me
655 2772 824 2853 prius,
852 2778 913 2829 ut
937 2767 1312 2833 concluderem
1341 2773 1414 2833 te,
1444 2766 1583 2837 quod
1610 2766 1775 2823 homo
1803 2781 1910 2821 non
1943 2779 2122 2835 esses;

544 2875 668 2939 post
688 2874 741 2923 et
758 2864 1051 2943 meipsum,
1078 2859 1221 2934 quod
1251 2861 1368 2916 dua:
1395 2859 1615 2941 syllabae
1642 2874 1839 2915 essem.

1026 2976 1117 3035 DE
1156 2972 1649 3039 DISPOSITIQNE.

2243 468 2362 534 bus,
2387 482 2489 523 nec
2513 469 2829 539 interposito
2861 470 3161 541 hyperbato
3198 471 3379 544 [Μειη
3415 476 3821 551 hyperbaton]!

2312 578 2444 634 CAR.
2475 578 2753 647 Quomodo
2774 581 3051 653 facunda?
3068 611 3141 633 μ·-
3165 582 3297 647 Aut.
3333 584 3585 647 Facunda
3610 589 3748 655 erit,
3768 592 3822 651 si

2232 674 2605 746 grammaticae
2639 675 2851 746 regulas
2881 684 3093 743 servet,
3133 686 3190 737 et
3221 680 3545 741 auctoritate
3568 693 3819 743 veterum

2234 765 2510 829 fulciatur.
2536 796 2607 813 --
2643 766 2777 825 CAR.
2814 766 3059 834 Qualiter
3085 770 3155 827 ad
3186 772 3565 830 auctoritatem
3601 777 3819 845 prisco.

2235 870 2358 913 rum
2382 864 2563 927 potest
2584 859 2762 919 oratio
2782 867 2970 919 nostra
2993 861 3405 930 pervenirei—n
3418 863 3553 923 Δω.
3576 866 3818 939 Legendi

2230 956 2363 1024 sunt
2386 957 2671 1009 auctorum
2707 951 2847 1015 libri,
2876 966 3177 1022 eorumque
3202 954 3343 1012 hac
3367 956 3515 1013 dicta
3538 965 3819 1019 memoria

2232 1042 2661 1101 commendanda
2679 1041 2930 1115 [quorum
2946 1057 3199 1103 sermone
3219 1046 3812 1120 assud'actiwiemt,

2232 1144 2304 1187 ne
2342 1131 2621 1200 cupientes
2660 1132 2875 1203 quidem
2910 1142 3169 1209 poterunt
3200 1135 3383 1207 loqui,
3421 1139 3530 1203 nisi
3574 1144 3814 1219 ornate}.

2232 1222 2419 1293 Neque
2445 1231 2624 1283 tamen
2648 1224 2777 1297 [Αι.,
2797 1225 2964 1299 enim]
2991 1229 3251 1300 utendum
3272 1231 3379 1287 erit
3392 1234 3593 1303 priscis
3610 1240 3813 1307 verbis,

2229 1312 2428 1383 quibus
2448 1312 2563 1383 jam
2587 1316 2919 1379 consuetudo
2950 1326 3139 1377 nostra
3167 1334 3277 1376 non
3304 1310 3493 1388 utitur,
3524 1326 3632 1381 nisi
3664 1344 3812 1393 ram,

2232 1407 2461 1462 ornandi
2490 1422 2652 1469 causa
2675 1417 2735 1465 et
2756 1423 2957 1480 parce;
2994 1412 3092 1468 sed
3115 1420 3301 1477 tamn
3326 1417 3543 1479 animis
3574 1419 3697 1490 plus
3717 1437 3813 1478 or-

2228 1507 2396 1562 natur
2414 1500 2749 1573 eloquentia.

2290 1612 2434 1669 Cn.
2463 1615 2547 1669 An
2578 1615 2749 1687 magis
2773 1623 3002 1672 ornatur
3030 1618 3088 1674 in
3114 1620 3345 1692 singulis
3364 1624 3583 1691 verbis,
3627 1626 3713 1681 vel
3756 1626 3808 1682 in

2159 1736 2211 1807 Β
2230 1704 2613 1775 conjunctione
2640 1710 2929 1764 verborum
2957 1709 3398 1781 eloqﬂentia?—-
3426 1713 3557 1770 Acs.
3586 1715 3802 1772 Utrum~

2233 1815 2356 1870 que.
2389 1799 2527 1855 Nam
2556 1800 2613 1856 in
2639 1802 2863 1873 singulis
2887 1803 3089 1871 verbis,
3119 1806 3256 1861 etin
3286 1807 3667 1880 conjunctione
3692 1826 3802 1867 ver-

2231 1891 2424 1946 borum
2446 1891 2611 1948 decus
2636 1894 2899 1950 orationis
2922 1892 3156 1985 constat.

2303 2003 2433 2058 CAR.
2473 2003 2531 2059 Si
2571 2005 2627 2059 in
2660 2006 2907 2078 utrisque
2943 1990 3186 2076 constat,
3223 2008 3290 2065 de
3323 2010 3571 2091 utrisque
3609 2011 3712 2069 dic.
3736 2044 3803 2055 —

2230 2093 2362 2149 his.
2402 2095 2462 2150 In
2489 2095 2715 2168 singulis
2739 2099 2923 2155 verbis
2952 2099 3058 2155 duo
3086 2108 3213 2156 sunt
3249 2117 3371 2172 quae
3402 2105 3706 2161 orationem
3740 2105 3801 2161 il-

2231 2185 2495 2255 lustrant;
2550 2196 2644 2243 aut
2689 2190 2733 2244 si
2775 2189 2847 2244 sit
2888 2191 3172 2263 proprium
3199 2194 3461 2261 verbum,
3509 2206 3601 2251 aut
3646 2197 3692 2253 si
3739 2198 3805 2254 sit

2232 2278 2575 2335 translatum.
2623 2280 2683 2336 In
2712 2283 2945 2354 propriis
2976 2283 3067 2339 illa
3105 2284 3224 2345 laus
3249 2296 3363 2354 est,
3408 2296 3467 2343 ut
3503 2287 3719 2357 abiecta
3758 2298 3809 2349 et

2230 2371 2547 2428 inconsueta
2576 2373 2875 2446 fugiamus;
2924 2376 3113 2433 electis
3149 2386 3203 2433 et
3238 2378 3532 2437 illustribus
3560 2389 3807 2449 utamur,

2231 2462 2287 2517 in
2315 2464 2511 2535 quibus
2540 2464 2755 2535 plenum
2785 2466 3039 2536 quiddam
3084 2477 3140 2522 et
3176 2484 3478 2525 consonans
3517 2469 3706 2529 inesse
3734 2473 3810 2529 vi-

2230 2554 2441 2619 deatur,
2469 2554 2523 2609 in
2551 2571 2658 2626 quo
2680 2556 3015 2613 consuetudo
3039 2558 3205 2625 etiam
3232 2559 3371 2615 bene
3391 2560 3647 2637 loquendi
3675 2564 3811 2619 valet

2227 2646 2541 2716 plurimum.
2589 2647 2647 2703 In
2676 2649 2953 2705 translatis
2974 2658 3129 2722 patet
3156 2662 3405 2720 ornatus,
3438 2670 3597 2727 quem
3627 2658 3813 2728 genuit

2198 2741 2542 2807 ‘necessilas,
2592 2742 2773 2812 in0pia
2824 2750 3011 2799 coacta
3055 2752 3111 2798 et
3157 2754 3407 2819 angusta,
3430 2757 3557 2819 post
3582 2747 3810 2823 [autem]

2227 2829 2517 2887 delectatio
2561 2840 2617 2887 et
2651 2832 2965 2904 jucunditas
3008 2834 3319 2892 celebravit.
3368 2837 3507 2903 Num
3550 2849 3612 2903 ut
3647 2844 3810 2899 vestis

2228 2923 2519 2992 repellendi
2566 2922 2786 2995 frigoris
2830 2939 2995 2979 causa
3038 2926 3217 2996 primo
3262 2937 3479 3007 reperta
3519 2939 3641 2997 est,
3688 2942 3809 3004 post

2229 3013 2476 3068 adhiberi
2507 3022 2695 3068 coacta
2732 3021 2818 3069 est
2856 3016 2925 3069 ad
2965 3022 3217 3071 ornatum
3257 3016 3425 3072 etiam
3466 3021 3713 3093 corporis
3754 3030 3809 3077 et

612 3092 835 3153 lembi
863 3100 945 3158 te,
996 3091 1287 3161 magister.
1328 3098 1452 3161 Ροθι
1476 3090 1842 3145 θηνθηίίοηθῐθ
1880 3088 2124 3159 lmsuisse
2150 3099 2194 3162 C
2228 3104 2583 3175 dignitatem;
2633 3106 2713 3161 sic
2741 3107 2920 3163 verbis
2949 3108 3279 3166 translativis
3308 3088 3671 3177 institutacst
3696 3116 3809 3173 ino-

544 3186 969 3258 dispositionem;
1000 3183 1056 3239 in
1080 3198 1186 3253 qua
1214 3183 1517 3253 pmcepisti
1547 3183 1743 3256 [Edit.,
1764 3183 2121 3255 praecipitur],

543 3280 793 3335 inventas
813 3293 902 3336 res
936 3285 1213 3333 oratorem
1253 3277 1502 3333 ordinate
1530 3277 1875 3333 distribuere.
1926 3276 1985 3332 Si
2010 3278 2127 3334 haec

544 3385 760 3442 quoque
786 3368 891 3425 alia
916 3367 1100 3442 βίαι,
1128 3368 1330 3442 aliqua]
1360 3368 1558 3424 habeat
1584 3378 1858 3440 praecepta
1876 3410 1890 3436 ,
1926 3372 2123 3441 pande.

612 3465 745 3520 Ann.
778 3462 897 3519 Non
930 3461 1101 3519 multa
1122 3475 1225 3532 per
1262 3477 1322 3518 se
1346 3463 1511 3518 habet
1532 3464 1647 3518 haec
1664 3477 1797 3534 pars
1829 3463 1895 3517 ad
1917 3477 1975 3517 se
2005 3462 2127 3536 [so-

543 3553 678 3627 lam]
702 3553 1030 3624 pertinentia
1056 3561 1330 3631 praecepta
1348 3593 1365 3621 ,
1414 3569 1533 3625 quae
1556 3569 1666 3609 non
1695 3554 2041 3611 inveniantur
2068 3556 2123 3610 in

540 3645 869 3707 inventionis
912 3646 1197 3716 przcceptis
1239 3646 1322 3701 vel
1367 3644 1705 3701 elocutionis.
1764 3644 1899 3701 Nam
1926 3654 1981 3701 et
2008 3645 2125 3709 huic

544 3740 709 3799 rebus
744 3744 799 3797 et
824 3736 1007 3793 verbis
1030 3736 1269 3799 maxime
1290 3735 1540 3815 prodest,
1567 3744 1621 3793 et
1640 3745 2017 3795 ornamentum
2054 3738 2123 3791 li—

544 3828 774 3907 demque
801 3827 1360 3897 argumentationibus
1389 3833 1629 3896 praestat,
1678 3836 1733 3883 et
1762 3826 1974 3885 laudem
2000 3841 2125 3887 ora—

543 3923 679 3979 tioni
704 3921 909 3985 tribuit,
926 3914 1055 3975 cum
1075 3918 1256 3983 omnia
1280 3934 1388 3975 non
1414 3918 1585 3977 solum
1602 3919 1816 3985 ordine,
1843 3919 1936 3974 sed
1957 3919 2121 3979 etiam

543 4020 818 4069 momento
877 4013 1111 4083 quodam
1151 4014 1336 4083 gatque
1392 4009 1599 4079 judicio
1655 4010 2014 4079 dispensanda
2067 4021 2123 4067 et

543 4107 911 4185 componenda
940 4114 1102 4173 sunt,
1134 4113 1294 4177 prout
1320 4118 1561 4177 praesens
1586 4105 1726 4161 ratio
1755 4106 2002 4167 utilitatis
2029 4115 2123 4163 aut

544 4198 757 4255 decoris
800 4206 895 4254 aut
933 4196 1273 4259 necessitatis
1298 4195 1559 4268 exegerit.
1602 4194 1716 4259 Sed
1740 4197 1882 4268 quod
1908 4198 1976 4255 ad
2003 4213 2123 4255 ver-

541 4290 736 4347 borum
774 4289 1180 4369 dispositionem
1207 4287 1486 4359 pertinet,
1535 4286 1669 4343 satis
1693 4286 1849 4360 plene
1876 4289 2119 4359 docetur,

545 4396 669 4437 cum
695 4381 763 4436 de
801 4379 1104 4445 elocutione
1139 4380 1459 4441 tractabitur
1503 4379 1659 4454 [Ms.,
1690 4381 1996 4455 tractatur].
2044 4382 2121 4443 De

544 4486 726 4531 rerum
772 4484 903 4537 vero
932 4470 1279 4540 dispositione
1301 4511 1317 4538 ,
1363 4488 1460 4542 per
1489 4473 1695 4545 singula
1730 4475 1972 4539 membra
1997 4488 2120 4539 πει-ν
2147 4467 2195 4535 ι)

547 4564 728 4635 ιὶοιιίεο
754 4563 815 4631 in
834 4561 1161 4629 inventionis
1185 4563 1470 4636 praeceptis
1495 4565 1750 4634 traditum
1778 4573 1879 4631 est.

1027 4674 1121 4741 DE
1160 4671 1622 4739 EIDCUTIDNE.

611 4788 747 4846 Cia.
788 4787 907 4845 lam
946 4803 1096 4845 nunc
1138 4804 1241 4845 nos
1263 4791 1399 4847 ordo
1441 4789 1821 4862 disputationis
1849 4789 1917 4847 ad
1944 4790 2118 4847 elocu-

543 4864 699 4939 tionis
738 4881 960 4939 deduxit
1001 4881 1404 4953 inquisitionem
1428 4924 1443 4951 ,
1486 4898 1606 4953 qua:
1652 4897 1900 4953 magnam
1939 4897 2116 4939 causa:

544 4975 702 5032 aﬂ‘ert
718 4980 1057 5031 venustatem
1101 4982 1157 5031 et
1184 4974 1395 5030 rhetori
1438 4976 1773 5047 dignitatem.
1830 4975 1943 5033 Nec
1970 4984 2022 5032 te
2052 4977 2120 5031 ab

542 5067 704 5140 huius
722 5074 840 5122 tam
866 5063 1028 5122 facile
1054 5080 1285 5123 excusas
1310 5067 1604 5139 responsis,
1627 5084 1789 5137 quam
1814 5066 1945 5143 [Al.,
1974 5067 2116 5142 quae]

542 5177 611 5217 ex
639 5159 1010 5231 disposiﬁonis
1048 5159 1334 5230 praeceptis
1360 5158 1458 5233 [te]
1499 5160 1709 5216 eruisti.
1738 5188 1810 5200 ——
1837 5160 1967 5215 Am.
2000 5160 2120 5215 Non

544 5249 679 5323 [me]
702 5263 903 5306 excuso
926 5290 942 5317 ,
980 5249 1079 5303 sed
1100 5255 1223 5304 tuas
1246 5288 1261 5315 ,
1303 5249 1518 5305 domine
1550 5251 1627 5305 mi
1653 5265 1747 5307 rex
1768 5292 1782 5319 ,
1811 5250 1938 5306 licet
1966 5250 2120 5307 tardo

541 5343 699 5415 pede,
726 5357 836 5400 non
861 5350 1046 5398 tamen
1071 5342 1234 5413 327
1259 5344 1429 5410 .tarda
1456 5344 1729 5401 voluntate
1747 5386 1762 5412 ,
1817 5361 2013 5416 sequar
2037 5348 2120 5402 in-

542 5434 953 5507 terrogationes.
991 5463 1066 5475 —-
1105 5432 1242 5488 Cui.
1291 5432 1504 5502 Primo,
1553 5435 1726 5505 qualis
1770 5450 1890 5492 esse
1929 5439 2122 5495 debeat

543 5528 785 5594 elocutio,
812 5527 979 5598 aperi.
1009 5525 1230 5582 -—Ar.a.
1274 5525 1527 5581 Facunda
1550 5524 1710 5581 debet
1746 5542 1865 5582 esse
1891 5536 1945 5582 et
1966 5544 2121 5599 aper-

543 5629 620 5675 ta.
647 5649 718 5660 —
737 5617 870 5681 Cia.
903 5618 1183 5689 Quomodo
1220 5617 1447 5691 aperta?
1466 5647 1538 5658 ——
1563 5617 1695 5673 ALB.
1746 5617 1949 5689 Aperta
1990 5622 2116 5690 erit,

544 5712 590 5777 si
616 5712 786 5770 utaris
814 5713 1247 5789 signiﬁcantibus
1275 5711 1577 5787 etpropriis
1596 5712 1793 5779 verbis,
1827 5722 1882 5769 et
1904 5715 2120 5777 usitatis
2144 5792 2149 5795 μ

2230 3197 2331 3266 pice
2361 3195 2494 3269 [Al.,
2526 3197 2704 3268 inopia
2734 3197 2811 3271 et]
2857 3213 3054 3267 causa,
3105 3200 3297 3263 deinde
3342 3200 3690 3274 frequentata
3727 3216 3808 3264 est

2227 3286 2587 3343 delectatione
2610 3296 2665 3344 et
2684 3299 2898 3347 ornatu.
2934 3290 3071 3347 Nam
3090 3310 3352 3365 gemmare
3373 3298 3525 3364 vites,
3548 3297 3810 3363 luxuriari

2226 3394 2467 3446 messem,
2497 3380 2756 3451 ﬂuctuare
2783 3392 2976 3461 segetes
3002 3384 3168 3438 etiam
3198 3386 3387 3442 rustici
3417 3388 3635 3455 dicunt;
3670 3390 3811 3463 quod

2227 3471 2369 3524 enim
2398 3470 2666 3526 declarari
2691 3472 2779 3526 vix
2806 3480 2986 3543 potest
3010 3475 3177 3531 verbo
3200 3477 3438 3549 proprio,
3464 3478 3515 3534 id
3543 3481 3811 3539 translato

2227 3561 2545 3617 illustratur.
2580 3562 2653 3618 Ea
2682 3572 2861 3619 tamen
2890 3566 3176 3621 transferri
3201 3576 3430 3638 oportet,
3457 3585 3578 3639 qua:
3599 3570 3811 3633 faciunt

2226 3668 2342 3708 rem
2382 3653 2701 3723 clariorem;
2754 3665 2815 3711 ut
2862 3665 2995 3715 est:
3046 3660 3300 3719 horrescit
3344 3680 3486 3718 mare
3538 3662 3614 3737 [et
3654 3667 3810 3736 [ercet

2226 3754 2358 3799 astu
2385 3744 2645 3820 pelagus].
2695 3746 3092 3823 Nonnunquam
3121 3752 3284 3807 etiam
3312 3753 3554 3812 brevitas
3581 3760 3809 3815 transla-

2227 3841 2374 3895 tione
2401 3840 2701 3911 coniicitur,
2750 3850 2829 3909 ut,
2861 3844 3023 3897 telum
3048 3862 3208 3900 manu
3233 3847 3406 3921 fugit;
3442 3850 3806 3921 impmdeutia

2226 3933 2371 3988 enim
2395 3932 2486 3987 teli
2510 3933 2659 3987 missi
2702 3935 2939 4005 propriis
2964 3936 3148 3993 verbis
3175 3939 3405 4010 exprimi
3435 3941 3662 3999 brevius
3707 3960 3809 4000 nou

2224 4024 2437 4097 posset;
2486 4033 2540 4081 et
2579 4027 2836 4098 quoniam
2866 4044 3077 4084 summa
3104 4030 3221 4095 haec
3255 4031 3372 4091 laus
3405 4043 3489 4091 est
3518 4037 3808 4092 verborum

2226 4117 2631 4189 translatorum,
2662 4126 2722 4173 ut
2746 4134 2963 4175 sensum
2991 4122 3234 4207 aperiant
3259 4123 3440 4199 [Hss,,
3459 4128 3615 4187 verbi
3642 4136 3809 4186 trans-

2225 4207 2320 4263 lati
2433 4207 2662 4282 aperiat]

2295 4321 2427 4385 Cia,
2454 4323 2538 4387 An
2558 4325 2922 4399 undecunque
2950 4327 3081 4385 licet
3114 4329 3313 4389 ducere
3349 4333 3809 4395 translationem?

2222 4446 2292 4454 —
2311 4416 2443 4475 Διη.
2481 4416 2855 4489 Nequaquam,
2882 4422 2981 4483 sed
3013 4430 3224 4483 tantum
3252 4425 3319 4482 de
3345 4427 3590 4486 honestis
3620 4432 3804 4487 rebus.

2224 4505 2359 4561 Nam
2389 4522 2729 4579 summopere
2770 4510 3023 4583 fugienda
3065 4523 3151 4570 est
3188 4518 3365 4574 omnis
3409 4522 3694 4592 turpitudo
3720 4540 3807 4580 ea-

2223 4615 2344 4654 rum
2386 4616 2601 4671 rerum,
2649 4603 2716 4658 ad
2754 4619 2896 4675 quas
2935 4620 3127 4667 eorum
3168 4610 3380 4667 animos
3420 4615 3525 4684 qui
3578 4616 3805 4674 audiunt

2223 4694 2403 4750 trahet
2444 4694 2777 4764 simiiitudo;
2828 4706 2889 4753 ut
2927 4698 3135 4761 dictum
3166 4710 3298 4763 est:
3347 4702 3523 4761 Ione
3562 4706 3807 4778 Africani

2223 4798 2507 4845 castratam
2543 4793 2913 4864 rempublicam
2942 4804 3000 4853 et
3025 4806 3225 4857 storm
3251 4804 3437 4858 curia.
3478 4803 3541 4859 In
3572 4812 3804 4876 utroque

2224 4878 2481 4937 deformis
2504 4883 2762 4952 cogitatio
2788 4885 3178 4951 similitudinis.
3226 4891 3361 4949 item
3396 4909 3505 4951 non
3532 4896 3605 4952 sit
3630 4898 3805 4969 major

2222 4972 2502 5035 translatio
2530 4989 2693 5045 quam
2716 4990 2807 5035 res
2832 4979 3088 5050 postulet,
3118 4991 3198 5051 ut,
3224 4994 3504 5057 ten-pastu
3530 4987 3665 5044 litis.
3701 4991 3807 5044 Aut

2222 5071 2413 5129 contra
2436 5067 2636 5135 minor,
2666 5078 2731 5127 ut
2754 5089 2767 5124 :
2796 5069 2918 5144 {aer
2938 5076 3140 5150 tonat],
3174 5092 3278 5134 ceu
3306 5090 3486 5151 aperto
3514 5098 3648 5137 nare
3678 5083 3804 5137 dor-

2222 5157 2383 5213 miens
2408 5163 2600 5223 stertit.
2632 5162 2729 5221 Est
2756 5180 2972 5237 quoque
2999 5170 3227 5241 pulchra
3258 5174 3547 5231 translatio
3572 5190 3675 5246 per
3700 5192 3806 5229 nte-

2222 5250 2541 5319 lonymiam,
2587 5267 2712 5313 cum
2752 5270 2842 5313 res
2878 5272 2981 5327 per
3005 5270 3281 5318 auctorem
3320 5264 3401 5320 rei
3438 5265 3801 5337 significatur,

2221 5350 2303 5410 ιιι,
2348 5359 2447 5415 pro
2490 5345 2631 5402 bello
2668 5346 2919 5420 Housm,
2964 5368 3065 5425 pro
3094 5341 3353 5427 frugibus
3378 5357 3644 5413 Cererem.
3696 5358 3807 5413 Aut

2221 5455 2343 5497 cura
2373 5442 2601 5500 virtutes
2627 5451 2683 5500 et
2710 5446 2841 5502 vitia
2873 5464 2973 5520 pro
2996 5451 3155 5522 ipsis,
3200 5454 3256 5508 in
3283 5454 3480 5523 quibus
3505 5462 3662 5516 sunt,
3705 5469 3805 5525 ap-

2219 5534 2500 5605 pellamus,
2530 5546 2628 5594 ut:
2658 5538 2729 5595 In
2750 5559 2913 5614 quam
2939 5545 3152 5600 domum
3184 5546 3419 5603 luxuries
3446 5549 3677 5619 irrupit,
3708 5557 3805 5601 aut

2220 5631 2443 5685 avaritia
2488 5636 2792 5703 penetravit.
2846 5638 2941 5693 Est
2985 5648 3042 5694 et
3087 5642 3462 5711 synecdochica
3512 5640 3803 5697 translatio

2221 5721 2466 5796 pulchra,
2497 5740 2619 5787 cum
2647 5743 2713 5786 ex
2741 5739 2895 5803 parte
2926 5740 3098 5790 totum
3126 5741 3223 5791 aut
3244 5750 3316 5791 ex
3345 5742 3460 5793 toto
3484 5744 3696 5806 partem
3724 5733 3804 5789 si-
