4062 6346
615 305 728 371 ωδ

1450 307 1511 360 Β.
1551 304 1613 361 F.
1654 301 1884 361 ALBINI
1923 301 2057 362 SEU
2094 302 2375 363 ALCUlNl
2409 302 2695 362 OPERUM
2734 302 2914 361 PARS
2952 302 3064 361 VII.

3793 310 3916 383 9“.

614 418 982 477 et‘verbornm
1001 418 1176 489 copia,
1198 425 1252 474 et
1278 414 1490 474 decenti
1512 416 1755 487 corporis
1777 424 1945 481 motu,
1980 423 2040 487 ut
2071 415 2191 471 sine
2218 424 2269 479 Α
2294 417 2675 474 intellexerunt
2717 416 2772 470 in
2818 423 3009 481 natura
3052 415 3309 482 humana,
3358 423 3417 472 et
3448 432 3661 477 summo
3715 425 3899 484 studio

614 508 909 565 formidine
933 505 1098 564 faciat
1123 508 1179 561 in
1206 506 1439 577 publicis
1465 507 1877 577 quaestionibus,
1917 506 2060 577 quod
2078 521 2204 561 cum

613 600 1008 659 consuetudine
1031 601 1200 670 gessit
1240 601 1295 654 in
1328 600 1578 670 privatis.
1603 631 1677 641 --
1700 600 1834 655 Ana.
1861 600 2001 655 Vere
2050 597 2207 654 intel-

612 693 741 765 ligis
763 703 821 749 et
846 689 1050 761 optime
1070 691 1436 761 prosequeris.
1469 690 1604 745 Nam
1627 700 1689 745 ut
1713 690 1770 745 in
1796 689 1993 745 castris
2026 687 2202 753 miles,

615 787 696 845 sic
716 787 773 842 in
803 785 963 841 domo
988 792 1176 839 orator
1204 784 1364 839 debet
1391 784 1595 840 erudiri
1615 792 1710 849 ;ut
1724 783 1870 854 quod
1886 784 2034 839 solus
2050 797 2207 838 exer-

614 881 828 941 cuerat,
857 876 1001 930 inter
1019 872 1220 929 multos
1240 872 1422 930 facere
1440 889 1506 929 ne
1536 872 1720 948 [Mss.,
1742 873 1872 947 non]
1895 872 2169 929 formidet.

690 967 826 1025 Cm.
864 964 985 1022 Jam
1012 981 1227 1039 quoque
1257 981 1482 1023 necesse
1505 981 1628 1023 esse
1656 966 1833 1032 video,
1864 972 1925 1022 ut
1949 965 2207 1022 domesti-

619 1074 721 1117 cus
750 1074 883 1115 usus
916 1072 1111 1114 cavere
1147 1056 1391 1126 incipiat,
1429 1058 1572 1129 quod
1605 1058 1852 1129 publicus
1911 1064 2208 1115 conventus

616 1151 906 1206 detrahere
934 1147 1125 1219 pessit.
1166 1147 1279 1204 Nec
1311 1150 1455 1205 enim
1496 1149 1797 1205 inhonestis
1836 1149 2019 1206 verbis
2062 1151 2208 1225 inter

614 1259 743 1301 suos
765 1243 843 1299 uti
889 1244 1068 1307 debet,
1107 1242 1200 1313 qui
1241 1243 1485 1298 honestis
1506 1244 1650 1298 inter
1670 1242 1877 1299 alienos
1898 1243 2044 1314 loqui
2066 1244 2209 1300 desi-

616 1336 791 1391 derat.
824 1334 960 1390 Cum
989 1334 1133 1388 enim
1160 1335 1214 1389 in
1237 1330 1384 1390 Omni
1411 1344 1566 1405 parte
1584 1336 1712 1391 vitae
1730 1336 1986 1392 honestas
2012 1352 2208 1406 perne-

616 1426 858 1481 cessaria
881 1426 974 1490 sit,
999 1424 1235 1479 maxime
1263 1424 1316 1479 in
1347 1424 1707 1488 sermonibus,
1731 1427 1860 1496 quia
1885 1426 1999 1482 fere
2026 1428 2206 1498 cujus-

618 1532 723 1588 que
749 1532 931 1573 mores
956 1532 1135 1572 sermo
1161 1518 1376 1587 probat,
1422 1518 1527 1574 nisi
1568 1519 1686 1586 tibi,
1732 1521 2009 1591 magister,
2051 1522 2209 1578 aliter

616 1606 888 1663 videam“.
903 1607 1121 1663 —At.a.
1143 1607 1271 1663 Mihi
1298 1624 1430 1665 vero
1450 1609 1517 1665 de
1543 1610 1646 1665 hac
1675 1626 1734 1667 re
1761 1611 1837 1666 nil
1863 1611 2009 1667 aliud
2032 1612 2207 1668 videri

616 1706 785 1772 potes’
817 1744 845 1761 Α.
869 1715 933 1755 ac
961 1700 1083 1754 ideo
1111 1700 1586 1756 consuetudinaria
1613 1702 2064 1759 sermocinatione
2082 1718 2207 1759 ver-

2303 509 2605 567 coluerunt.
2635 538 2705 548 —
2729 507 2862 563 Cn.
2903 506 3043 574 Quid
3084 515 3213 563 tunc
3260 509 3428 564 distat
3465 511 3607 567 inter
3650 515 3895 585 philoso-

2302 606 2471 678 phum
2501 604 2661 661 talem
2704 612 2761 659 et
2803 602 3175 659 Christianum
3193 605 3217 658 7
3238 633 3311 645 -
3334 604 3470 662 ALB.
3519 606 3683 665 Fides
3722 619 3785 666 et
3808 612 3897 668 ba-

2303 699 2525 770 ptisma.
3168 682 3181 693 ’

2375 788 2509 845 Cm.
2537 789 2878 862 Prosequere
2922 799 3106 846 tamen
3131 790 3538 864 philosophicas
3558 793 3899 855 deﬁnitiones

2305 882 2374 939 de
2396 883 2723 949 virtutibus;
2757 891 2811 938 et
2850 883 3086 953 primum
3131 884 3238 950 dic,
3270 885 3400 956 quid
3430 885 3504 941 sit
3532 886 3647 957 ipsa
3683 889 3898 946 virtus?

2303 1003 2375 1014 —-
2400 974 2531 1031 Ana.
2563 976 2749 1031 Virtus
2769 985 2854 1033 est
2882 978 3047 1032 animi
3064 976 3305 1045 habitus,
3331 988 3539 1036 natura:
3563 982 3755 1049 decus,
3781 985 3895 1040 vita:

2306 1070 2465 1135 ratio,
2493 1086 2706 1125 morum
2734 1070 3003 1126 nobilitas.
3033 1102 3104 1111 —
3129 1071 3265 1127 CAR.
3296 1072 3442 1140 Quot
3484 1075 3647 1131 habet
3669 1079 3895 1147 partes?

2303 1190 2376 1201 —
2398 1160 2531 1216 Ana.
2563 1158 2843 1229 Quatuor:
2873 1162 3239 1232 prudentiam,
3285 1161 3583 1232 justitiam,
3628 1167 3894 1225 fortitudi-

2306 1272 2453 1323 nem,
2505 1258 2940 1328 temperantiam.
2980 1288 3053 1297 —
3078 1257 3211 1314 CAR.
3261 1259 3395 1326 Quae
3438 1268 3522 1316 est
3567 1265 3893 1333 prudentia!

2304 1378 2373 1388 —
2396 1347 2527 1402 ALB.
2557 1348 2760 1402 Rerum
2787 1356 2843 1402 et
2860 1355 3180 1403 naturarum
3206 1350 3456 1405 scientia.
3494 1381 3567 1391 —
3590 1352 3727 1408 Cm.
3762 1354 3893 1423 Quot

2307 1438 2470 1493 habet
2493 1445 2676 1509 partes
2698 1438 2722 1491 ?
2743 1469 2815 1477 —
2841 1437 2973 1493 ALB.
3006 1437 3144 1495 Tres
3168 1458 3181 1493 :
3214 1442 3558 1509 memoriam,
3591 1444 3888 1516 intelligen-

2310 1530 2481 1593 tiam,"
2503 1528 2917 1599 providentiam.
2944 1560 3016 1570 —
3040 1530 3173 1585 Gut.
3219 1530 3425 1587 Harum
3462 1548 3679 1605 quoque
3716 1537 3893 1593 deﬁni-

2309 1623 2484 1678 tiones
2509 1624 2695 1679 dicito.
2723 1655 2797 1664 —
2822 1625 2954 1680 Ann.
2996 1625 3256 1681 Memoria
3295 1637 3399 1693 est,
3441 1643 3543 1700 per
3585 1645 3748 1700 quam
3789 1634 3891 1687 ani-

2308 1732 2429 1772 mus
2453 1718 2651 1788 repetit
2674 1717 2763 1772 illa
2789 1732 2907 1787 qum
2934 1716 3172 1774 fuerunt.
3202 1720 3582 1793 lntelligentia,
3613 1738 3713 1792 per
3738 1738 3891 1795 quam

616 1792 686 1848 ba
718 1792 829 1847 siut
854 1792 1014 1855 lecta,
1043 1792 1288 1856 honesta,
1318 1792 1517 1858 lucida,
1566 1793 1851 1864 simplicia,
1892 1795 2054 1866 plano
2089 1812 2205 1863 ore,
2237 1782 2285 1849 Β
2310 1822 2376 1862 ea
2424 1782 2685 1878 perspicit
2709 1782 2828 1877 quae
2857 1817 2999 1863 sunt.
3032 1782 3413 1878 Providentia:
3436 1826 3535 1883 per
3568 1782 3733 1883 quam
3756 1782 3891 1868 .futu-

614 1882 998 1957 vultulquieto,
1046 1880 1181 1937 facie
1208 1884 1531 1953 composita.
1579 1884 1695 1939 sine
1736 1885 2090 1942 immoderato
2115 1903 2208 1943 ca-

611 1976 834 2040 chinno,
878 1975 1115 2031 clamore
1163 1975 1309 2029 nullo
1355 1975 1584 2046 prolata.
1636 1975 1771 2030 Nam
1810 1977 1986 2033 bonus
2015 1979 2209 2036 modus

611 2075 697 2123 est
723 2066 777 2121 in
825 2066 1115 2136 loquendo,
1147 2076 1402 2137 tanquam
1428 2069 1484 2122 in
1533 2067 1879 2136 ambulando,
1910 2070 2210 2126 clementer

620 2159 725 2224 ire,
778 2160 895 2214 sine
941 2160 1102 2225 saltu,
1136 2160 1251 2215 sine
1296 2176 1471 2226 mora,
1503 2170 1769 2231 quatenus
1814 2162 1997 2218 omnia
2041 2164 2209 2220 medii

613 2250 1002 2317 moderaminis
1033 2252 1386 2322 temperantia
1430 2251 1690 2324 fulgeant,
1736 2269 1856 2324 quae
1883 2266 1967 2311 est
2005 2271 2112 2311 una
2140 2256 2208 2312 de

616 2343 850 2411 quatuor
893 2342 1206 2408 virtutibus,
1250 2344 1316 2397 de
1345 2342 1543 2412 quibus
1577 2352 1789 2400 caeteras
1818 2354 2076 2416 tanquam
2120 2363 2209 2402 ra-

614 2430 828 2486 dicibus
850 2430 1154 2501 procedunt
1181 2430 1434 2499 virtutes,
1466 2434 1521 2487 in
1551 2434 1747 2503 quibus
1771 2442 1856 2490 est
1892 2436 2086 2492 animae
2111 2454 2208 2493 no-

616 2522 818 2587 bilitas,
846 2523 972 2578 vitae
1011 2523 1265 2596 dignitas,
1297 2541 1512 2582 morum
1535 2526 1793 2582 honestas
1822 2535 1876 2583 et
1901 2526 2020 2583 laus
2045 2529 2207 2585 disci-

613 2615 793 2687 plinze.

690 2707 824 2765 Caa.
855 2709 1100 2781 Intelligo
1152 2710 1419 2767 comicum
1449 2710 1631 2784 [Mss.,
1657 2711 2111 2787 philosophicum]
2143 2714 2207 2770 il-

610 2798 706 2857 lud
728 2803 1075 2872 proverbium
1104 2817 1213 2857 non
1238 2802 1411 2859 solum
1454 2804 1508 2857 in
1539 2803 1801 2870 moribus,
1834 2807 1928 2859 sed
1957 2806 2120 2860 etiam
2150 2806 2206 2861 in

614 2896 797 2951 verbis
816 2911 938 2951 esse
965 2898 1356 2952 necessarium.
1378 2924 1453 2943 -—
1472 2897 1607 2953 Ann.
1638 2898 1963 2965 Quodnam?
1983 2932 2055 2943 —
2067 2901 2202 2959 Cui.

620 2986 706 3041 Ne
729 2986 856 3058 quid
883 2987 1060 3041 nimis.
1400 3024 1403 3027 λ

1100 3100 1103 3101 ν
1125 3077 1214 3133 DE
1246 3078 1687 3140 VIRTUTIBUS.

2309 1914 2431 1952 rum
2459 1898 2658 1968 aliquid
2687 1900 3037 1970 praevidetur,
3066 1910 3361 1972 antequam
3392 1904 3507 1959 liat.

2378 1988 2541 2060 330
2560 1989 2692 2045 CAR.
2707 1989 2940 2048 Justitiae
2962 1994 3229 2051 rationem
3248 2012 3481 2069 expone.
3496 1999 3714 2056 -Αιιι,
3736 1999 3893 2056 hui.

2308 2084 2383 2139 tia
2404 2093 2488 2138 est
2514 2084 2731 2139 habitus
2751 2085 2919 2139 animi
2942 2087 3235 2158 unicuique
3254 2090 3333 2143 rei
3361 2092 3635 2163 propriam
3662 2093 3892 2149 tribuens

2307 2172 2647 2242 dignitatem.
2681 2174 2739 2229 In
2785 2176 2888 2230 hac
2927 2177 3226 2233 divinitatis
3253 2179 3427 2236 cultus
3466 2191 3522 2236 et
3550 2183 3892 2239 humanitatis

2300 2263 2448 2335 jura,
2494 2273 2550 2320 et
2598 2268 2826 2337 aequitas
2877 2269 3042 2324 totius
3090 2270 3219 2324 vitae
3264 2262 3637 2338 conservatur.
3668 2274 3888 2331 —Cn.

2306 2355 2438 2424 Ejus
2471 2371 2685 2426 quoque
2731 2367 2918 2429 partes
2959 2361 3157 2431 pande.
3184 2391 3256 2402 —
3278 2361 3404 2419 Au.
3449 2364 3662 2421 Partim
3703 2368 3796 2423 illa
3819 2376 3893 2423 est

2307 2462 2375 2503 ex
2397 2458 2603 2504 naturae
2621 2448 2764 2519 jure,
2791 2454 2994 2521 partim
3017 2469 3085 2508 ex
3111 2458 3514 2514 consuetudinis
3532 2476 3661 2515 usu.
3680 2461 3890 2517 —Cn.

2306 2537 2586 2605 Quomodo
2631 2557 2701 2597 ex
2729 2552 2940 2600 natura:
2980 2544 3107 2613 jure
3130 2548 3153 2601 ?
3174 2578 3247 2588 —
3273 2548 3405 2604 Au.
3438 2550 3578 2619 Quia
3626 2564 3807 2624 partes
3832 2555 3891 2609 il-

2306 2628 2410 2685 lius
2448 2632 2693 2699 quaedam
2722 2641 2932 2689 natura:
2974 2637 3059 2691 vis
3106 2636 3239 2709 [Αι.,
3270 2642 3537 2711 quasdam
3574 2644 3792 2718 natura]
3818 2646 3894 2701 in-

2307 2721 2460 2786 serit,
2501 2731 2560 2777 ut
2602 2723 2938 2794 religionem,
2986 2727 3248 2799 pietatem
3295 2718 3612 2807 [gratiam],
3660 2737 3893 2793 vindica-

2306 2813 2535 2880 tionem,
2576 2816 3001 2886 observantiam,
3050 2823 3363 2879 veritatem.
3404 2856 3477 2866 —
3516 2825 3651 2882 Cm.
3701 2828 3776 2884 De
3811 2829 3890 2886 his

2307 2906 2532 2978 singulis
2558 2908 2788 2967 lucidius
2823 2914 2995 2983 aperi.
3030 2944 3103 2955 -
3126 2915 3259 2972 ALs.
3302 2916 3507 2990 Religio
3532 2928 3636 2987 est,
3666 2937 3783 2992 qua:
3810 2939 3892 2978 sn-

2306 3000 2536 3068 perioris
2581 3001 2864 3072 cujusdam
2909 3014 3140 3073 natura,
3189 3024 3355 3079 quam
3399 3011 3637 3068 divinam
3688 3024 3887 3081 vocant,

2307 3103 2498 3145 curam
2534 3094 2977 3165 ceremoniasque
3003 3095 3179 3152 all‘ert.
3217 3098 3423 3167 Pietas,
3461 3118 3563 3173 per
3587 3119 3749 3174 quam
3773 3121 3891 3160 sano

2640 3146 2649 3147 ί
2758 3146 2973 3165 .-πη--
3005 3146 3178 3152 ψη---
3217 3146 3242 3153 _
3267 3146 3423 3167 ψη,
3501 3146 3552 3157 ν.
3628 3146 3749 3159 -..η
3773 3146 3865 3160 υ...

681 3167 811 3223 Ann.
843 3168 959 3233 Est,
986 3177 1043 3223 et
1069 3183 1198 3224 vere
1219 3178 1303 3225 est
1330 3170 1384 3224 in
1409 3174 1559 3226 omni
1580 3189 1638 3228 re
1658 3174 2053 3244 necessarium,
2075 3178 2201 3247 quia
2226 3146 2277 3209 θ
2306 3181 2468 3253 guine
2492 3182 2816 3253 conjunctis,
2847 3188 3144 3257 patriaeque
3180 3146 3743 3261 benevolisromgium,
3769 3194 3886 3249 dili-

611 3257 872 3328 quidquid
899 3257 1118 3311 modum
1158 3259 1392 3325 excedit,
1419 3260 1475 3314 in
1499 3261 1632 3317 vitio
1660 3273 1762 3318 est.
1812 3265 1937 3323 Ideo
1975 3267 2204 3325 virtutes
2304 3286 2545 3343 gensque
2566 3275 2823 3331 tribuitur
2846 3277 3043 3335 cultus.
3076 3279 3285 3349 Gratia,
3316 3285 3372 3338 in
3401 3264 3507 3355 qua
3536 3257 3887 3343 amicitiarum

612 3349 670 3405 in
701 3348 878 3404 medio
904 3348 1109 3442 positae-
1124 3356 1270 3415 sunt,
1300 3349 1367 3404 de
1392 3351 1588 3420 quibus
1616 3360 1720 3407 tua:
1760 3357 2082 3412 venerandae
2110 3373 2203 3413 au-
2306 3362 2487 3436 [Mss.,
2514 3364 2944 3442 inimicitiarum]
2977 3381 3033 3425 et
3056 3348 3357 3429 oﬂiciorum
3386 3348 3611 3433 alterius
3635 3381 3885 3435 memoria

610 3438 852 3495 ctoritati
875 3436 1240 3542 plura‘dicere
1280 3440 1598 3507 potuissem,
1625 3443 1671 3497 si
1696 3443 1989 3513 disputatio
2017 3454 2201 3502 nostra
2304 3464 2358 3507 et
2385 3459 2766 3514 remunerandi
2789 3436 3040 3517 voluntas
3061 3466 3388 3522 continetur.
3449 3465 3769 3535 Vindicatio,
3797 3485 3887 3542 per

609 3529 678 3585 ad
707 3528 871 3583 linem
898 3542 1005 3583 non
1033 3527 1355 3596 festinaret;
1385 3539 1442 3586 et
1465 3531 1511 3587 si
1539 3548 1647 3587 non
1685 3534 2014 3604 superﬂuum
2053 3538 2206 3594 vide-
2302 3560 2466 3615 quam
2504 3545 2596 3616 jus
2639 3559 2733 3603 aut
2761 3548 2955 3619 injuria
2977 3560 3035 3607 et
3079 3556 3304 3612 omnino
3344 3571 3521 3624 omne,
3551 3560 3701 3628 quod
3746 3527 3889 3615 obfu-

610 3627 763 3677 retur
792 3627 971 3697 tecum
1000 3619 1068 3675 de
1086 3620 1380 3723 virtutibus
1404 3637 1585 3695 agere,
1613 3639 1773 3723 quem
1800 3626 2063 3683 virtutum
2091 3644 2200 3685 non
2304 3646 2487 3715 turum
2516 3649 2621 3707 est,
2668 3642 3007 3700 defendendo
3028 3668 3031 3671 ·
3051 3654 3145 3702 aut
3192 3619 3884 3723 ulciscendo'propulsatnr.

609 3720 821 3769 tantum
849 3711 1099 3778 scientia,
1128 3711 1223 3768 sed
1251 3713 1417 3769 etiam
1452 3723 1613 3770 ornat
1641 3714 1947 3773 ellicientia.

2308 3712 2666 3797 Obseruantia,
2687 3749 2794 3804 qua
2817 3736 3066 3793 homines
3093 3739 3273 3809 aliqua
3294 3711 3556 3812 dignitate
3576 3711 3888 3802 anteceden-

679 3804 813 3858 (λιιι.
847 3802 967 3858 Non
996 3813 1178 3905 tamen
1206 3814 1285 3905 te,
1302 3807 1581 3905 magister,
1628 3808 1781 3878 prius
1810 3810 2079 3905 dimittam
2110 3827 2202 3869 ca—
2303 3827 2384 3879 tes
2411 3822 2558 3880 cultu
2585 3802 2821 3897 quodam
2858 3836 2917 3885 et
2935 3829 3145 3887 honore
3170 3802 3479 3905 dignamur.
3535 3833 3770 3901 Veritas,
3796 3850 3889 3905 per

592 3893 816 3949 lamum
845 3895 1211 3965 responsionis
1240 3895 1513 3964 claudere,
1543 3914 1704 3968 quam
1740 3901 1871 3956 mihi
1901 3904 2119 3959 nomina
2143 3914 2200 3961 et
2299 3930 2462 3985 quam
2486 3932 2550 3972 ea
2579 3893 2701 3987 qua:
2722 3926 2865 3987 sunt,
2896 3929 2992 3977 aut
3019 3938 3141 3992 quae
3162 3893 3403 3991 fuerunt,
3436 3934 3533 3980 aut
3557 3943 3677 3998 qua:
3716 3893 3888 3982 futura

608 3996 794 4063 partes
818 3990 1342 4059 quatuorvirtutum
1370 4005 1630 4061 exponas,
1660 4006 1797 4062 quas
1833 3994 2042 4052 radices
2066 3996 2201 4051 alia-

2308 4018 2446 4077 sunt,
2473 4010 2782 4069 indicantur
2793 4013 2949 4088 [Ms.,
2967 3990 3265 4090 dicuntur].
3283 4048 3357 4059 —
3377 3990 3517 4075 ειη.
3533 3990 3809 4088 Quomodo
3824 4035 3887 4076 ex

608 4097 730 4137 rum
758 4096 877 4137 esse
914 4081 1178 4137 virtutum
1205 4082 1407 4138 dixisti.
1436 4081 1605 4139 Paulo
1629 4092 1755 4140 ante
1785 4084 1927 4140 inter
1947 4102 2048 4143 nos
2068 4103 2201 4145 con-

2308 4104 2707 4161 consuetudinis
2728 4081 2827 4162 usu
2837 4106 3050 4177 justitia
3067 4081 3318 4165 servatur
3337 4081 3591 4167 l—Aui.
3624 4112 3698 4166 Ex
3713 4121 3887 4183 pacto,

604 4177 764 4242 stitit,
828 4177 1300 4274 sermocinationis
1353 4179 1797 4234 exercitationem
1841 4194 1964 4235 esse
2010 4195 2199 4237 neces-
2295 4192 2434 4262 pari,
2459 4190 2703 4261 judicato
2726 4193 2824 4269 [et]
2852 4212 2919 4252 ex
2947 4197 3083 4269 lege.
3118 4228 3190 4240 .-
3217 4199 3354 4256 Cu.
3383 4202 3514 4259 Plus
3535 4177 3806 4274 quam-et
3828 4205 3889 4261 de

603 4268 824 4322 sariam.
858 4268 916 4323 ln
951 4284 1058 4338 quo
1086 4246 1280 4326 melius
1321 4279 1406 4327 est
1434 4271 1744 4331 habendum
1789 4274 2058 4330 sermonis
2085 4282 2199 4329 stu-
2296 4246 2383 4339 his
2420 4246 2653 4356 quoque.
2679 4246 2750 4328 -ί
2786 4246 2919 4345 Ann.
2950 4246 3176 4346 Pthum
3204 4301 3291 4349 est
3326 4297 3472 4364 quod
3507 4246 3652 4352 inlter
3683 4297 3890 4369 aliquos

603 4357 774 4421 dium.
801 4373 967 4427 quam
998 4358 1052 4413 in
1075 4360 1336 4441 virtutum
1380 4362 1724 4429 excellentia.
1756 4378 1877 4433 quae
1916 4365 2191 4434 utrinque.
2295 4378 2567 4433 convenit.
2622 4375 2736 4434 Par
2771 4381 2825 4435 in
2854 4396 3045 4439 omnes
3085 4357 3363 4455 mquabile-
3392 4395 3496 4443 est.
3562 4357 3887 4455 Indica}...

602 4456 658 4501 et
685 4449 1049 4551 scribentibus
1073 4458 1127 4505 et
1153 4450 1456 4551 legentibus
1477 4453 1703 4509 multum
1732 4456 1988 4525 prodesse
2002 4455 2194 4551 valet?
2221 4513 2270 4551 ῃ
2294 4470 2438 4539 quod
2467 4469 2694 4540 alicujus
2737 4475 2917 4546 magni
2962 4476 3089 4544 viri,
3144 4449 3241 4534 ξιιη
3269 4480 3575 4551 aliquorum
3612 4449 3891 4540 “meum;

603 4570 676 4582 -
702 4540 833 4595 Ann.
864 4541 1116 4606 Prodest,
1149 4553 1209 4596 ut
1236 4543 1392 4609 dicis,
1422 4544 1638 4600 domine
1675 4546 1749 4600 mi
1777 4562 1894 4633 rex,
1925 4547 2020 4603 sed
2048 4548 2193 4603 inter
2220 4540 2269 4573 υ
2296 4559 2649 4615 constitutum
2678 4570 2779 4618 est.
2806 4540 2918 4619 iam
2946 4573 3030 4622 est
3057 4540 3206 4623 omni
3250 4540 3449 4641 ρορίιιο
3478 4570 3743 4643 scriptum
3781 4573 3889 4644 jus,

601 4639 893 4703 utrumque
919 4644 1186 4693 coarcwr.
1238 4635 1377 4691 Nam
1423 4637 1700 4693 succincta
1741 4636 1981 4696 brevitas
2019 4657 2193 4712 pauca
2293 4650 2424 4720 quid
2448 4665 2641 4707 cavere
2669 4653 2754 4708 vel
2780 4655 2913 4724 quid
2939 4657 3232 4715 observare
3250 4635 3471 4717 debeat.

600 4722 861 4793 postulat,
890 4731 947 4779 et
976 4740 1065 4780 res
1092 4725 1261 4780 ardua
1288 4726 1441 4797 plura
1468 4727 1762 4783 desiderat.

2365 4741 2498 4797 CAR.
2526 4741 2680 4800 Nunc
2707 4722 3083 4805 fortitudinem
3111 4765 3236 4805 cum
3278 4754 3392 4807 suis
3434 4755 3680 4824 partibus
3702 4764 3769 4811 nt
3796 4758 3889 4812 de-

675 4814 810 4872 Caa.
837 4815 1102 4888 Tempera
1131 4828 1184 4873 te
1206 4819 1351 4874 inter
1370 4827 1684 4889 utrumque,
1707 4832 1775 4873 ne
1796 4827 1887 4875 aut
1910 4821 2193 4891 prolixitas
2293 4845 2515 4902 promas
2539 4833 2791 4907 elllagito.
2820 4868 2892 4877 ——
2915 4837 3048 4895 Ana.
3099 4839 3385 4899 Fortitudo
3427 4814 3511 4902 est
3546 4850 3890 4920 magnanima

600 4908 903 4974 fastidium,
934 4915 1027 4962 aut
1055 4909 1293 4964 brevitas
1318 4909 1677 4980 ignorantiam
1705 4919 1944 4982 generet.
1964 4912 2188 4969 —ALa.
2292 4924 2658 4994 periculorum
2684 4935 2741 4982 et
2776 4927 3021 4985 laborum
3047 4934 3345 5004 perpessio,
3382 4936 3513 5007 Ejus
3548 4908 3737 5009 μῆεε
3766 4952 3891 4995 sum

599 4998 785 5057 Primo
812 4999 1093 5056 sciendum
1118 5008 1222 5066 est,
1253 5000 1398 5070 quod
1422 5000 1667 5070 quaedam
1694 5016 1782 5056 res
1809 5010 1919 5057 tam
1948 5003 2111 5059 clarae
2138 5014 2194 5062 et
2298 5015 2719 5087 magniﬁcentia,
2768 5020 3008 5089 ﬁdentia,
3048 4998 3338 5095 patientia,
3369 4998 3798 5099 perseverantia,
3822 5061 3891 5074 ..-

600 5101 717 5148 tam
742 5090 951 5147 nobiles
984 5102 1130 5156 sunt,
1178 5102 1239 5146 ut
1285 5106 1393 5147 non
1436 5102 1660 5165 propter
1688 5094 1832 5152 aliud
1859 5096 2194 5155 emolumen—

2308 5105 2429 5163 ΕΑΒ.
2457 5107 2662 5165 Harum
2683 5112 2923 5168 rationes
2948 5090 3180 5183 patefac.
3214 5147 3286 5158 --
3312 5090 3446 5174 his.
3489 5118 3889 5190 Magniﬁcam

602 5194 717 5241 tum
754 5185 1070 5256 expetenda:
1111 5185 1241 5250 sint,
1272 5185 1368 5241 sed
1410 5195 1633 5257 propter
1659 5203 1813 5245 suam
1855 5188 2193 5249 solummodo
2296 5205 2382 5253 est
2399 5214 2582 5255 rerum
2604 5216 2926 5273 magnarum
2940 5212 2998 5259 et
3014 5205 3351 5265 cxcelsarum
3366 5224 3491 5265 cum
3514 5185 3685 5266 animi
3708 5213 3889 5285 ampla

601 5278 924 5350 dignitatem
947 5277 1191 5333 amanda:
1214 5285 1343 5333 sunt
1368 5285 1425 5333 et
1440 5280 1815 5375 exsequendis.
2294 5291 2529 5364 quadam
2566 5300 2625 5349 et
2663 5294 2944 5363 splendida
2988 5299 3361 5368 propositione
3401 5302 3678 5375 cogitatio,

671 5367 805 5468 ρλιι.
856 5370 967 5426 llas
995 5369 1162 5468 ipsas
1184 5385 1274 5426 res
1304 5386 1647 5468 magn—opere
1683 5374 1846 5431 velim
1896 5390 2191 5448 agnoscere
2295 5384 2696 5444 administratio
2719 5386 2914 5462 [Edit.,
2939 5367 3107 5446 animi
3144 5392 3441 5468 invitatio].
3469 5367 3739 5452 'Fidentia

602 5458 787 5537 [Mssa
815 5462 1421 5538 cognoscere].-—Ai.a.
1455 5465 1547 5521 Ea:
1574 5476 1699 5522 sunt
1716 5468 1913 5537 virtus,
1935 5472 2186 5539 scientia,
2290 5491 2390 5545 per
2417 5492 2582 5547 quam
2622 5458 2835 5550 magnis
2863 5488 2919 5536 et
2944 5481 3190 5540 honestis
3217 5485 3275 5541 in
3320 5458 3483 5543 rebus
3516 5487 3751 5544 multum
3778 5458 3895 5546 ani-'-

599 5554 824 5618 veritas,
846 5569 999 5609 amor
1018 5556 1211 5612 bonus.
1228 5585 1300 5647 r-r
1316 5554 1451 5611 Cn.
1469 5556 1720 5627 Nunquid
1744 5557 1897 5634 [non]
1922 5563 2022 5618 has
2040 5562 2193 5620 Chri-
2289 5583 2412 5624 mus
2433 5569 2488 5624 in
2510 5584 2570 5625 se
2591 5569 2802 5627 ﬁducia:
2821 5580 2972 5630 certa
3001 5587 3127 5630 cum
3152 5591 3252 5647 spe
3274 5577 3581 5634 collocavit.
3613 5576 3891 5636 Patientia

600 5645 777 5702 etiam
803 5645 992 5717 religio
1016 5648 1257 5718 apprime
1280 5646 1500 5703 laudat?
1520 5647 1742 5707 —Au.
1771 5651 1985 5710 Laudat
2009 5664 2062 5711 et
2091 5671 2187 5712 co-
2288 5669 2375 5717 est
2396 5661 2697 5721 honestatis
2738 5673 2833 5720 aut
2874 5664 3129 5723 utilitatis
3168 5645 3330 5725 causa
3360 5683 3545 5726 rerum
3588 5670 3891 5728 arduam-

606 5728 686 5804 Ιὶῑι
707 5738 933 5796 -Caa.
962 5741 1101 5807 Quid
1140 5736 1474 5823 philosophis
1517 5760 1641 5809 cum
1687 5746 1754 5804 iis
1775 5747 1887 5803 ?-—-
1915 5747 2047 5807 ALB.
2077 5747 2187 5821 Has
2289 5761 2383 5831 aut
2404 5754 2698 5826 dillicilium
2720 5758 3025 5821 voluntaria
3049 5776 3116 5827 ac
3135 5761 3391 5831 diuturna
3418 5762 3719 5839 perpessio.
3752 5763 3891 5841 Pcr-
