4062 6346
199 309 306 369 945

1049 292 1519 352 DIDASCALICA.
1556 321 1625 331 —
1661 285 1932 344 DlALOG.
1973 284 2063 342 DE
2097 275 2305 340 RHET.
2346 278 2437 337 ET
2473 278 2658 338 VlRT.

3363 281 3466 340 946

198 416 495 482 severantia
524 424 609 475 est
637 413 692 473 in
721 416 932 471 ratione
956 415 1094 472 bene
1121 414 1463 471 considerata
1497 409 1705 468 stabilis
1725 417 1780 463 et
1807 410 1861 472 Α
1882 404 2029 458 vatio
2056 401 2516 474 spectet?—At.a.
2545 400 2616 458 Ut
2635 399 2890 473 diligatur
2911 399 3053 457 Deus
3079 408 3135 456 et
3162 400 3463 470 proximus.

200 523 462 589 perpetua
489 511 814 583 permansio.

275 607 410 664 CAR.
436 605 628 661 Restat
657 601 802 676 [tibi]
827 610 888 657 ut
915 603 982 657 de
1021 601 1379 672 temperantia
1409 599 1577 664 dicas,
1618 615 1649 653 a
1677 611 1782 668 qua

202 709 325 755 orta
345 707 428 755 est
448 697 604 753 nobis
623 696 690 750 de
708 694 994 748 virtutibus
1022 695 1297 764 inquisitio
1321 708 1334 747 :
1367 693 1519 763 cujus
1542 692 1785 763 proprie-

204 801 375 848 tatem
417 799 474 845 et
523 788 759 858 partium
815 786 957 841 illius
1006 786 1192 840 audire
1241 795 1612 856 exspecto.—
1647 783 1780 839 Ann.

207 882 579 953 Temperantia
595 888 678 936 est
702 877 982 932 rationalis
997 876 1151 950 [Μεδ.
1163 918 1178 942 ,
1203 875 1560 948 rationabilis]
1587 876 1640 930 in
1658 875 1784 930 libi-

205 977 391 1031 dinem
421 983 581 1044 atque
610 973 663 1026 in
694 971 828 1026 alios
851 987 954 1025 non
977 979 1153 1026 rectos
1173 970 1401 1040 impetus
1419 969 1606 1041 [animi
1629 968 1784 1022 firma

205 1076 263 1121 et
289 1061 588 1135 moderata]
622 1060 915 1117 dominatio
941 1060 1137 1132 [Edit.,
1170 1062 1400 1130 impetus
1439 1056 1780 1131 moderatio].

205 1156 336 1227 Ejus
364 1165 546 1226 partes
575 1163 700 1210 sunt
725 1171 737 1207 :
768 1151 1117 1214 continentia,
1146 1152 1459 1216 clementia,
1500 1150 1781 1206 modestia.

205 1246 538 1301 Continentia
563 1253 666 1311 est,
691 1260 787 1315 per
815 1257 976 1313 quam
1001 1243 1178 1298 omnis
1207 1242 1346 1297 mala
1376 1242 1643 1311 cupiditas
1671 1255 1788 1295 ma-

205 1356 312 1412 gna
340 1339 548 1395 consilii
571 1336 957 1407 gubernatione
995 1334 1202 1405 regitur
1227 1341 1282 1389 et
1305 1333 1642 1403 deprimitur.
1673 1330 1790 1386 Cle-

204 1433 403 1486 mentia
423 1437 524 1494 est,
556 1445 653 1500 per
672 1443 836 1499 quam
863 1426 1058 1497 injuria
1087 1425 1281 1481 etodia
1310 1424 1430 1478 miti
1459 1424 1638 1486 animo
1659 1423 1790 1478 reti-

205 1530 422 1575 nentur.
456 1519 714 1573 Modestia
758 1526 863 1584 est,
893 1533 990 1587 per
1017 1531 1181 1587 quam
1224 1516 1388 1570 totius
1432 1515 1556 1569 vitae
1599 1515 1792 1570 modus

205 1630 305 1672 seu
350 1616 516 1670 animi
560 1630 653 1669 seu
700 1612 945 1682 corporis
988 1611 1225 1666 motibus
1277 1608 1474 1682 [Edit.,
1522 1605 1790 1681 moribus]

203 1709 405 1780 ubique
425 1710 638 1765 honesti
659 1724 787 1763 cura
811 1717 1076 1762 servatur.

1880 493 1965 549 An
1992 493 2137 549 aliud
2157 496 2395 551 aestimas

1951 585 2083 642 Can.
2132 586 2216 641 Nil
2261 587 2511 657 equidem
2541 587 2705 645 aliud.
2742 587 2852 644 Sed
2891 601 3054 658 quam
3082 587 3248 642 breve
3282 585 3470 660 auditu

1883 688 1988 742 est,
2019 685 2127 732 tam
2151 678 2366 734 difﬁcile
2393 681 2539 735 factu
2580 689 2664 737 est
2704 689 2760 738 et
2797 682 3045 736 arduum.
3072 711 3143 720 —-
3169 679 3301 734 ALB.
3331 678 3471 746 Quid

1883 767 2096 824 facilius
2121 779 2204 823 est
2235 786 2397 840 quam
2433 788 2619 827 amare
2651 774 2858 842 species
2896 773 3172 843 pulchras,
3204 779 3260 827 et
3289 771 3475 826 dulces

1884 876 2127 932 sapores,
2155 878 2318 918 sonos
2353 879 2574 930 suaves,
2598 867 2792 921 odores
2821 865 3146 936 fragrantes,
3177 874 3354 919 tactus
3387 862 3476 932 ju-

1885 953 2109 1018 cundos,
2140 955 2374 1009 honores
2403 963 2458 1009 et
2484 955 2772 1011 felicitates
2801 957 3014 1012 saeculi?
3046 957 3171 1012 Haec
3195 973 3263 1012 ne
3290 970 3475 1012 amare

1885 1046 2040 1103 facile
2061 1055 2144 1101 est
2163 1047 2374 1112 animae,
2403 1062 2522 1117 quae
2545 1047 2689 1101 velut
2711 1049 2940 1104 volatilis
2966 1051 3157 1104 umbra
3179 1049 3475 1113 recedunt;

1887 1150 1943 1196 et
1987 1141 2154 1195 Deum
2203 1155 2308 1194 non
2366 1155 2568 1202 amare,
2609 1139 2698 1209 qui
2748 1149 2833 1195 est
2876 1149 3075 1195 teterna
3105 1139 3478 1209 pulchritudo,

1889 1241 2088 1288 aeterna
2125 1233 2388 1296 suavitas,
2417 1239 2618 1285 aeterna
2646 1231 2891 1297 dulcedo,
2922 1240 3126 1286 aeterna
3155 1230 3475 1302 fragrantia,

1889 1334 2091 1380 aeterna
2118 1323 2448 1396 jucunditas,
2480 1334 2773 1395 perpetuus
2799 1325 2987 1387 honor,
3019 1323 3335 1379 indeficiens
3360 1323 3479 1378 feli-

1889 1419 2060 1474 citas?
2085 1417 2317 1471 Maxime
2343 1433 2466 1472 cum
2494 1417 2687 1471 divinae
2714 1401 3008 1486 Scriptura:
3031 1415 3105 1470 nil
3131 1415 3275 1470 aliud
3298 1415 3479 1469 nobis-

1892 1523 2017 1564 cum
2046 1517 2229 1579 agant,
2260 1509 2360 1563 nisi
2387 1516 2447 1563 ut
2475 1507 2761 1580 diligamus
2785 1509 2954 1563 Deum
2981 1519 3036 1563 et
3063 1508 3347 1563 Dominum
3378 1523 3478 1562 no-

1894 1611 2063 1658 strum
2086 1617 2152 1655 ex
2176 1610 2288 1656 toto
2308 1601 2494 1666 corde,
2516 1615 2583 1656 ex
2613 1608 2722 1656 tota
2741 1601 2921 1655 anima
2942 1610 2996 1656 et
3028 1616 3097 1655 ex
3126 1609 3243 1655 tota
3279 1607 3480 1665 mente,

1895 1701 1952 1749 et
1983 1692 2288 1762 proximum
2327 1699 2572 1745 nostrum
2627 1700 2884 1762 tanquam
2936 1693 3314 1762 nosmetipsos.
3346 1690 3484 1746 Nam

277 1774 412 1855 αλιι,
458 1800 642 1854 Honor
675 1799 906 1854 eximius
948 1807 1033 1853 εει
1077 1813 1261 1852 θοι-³η]
1302 1795 1612 1852 hominibus
1653 1793 1797 1850 hanc
1820 1774 1869 1837 Β
1897 1784 2225 1854 promissum
2251 1783 2512 1837 habemus
2538 1784 2606 1837 ab
2638 1783 2748 1849 illo,
2771 1784 2861 1852 qui
2887 1783 3074 1838 fallere
3100 1785 3311 1854 ignorat
3344 1783 3484 1837 :Ju-

206 1891 471 1955 servanti,
502 1899 557 1946 et
583 1891 701 1946 laus
728 1890 870 1960 apud
911 1890 1196 1944 Dominum
1231 1887 1412 1960 [Mss.,
1443 1885 1658 1958 Deum].
1690 1885 1796 1940 Sed

209 1986 384 2040 miror
423 2000 523 2038 nos
548 1983 903 2050 Christianos,
932 1985 978 2040 si
1011 1983 1132 2056 [illi]
1162 1983 1464 2054 philosophi
1495 1983 1595 2037 has
1629 1981 1799 2035 virtu-

206 2086 293 2131 tes
331 2077 402 2130 ob
444 2075 657 2130 illarum
705 2083 914 2130 tantum
953 2076 1267 2146 dignitatem
1293 2075 1376 2129 vel
1422 2075 1636 2129 laudem
1674 2075 1799 2128 vitae

209 2174 584 2232 servaverunt,
629 2181 729 2221 cur
756 2181 856 2222 nos
883 2167 952 2222 ab
992 2167 1061 2222 iis
1088 2167 1144 2221 in
1190 2167 1372 2221 multis
1415 2166 1573 2221 devio
1611 2181 1798 2221 errore

210 2258 562 2322 declinamus,
603 2273 723 2313 cum
765 2259 881 2314 haec
916 2274 1059 2312 nunc
1089 2260 1144 2312 in
1175 2258 1280 2313 ﬁde
1311 2268 1365 2313 et
1395 2259 1660 2313 charitate
1684 2273 1799 2312 ser-

210 2365 276 2404 va
287 2351 464 2404 ntibus
487 2347 666 2421 [Mas.,
684 2348 1121 2419 observantibus]
1147 2357 1363 2403 aeterna:
1389 2348 1571 2418 gloriae
1597 2348 1664 2401 ab
1681 2348 1797 2416 ipsa

209 2440 442 2495 veritate
479 2439 694 2495 Christo
738 2439 868 2496 Jesu
910 2440 1130 2511 praemia
1173 2439 1542 2508 pollicentur?
1565 2438 1793 2494 ——ALn.

211 2529 341 2585 Plus
378 2531 668 2586 miserandi
697 2547 856 2600 quam
899 2532 1132 2586 mirandi
1170 2546 1377 2596 sumus,
1427 2531 1552 2601 quia
1578 2529 1798 2600 plurimi

210 2636 280 2676 ex
304 2623 503 2677 nostris
524 2631 668 2684 sunt,
692 2638 828 2692 quos
850 2639 951 2678 nec
973 2632 1148 2678 terror
1174 2638 1480 2692 poenarum,
1506 2637 1607 2678 nec
1631 2621 1800 2694 gloria

206 2714 558 2784 praemiorum
584 2715 651 2769 ad
679 2715 941 2769 virtutum
969 2715 1283 2785 dignitatem
1313 2723 1549 2770 revocat.

255 2803 421 2860 ,αλιι
463 2805 712 2878 Agnosco
756 2815 811 2862 et
838 2807 956 2862 sine
985 2789 1239 2879 lacryinis
1280 2824 1386 2863 non
1435 2808 1558 2864 dico
1599 2809 1800 2866 multos

211 2913 334 2954 esse
362 2899 515 2954 tales.
556 2899 809 2955 Attamen
834 2916 987 2972 rogo,
1011 2908 1090 2966 ut,
1124 2917 1286 2972 quam
1328 2890 1568 2956 breviter
1595 2904 1793 2972 possis,

212 2991 487 3046 edisseras
524 2993 792 3062 quomodo
816 2992 900 3047 ha:
925 2993 1250 3048 excellentes
1275 2994 1502 3048 virtutes
1534 2994 1588 3048 in
1615 3003 1800 3049 nostra

212 3083 475 3153 religione
513 3084 818 3140 Christiana
863 3086 1225 3157 intelligendae
1251 3094 1413 3157 atque
1451 3087 1800 3142 observandae

212 3177 368 3233 sint?
393 3209 465 3217 —
487 3178 618 3233 Aw.
645 3178 835 3234 Nonne
863 3179 958 3235 tibi
984 3180 1198 3235 videtur
1232 3180 1496 3251 sapientia
1526 3196 1666 3248 esse,
1693 3196 1801 3250 qua

213 3269 360 3326 Deus
387 3271 680 3325 secundum
708 3271 983 3328 modulum
1013 3271 1265 3328 humanae
1309 3274 1507 3328 mentis
1547 3273 1804 3344 intelligi-

211 3371 307 3422 tur
335 3372 390 3418 et
421 3365 657 3428 timetur,
682 3372 736 3419 et
764 3364 1006 3420 futurum
1035 3366 1151 3436 ejus
1178 3367 1417 3422 creditur
1436 3365 1734 3434 judicium?

287 3454 422 3510 CAR.
461 3454 705 3526 Intelligo
733 3455 812 3528 [et
840 3457 1099 3528 assentio]
1130 3459 1263 3512 nihil
1307 3475 1429 3514 esse
1467 3460 1571 3514 hac
1593 3461 1807 3530 sapien-

213 3547 290 3600 tia
321 3544 500 3616 [Mas.,
547 3547 673 3600 huic
720 3547 1019 3620 sapientiae]
1067 3549 1437 3605 excellentius.
1488 3551 1554 3605 Et
1604 3551 1658 3604 in
1706 3550 1806 3606 Job

214 3636 400 3690 recolo
431 3637 690 3706 scriptum
716 3656 727 3690 :
761 3638 900 3693 Ecce
919 3638 1155 3694 hominis
1183 3641 1470 3708 sapientia,
1501 3641 1693 3710 pietas.
1719 3639 1809 3712 [Et

211 3729 350 3798 quid
399 3730 594 3799 pietas,
643 3730 746 3784 nisi
803 3730 897 3784 Dei
947 3729 1140 3793 cultus,
1199 3731 1315 3803 qui]
1369 3729 1556 3787 Graece
1610 3733 1810 3788 dicitur

211 3822 490 3894 Θεοσέβεια
521 3819 702 3891 [Mss.,
730 3822 1094 3894 theosebion].
1122 3853 1195 3863 —-
1219 3822 1350 3878 ALB.
1380 3821 1525 3880 Bene
1555 3825 1810 3896 intelligis

211 3919 274 3967 et
295 3926 442 3966 vere.
475 3909 581 3966 Sed
608 3911 736 3982 quid
772 3913 865 3966 tibi
889 3913 1100 3983 justitia
1141 3914 1353 3969 videtur
1378 3929 1518 3981 esse,
1551 3917 1654 3972 nisi
1682 3916 1812 3973 cha-

212 4006 356 4060 ritas
384 4004 476 4058 Dei
508 4004 728 4074 ejusque
748 4006 1125 4062 mandatorum
1152 4007 1504 4063 observatio?

292 4095 425 4151 Cm.
459 4095 526 4149 Et
563 4095 665 4151 hoc
707 4112 959 4167 agnosco.
1000 4097 1143 4152 Nihil
1191 4099 1294 4155 hac
1335 4098 1545 4167 justitia
1587 4101 1809 4172 justius,

214 4190 334 4243 imo
363 4186 563 4240 nullam
592 4187 753 4241 aliam
791 4204 913 4244 esse
939 4189 1042 4245 nisi
1073 4189 1251 4245 istam.
1287 4223 1358 4232 —
1382 4192 1516 4248 ALB.
1559 4193 1814 4265 Nunquid

213 4296 331 4334 non
360 4279 726 4348 fortitudinem
772 4296 892 4335 esse
937 4282 1136 4347 cernis,
1187 4297 1293 4352 qua
1341 4283 1513 4340 hostis
1559 4287 1813 4357 antiquus

215 4371 484 4435 vincitur,
507 4379 563 4426 et
585 4371 809 4426 adversa
842 4374 1026 4428 mundi
1057 4373 1273 4430 fortiter
1299 4375 1647 4432 tolerantur?

1895 1893 2038 1948 gum,
2069 1875 2264 1945 inquit,
2292 1891 2464 1929 meum
2494 1892 2650 1928 suave
2678 1885 2752 1929 est
2779 1884 2826 1928 et
2868 1892 2998 1929 onus
3027 1891 3198 1928 meum
3224 1874 3351 1928 leve.
3382 1874 3487 1928 La-

1895 1969 2164 2026 boriosior
2183 1977 2268 2023 est
2301 1969 2444 2023 enim
2492 1983 2644 2023 amor
2669 1968 2828 2037 hujus
2859 1968 3046 2023 mundi
3071 1985 3233 2038 quam
3259 1969 3483 2025 Christi.

1897 2059 2049 2125 Quod
2077 2060 2220 2113 enim
2251 2059 2306 2114 in
2337 2058 2427 2113 illo
2455 2059 2636 2112 anima
2662 2061 2878 2129 quaerit,
2910 2076 3016 2115 non
3042 2061 3268 2126 invenit,
3300 2061 3353 2116 id
3378 2069 3485 2128 est,

1895 2149 2212 2206 felicitatem
2237 2160 2293 2206 et
2318 2153 2710 2218 aeternitatem;
2741 2154 2995 2222 quoniam
3018 2155 3134 2210 hare
3160 2154 3342 2209 infima
3367 2153 3488 2225 pul-

1897 2242 2150 2297 chritudo
2182 2244 2379 2296 transit
2401 2252 2455 2297 et
2483 2243 2707 2308 recedit,
2737 2243 2822 2299 vel
2854 2255 3128 2301 amantem
3150 2248 3372 2313 deserit,
3400 2248 3491 2304 vel

1898 2334 1968 2389 ab
2005 2342 2223 2389 amante
2272 2333 2559 2388 deseritur.
2593 2333 2797 2389 Teneat
2845 2350 2976 2407 ergo
3019 2337 3198 2391 anima
3240 2337 3487 2395 ordinem

1899 2441 2076 2482 suum.

1969 2517 2101 2573 CAR.
2135 2516 2266 2584 Quis
2293 2525 2378 2572 est
2396 2519 2530 2573 ordo
2557 2519 2751 2572 animae
2765 2518 2993 2574 ?—At.n.
3032 2519 3100 2575 Ut
3120 2519 3490 2592 diligat,quod

1899 2613 2148 2683 superius
2177 2621 2279 2678 est,
2318 2613 2372 2667 id
2397 2599 2500 2681 est,
2540 2613 2742 2679 Deum;
2774 2623 2829 2670 et
2855 2624 3027 2685 regat,
3072 2617 3216 2684 quod
3264 2616 3494 2670 inferius

1899 2713 2002 2771 est,
2031 2704 2084 2760 id
2110 2712 2212 2769 est,
2237 2719 2465 2775 corpus;
2518 2713 2572 2760 et
2605 2706 2779 2760 socias
2822 2705 3032 2760 animas
3070 2705 3353 2760 dilectione
3391 2721 3490 2759 nu-

1901 2799 2030 2853 triat
2056 2807 2110 2854 et
2141 2798 2338 2854 foveat.
2401 2797 2496 2854 llis
2544 2800 2686 2853 enim
2737 2800 3019 2855 sacrificiis
3052 2809 3280 2871 purgata
3328 2808 3495 2871 atque

1902 2902 2195 2950 exonerata
2231 2894 2412 2948 anima
2438 2894 2508 2948 ab
2535 2895 2641 2949 bac
2664 2892 2937 2949 laboriosa
2963 2903 3019 2949 et
3050 2911 3352 2951 aerumnosa
3381 2897 3494 2952 vita

1903 2989 2168 3045 revolabit
2196 2987 2286 3060 [ad
2315 2987 2575 3060 quietem]
2604 2996 2658 3042 et
2685 2988 2909 3043 intrabit
2932 2987 3063 3061 [A(.,
3096 2987 3404 3062 cmigrabit]
3437 2990 3492 3044 in

1904 3081 2159 3152 gaudium
2192 3080 2406 3135 Domini
2430 3080 2533 3135 sui.

1976 3172 2109 3230 CAR.
2150 3172 2398 3244 Magnum
2440 3172 2729 3243 quemdam
2775 3172 2951 3227 virum
3003 3180 3055 3227 et
3103 3187 3230 3228 vere
3277 3173 3494 3228 beatum

1903 3265 2187 3336 prmdicas,
2219 3264 2495 3336 magister.
2524 3295 2596 3304 —
2618 3264 2751 3318 Aw.
2785 3263 3032 3335 Magnum
3067 3274 3119 3319 te
3149 3264 3314 3319 faciat
3351 3265 3493 3318 Deus

1905 3365 1960 3412 et
1985 3372 2113 3412 vere
2139 3355 2614 3420 beatum,domine
2643 3355 2715 3408 mi
2747 3369 2863 3419 rex,
2892 3363 2947 3408 et
2987 3355 3040 3408 in
3089 3355 3193 3408 hac
3236 3355 3496 3408 virtutum

1906 3448 2187 3519 quadriga,
2209 3448 2275 3502 de
2298 3463 2402 3517 qua
2425 3447 2586 3517 paulo
2603 3454 2727 3500 ante
2742 3448 2972 3516 egimus,
2999 3448 3064 3500 ad
3086 3445 3321 3501 caelestis
3343 3445 3496 3515 regni

1909 3552 2085 3592 arcem
2132 3537 2360 3608 geminis
2403 3537 2707 3592 dilectionis
2748 3538 2941 3607 pennis
2985 3537 3240 3592 saeculum
3269 3538 3372 3591 hoc
3396 3550 3496 3590 ne-

1909 3644 2069 3698 quam
2101 3626 2436 3682 transvolare
2465 3628 2742 3684 concedat.

1980 3719 2114 3775 Can.
2143 3719 2282 3781 Fiat,
2313 3719 2426 3784 fiat,
2454 3721 2622 3791 gratia
2651 3721 2832 3775 divina
2855 3722 3106 3778 donante.
3125 3723 3340 3778 —ALB.
3370 3722 3610 3812 Ser-/

1909 3826 2000 3867 mo
2031 3812 2132 3868 iste
2163 3821 2371 3878 noster,
2401 3813 2494 3882 qui
2523 3814 2591 3867 de
2618 3813 2838 3868 volubili
2871 3814 3107 3869 civilium
3139 3815 3498 3884 qumStionum

1911 3907 2129 3979 ingenio
2158 3907 2299 3980 [Αι.,
2349 3906 2539 3980 genio]
2573 3908 2783 3962 initium
2839 3909 3048 3974 habuit,
3092 3911 3235 3966 hunc
3283 3918 3500 3965 aeterna

1911 3997 2224 4056 stabilitatis
2284 4001 2478 4054 habeat
2535 3999 2716 4064 finem,
2749 4015 2816 4054 ne
2847 4000 3043 4069 aliquis
3086 4016 3184 4056 nos
3224 4001 3497 4058 incassum

1914 4103 2124 4149 tantum
2155 4093 2478 4164 disputando
2503 4093 2715 4148 itineris
2743 4096 3016 4166 peregisse
3042 4097 3352 4151 contendat.

1983 4186 2116 4243 CAR.
2143 4187 2276 4254 Quis
2303 4195 2404 4254 est,
2438 4189 2531 4256 qui
2571 4186 2774 4243 frustra
2816 4191 3171 4245 sermocinari
3199 4187 3396 4246 audeat
3421 4192 3504 4247 di-

1913 4295 2056 4346 cere,
2082 4281 2126 4334 si
2150 4287 2242 4333 aut
2270 4281 2620 4335 honestarum
2650 4279 2754 4352 [est
2772 4279 2979 4354 szeculi]
3003 4292 3275 4338 scrutator
3299 4283 3512 4356 [curio-'

1915 4371 2029 4446 sus]
2079 4373 2298 4438 artium,
2354 4381 2448 4431 ant
2492 4373 2871 4429 excellentium
2926 4384 3163 4432 sectator
3195 4377 3502 4432 virtutum?

294 4461 452 4531 331
481 4460 614 4516 CAR-
647 4462 822 4518 Cerno
845 4465 1119 4534 equidem,
1149 4482 1249 4522 nec
1273 4467 1478 4538 aliquid
1516 4470 1619 4524 hac
1644 4471 1816 4526 vieto-
1839 4493 1892 4554 η
1916 4465 2052 4519 Nam
2099 4480 2205 4529 me,
2261 4473 2319 4517 ut
2372 4464 2562 4528 fateor,
2618 4465 2685 4519 ad
2726 4465 2825 4519 has
2856 4466 3232 4536 inquisitiones
3262 4469 3503 4523 scientiae

215 4553 309 4607 ria
339 4551 659 4608 laudabilius
681 4555 912 4610 testimo.
942 4586 1013 4595 —
1040 4555 1171 4611 ALB.
1201 4557 1284 4612 An
1311 4562 1666 4630 temperantia
1701 4578 1810 4619 non

213 4653 330 4706 est,
385 4658 503 4712 qua:
554 4643 830 4700 libidinem
892 4646 1167 4714 refrenat,
1206 4651 1491 4706 avaritiam
1541 4654 1812 4724 reprimit,

215 4747 418 4786 omnes
443 4733 607 4787 animi
637 4735 870 4805 impetus
891 4738 1044 4792 sedat
1060 4747 1116 4792 et
1142 4741 1444 4808 temperat?
1463 4772 1534 4781 —
1556 4740 1689 4797 Cm.
1716 4743 1814 4798 Est

217 4832 284 4880 et
312 4839 437 4879 vere
468 4824 594 4897 [est,
631 4826 706 4899 et]
745 4830 893 4883 omni
928 4829 1132 4886 homini
1163 4831 1317 4887 valde
1346 4835 1673 4890 necessaria.
1707 4833 1812 4890 Sed

217 4918 409 4975 adhuc
435 4935 640 4990 quaero,
665 4922 733 4977 ad
757 4937 919 4993 quem
943 4922 1102 4979 finem
1134 4925 1328 4981 harum
1348 4927 1607 4982 virtutum
1628 4927 1815 4983 obser-

1917 4574 2070 4613 amor
2095 4557 2320 4612 adduxit
2349 4573 2362 4609 :
2395 4564 2451 4611 et
2481 4556 2576 4611 tibi
2598 4557 2826 4627 gratiam
2851 4559 3043 4624 habeo,
3073 4563 3216 4630 quod
3244 4561 3502 4632 inquisita

1919 4664 2026 4704 non
2053 4649 2283 4719 negasti.
2313 4647 2390 4703 Ac
2421 4648 2540 4703 ideo
2567 4649 2705 4703 hanc
2736 4658 2943 4703 tuarum
2973 4653 3382 4721 responsionum
3411 4653 3509 4708 be-

1918 4740 2276 4796 nevolentiam
2302 4741 2491 4811 probo,
2533 4748 2587 4794 et
2618 4741 2874 4795 studiosis
2907 4741 3241 4811 profuturam
3268 4759 3387 4799 esse
3417 4759 3506 4799 ar-

1915 4834 2116 4899 bitror;
2156 4833 2202 4890 si
2249 4834 2409 4890 modo
2459 4832 2670 4887 macula
2724 4831 2908 4888 livoris
2937 4833 3202 4904 legentem
3240 4851 3346 4891 non
3387 4851 3506 4891 cor-

1916 4928 2137 4998 rumpit.

1633 5038 2072 5101 SCHEMATA

222 5134 386 5211 Qum
415 5141 785 5214 sequuntur,
818 5135 887 5198 in
922 5133 1059 5198 cod.
1099 5155 1243 5197 mss.
1273 5138 1338 5198 S.
1371 5137 1771 5220 Emmerqmi,
1803 5139 2202 5220 Frisingensi
2226 5181 2242 5209 ,
2292 5137 2441 5199 aliis
2473 5183 2489 5214 ,
2552 5146 2734 5220 atque
2783 5142 2851 5202 in
2884 5142 3155 5206 editione
3195 5143 3506 5206 Duacemt'

1255 5217 1407 5277 anni
1443 5217 1599 5280 156b-
1626 5218 1852 5298 ﬁguris
1884 5224 2433 5298 repraesentantur.

1485 5417 1672 5470 Natura

1036 5479 1129 5533 Vir
1151 5479 1308 5532 bonus
1385 5449 1406 5583 ξ

1492 5544 1691 5583 Διιιίὴιιι

642 5543 858 5618 Oratoris
937 5543 959 5618 ι
1386 5543 1406 5583 ι
1488 5544 1691 5594 Artibus

639 5610 868 5720 ὃῗῑξίἳῧέΐ
939 5610 963 5742 ἱ
1043 5669 1252 5742 Dicendi
1321 5735 1326 5740 ν
1381 5641 1402 5742 ς
1487 5668 1666 5742 Natura

1046 5733 1243 5782 Peritus
1303 5735 1326 5750 "
1384 5732 1402 5783 ί
1489 5732 1717 5783 Doctrina

1047 5809 1159 5845 esse
1183 5795 1335 5846 debet
1383 5792 1404 5846 ἰ
1488 5792 1586 5844 Usu

2657 5323 2719 5380 II.

2750 5421 2972 5484 inventio

2311 5484 2484 5534 Partes
2645 5483 2667 5545 \
2751 5483 3014 5545 Dispositio

2271 5545 2546 5598 Rhetorica}
2647 5545 2667 5598 (
2752 5547 2970 5596 Eloculio

2217 5617 2327 5659 sunt
2350 5613 2567 5673 quinque
2644 5608 2667 5673 ι
2748 5608 2976 5673 Mentori

2750 5671 3083 5722 l‘t'onuntlatio
