4062 6346
562 382 660 443 951

1371 377 1433 433 Β.
1475 376 1537 433 F.
1577 374 1806 435 ALBINI
1844 377 1980 438 SEU
1999 376 2279 439 ALCUINI
2314 381 2599 441 OPERUM
2635 378 2817 437 PARS
2855 378 2965 435 Vll.

3712 381 3826 440 952

564 517 583 551 ‹
620 490 1248 566 Αηίιηθάνεηίεηοιςθᾴᾳ,
1300 487 1483 566 lector,
1524 488 1810 545 Alcuinum
1842 492 2214 566 enumera-'5
2240 506 2422 563 gnum.
2451 482 2603 545 —’C.
2633 490 2815 547 Primo
2852 492 3092 548 omnium
3134 489 3222 548 dic
3248 490 3391 548 unde
3428 490 3569 548 dicta
3597 494 3669 549 sit
3697 495 3825 566 phi-

557 571 706 625 tione
731 568 910 638 potius
952 573 1010 638 et_
1031 560 1431 638 definitionibus
1451 568 1621 638 atque
1650 561 1906 631 exemplis
1934 563 2136 638 passim

553 631 748 703 usum;
766 654 831 691 eo
873 635 1014 707 quod
1042 644 1285 707 nontam
1324 631 1570 707 subtilem
1595 640 1651 687 et
1671 631 1991 707 accuratam
2008 634 2132 707 l_)ia-_

552 702 802 767 lecticam
849 702 976 777 (quo
1025 704 1240 760 nomine
1288 709 1442 777 extra
1472 702 1722 777 _lycae_ur_n
1774 704 2032 777 quidquid
2067 703 2136 757 ad

553 718 802 767 lecticam
849 718 976 777 (quo
1025 720 1240 760 nomine
1288 718 1442 756 cura
1497 718 1722 772 lycaeum
1812 718 2032 771 nmquid
2067 718 2135 757 au

553 777 852 843 disserendi
880 777 1143 830 rationem
1174 774 1427 846 pertinet,
1452 718 1809 846 ‘intelligitnig
1837 783 2135 846 artem_seu

554 849 864 905 methodum
909 847 1149 902 scribere
1175 843 1509 907 instituerit,
1551 859 1714 915 quam
1741 843 1980 915 ejusdem
2011 844 2137 897 Dia-

552 921 757 977 lectica:
805 918 1195 972 elementorum
1248 914 1676 984 qualemqualem
1706 914 1922 969 tradere
1953 915 2137 985 cogni-

552 994 775 1047 tionem.
813 1010 832 1041 ι
874 987 998 1043 Haec
1028 988 1135 1042 ille.
1169 986 1295 1040 Mihi
1326 985 1469 1039 haud
1499 986 1722 1040 dubium
1749 995 1833 1041 est
1870 986 2007 1039 hanc
2043 986 2135 1038 ΑΙ-

551 1062 697 1116 cuini
724 1060 1089 1122 Dialecticam,
1120 1057 1222 1112 etsi
1247 1056 1493 1111 fortassis
1520 1057 1695 1110 minus
1717 1056 1929 1110 subtilis
1953 1056 2135 1109 videa-

553 1141 643 1186 tur
681 1146 844 1201 quam
893 1130 1091 1200 Logica
1120 1127 1354 1201 vulgaris
1388 1126 1869 1201 Peripateticorum
1898 1125 2134 1195 proximi

554 1196 830 1271 temporis,
864 1196 1043 1271 multo
1060 1196 1237 1253 tamen
1252 1199 1362 1271 ista
1386 1210 1504 1250 esse
1532 1196 1819 1271 utiliorem.

623 1267 733 1327 Nos
759 1287 877 1326 eam
904 1272 1006 1325 hoc
1036 1270 1154 1325 loco
1180 1268 1498 1323 exhibemus
1522 1267 1764 1336 plurimis
1792 1267 1923 1321 locis
1950 1281 2134 1321 emen-

551 1344 732 1397 datam
761 1359 828 1397 ex
873 1342 1029 1395 codd.
1069 1356 1198 1394 mss.
1232 1338 1654 1401 Vindoboneusi,
1704 1336 2031 1407 Frisingensi
2079 1344 2135 1390 et

553 1414 610 1468 S.
650 1412 1010 1474 Emmerami;
1054 1411 1312 1466 lectiones
1360 1409 1634 1461 variantes
1681 1417 1736 1462 et
1784 1406 2024 1476 suppleta
2077 1408 2132 1461 in

553 1494 701 1539 textu
730 1484 870 1536 inter
892 1498 1059 1537 uncos
1077 1480 1328 1535 conclusa
1353 1494 1501 1532 more
1524 1487 1708 1533 uestro
1728 1476 2127 1533 collocavimus.

620 1553 779 1607 Juvat
810 1553 916 1607 huc
945 1551 1304 1606 transcribere
1342 1564 1461 1619 quae
1490 1547 1725 1619 adhunc
1754 1549 1948 1602 librum
1978 1556 2133 1601 nota-

550 1623 1027 1678 vitceleberrimns
1055 1621 1348 1690 Basnagius
1364 1618 1500 1673 tom.
1531 1618 1569 1671 ll
1591 1618 1741 1673 Lect.
1762 1620 2126 1690 antiquarum,

552 1710 671 1765 pag.
702 1694 826 1757 488,
854 1701 981 1765 not.
1002 1712 1019 1743 ‹
1055 1692 1173 1745 Alia
1203 1689 1860 1765 dialectica,inquii,__sive
1888 1689 2025 1742 alius
2049 1696 2132 1765 est

552 1758 946 1833 ile'Categoriis
974 1764 1109 1817 liber
1144 1777 1210 1816 ex
1252 1759 1645 1833 Aristoteleab
1669 1760 1865 1833 Albino
1906 1758 2133 1833 transla-

552 1845 636 1890 tus
668 1848 689 1873 ιι
718 1829 856 1905 apud
887 1851 970 1888 me
998 1850 1097 1888 ms.
1128 1847 1289 1903 quem
1324 1830 1516 1885 Carolo
1547 1829 1596 1884 Μ

553 1907 792 1960 carmine
819 1906 1064 1959 inscribit
1098 1922 1110 1954 :
1150 1924 1167 1956 ι

550 1999 802 2053 Alcuinus
843 2000 1091 2069 magister
1116 2016 1143 2052 e
1172 2001 1410 2069 partibus
1448 1997 1673 2068 Scythia:
1719 1997 1999 2069 deueniens
2034 1997 2130 2051 has

620 2066 1013 2140 tiategorias'ab
1040 2066 1315 2140 Aristotele
1338 2066 1638 2140 Gra’corum
1672 2084 1909 2140 sermone
1937 2068 2127 2140 editas,

619 2149 667 2193 et
692 2135 805 2209 post
831 2140 907 2209 ab,
926 2140 1221 2209 Augustino
1248 2138 1451 2192 Latinis
1485 2137 1674 2191 litteris
1710 2138 1998 2191 elucidatas
2028 2135 2129 2190 Ca-

621 2158 667 2193 et
728 2158 804 2194 08(
831 2158 894 2193 αυ
932 2158 1221 2209 Αιιςμιςιιηο
1248 2158 1451 2192 Lamus
1485 2158 1674 2191 uuam
1710 2158 1998 2191 emcmatas
2028 2158 2055 2189 ι.

621 2158 732 2263 τ’οᾶ
764 2211 870 2280 regi
892 2208 1223 2263 Francorum
1249 2226 1365 2262 cum
1393 2209 1471 2262 his
1510 2209 1734 2261 versibus
1761 2208 2055 2263 destinavit.

551 2300 805 2355 Continet
839 2302 941 2354 iste
964 2301 1149 2355 decem
1177 2308 1384 2354 natura:
1415 2301 1578 2355 verba
1603 2299 1831 2364 libellus,

553 2392 682 2457 Qum-
701 2393 813 2462 jam
850 2391 1014 2446 verba
1044 2399 1247 2457 tenent,
1280 2406 1460 2445 rerum
1493 2392 1701 2445 ratione
1735 2389 2018 2459 stupenda,

554 2483 724 2537 Omne
754 2483 897 2552 quod
927 2483 979 2536 in
1019 2491 1262 2538 nostrum
1282 2483 1482 2552 poterit
1508 2482 1795 2536 decurrere
1820 2496 2057 2536 sensum.

553 2574 654 2641 Qui
683 2573 829 2645 legit,
862 2574 1137 2646 ingenium
1162 2584 1406 2629 veterum
1432 2573 1680 2628 mirabile
1712 2572 1913 2640 laudet,

552 2664 725 2734 Atque
751 2680 907 2741 suum
933 2665 1148 2721 studeat
1173 2666 1266 2721 tali
1290 2680 1545 2721 exercere
1570 2664 1774 2731 labore,

552 2756 834 2813 Exornaus
872 2757 1041 2813 titulis
1069 2758 1195 2813 vitae
1230 2758 1353 2813 data
1383 2765 1625 2826 tempora
1647 2756 1907 2811 honestis.

551 2850 706 2907 Hunc
732 2851 1035 2920 Augustino
1060 2850 1263 2921 placuit
1292 2848 1589 2904 transferre
1617 2848 1880 2919 magistro

552 2942 627 2997 De
654 2950 895 2998 veterum
922 2943 1070 3014 gazis
1099 2942 1410 2998 Graecorum
1430 2940 1580 2997 clave
1608 2939 1799 2995 Latina
1832 2958 1845 2994 :

551 3034 722 3101 Quem
748 3033 845 3087 tibi
875 3048 994 3099 rex,
1028 3048 1255 3103 magnus
1284 3032 1486 3102 scphiae
1516 3039 1770 3098 sectator,
1788 3039 2021 3098 amator,

552 3124 772 3180 Munere
798 3124 891 3195 qui
918 3125 1014 3181 tali
1052 3125 1273 3197 gaudes,
1301 3123 1461 3180 modo
1492 3123 1649 3179 mitto
1675 3124 1982 3195 legendum.

553 3279 568 3293 .
603 3277 617 3291 .
651 3278 665 3292 .
700 3279 729 3311 ._
749 3258 769 3291 ‹
796 3238 904 3294 Sed
934 3239 1233 3311 Categoriae
1263 3239 1366 3294 illa:
1395 3239 1600 3311 decem
1626 3237 1926 3311 Augustino
1971 3238 2135 3311 tribui

551 3325 659 3364 non
700 3309 916 3365 debent.
949 3311 1015 3364 Et
1040 3308 1226 3365 revera
1272 3308 1605 3365 Benedictini
1634 3310 1962 3366 acutissima:
1989 3310 2138 3363 naris

554 3381 605 3434 in
635 3379 1027 3462 distinguendis
1060 3381 1308 3452 genuinis
1355 3379 1641 3462 Augustini
1672 3381 1943 3462 _operihus
1988 3380 2042 3433 in
2074 3396 2137 3462 ea

551 3451 1014 3573 Bnestantissima,
1046 3451 1209 3521 quam
1242 3461 1525 3515 curarunt,
1557 3453 1809 3514 editione,
1843 3465 1947 3505 non
1977 3451 2138 3505 modo

600 3521 896 3573 ialecticam
935 3533 991 3573 et
1017 3522 1329 3573 Cateaorias
1370 3539 1434 3573 ex
1482 3522 1772 3573 Aristotele
1803 3522 2132 3573 desumptas.

600 3522 896 3594 ialecticam
935 3533 991 3576 et
1017 3522 1329 3594 Categorias
1370 3522 1772 3594 ex_Aristotele
1803 3522 2132 3594 desumptas,

551 3593 646 3662 sed
686 3603 740 3647 et
785 3592 1203 3647 Grammaticam
1234 3603 1291 3647 ut
1336 3602 1391 3648 et
1441 3592 1790 3649 Rhetorieam
1837 3592 2137 3662 Augustino

552 3661 951 3729 abjudicarunt,
989 3672 1044 3718 et
1071 3664 1125 3717 in
1152 3665 1503 3733 appendicem
1541 3666 1669 3721 tomi
1701 3665 1723 3719 l
1761 3678 1884 3717 cum
1928 3661 2139 3717 ueteris

550 3735 806 3803 operibus
834 3735 1034 3803 spuriis
1065 3733 1389 3803 rejecerunt.
1432 3756 1450 3787 ι
1570 3780 1571 3783 η

625 3804 734 3860 Nec
755 3805 820 3859 de
844 3806 1090 3877 versibus
1113 3806 1201 3861 hic
1232 3806 1519 3877 descriptis
1540 3817 1750 3863 certum
1780 3804 2003 3877 omnino
2030 3810 2136 3869 est,

553 3893 678 3930 num
704 3877 938 3948 habeant
956 3875 1246 3948 Alcuinum
1272 3875 1570 3943 auctorem,
1603 3877 1850 3948 quamvis
1878 3875 2021 3930 illius
2043 3889 2139 3928 no-

553 3962 673 4018 men
706 3945 976 4018 inkfronte
1026 3945 1278 4017 przeferat
1310 3949 1481 4003 codex
1527 3945 1748 4018 quidam
1794 3952 2139 4018 pervetustus

554 3966 673 4001 men
706 3966 758 4000 ιη
798 3966 976 4001 ll'Ollle
1026 3966 1278 4017 przeterat
1310 3966 1481 4003 (:0an
1566 3966 1748 4003 uiuam
1794 3966 2139 4018 pervetusws

554 4015 1130 4089 S_anct-Germanensis
1156 4018 1240 4073 bis
1277 4020 1456 4089 verbis
1487 4037 1499 4072 :
1527 3966 1793 4089 Prologus
1821 4017 2031 4089 Alcuim'
2050 4017 2139 4089 ad

553 4086 802 4142 Carolum
822 4088 1117 4159 Augustum
1138 4106 1296 4157 super
1316 4087 1621 4159 Categorias
1645 4086 1813 4143 sancti
1837 4087 2136 4158 Augustini.

554 4158 687 4215 Vide
716 4158 1040 4230 appendices
1076 4160 1143 4215 ad
1167 4159 1341 4230 Opera
1368 4158 1542 4215 sancti
1575 4160 1879 4230 Augustini.

1103 4273 1264 4346 335
1291 4272 1565 4330 vsasus

558 4367 640 4422 Me
670 4367 807 4438 lege,
834 4368 926 4447 qui
956 4376 1201 4423 veterum
1231 4367 1418 4436 cupias
1445 4382 1775 4436 cognoscere
1804 4383 2019 4436 sensus,

626 4458 710 4513 Me
734 4459 1043 4529 quicunque
1069 4458 1232 4527 capit,
1271 4458 1577 4514 rusticitate
1607 4468 1783 4516 caret.

558 4551 691 4606 Nolo
728 4566 882 4606 meus
909 4550 1081 4605 lector
1105 4551 1283 4621 segnis
1305 4550 1396 4616 sit,
1420 4551 1545 4606 nolo
1574 4554 1857 4621 superbus,

631 4642 817 4698 Devoti
838 4650 892 4697 et
919 4642 1135 4697 humilis
1157 4643 1395 4713 pectoris
1424 4652 1578 4698 antra
1608 4644 1746 4701 colo.

559 4736 669 4791 Has
694 4738 825 4807 rego
851 4735 1067 4790 divitias
1103 4734 1308 4805 sophiae
1334 4750 1440 4790 non
1473 4724 1682 4790 temuat
1708 4722 1941 4802 amator,

631 4831 821 4886 Navita
855 4846 992 4902 quas
1016 4828 1190 4901 pelagi
1215 4838 1398 4898 portat
1426 4829 1496 4884 ab
1523 4829 1655 4884 orbe
1676 4843 1793 4885 suo.

1070 4922 1296 4978 CAPUT
1334 4921 1626 4977 PRIMUM.

827 5014 891 5051 DE
927 5009 1273 5051 PHILOSOPHIA
1313 5010 1380 5047 ετ
1421 5007 1683 5048 ΡΑιιτιΒυδ
1722 5008 1864 5048 E108.

629 5089 873 5146 Carolus.
912 5088 1048 5155 Quia
1091 5086 1425 5142 mentionem
1469 5086 1822 5157 philosophize
1866 5086 1921 5141 in
1958 5086 2146 5157 priore

561 5180 939 5254 disputationis
968 5186 1168 5233 nostra:
1210 5189 1459 5231 sermone
1514 5174 1744 5232 fecimus
1782 5174 1956 5249 [Edit.
2009 5175 2148 5230 Mol—

562 5274 740 5339 theri.,
772 5273 897 5344 quia
927 5270 1255 5326 mentionem
1277 5268 1330 5322 in
1355 5267 1527 5337 priori
1547 5268 1910 5338 disputatione
1936 5266 2003 5322 de
2027 5268 2149 5339 phi-

563 5367 806 5437 los0phia
847 5376 1097 5422 sermone
1150 5370 1337 5416 nostro
1384 5360 1657 5432 fecimus],
1711 5361 1928 5415 videtur
1955 5361 2135 5415 condi.

561 5473 748 5531 gnum,
780 5456 1057 5528 magister,
1088 5462 1149 5509 ut
1172 5453 1445 5527 aliquanto
1469 5452 1664 5506 latiore
1686 5451 2032 5521 indagatione
2081 5453 2148 5506 de

561 5564 628 5606 ea
659 5550 934 5618 disputare
978 5546 1321 5615 incipiamus.
1351 5575 1421 5585 —
1451 5543 1694 5596 Albinus.
1735 5542 2042 5609 Faciamus,
2074 5543 2146 5597 si-

561 5641 674 5698 cuti
724 5649 829 5695 tua:
875 5641 1086 5695 videtur
1139 5634 1589 5710 [Ms.,videatur]
1630 5635 1906 5705 sapientia:
1956 5637 2146 5692 condi-

2160 3196 2209 3259 ϐ

2236 582 2515 652 losophia?
2540 612 2613 622 —
2639 582 2705 636 Α.
2728 582 2811 639 Ab
2848 598 3032 637 amore
3060 583 3354 653 sapientiae.
3390 582 3547 655 [Nam
3575 585 3825 655 philoso-

2234 673 2362 741 phia
2385 688 2541 728 amor
2567 681 2651 729 est
2680 673 2999 746 sapientiae].
3027 673 3201 730 Graeci
3236 674 3415 746 philoa
3441 675 3621 751 (φίλον)
3658 694 3820 735 amo-

2237 780 2383 832 rem,
2412 767 2648 837 sophiam
2677 767 2892 841 (σοφίαν)
2921 770 3242 840 sapientiam
3272 778 3491 826 vocant.

2307 856 2367 911 C.
2400 856 2499 913 Dic
2541 858 2658 929 ejus
2695 875 2908 931 quoque
2955 860 3345 916 definitionem.
3373 862 3535 916 —A.
3564 861 3821 921 Philoso-

2232 951 2360 1020 phia
2388 959 2474 1007 est
2505 962 2826 1007 naturarum
2871 954 3151 1024 inquisitio
3178 994 3194 1019 ,
3224 970 3409 1009 rerum
3446 955 3817 1013 humanarum

2235 1039 2646 1112 divinarumque
2694 1044 2961 1114 cognitio,
2992 1052 3253 1114 quantum
3300 1045 3509 1099 homini
3556 1048 3817 1116 possibile

2234 1139 2314 1185 est
2337 1133 2627 1187 aestimare.
2652 1133 2746 1189 Est
2771 1150 2983 1205 quoque
2998 1136 3334 1207 philosophia
3351 1136 3609 1192 honestas
3636 1136 3811 1209 [Edit.

2234 1223 2556 1296 honestitas]
2597 1225 2740 1289 vitae,
2790 1225 3025 1280 studium
3069 1226 3207 1282 bene
3253 1228 3488 1293 vivendi,
3535 1229 3815 1284 meditatio

2235 1314 2446 1378 mortis,
2484 1323 2825 1385 contemptus
2875 1317 3094 1383 saeculi;
3145 1318 3290 1387 quod
3345 1319 3517 1390 magis
3561 1321 3817 1375 convenit

2234 1402 2578 1469 Christianis,
2601 1405 2693 1474 qui
2724 1406 2905 1460 saaculi
2936 1407 3231 1464 ambitione
3268 1409 3477 1464 calcata
3507 1409 3814 1482 disciplina-

2232 1494 2327 1549 bili
2366 1495 2717 1549 similitudine
2746 1494 2941 1551 futura:
2968 1499 3157 1567 patriae
3185 1499 3392 1554 vivunt.

2305 1585 2364 1641 C.
2399 1587 2475 1641 Ex
2506 1602 2611 1656 qua
2633 1590 2858 1643 materia
2895 1592 3142 1645 constat?
3166 1622 3236 1632 —
3256 1593 3321 1645 A.
3347 1592 3589 1650 Scientia
3618 1604 3671 1651 et
3700 1596 3814 1668 opi-

2233 1677 2393 1731 nione
2425 1676 2601 1748 [Mss.,
2632 1680 2971 1748 opinatione;
3023 1691 3077 1736 et
3105 1683 3270 1752 infra,
3324 1684 3611 1758 Opinatio].
3654 1718 3726 1729 —-
3750 1687 3809 1743 ϐ.

2234 1765 2471 1822 Scientia
2500 1769 2630 1839 quid
2669 1771 2786 1824 est?
2816 1802 2885 1811 —
2911 1772 2973 1824 Α.
3016 1770 3252 1827 Scientia
3280 1782 3362 1829 est
3411 1790 3535 1830 cum
3581 1791 3669 1832 res
3718 1777 3811 1832 ali-

1600 1846 1738 1902 θίόηο
1762 1832 1865 1885 hoc
1895 1830 2048 1884 mulo
2076 1836 2130 1884 εί
2159 1849 2207 1910 Β
2233 1873 2338 1927 qua
2366 1830 2532 1914 certa.
2553 1860 2763 1916 ratione
2787 1861 3100 1931 percipitur,
3126 1871 3207 1928 ut,
3242 1863 3460 1933 eclipsis
3488 1865 3618 1922 solis
3648 1830 3811 1921 luna-

2232 1950 2309 2005 ris
2328 1951 2589 2024 .corporis
2633 1952 2847 2023 objecta
2894 1960 2996 2007 est.
3045 1984 3117 1992 —
3157 1950 3217 2005 C.
3270 1952 3467 2022 Opinio
3504 1955 3633 2024 quid
3686 1956 3811 2010 est?

2230 2069 2302 2079 —-
2327 2040 2390 2094 Α.
2422 2039 2617 2110 Opinio
2644 2050 2747 2107 est,
2774 2057 2897 2097 cum
2924 2042 3131 2097 incerta
3171 2058 3259 2097 res
3288 2043 3421 2097 latet
3468 2052 3523 2098 et
3550 2043 3695 2097 nulla
3723 2044 3810 2098 lir-

2231 2146 2320 2186 ma
2350 2133 2559 2186 ratione
2593 2132 2809 2187 difiiniri
2840 2142 3035 2204 potest,
3081 2142 3157 2195 ut,
3184 2136 3500 2205 magnitudo
3538 2136 3693 2201 coeli,
3727 2137 3811 2191 vel

2229 2221 2569 2290 profunditas
2605 2231 2783 2278 terras.
2836 2255 2908 2263 —
2948 2222 3008 2278 C.
3067 2223 3125 2277 ln
3176 2233 3306 2294 quot
3339 2224 3489 2296 μὴ,
3544 2226 3599 2281 in
3649 2224 3809 2297 quas]

2231 2323 2411 2384 partes
2440 2315 2698 2370 dividitur
2741 2315 3117 2385 philosophia?
3161 2345 3233 2355 -—
3259 2315 3322 2369 A.
3348 2316 3404 2370 ln
3434 2327 3545 2372 tres
3574 2333 3592 2371 :
3620 2318 3811 2389 physi-

2232 2423 2371 2473 cam,
2419 2409 2675 2473 ethicam,
2728 2406 3167 2479 logicam.—C.
3216 2408 3337 2465 Haec
3373 2426 3589 2480 quoque
3640 2412 3813 2467 latino

2232 2514 2327 2554 ore
2353 2514 2609 2568 exprome
2631 2498 2763 2571 [At.,
2794 2515 3024 2568 expone.
3060 2529 3132 2539 —
3163 2500 3227 2553 A.
3260 2500 3489 2571 Physica
3523 2510 3611 2557 est
3656 2511 3816 2556 natu-

2233 2591 2383 2655 ralis,
2429 2592 2608 2647 ethica
2664 2592 2919 2656 moralis,
2956 2592 3133 2662 logica
3178 2593 3475 2649 rationalis.
3505 2592 3657 2647 —C.
3686 2592 3814 2649 Olﬁ-
3910 2644 3915 2649 .

2233 2683 2314 2739 cia
2346 2683 2676 2754 singularum
2721 2684 3024 2754 specierum
3052 2686 3246 2755 pande.
3292 2716 3366 2726 —
3405 2686 3470 2740 Α.
3504 2686 3562 2740 1η
3586 2687 3810 2758 physica

2234 2776 2397 2846 igitur
2431 2791 2592 2831 causa
2630 2777 2928 2845 quaerendi,
2977 2777 3031 2831 in
3068 2778 3247 2833 ethica
3290 2778 3425 2833 ordo
3470 2779 3703 2844 vivendi,
3751 2781 3806 2834 in

2232 2868 2405 2939 logica
2436 2869 2575 2924 ratio
2604 2867 2936 2939 intelligendi
2959 2876 3228 2924 versatur.

2289 2959 2349 3015 ϐ.
2365 2961 2422 3016 lu
2434 2969 2566 3031 quot
2580 2959 2787 3031 species
2802 2961 3024 3032 physica
3042 2960 3469 3044 dividitur?—A.
3487 2960 3546 3015 In
3559 2969 3807 3031 quatuor:

2237 3053 2655 3119 arithmeticam,
2687 3054 3063 3123 geometriam,
3088 3053 3374 3118 musicam,
3406 3053 3808 3108 astronomiam.

2236 3177 2308 3188 --
2330 3143 2391 3200 Ο.
2429 3145 2486 3201 1η
2517 3154 2647 3215 quot
2668 3156 2850 3216 partes
2879 3145 3137 3201 dividitur
3160 3146 3372 3201 ethica?
3399 3175 3471 3185 —
3495 3146 3560 3199 Α.
3605 3144 3659 3199 In
3681 3160 3813 3214 qua—

2240 3245 2362 3291 tuor
2386 3251 2600 3306 quoque
2640 3254 2652 3289 :
2687 3236 3027 3305 prudentiam
3049 3277 3064 3302 ,
3083 3234 3376 3305 justitiam,
3406 3235 3770 3291 fortitudinem
3794 3275 3811 3301 ,

2236 3327 2668 3397 temperantiam,
2694 3357 2766 3367 —
2787 3324 2849 3380 C.
2880 3326 3077 3398 Logica
3107 3328 3162 3381 in
3208 3336 3339 3398 quot
3383 3328 3593 3397 species
3628 3325 3816 3380 dividi-

2237 3419 2367 3473 tur?
2395 3448 2466 3459 —
2489 3418 2553 3472 A.
2585 3418 2644 3473 ln
2694 3419 2849 3485 duas,
2883 3420 2938 3474 in
2983 3420 3323 3475 dialecticam
3364 3428 3421 3475 et
3466 3419 3813 3474 rhetoricam.

2235 3510 2292 3566 In
2340 3511 2424 3566 his
2462 3512 2659 3583 quippe
2707 3512 2999 3583 generibus
3039 3511 3213 3568 tribus
3254 3512 3603 3584 philosophia:
3644 3510 3814 3567 etiam

2236 3604 2452 3675 eloquia
2487 3604 2668 3658 divina
2690 3604 3016 3659 consistunt.

2308 3714 2368 3770 C.
2398 3715 2862 3782 Quomodo?—A.
2882 3718 3014 3772 Nam
3039 3726 3133 3773 aut
3155 3720 3221 3774 de
3242 3727 3436 3773 natura
3448 3718 3820 3789 disputareso-

2237 3806 2369 3872 lent,
2384 3807 2512 3861 utin
2533 3807 2798 3864 Genesiet
2819 3809 2874 3864 in
2896 3808 3226 3865 Ecclesiaste
3243 3826 3257 3875 ;
3274 3818 3367 3865 aut
3387 3810 3454 3865 de
3478 3808 3736 3871 moribus,
3760 3816 3821 3862 ut

2239 3897 2293 3951 in
2322 3896 2631 3954 Proverbiis
2670 3907 2724 3953 et
2750 3901 2805 3953 in
2834 3899 3085 3955 omnibus
3127 3899 3358 3971 sparsim
3388 3899 3573 3965 libris;
3608 3910 3699 3954 aut
3756 3898 3821 3955 de

2239 3988 2431 4060 logica,
2456 4004 2554 4059 pro
2579 4003 2684 4060 qua
2713 3989 2884 4043 nostri
2916 3986 3276 4061 theologicam
3315 3990 3419 4045 sibi
3443 3990 3735 4052 vindicant,
3763 3996 3821 4043 ut

2240 4082 2294 4136 in
2317 4080 2555 4136 Canticis
2580 4082 2914 4136 canticorum
2954 4087 3009 4135 et
3036 4088 3226 4136 sancto
3254 4079 3566 4151 Evangelia.

2310 4170 2371 4227 C.
2403 4172 2727 4242 Theologica
2750 4172 2880 4243 quid
2905 4173 3022 4228 est?
3046 4203 3117 4213 —
3138 4172 3204 4226 A.
3234 4172 3555 4243 Theologica
3576 4180 3681 4236 est,
3706 4185 3824 4239 qut:

2238 4262 2429 4319 Latine
2459 4265 2757 4335 inspectiva
2779 4265 2996 4331 dicitur,
3050 4280 3157 4336 qua
3198 4264 3536 4337 supergressi
3588 4262 3824 4318 visibilia

2241 4357 2309 4412 de
2332 4357 2528 4413 divinis
2570 4365 2626 4412 et
2680 4358 2991 4415 cmlestibus
3020 4359 3224 4429 aliquid
3255 4367 3436 4414 mente
3469 4357 3645 4413 solum
3698 4370 3827 4410 con-

2240 4451 2583 4522 templamur.
2616 4450 2753 4505 Nam
2780 4461 2835 4506 et
2862 4452 2916 4506 in
2938 4453 3037 4507 has
3078 4467 3293 4521 quoque
3315 4452 3449 4506 duas
3487 4459 3675 4520 partes
3706 4448 3829 4518 phi-

2164 4554 2220 4617 Ῑ)
2241 4541 2487 4610 losophia
2521 4555 2654 4597 vera
2682 4542 2960 4608 dividitur,
2991 4543 3047 4599 id
3068 4551 3174 4608 est,
3197 4543 3254 4596 in
3279 4543 3631 4612 inspectivam
3662 4552 3714 4595 et
3740 4555 3830 4594 ac-

2248 4636 2469 4691 tualem.

2319 4727 2381 4783 C.
2406 4727 2649 4783 Actualis
2691 4743 2811 4798 qua:
2845 4728 2962 4782 est?
3003 4757 3077 4767 —
3101 4728 3167 4781 Α.
3203 4726 3445 4781 Actualis
3470 4732 3571 4789 est,
3609 4738 3733 4793 qua:
3778 4721 3832 4777 in

2249 4822 2652 4893 operationibus
2670 4820 2795 4876 huic
2814 4822 2940 4875 vita:
2965 4820 3179 4875 mortali
3206 4819 3527 4875 necessariis
3557 4817 3830 4872 consistit.

2249 4910 2356 4967 Per
2406 4910 2546 4965 hanc
2601 4910 2766 4981 igitur
2816 4910 3009 4965 modus
3046 4907 3227 4981 [Hss.,
3266 4907 3407 4981 mos]
3443 4908 3706 4962 honestus
3752 4906 3835 4960 vi-

2249 5001 2408 5057 vendi
2451 5001 2724 5071 appetitur
2777 5008 2832 5054 et
2878 5000 3122 5054 instituta
3175 5000 3243 5054 ad
3276 5000 3507 5054 virtutes
3552 4996 3836 5052 tendentia

2252 5099 2604 5156 exercentur;
2628 5106 2727 5159 per
2750 5090 2898 5143 illam
2920 5105 3050 5145 vero
3069 5089 3213 5144 Deus
3242 5096 3474 5152 amatur,
3502 5102 3597 5155 spe
3622 5095 3679 5140 et
3734 5084 3840 5138 fide

2253 5182 2468 5237 colitur.
2510 5211 2584 5221 —
2621 5179 2681 5234 C.
2715 5180 2847 5247 Quis
2872 5188 2973 5244 est,
3011 5180 3101 5249 qui
3126 5175 3695 5250 philosophi:e[£‘dit.,
3720 5174 3841 5245 phi-

2253 5271 2576 5345 losophiam]
2624 5272 2905 5328 detrahere
2937 5271 3150 5326 audeat.
3176 5300 3248 5311 --
3296 5270 3361 5323 Α,
3386 5267 3571 5323 Nullus
3599 5267 3841 5337 sapiens.

2252 5394 2326 5406 —
2350 5363 2412 5419 (ἰ.
2442 5365 2581 5419 Vere
2624 5363 2800 5418 nullus
2830 5363 3064 5432 sapiens.
3094 5360 3202 5417 Sed
3231 5374 3521 5432 pergamus
3559 5357 3629 5411 ad
3680 5356 3852 5410 diab-

2252 5454 2407 5509 ctica:
2434 5453 2570 5508 artis
2594 5452 2995 5522 inquisitionem
3025 5450 3161 5521 [Al.,
3203 5445 3609 5519 qumstionem].
3639 5445 3712 5499 Et
3740 5444 3852 5515 pri-

2252 5560 2402 5601 mum
2427 5545 2537 5612 dic,
2568 5544 2694 5616 quid
2711 5546 2781 5599 sit
2804 5544 3122 5598 dialectica?
3150 5543 3298 5595 —A.
3319 5540 3608 5595 Dialectica
3624 5545 3710 5592 est
3736 5536 3850 5590 dis-

2257 5637 2455 5707 ciplina
2480 5636 2758 5691 rationalis
2787 5634 3083 5706 quazrendi,
3110 5631 3405 5688 diiiiniendi
3433 5640 3487 5685 et
3515 5623 3856 5691 disserendi,

638 5769 665 5797 ι
705 5756 779 5809 Ab
808 5755 1029 5809 Atcuino
1065 5752 1370 5807 translatus.
1402 5748 1630 5803 Fallitur
1691 5764 1756 5803 ex
1790 5749 2180 5804 inadvertentia
2215 5750 2298 5806 vir
2366 5751 2576 5807 doctus.
2624 5749 2815 5805 Dicere
2858 5749 3004 5804 enim
3050 5746 3311 5813 debebat;
3358 5762 3379 5798 ι
3423 5743 3493 5800 ab
3539 5738 3859 5809 Augustin.

567 5826 881 5893 translatus,
904 5840 1065 5898 quem
1094 5823 1350 5879 Alcuinus
1378 5819 1572 5877 Carolo
1595 5819 1851 5894 Magno...
1881 5820 2179 5875 inscribit.»
