4062 6346
358 333 462 395 953

1336 328 1807 390 DIDASCALICA.
1847 361 1918 374 —
1954 331 2044 388 DE
2086 334 2512 394 DIALECTICA.

3499 344 3604 402 951,

356 457 520 513 etiam
542 459 595 507 et
616 465 742 506 vera
773 465 803 504 a
830 446 978 504 falsis
1004 449 1341 504 discernendi
1365 460 1570 521 potens.
1589 481 1659 490 --
1680 446 1739 502 C.
1773 447 1925 503 Unde
1949 449 1999 508 Α
2028 447 2227 504 risibile
2250 460 2353 516 est,
2381 453 2540 506 homo
2575 461 2676 508 εει.
2709 452 2776 507 Ει
2804 451 2919 508 hrec
2945 453 3329 512 circumversio
3353 474 3606 516 necessa-

357 549 499 604 dicta
535 553 619 600 est
653 544 966 598 dialectica?
995 573 1064 582 —
1110 544 1172 596 A.
1202 543 1354 597 Dicta
1379 553 1460 598 est
1483 532 1783 606 dialectica,
1808 542 1931 612 quia

357 638 414 698 in
447 656 511 694 ca
543 639 611 693 de
639 637 796 692 dictis
836 637 1155 706 disputatur.
1180 635 1316 691 Nam
1363 635 1531 690 lecton
1562 635 1736 708 [λέξις]
1767 635 1932 690 dictio

356 730 577 788 dicitur.

426 825 590 896 336
615 822 675 878 C.
707 823 844 891 Quid
857 816 948 879 est
979 823 1117 878 inter
1140 823 1478 878 dialecticam
1499 832 1553 877 et
1571 820 1932 876 rhetoricam?

355 946 424 956 -—-
452 917 516 969 Α.
547 916 838 970 Dialectica
877 924 931 970 et
959 916 1228 970 rhetorica
1259 923 1360 976 est,
1388 915 1531 984 quod
1567 914 1620 968 in
1647 929 1809 967 manu
1838 913 1932 966 ho-

355 1009 517 1063 minis
551 1024 760 1078 pugnus
791 1009 1044 1063 astrictus
1078 1017 1132 1062 et
1168 1009 1345 1077 palma
1369 1008 1600 1062 distenta
1627 1006 1820 1076 [Edit.,
1854 1005 1931 1058 di-

355 1101 582 1173 stensa].
612 1102 706 1155 llla
757 1101 908 1156 brevi
961 1103 1205 1157 oratione
1233 1110 1549 1170 argumenta
1581 1097 1711 1169 [Αι.,
1769 1105 1822 1151 et
1849 1113 1931 1151 ar-

355 1194 632 1266 gumento]
666 1196 960 1261 concludit;
1002 1197 1104 1250 ista
1132 1211 1230 1264 per
1265 1194 1529 1248 facundiae
1573 1207 1792 1261 campos
1840 1206 1931 1246 co-

354 1289 507 1357 pioso
545 1305 793 1343 sermone
839 1289 1114 1344 discurrit.
1148 1287 1241 1341 llla
1266 1286 1429 1339 verba
1469 1285 1773 1348 contrahit;
1823 1283 1926 1337 ista

355 1385 632 1440 distendit.
676 1385 967 1440 Dialectica
1015 1383 1279 1452 siquidem
1321 1383 1387 1435 ad
1436 1379 1784 1434 inveniendas
1838 1391 1925 1431 res

354 1477 588 1542 acutior;
640 1478 911 1531 rhetorica
945 1476 1012 1529 ad
1037 1475 1282 1528 inventas
1313 1467 1568 1526 dicendas
1617 1467 1922 1524 facundior.

352 1567 445 1622 Illa
470 1585 622 1625 raros
651 1578 704 1624 et
735 1570 1004 1625 studiosos
1031 1568 1296 1638 requirit;
1330 1568 1446 1621 haec
1475 1566 1786 1633 frequenter
1809 1579 1925 1632 pro-

353 1661 496 1715 cedit
527 1662 581 1715 in
608 1662 812 1715 turbas.
850 1691 921 1700 ——
953 1659 1011 1713 C.
1037 1658 1177 1725 Quot
1199 1666 1325 1713 sunt
1353 1659 1558 1726 species
1590 1656 1922 1710 dialecticae?

351 1781 421 1790 —
442 1751 507 1804 A.
539 1751 786 1820 Quinque
808 1750 1136 1820 principales
1163 1768 1174 1803 :
1211 1751 1456 1819 isagogm,
1491 1748 1797 1817 categoriaa,
1823 1747 1926 1818 syl-

2033 542 2112 596 ria
2161 543 2373 598 dicitur.
2431 545 2540 601 Nec
2578 547 2652 602 ita
2700 547 2960 602 rationale
3009 549 3353 606 circumverti
3402 561 3598 623 potest.

2033 633 2222 688 Dicere
2270 651 2398 690 vero
2439 637 2724 706 pessumus
2758 659 2768 692 :
2797 639 3065 710 Quidquid
3095 642 3254 697 homo
3303 654 3404 710 est,
3439 647 3605 702 ratio-

2033 727 2153 780 nale
2190 736 2304 795 est;
2339 746 2437 784 nec
2467 739 2644 786 tamen
2670 749 2931 789 converso
2954 735 3144 790 ordine
3178 754 3190 787 :
3223 735 3496 805 Quidquid
3518 751 3608 790 ra-

2032 817 2228 873 tionale
2273 829 2376 886 est,
2400 821 2560 875 homo
2592 832 2671 877 est
2703 841 2716 888 ;
2748 825 2874 894 quia
2904 825 3078 894 angeli
3125 826 3419 880 rationales
3457 834 3601 893 sunt,

2032 923 2136 963 non
2188 917 2365 964 tamen
2391 911 2638 968 homines
2674 924 2817 968 sunt.

2101 1001 2161 1055 (Ι.
2196 1002 2333 1068 Quid
2361 1012 2442 1058 est
2467 1006 2747 1061 accidens?
2769 1038 2840 1047 —
2864 1008 2928 1062 Α.
2960 1008 3225 1066 Accidens
3245 1020 3327 1066 est
3349 1001 3607 1081 quidquid

2032 1094 2228 1147 accidit
2253 1096 2336 1149 vel
2361 1098 2564 1150 recedit
2591 1109 2790 1166 praeter
2817 1103 3132 1157 substantiae
3181 1105 3604 1174 corruptionem,

2030 1195 2089 1239 ut
2122 1187 2269 1241 color
2295 1189 2553 1243 candidus
2577 1191 2662 1244 vel
2701 1191 2851 1260 niger
2871 1201 3036 1258 stare,
3060 1194 3144 1248 vel
3163 1195 3366 1263 jacere,
3399 1195 3608 1248 esurire

2029 1277 2112 1331 vel
2143 1279 2354 1343 satiari,
2387 1288 2441 1333 et
2468 1290 2664 1335 caetera
2687 1281 2835 1334 talia.
2870 1281 3008 1336 Sunt
3037 1299 3250 1353 quoque
3283 1284 3606 1348 accidentia,

2030 1382 2147 1435 quze
2169 1367 2247 1420 sic
2273 1368 2523 1423 accidunt
2553 1368 2732 1440 [Mss.,
2782 1371 3091 1443 accedunt],
3136 1381 3197 1426 ut
3239 1374 3452 1441 penitus
3498 1388 3606 1428 non

2028 1459 2302 1525 recedant,
2343 1469 2401 1513 ut
2427 1463 2723 1530 proceritas
2763 1463 2846 1518 vel
2887 1465 3126 1519 brevitas
3156 1465 3211 1518 in
3251 1480 3499 1534 corpore,
3553 1473 3610 1520 et

2028 1561 2243 1616 caetera,
2271 1568 2389 1620 quae
2415 1553 2466 1605 in
2497 1553 2722 1622 singulis
2744 1570 2956 1624 quoque
2980 1557 3237 1611 membris
3279 1556 3611 1626 inseparabi-

2027 1643 2152 1698 liter
2171 1644 2455 1713 aliquoties
2480 1646 2750 1709 accidunt,
2783 1655 2844 1700 ut
2872 1649 3110 1702 curvitas
3136 1649 3252 1703 nasi
3285 1648 3466 1720 [Mss.,
3516 1665 3610 1703 na-

2027 1736 2152 1809 ris],
2175 1737 2402 1791 latitudo
2427 1737 2510 1791 vel
2539 1739 2783 1808 angustia
2817 1740 2928 1792 oris
2955 1742 3258 1794 rotunditas
3282 1740 3478 1811 [Edit.,
3524 1739 3608 1807 io-

349 1838 701 1908 logismorum
745 1841 986 1897 formula:
1009 1840 1107 1913 [et]
1163 1840 1527 1907 diﬂinitiones,
1579 1840 1776 1910 topica,
1833 1854 1927 1909 pe-
1954 1835 2003 1886 n
2029 1829 2300 1900 cunditas]
2333 1830 2631 1894 oculorum,
2663 1830 2944 1898 aequalitas
2975 1833 3384 1901 superciliorum
3411 1840 3465 1887 et
3505 1831 3609 1886 alia

348 1929 672 1986 riermeniae.

977 2020 1203 2076 CAPUT
1240 2020 1302 2075 Il.

952 2126 1016 2165 DE
1057 2127 1312 2165 ISAGOGIS.

429 2205 490 2259 C.
522 2203 650 2268 Quae
673 2211 798 2256 sunt
822 2202 1085 2272 isagogae?
1112 2232 1182 2242 —
1213 2203 1275 2255 Α.
1306 2202 1526 2272 lsagoga
1568 2203 1766 2272 quippe
1811 2201 1921 2254 La-

352 2298 461 2351 tine
500 2293 825 2347 introductio
849 2292 1065 2345 dicitur.
1095 2321 1164 2332 -—-
1193 2290 1253 2343 (Ι.
1285 2292 1422 2357 Quid
1459 2291 1726 2361 significat
1755 2291 1922 2344 intro-

351 2387 528 2442 ductio
544 2386 566 2438 ?
585 2413 655 2422 -—-
680 2384 744 2435 Α.
779 2382 1109 2436 Introductio
1130 2390 1232 2446 est,
1278 2398 1396 2450 qua:
1444 2397 1657 2436 sensum
1678 2392 1921 2436 nostrum

348 2495 447 2551 per
472 2479 650 2532 varias
684 2475 973 2529 divisiones
1002 2490 1182 2528 rerum
1213 2475 1576 2528 communium
1602 2475 1665 2528 ad
1682 2473 1924 2544 pr0prie-

350 2578 514 2627 tatem
547 2567 830 2638 cujuslibet
862 2567 940 2620 rei
971 2567 1280 2620 introducit.

419 2659 481 2717 C.
521 2661 650 2727 Quae
671 2668 995 2728 suntpartes
1033 2657 1192 2724 ejus?
1217 2689 1287 2697 —
1311 2659 1372 2712 A.
1408 2658 1722 2729 [Quinque],
1769 2648 1934 2713 vide?

349 2753 474 2808 licet
503 2767 688 2824 genus,
717 2751 945 2820 species,
971 2749 1293 2813 differentia,
1325 2751 1596 2815 accidens,
1621 2749 1920 2818 proprium.

347 2875 419 2890 —-
439 2844 502 2900 C.
531 2844 702 2899 Genus
729 2843 856 2912 quid
891 2841 1005 2896 est?
1039 2871 1110 2881 -—
1138 2842 1202 2894 Α.
1229 2840 1410 2896 Genus
1435 2849 1518 2896 est
1545 2841 1763 2910 proprie
1785 2839 1926 2909 quod

348 2938 630 3008 speciebus
653 2936 833 2991 dill'ert
861 2954 875 3002 ;
920 2945 975 2991 et
1004 2936 1132 3004 quid
1161 2937 1230 2990 sit
1259 2951 1319 2989 ea
1351 2937 1672 3000 substantia,
1715 2934 1780 2989 de
1820 2950 1925 3003 qua

348 3033 563 3102 qureris,
593 3033 863 3087 communi
901 3032 1165 3086 vocabulo
1193 3031 1444 3095 ostendit,
1472 3038 1532 3084 ut
1564 3027 1782 3083 animal.
1821 3026 1926 3082 Per

346 3123 588 3194 singulas
615 3123 757 3178 enim
781 3123 1010 3192 species,
1041 3121 1094 3176 id
1121 3129 1224 3187 est,
1258 3121 1511 3185 hominis,
1545 3119 1691 3189 equi,
1744 3118 1919 3181 bovis,

2032 1922 2221 1976 multa.

2103 2012 2162 2067 C.
2197 2011 2304 2066 Has
2333 2013 2568 2082 quinque
2595 2023 2778 2084 partes
2806 2030 2914 2069 uno
2937 2015 3176 2084 quolibet
3202 2016 3449 2086 exemplo
3481 2031 3610 2070 con-

2025 2101 2189 2172 junge
2218 2102 2349 2174 [Al.,
2384 2103 2643 2175 declara].
2673 2135 2744 2144 —
2765 2107 2828 2159 A.
2858 2102 3032 2160 Genus
3063 2115 3164 2170 est,
3190 2116 3249 2160 ut
3280 2106 3612 2170 animal;est

2030 2194 2173 2246 enim
2213 2194 2533 2248 vocabulum
2563 2195 2839 2265 generale,
2869 2212 3154 2252 commune
3206 2198 3447 2252 omnium
3496 2197 3611 2250 ani-

2030 2299 2173 2336 mam
2213 2283 2545 2337 habentium.
2574 2285 2784 2355 Species
2826 2296 2928 2351 est,
2986 2300 3048 2341 ut
3096 2288 3268 2340 homo.
3309 2286 3419 2342 Sua
3466 2287 3611 2342 enim

2031 2373 2262 2442 quadam
2295 2376 2472 2442 specie
2495 2386 2782 2444 separatur
2810 2394 2839 2430 a
2869 2380 3080 2432 caeteris
3109 2380 3494 2434 animantibus.
3545 2379 3614 2433 Et

2030 2478 2197 2532 genus
2221 2471 2303 2516 est
2341 2471 2535 2528 totum,
2560 2473 2618 2517 ut
2645 2475 2791 2533 puta,
2826 2477 2935 2521 tota
2967 2469 3222 2534 viventia,
3258 2470 3507 2523 animalia
3533 2470 3612 2523 di-

1926 2580 1932 2588 ’
2030 2556 2230 2620 cimus;
2259 2557 2466 2626 species
2487 2559 2702 2627 quidem
2733 2575 2860 2628 pars
2908 2569 3019 2626 est;
3068 2571 3147 2625 ut,
3200 2577 3324 2630 pars
3365 2562 3610 2630 quaedam

2031 2648 2340 2702 animalium
2372 2650 2533 2704 homo
2561 2662 2664 2704 εει.
2688 2650 2999 2720 Di/ferentia
3030 2661 3133 2716 est,
3162 2651 3442 2706 rationalis
3465 2668 3612 2706 mor-

2032 2736 2184 2799 talis;
2226 2737 2311 2789 bis
2334 2737 2477 2789 enim
2511 2738 2738 2800 duobus,
2774 2746 2833 2790 ut
2862 2739 3109 2807 superius
3147 2739 3402 2802 diximus,
3427 2738 3609 2793 diti'ert

2031 2825 2192 2880 homo
2215 2841 2245 2878 a
2265 2827 2472 2881 caeteris
2502 2828 2888 2881 animantibus.
2924 2826 3206 2897 Proprium
3229 2837 3313 2883 est
3353 2827 3605 2900 [ridere];

2033 2916 2158 2983 quia
2197 2917 2369 2970 ridere
2390 2926 2587 2987 praeter
2617 2919 2890 2972 hominem
2919 2918 3117 2973 nullius
3150 2920 3470 2974 naturaliter
3495 2921 3612 2974 ani-

2032 3006 2189 3061 malis
2214 3016 2295 3061 est
2324 3007 2451 3080 [Al.,
2483 3009 2687 3063 nullum
2715 3051 2728 3063 .
2758 3050 2772 3064 .
2805 3049 2819 3063 .
2847 3011 3045 3063 animal
3072 3011 3293 3083 potest].
3351 3012 3607 3066 Accidens

2034 3105 2136 3162 est,
2164 3107 2222 3150 ut
2246 3098 2392 3152 color
2422 3099 2475 3152 in
2531 3115 2777 3168 corpore,
2830 3100 3074 3153 doctrina
3123 3101 3176 3154 in
3229 3102 3429 3155 animo.
3482 3101 3608 3157 Haec

346 3180 519 3272 ιθοξιίε
540 3224 593 3271 ει
617 3180 954 3279 ρωωτοξηιω,
994 3180 1163 3284 genus
1191 3180 1273 3268 εει
1301 3180 1522 3276 animal;
1552 3180 1612 3267 εί
1642 3180 1923 3281 3έῳηιίωι.
1944 3180 1994 3245 C
2027 3188 2167 3242 enim
2195 3199 2497 3284 temporum
2520 3191 2785 3245 varietate
2815 3201 2868 3244 et
2897 3193 3166 3256 accidunt,
3218 3201 3271 3247 et
3301 3203 3601 3249 mutantur.

347 3306 414 3362 de
437 3307 684 3362 omnibus
713 3308 1056 3377 praedicatur.

420 3395 478 3452 ϐ.
512 3397 650 3465 Quid
697 3406 779 3452 est
803 3397 1036 3468 species?
1057 3395 1212 3449 -A.
1243 3396 1460 3466 Species
1482 3403 1583 3460 est,
1614 3397 1755 3464 quod
1788 3394 1922 3467 [Al.,

347 3489 488 3561 quae]
521 3489 586 3545 de
611 3490 855 3559 pluribus
889 3496 943 3543 et
970 3487 1342 3542 difl‘erentihus
1384 3502 1626 3551 numero,
1655 3503 1763 3541 non
1806 3503 1926 3557 spe-

347 3583 448 3647 cie,
481 3582 536 3635 in
565 3597 630 3636 eo
655 3580 796 3650 quod
845 3581 972 3648 quid
1011 3581 1113 3644 sit,
1159 3580 1501 3648 praedicatur.
1546 3579 1680 3633 Nam
1712 3579 1776 3634 de
1827 3577 1928 3633 So-

346 3683 518 3738 crate,
563 3671 789 3728 Platone
835 3679 892 3725 et
937 3670 1197 3724 Cicerone
1233 3671 1512 3740 :equaliter
1551 3671 1712 3724 homo
1735 3669 1927 3739 praedi-

345 3774 523 3820 catur.
562 3764 679 3820 Una
718 3763 909 3836 [enim]
951 3765 1159 3833 species
1208 3764 1488 3818 hominum
1514 3773 1598 3818 est
1632 3764 1925 3820 secundum

348 3863 629 3921 naturam;
659 3854 750 3910 sed
780 3856 935 3909 multi
967 3855 1258 3910 secundum
1296 3871 1599 3909 numerum.

420 3947 482 4002 C.
518 3947 653 4014 Quid
678 3955 761 4002 est
781 3949 1081 4016 differentia
1107 3948 1130 4000 ?
1154 3977 1223 3986 -—
1248 3947 1311 4000 A.
1339 3946 1649 4001 DitTerentia
1677 3953 1782 4012 est,
1807 3961 1927 4016 qua:

348 4041 507 4112 quale
538 4041 607 4095 sit
643 4041 743 4095 hoc
782 4039 866 4094 vel
911 4039 1039 4093 illud
1071 4039 1290 4104 animal,
1322 4038 1574 4092 ostendit.
1610 4038 1679 4094 Ut
1706 4037 1751 4091 si
1783 4052 1928 4107 quae-

349 4141 504 4188 ratur
545 4132 721 4202 qualis
767 4133 836 4187 sit
867 4133 1046 4194 homo,
1091 4131 1318 4185 dicimus
1352 4149 1365 4183 :
1395 4129 1607 4184 Animal
1667 4129 1927 4184 rationale

349 4231 407 4278 et
434 4223 678 4277 mortale.
721 4221 778 4275 ln
809 4222 894 4276 his
943 4221 1088 4274 enim
1139 4221 1347 4275 duobus
1397 4220 1464 4273 ab
1521 4220 1771 4273 omnibus
1809 4220 1926 4275 aliis

349 4314 714 4370 animantibus
743 4313 1062 4368 secernitur.
1112 4311 1170 4366 In
1227 4327 1292 4366 eo
1319 4310 1508 4382 [enim]
1562 4313 1703 4381 quod
1731 4312 1928 4366 dicitur

350 4405 629 4469 rationale,
663 4412 976 4475 segregatur
1003 4404 1071 4457 ab
1096 4403 1346 4457 omnibus
1372 4404 1583 4456 ratione
1620 4419 1728 4456 non
1775 4411 1926 4456 uten-

351 4497 513 4550 tibus.
538 4495 673 4548 Dum
702 4493 918 4556 dicitur,
951 4493 1198 4557 mortale,
1225 4494 1278 4545 in
1308 4508 1373 4546 eo
1395 4493 1463 4546 ab
1491 4493 1696 4563 angelis
1722 4493 1919 4548 differt.

352 4585 537 4655 Angeli
579 4585 720 4639 enim
758 4583 1048 4638 rationales
1084 4591 1137 4637 et
1167 4583 1500 4637 immortales
1523 4592 1683 4647 sunt;
1715 4585 1922 4638 anima-

351 4675 422 4728 lia
451 4689 578 4728 vero
627 4683 821 4728 caetera
875 4673 1121 4728 mortalia
1153 4683 1296 4739 sunt,
1332 4674 1424 4728 sed
1474 4690 1579 4728 non
1616 4675 1922 4730 rationalia.

353 4765 524 4819 Ilomo
553 4773 734 4820 autem
770 4765 918 4820 solus
941 4781 1008 4820 ex
1036 4767 1283 4835 utrisque
1313 4775 1556 4829 constat;
1590 4767 1692 4821 hoc
1726 4769 1928 4824 habens

350 4874 474 4913 cum
500 4858 704 4928 angelis
734 4874 1036 4924 commune,
1067 4859 1195 4914 illud
1243 4875 1364 4914 eum
1400 4861 1613 4915 caeteris
1639 4861 1930 4916 animanti-

350 4949 473 5004 bus.
500 4948 545 5004 Ο
593 4949 789 5004 mirum
831 4950 1058 5005 animal!
1098 4967 1201 5005 una
1228 4959 1380 5020 parte
1405 4953 1642 5018 caeleste,
1675 4961 1729 5008 et
1757 4952 1926 5007 altera

351 5046 629 5094 terrenum
653 5042 666 5094 !

423 5128 483 5186 C.
513 5131 652 5199 Quid
693 5139 775 5188 est
797 5134 1063 5204 proprium
1081 5135 1106 5187 ?
1127 5163 1199 5173 —
1219 5133 1283 5187 Α.
1307 5133 1592 5203 Proprium
1630 5144 1733 5201 est,
1763 5153 1932 5206 quan-

354 5223 423 5276 do
451 5223 812 5292 unaquzelibet
844 5224 1050 5292 species
1079 5224 1395 5279 naturaliter
1437 5225 1618 5294 aliquo
1644 5235 1792 5280 certo
1834 5228 1932 5282 ad-

355 5311 654 5368 ditamenta
678 5315 946 5385 designari
975 5322 1181 5384 potest,
1215 5317 1360 5370 etab
1391 5317 1535 5369 omni
1565 5317 1791 5370 aliarum
1821 5334 1936 5388 spe-

356 5403 562 5457 cierum
585 5406 963 5460 communione
990 5405 1247 5474 separari.
1270 5404 1359 5466 Ut,
1386 5405 1551 5459 solius
1567 5406 1798 5461 hominis
1813 5424 1938 5477 pro-

355 5497 562 5565 prietas
580 5505 681 5562 est,
715 5498 933 5552 risibilis
960 5495 1190 5568 [Forte.,
1213 5497 1506 5561 risibilem;
1537 5496 1632 5561 aL,
1657 5500 1934 5568 proprium

358 5599 444 5644 est
471 5589 633 5662 risus]
662 5605 799 5646 esse.
826 5592 891 5645 Et
918 5591 1192 5646 sciendum
1222 5598 1304 5643 est
1329 5591 1470 5658 quod
1490 5589 1762 5659 singulare
1789 5607 1932 5646 sem-

361 5694 460 5746 per
509 5683 783 5749 proprium
838 5683 1178 5738 circumverti
1231 5698 1388 5752 posse
1428 5698 1646 5737 necesse
1701 5693 1820 5749 est;
1879 5694 1939 5741 ut

365 5777 495 5838 puta
525 5789 536 5824 :
573 5771 840 5844 Quidquid
878 5774 1038 5831 homo
1066 5785 1148 5831 est
1172 5774 1373 5830 risibile
1399 5782 1500 5831 est.
1528 5774 1596 5830 Et
1629 5792 1642 5830 :
1667 5773 1934 5844 Quidquid

1949 4536 2003 4596 D

2096 3283 2254 3352 337
2284 3283 2563 3350 Quomodo
2611 3301 2675 3339 ex
2731 3286 2815 3340 his
2863 3287 3102 3356 quinque
3146 3289 3390 3356 partibus
3437 3290 3612 3346 oratio

2024 3377 2197 3446 plena:
2250 3377 2400 3448 [Ms.,
2447 3379 2626 3449 plena]
2674 3380 2957 3434 sententia:
3001 3379 3252 3450 conjtmgi
3296 3381 3499 3436 debet?
3541 3410 3614 3422 —

2028 3477 2090 3531 Α.
2117 3476 2225 3529 lta:
2260 3475 2432 3532 Homo
2455 3487 2539 3531 est
2561 3479 2760 3532 animal
2788 3481 3070 3543 rationale,
3100 3480 3350 3545 mortale,
3381 3480 3609 3545 risibile,

2026 3567 2152 3621 boni
2181 3568 2412 3637 malique
2440 3586 2630 3638 capax.
2661 3569 2751 3623 Sic
2772 3573 2934 3625 etiam
2965 3573 3017 3624 in
3042 3573 3187 3625 omni
3219 3573 3462 3626 oratione
3486 3573 3613 3626 sub-

2029 3656 2262 3711 stantiali
2297 3658 2478 3711 tandiu
2512 3659 2855 3729 interponere
2886 3662 3142 3716 debemus
3170 3663 3378 3731 species
3413 3671 3467 3716 et
3508 3661 3616 3717 dif-

2029 3745 2307 3813 ferentias,
2337 3751 2572 3819 quandiu
2599 3752 2824 3807 seclusis
2853 3754 3103 3808 omnibus
3123 3795 3137 3817 ,
3169 3770 3290 3823 quae
3317 3754 3458 3808 idem
3488 3769 3608 3808 esse

2027 3848 2273 3909 possunt,
2303 3841 2445 3909 quod
2468 3841 2715 3910 inquiris,
2746 3850 2800 3897 et
2826 3844 2893 3896 ad
2917 3844 2969 3897 id
2996 3846 3342 3913 perveniatur
3372 3843 3502 3916 [Al.,
3538 3846 3606 3899 ad

2030 3929 2104 3995 id,
2145 3932 2288 4000 quod
2326 3932 2586 4002 inquiris,
2638 3937 3027 4007 perveniatur],
3063 3947 3121 3991 ut
3148 3939 3451 4008 proprietas
3497 3937 3613 4006 ejus

2030 4022 2346 4077 substantiae
2384 4032 2530 4077 certa
2579 4033 2861 4091 teneatur,
2910 4041 3070 4095 quam
3107 4028 3332 4082 definire
3375 4029 3612 4097 ccrpisti.

2030 4114 2156 4170 Haec
2181 4117 2570 4170 commentario
2595 4116 2744 4188 [.lfs.,
2772 4120 3170 4185 commentitio;
3199 4119 3271 4174 af.
3293 4161 3309 4183 ,
3340 4135 3614 4175 commen-

2030 4205 2227 4278 tatitio]
2280 4222 2530 4261 sermone
2573 4207 2638 4260 de
2678 4208 2912 4278 isagogis
2950 4208 3232 4278 Porphyrii
3281 4209 3421 4263 dicta
3463 4207 3611 4262 sufli-

2030 4297 2194 4353 ciant.
2243 4297 2395 4353 Nunc
2423 4299 2556 4354 ordo
2584 4301 2820 4370 postulat
2859 4301 2927 4355 ad
2969 4301 3273 4357 Aristotelis
3312 4302 3614 4373 categorias

2030 4405 2129 4446 nos
2155 4390 2413 4444 transire.

2639 4480 2870 4537 CAPUT
2909 4481 2996 4536 ΙΙΙ.

2604 4589 2669 4628 ΒΕ
2709 4588 3048 4630 CATEGORIIS.

2104 4676 2166 4732 C.
2219 4677 2521 4746 Sequamur
2565 4676 2850 4742 ordinem,
2901 4685 2956 4730 et
3003 4675 3119 4744 ejus
3175 4678 3331 4733 nobis
3377 4678 3611 4734 nominis

2032 4767 2208 4836 primo
2222 4767 2396 4836 pande
2412 4765 2954 4835 etymologiam—.4.
2979 4764 3274 4836 Categoria:
3289 4767 3490 4832 Graece,
3510 4769 3614 4823 La-

2032 4858 2144 4912 tine
2171 4857 2585 4926 praedicamenta
2610 4856 2928 4929 [dicuntur].
2959 4888 3030 4898 —
3059 4857 3118 4912 C.
3147 4859 3285 4926 Quid
3315 4861 3609 4931 significas,

2033 4950 2160 5003 dum
2190 4949 2327 5002 dicis
2356 4949 2764 5018 prwdicamenta
2785 4949 2810 5001 ?
2841 4978 2914 4988 —
2940 4948 3003 5002 Α.
3029 4948 3163 5004 Dum
3188 4951 3253 5006 de
3287 4951 3524 5020 qualibet
3552 4966 3612 5004 re

2037 5042 2248 5110 loquor,
2267 5049 2380 5095 tum
2403 5039 2469 5094 de
2491 5056 2552 5095 ea
2575 5041 2826 5110 praedico,
2847 5041 2985 5095 sicut
3010 5043 3311 5112 philosophi
3329 5043 3611 5096 voluerunt

2035 5131 2282 5200 intelligi.
2324 5161 2392 5169 —
2424 5129 2483 5182 C.
2515 5129 2655 5195 Quot
2678 5129 2850 5185 modis
2885 5129 2945 5184 fit
2969 5131 3056 5185 illa
3081 5131 3411 5200 praedicatio,
3447 5145 3609 5199 quam

2037 5223 2382 5284 locutionem,
2408 5232 2467 5275 ut
2495 5222 2627 5275 mihi
2649 5221 2880 5287 videtur,
2906 5224 3183 5278 nominare
3209 5237 3511 5290 possumus.
3540 5249 3610 5261 —-

2041 5312 2104 5365 A.
2142 5312 2306 5366 Recte
2337 5313 2430 5367 tibi
2474 5313 2703 5366 videtur.
2739 5313 2956 5367 Duobus
2982 5313 3154 5367 modis
3185 5312 3243 5365 fit
3287 5313 3484 5366 locutio
3512 5327 3609 5368 no—

2039 5412 2188 5469 stra;
2233 5414 2322 5458 aut
2371 5404 2437 5458 de
2481 5406 2812 5469 substantia,
2860 5413 2953 5457 aut
2999 5404 3064 5458 de
3109 5403 3491 5457 accidentibus.
3538 5431 3609 5442 —-

2040 5494 2100 5551 C.
2127 5497 2277 5551 Unde
2303 5497 2498 5552 dicitur
2525 5499 2824 5553 substantia
2846 5497 2956 5550 ?—
2979 5496 3042 5549 A.
3060 5494 3365 5550 Substantia
3388 5496 3603 5561 dicitur,

2039 5591 2162 5659 quia
2189 5591 2455 5656 subsistit,
2483 5601 2541 5645 ut
2571 5589 2722 5663 [Με.,
2755 5589 2828 5660 et]
2869 5597 2951 5643 est
2978 5603 3308 5657 unaquaeque
3330 5597 3523 5642 natura
3552 5588 3608 5644 in

2039 5698 2134 5737 sua
2190 5685 2534 5753 proprietate.
2579 5715 2649 5723 —-
2696 5683 2755 5737 C.
2806 5682 2945 5748 Quot
2988 5691 3114 5737 sunt
3157 5681 3501 5738 accidentia?
3538 5712 3609 5725 ——

2040 5778 2104 5831 A.
2146 5777 2526 5848 Corporalibus
2566 5778 2772 5833 naturis
2802 5790 3011 5832 novem.
3052 5804 3124 5817 —
3165 5773 3225 5832 ϐ.
3257 5772 3604 5842 Quae‘l—A.
