4062 6346
448 291 553 348 955

1248 284 1310 339 B.
1347 281 1413 337 F.
1452 278 1680 337 ALBINI
1714 277 1847 337 SEU
1878 279 2157 340 ALCUINI
2191 279 2479 339 OPERUM
2512 278 2695 336 PARS
2729 277 2843 337 VII.

3590 279 3699 337 966

443 401 749 471 Quantitas,
781 398 850 457 ad
876 397 1076 469 aliquid
1098 436 1114 464 ,
1153 396 1404 467 qualitas,
1450 394 1647 459 facere,
1681 394 1813 465 pati,
1844 394 1979 449 situs
1995 434 2011 461 ,
2041 406 2105 466 Α,
2121 392 2325 449 fontem
2354 395 2619 465 dicimus;
2643 409 2745 465 pro
2768 399 2924 464 parte
2948 393 3185 464 quadam
3202 392 3421 464 utrique
3442 391 3525 449 rei
3545 393 3697 451 simi-

440 495 557 562 ubi,
587 494 821 565 quando,
852 491 1052 547 habere
1078 488 1210 563 [Al.,
1252 486 1511 560 habitus].
1551 484 1647 543 His
1679 502 1873 543 novem
1890 485 2021 556 jun-

442 586 548 644 ctis
584 588 652 643 ad
674 586 1055 650 substantiam,
1083 598 1244 655 quam
1272 581 1447 637 Graeci
1470 581 1624 635 usian
1647 578 1866 647 vecant,
1888 578 2025 635 ﬁunt

442 680 629 737 decem
672 679 977 751 categorias.
1019 676 1087 731 Et
1131 676 1274 731 inter
1299 676 1415 730 hac
1438 672 1627 730 decem
1648 675 1832 739 verba,
1861 671 2019 742 quid-

442 772 571 842 quid
612 772 774 826 bomo
817 770 1085 841 loquitur,
1133 767 1518 823 inevitabiliter
1572 766 1863 820 invenitur.
1915 764 2022 819 Sed

438 863 755 933 priusquam
780 860 846 916 de
868 860 953 915 his
976 858 1200 931 singulis
1220 858 1495 928 disputare
1515 856 1857 927 incipiamus,
1872 870 2022 909 omo-

438 970 722 1029 nymorum
776 954 989 1024 legem,
1039 968 1161 1022 qua:
1201 944 1601 1023 categoriarum
1647 956 1774 1003 sunt
1820 948 2020 1002 instru-

438 1056 642 1114 menta,
673 1047 972 1103 videamus.

509 1136 569 1195 C.
598 1137 723 1194 Fiat
747 1139 765 1193 ι
792 1137 865 1192 Et
884 1136 1119 1207 primum
1144 1135 1318 1207 pande
1343 1132 1816 1205 interpretationes
1840 1129 2018 1186 nomi-

435 1245 564 1287 num
594 1230 661 1286 de
700 1229 807 1285 illis
835 1228 1009 1283 tribus
1048 1227 1353 1298 speciebus,
1386 1239 1522 1294 quas
1563 1223 1617 1277 in
1666 1218 2020 1292 grammatica

435 1323 765 1397 legebamus,
796 1321 851 1376 id
871 1329 975 1387 est,
998 1334 1305 1390 omonyma,
1326 1332 1644 1388 synonyma,
1673 1312 2015 1387 polyonyma.

433 1448 504 1459 —
531 1419 597 1473 Α.
628 1414 929 1487 Omonyma
955 1414 1255 1485 :equivoca,
1284 1426 1579 1483 synonyma
1625 1411 1879 1476 univoca,
1924 1425 2019 1479 po-

433 1509 687 1581 lyonyma
716 1507 989 1578 plurivoca
1014 1505 1206 1560 Latine
1232 1504 1338 1559 dici
1359 1512 1605 1575 possunt.
1630 1533 1701 1543 -
1732 1501 1790 1558 C.
1816 1502 2018 1557 Eorum

434 1614 648 1671 quoque
670 1596 1027 1654 dill‘erentiam
1047 1595 1234 1651 audire
1261 1603 1531 1666 exspecto.
1548 1594 1696 1650 —A.
1724 1591 2020 1665 Omonyma

434 1700 584 1759 sunt,
614 1705 737 1747 cum
769 1690 886 1746 (bis:
908 1704 995 1745 res
1022 1701 1308 1743 commune
1352 1687 1625 1758 accipiunt
1670 1701 1888 1759 nomen,
1936 1685 2019 1741 rei

432 1800 563 1842 vero
591 1784 1033 1856 interpretatione
1058 1791 1419 1853 separantur;
1456 1790 1535 1850 ut,
1565 1782 1727 1838 homo
1754 1782 1931 1853 pictus
1950 1788 2015 1837 et
2040 1762 2090 1827 Β

432 1881 597 1937 homo
630 1893 812 1934 verus.
841 1878 900 1932 In
931 1877 1015 1932 his
1048 1892 1284 1946 namque
1304 1892 1471 1930 unum
1510 1890 1707 1932 nomen
1733 1883 1848 1942 est,
1878 1874 2021 1929 ratio

430 1988 564 2029 vero
588 1972 676 2027 vel
717 1970 1095 2043 interpretatio
1135 1970 1368 2026 diversa.
1410 1968 1547 2025 Cum
1590 1969 1737 2024 enim
1784 1968 2019 2035 dixeris,

430 2082 625 2123 verum
651 2066 923 2120 hominem
967 2063 1169 2118 animal
1208 2077 1349 2130 esse,
1378 2064 1523 2133 quod
1552 2071 1800 2118 movetur
1840 2072 1897 2118 et
1939 2062 2019 2117 ci-

430 2160 560 2214 bum
589 2157 789 2229 capiat,
816 2165 872 2213 et
897 2156 1107 2213 ratione
1134 2155 1352 2225 vigeat;
1393 2170 1519 2211 cum
1554 2155 1692 2211 nihil
1718 2155 1913 2210 horum
1956 2154 2031 2209 de

428 2250 575 2322 picto
620 2259 777 2322 potes
824 2250 1024 2315 dicere,
1077 2247 1387 2305 necessario
1430 2248 1717 2303 videantur
1762 2245 2018 2317 disparia.

432 2339 745 2411 Synonyma
762 2355 892 2395 vero
922 2349 1068 2406 sunt,
1095 2354 1217 2410 qua:
1241 2349 1296 2394 et
1322 2339 1541 2395 nomine
1568 2348 1622 2395 et
1642 2338 1726 2394 sui
1755 2338 2024 2407 interpre-

435 2431 639 2487 tatione
655 2431 995 2503 junguntur;
1028 2437 1095 2485 ut
1118 2429 1320 2485 animal
1344 2435 1455 2496 est,
1475 2430 1619 2500 quod
1647 2430 1829 2485 cibum
1854 2429 2027 2499 capit,

433 2524 622 2594 spirat,
652 2534 899 2580 movetur
925 2530 980 2579 et
1005 2522 1238 2579 mortale
1262 2530 1346 2578 est
1371 2541 1384 2577 :
1428 2523 1545 2579 haec
1570 2522 1716 2578 enim
1745 2521 1927 2578 omnia
1955 2520 2023 2576 de

433 2618 675 2684 homine,
706 2634 869 2691 equo,
892 2626 949 2674 et
973 2618 1113 2674 hove
1142 2618 1394 2675 similiter
1413 2618 1522 2673 dici
1552 2625 1799 2689 possunt.
1828 2615 2024 2688 Polya-

433 2725 595 2779 nyma
621 2718 770 2776 sunt,
801 2709 1018 2782 quando
1065 2710 1237 2767 multa
1271 2711 1491 2767 nomina
1521 2726 1683 2766 unam
1711 2726 1824 2765 rem
1852 2709 2021 2778 signi-

432 2798 625 2868 ficant,
642 2816 817 2872 neque
838 2802 948 2857 ulla
970 2801 1275 2858 dill‘erentia
1301 2802 1388 2859 vel
1412 2803 1552 2858 ratio
1577 2802 1822 2857 redditur
1849 2801 2024 2855 nomi-

432 2906 584 2958 num,
611 2907 709 2948 cur
728 2908 891 2948 unam
919 2908 1035 2950 rem
1060 2894 1379 2951 totnomina
1401 2894 1730 2966 signiﬁcent,
1757 2900 1841 2960 ut,
1858 2892 2042 2959 ensis,»

432 2998 639 3049 mucro,
662 2982 897 3055 gladius.

505 3075 603 3131 llis
640 3092 857 3148 quoque
888 3076 1190 3148 junguntur
1226 3080 1565 3150 heterouyma
1611 3079 1726 3152 [Αι.
1747 3119 1763 3146 ,
1807 3078 2020 3135 hemio-

435 3166 633 3240 nyma]
663 3166 890 3240 [multis]
918 3184 1075 3240 aeque
1099 3170 1407 3227 nominibus
1434 3186 1524 3227 res
1550 3171 1791 3241 singulas
1812 3169 2021 3241 signiti-

438 3257 640 3325 cantia,
678 3260 773 3314 sed
810 3259 869 3313 in
906 3259 990 3314 bis
1038 3260 1181 3316 ratio
1207 3261 1580 3317 diversitatem
1606 3262 1888 3317 nominum
1916 3262 2024 3317 dis-

435 3347 629 3411 cernit,
682 3348 850 3415 velut,
877 3350 1077 3418 homo,
1116 3352 1384 3420 mortalis,
1416 3362 1683 3411 terrenus.
1737 3354 1909 3410 Homo
1955 3356 2029 3410 ab

440 3437 803 3507 humanitate,
828 3442 1073 3498 mortalis
1112 3458 1144 3498 a
1179 3445 1508 3500 necessitate
1537 3445 1749 3513 mortis,
1777 3454 2024 3501 terrenus

438 3543 469 3582 a
500 3536 672 3598 terra,
713 3529 771 3585 in
794 3528 927 3604 [Al.,
960 3530 1049 3604 ex]
1079 3549 1186 3605 qua
1215 3535 1399 3591 omnia
1429 3537 1725 3608 gignuntur
1753 3535 2021 3609 [dicitur].

510 3613 572 3672 C.
601 3616 686 3672 Ad
714 3634 876 3689 quam
902 3621 1139 3692 speciem
1164 3624 1383 3695 propria
1402 3626 1622 3680 nomina
1640 3625 2026 3695 pertinent?—

436 3711 504 3766 A.
529 3710 871 3784 Regulariter
896 3716 1038 3773 scire
1062 3717 1339 3785 debemus,
1364 3720 1545 3775 omnia
1565 3722 1786 3791 propria
1804 3721 2031 3781 nomine.

438 3805 745 3860 communia
770 3820 892 3863 esse
906 3796 1098 3877 ‘posse,
1128 3816 1183 3864 et
1205 3824 1496 3882 omonyma
1518 3812 1735 3879 vocari,
1756 3820 1818 3868 ut
1835 3812 2035 3869 Cicero

435 3910 545 3951 non
574 3911 715 3953 unus
738 3897 834 3954 sed
854 3897 1040 3969 plures
1065 3918 1078 3953 :
1116 3900 1215 3957 sed
1237 3901 1405 3974 signis
1433 3911 1489 3958 et
1528 3904 1865 3975 proprietate
1889 3921 2026 3976 qna-

369 4065 373 4070 ‘
436 3989 561 4045 dam
590 3988 935 4049 discernendi
957 4001 1123 4060 sunt;
1162 3994 1286 4063 quis
1311 3996 1382 4050 sit
1410 3996 1499 4051 ille
1534 4004 1590 4051 et
1633 3996 1756 4067 quis
1797 3997 1936 4055 alius
1969 4005 2035 4054 et.

437 4080 561 4151 quis
586 4082 778 4138 tertius
802 4082 1015 4151 Cicero,
1046 4094 1107 4141 ut
1136 4086 1307 4143 alium
1325 4103 1581 4145 crassum
1600 4090 1777 4154 dicas,
1794 4089 2028 4145 alterum

437 4180 685 4242 tenuem;
718 4175 806 4256 vel
831 4175 1025 4246 longus
1055 4177 1268 4234 dicatur
1292 4180 1453 4248 alius,
1482 4180 1621 4237 alter
1644 4181 1854 4248 brevis;
1896 4197 2029 4238 can-

439 4265 565 4321 dido
586 4266 768 4323 colore
790 4270 936 4339 quis,
959 4271 1100 4328 alter
1127 4272 1306 4345 nigro.

513 4359 574 4415 C.
606 4360 906 4434 Omonyma
928 4374 1059 4433 quot
1080 4366 1253 4420 modis
1276 4365 1447 4421 ﬁunt?
1467 4397 1540 4406 —
1560 4367 1628 4422 Α.
1659 4366 1901 4423 Duobus.
1920 4366 2035 4423 Aut

439 4452 585 4509 enim
614 4452 838 4509 fortuito
864 4454 1022 4522 ﬁunt,
1060 4456 1459 4513 authominnm
1489 4457 1762 4512 voluntate
1790 4472 2023 4513 nascun-

439 4551 548 4599 tur.
579 4574 651 4584 —
677 4541 738 4598 C.
767 4543 1013 4601 Fortuito
1040 4547 1344 4617 quomodo?
1380 4577 1453 4588 —
1483 4546 1549 4601 Δ.
1604 4547 1741 4603 Cum
1786 4548 2021 4618 quodam

439 4649 571 4690 casu
600 4634 775 4691 simile
800 4637 923 4709 quis
952 4637 1109 4695 alteri
1134 4640 1365 4710 accipiat
1394 4636 1537 4711 [Al.,,
1558 4639 1781 4696 alterius
1801 4638 2021 4713 accipit]

440 4742 659 4783 nomen.
687 4759 757 4769 -—
790 4728 855 4787 ε.
885 4730 1164 4800 Quomodo
1186 4732 1500 4790 voluntate?
1528 4764 1601 4777 -—
1621 4734 1689 4790 Α.
1713 4733 1852 4791 Cum
1874 4734 2025 4790 simi-

440 4818 610 4876 litudo
638 4821 872 4879 nominis
891 4838 959 4880 ex.
988 4824 1259 4882 industria
1274 4827 1600 4898 imponentis
1625 4825 1859 4897 aibgitttr
1888 4824 2025 4898 [Δί-ν

440 4910 758 4988 ellingitur].
779 4943 851 4954 —-
877 4914 937 4972 ϐ.
966 4915 1025 4971 Si
1045 4917 1130 4974 hie
1154 4927 1339 4990 partes
1352 4919 1475 4990 plus
1492 4926 1721 4992 possunt
1741 4918 1937 4976 dividi?
1954 4946 2029 4959 -

439 5005 507 5061 Α.
555 5004 763 5065 Horum
792 5019 1017 5077 autem,
1051 5027 1181 5083 qua:
1214 5026 1284 5069 ex
1312 5012 1583 5069 industria
1621 5010 1711 5069 vel
1749 5009 2035 5068 voluntate

444 5111 769 5170 nascuntur,
793 5114 1025 5177 quatuor
1050 5114 1177 5165 sunt
1199 5121 1439 5178 genera:
1479 5106 1631 5173 Icon,
1677 5114 1801 5162 ωω
1840 5104 2033 5161 analo-

442 5191 606 5263 giam,
636 5212 849 5267 apertos,
863 5214 1094 5272 procem
1112 5197 1311 5272 [Βῶιὼη
1332 5200 1442 5261 κατ’
1464 5202 1749 5276 ἀναλογίαν,
1776 5199 1862 5273 ἀφ’
1891 5199 2033 5268 imi".

444 5287 576 5360 πρὸς
601 5287 653 5343 ἓν
665 5286 707 5360 ].

515 5380 682 5453 338
702 5378 764 5436 C.
794 5382 991 5442 Latino
1027 5402 1131 5444 ore.
1151 5387 1266 5445 haec
1295 5388 1465 5459 aperi.
1493 5418 1564 5431 -ι
1588 5388 1653 5444 Α.
1684 5386 2024 5453 Similitudo,

443 5483 545 5539 pro
568 5480 743 5543 parte,
786 5476 856 5530 ab
882 5494 1012 5544 uno,
1040 5480 1106 5535 ad
1151 5496 1338 5535 unum.
1378 5511 1449 5522 -
1490 5478 1553 5534 C.
1589 5478 1865 5548 Exemplis
1900 5494 2029 5555 con—

447 5563 624 5619 ilrma.
652 5596 717 5605 νυ-
740 5565 806 5621 Δ.
837 5566 1159 5638 Similaudo,
1192 5582 1250 5627 ut
1273 5574 1435 5629 homo
1462 5573 1638 5641 pictus
1656 5579 1711 5625 et
1734 5585 1896 5626 verus
1917 5571 2035 5627 sola

450 5662 503 5717 in
533 5665 882 5724 similitudine
912 5671 1250 5741 copulantur.
1294 5670 1403 5727 Pro
1435 5682 1601 5742 parte,
1628 5680 1706 5735 ut,
1742 5688 1849 5742 quo
1872 5682 2031 5743 pacto

446 5754 777 5829 Ρτὶξιςῑυλιιιη
792 5761 1150 5825 θιίιωΙίεςοι·
1165 5764 1416 5829 dicimus,
1443 5763 1517 5818 ita
1533 5763 1861 5834 principimn
1877 5781 2030 5836 aque

2117 484 2289 542 litudo
2316 487 2551 542 nominis
2573 487 2786 544 videtur
2826 485 3094 557 adjuncta.
3134 486 3213 541 Ab
3248 501 3379 552 uno,
3404 500 3531 542 cum
3564 485 3700 543 dici-

2119 596 2241 636 mus
2302 581 2625 638 medicinale
2676 581 2915 649 ferrum,
2966 580 3286 637 medicinale
3328 588 3703 651 praeceptum,

2119 672 2458 728 medicinalis
2503 675 2764 744 scientia,
2811 674 3143 731 medicinalis
3189 690 3356 740 usus;
3394 674 3463 728 ab
3506 689 3615 729 uno
3642 673 3703 730 in

2120 773 2319 821 cuncta
2344 765 2692 822 descendunt.
2723 767 2803 823 Ad
2830 785 2993 823 unum
3022 776 3122 834 est,
3150 778 3228 832 ut,
3264 767 3359 821 illa
3380 767 3531 837 potio
3554 766 3699 821 salu-

2118 857 2231 913 bris
2275 866 2357 915 est
2376 902 2391 925 ,
2426 859 2516 914 ille
2558 861 2798 916 medicus
2826 862 3058 918 salubris
3088 869 3204 927 est,
3243 861 3333 916 illa
3361 860 3535 916 herba
3558 859 3701 914 salu-

2119 946 2233 1003 bris
2257 960 2359 1005 est.
2390 952 2516 1007 limo
2534 952 2679 1007 enim
2701 963 2897 1009 cuncta
2923 953 3059 1025 [Αι.,
3074 952 3291 1023 juncta,
3309 962 3365 1008 et
3388 950 3707 1026 conjuncta}

2119 1055 2308 1106 unum,
2340 1042 2393 1097 id
2418 1052 2519 1109 est,
2548 1044 2807 1112 salutem,
2823 1044 3073 1102 videntur
3098 1047 3383 1118 attingere.

2191 1128 2252 1186 C.
2283 1132 2419 1200 Quia
2448 1135 2580 1189 mihi
2604 1137 2887 1205 perspicue
2914 1137 3195 1192 nominum
3219 1137 3544 1192 varietatem
3568 1135 3705 1193 dixi-

2118 1222 2224 1289 sti,
2255 1233 2500 1295 superest
2524 1235 2585 1281 ut
2606 1228 2960 1297 quaestionum
2990 1230 3255 1286 rationem
3276 1244 3547 1300 exponas,
3572 1244 3709 1299 quas

2118 1332 2227 1372 non
2256 1318 2360 1372 nisi
2389 1319 2695 1375 nominibus
2718 1329 2773 1375 et
2798 1322 2978 1378 verbis
3004 1330 3256 1378 constare
3281 1338 3441 1394 posse
3468 1323 3697 1379 mstimo.

2117 1407 2241 1463 ideo
2271 1409 2369 1464 has
2395 1412 2526 1465 duas
2553 1419 2739 1481 partes
2762 1412 3089 1483 principales
3112 1429 3232 1471 esse
3260 1423 3461 1471 natura
3482 1430 3583 1471 nos
3611 1414 3700 1471 do-

2118 1507 2226 1556 cet.
2253 1498 2458 1555 Nomen
2489 1517 2723 1573 namque
2745 1503 3104 1560 substantiam
3129 1506 3367 1562 ostendit
3390 1523 3411 1574 ;
3449 1504 3703 1576 verbum,

2120 1591 2248 1662 quid
2271 1593 2499 1663 quisque
2526 1592 2709 1661 faciat,
2738 1595 2935 1665 quidve
2964 1596 3222 1667 patiatur.

2190 1704 2256 1760 Α.
2280 1705 2477 1763 Tribus
2497 1722 2569 1763 ex
2586 1707 2833 1766 fontibus
2844 1724 3033 1767 annos
3047 1709 3327 1782 proﬂuent
3344 1708 3699 1781 qualibus;

2121 1805 2217 1851 aut
2240 1796 2308 1851 ab
2336 1797 2422 1853 his
2448 1814 2568 1869 quae
2607 1809 2775 1868 sim;
2795 1808 2892 1856 aut
2914 1801 2982 1856 ab
3022 1801 3117 1857 his.
3135 1816 3261 1871 qua;
3284 1799 3699 1871 percipiuntur;

2120 1896 2212 1944 aut
2237 1889 2304 1943 de
2334 1888 2465 1961 [Al.,
2493 1890 2583 1964 ab]
2604 1892 2689 1947 his
2714 1907 2834 1963 quae
2861 1891 3132 1947 dicuntur.
3184 1892 3299 1949 Una
3338 1899 3423 1948 est
3451 1892 3703 1948 substan-

2120 1981 2348 2047 tiarum;
2398 1982 2524 2051 quia
2564 1982 2711 2055 [Al.,
2758 1991 2819 2038 et
2854 1981 3009 2056 sum}
3045 1991 3171 2039 sunt
3208 1998 3399 2039 omnes
3428 1995 3536 2047 res,
3569 1995 3702 2053 quas

2120 2083 2313 2130 natura
2338 2076 2567 2147 peperit.
2597 2075 2784 2131 Altera
2814 2091 3067 2133 sensum
3091 2094 3113 2141 ;
3146 2076 3274 2147 quia
3311 2091 3473 2131 sensu
3499 2073 3703 2145 percipi

2120 2183 2237 2224 non.
2253 2176 2496 2239 possunt,
2528 2169 2635 2224 nisi
2659 2169 2745 2224 bas
2770 2183 2861 2226 res
2886 2183 3006 2238 quae
3030 2175 3187 2235 sunt,
3213 2175 3273 2225 et
3308 2182 3547 2238 quarum
3566 2167 3694 2223 ima-

2121 2259 2277 2331 gines
2324 2260 2504 2317 animo
2532 2258 2830 2317 formamus
2854 2267 2911 2316 et
2936 2245 3241 2315 condimus.
3292 2259 3475 2314 Tertia
3507 2258 3713 2314 dictio--

2122 2366 2271 2417 num,
2299 2351 2354 2407 id
2392 2367 2651 2423 namque,
2680 2353 2825 2423 quod
2853 2352 2976 2422 quis
3014 2350 3257 2422 concipis
3276 2349 3407 2424 [Δίον
3428 2346 3713 2420 MF“)

2121 2441 2337 2509 animo,
2375 2444 2559 2515 lingua
2586 2445 2941 2515 prosequenti
2961 2443 3319 2499 demonstrat.
3344 2442 3493 2513 Ergo
3530 2456 3711 2512 quan-

2123 2549 2286 2604 quam
2312 2535 2603 2605 separatim
2629 2537 2746 2592 hmc
2768 2536 2879 2593 tria
2896 2530 3266 2601 nominentur,
3291 2533 3509 2589 mistam
3527 2541 3713 2589 tamen

2123 2627 2189 2682 de
2214 2626 2386 2682 tribus
2413 2627 2833 2698 disputationem
2875 2628 3134 2685 debemus
3177 2626 3442 2695 accipere.
3482 2622 3620 2678 Nam
3644 2622 3706 2679 de

2120 2719 2407 2790 praeceptis
2436 2718 2567 2792 [Al.,
2595 2718 2887 2791 perceptis]
2917 2720 3011 2790 qui
3050 2718 3309 2789 loquitur,
3352 2724 3408 2771 et
3444 2714 3707 2786 originem

2124 2826 2313 2866 rerum
2352 2810 2537 2875 trahit,
2565 2818 2625 2866 et
2657 2810 2906 2881 praesidia
2949 2808 3217 2866 orationis
3253 2806 3529 2877 implorat.
3570 2804 3711 2859 Sunt

2123 2901 2289 2972 igitur
2320 2900 2429 2967 illa,
2464 2916 2585 2971 qua
2614 2909 2727 2956 aut
2761 2900 3091 2971 percipimus
3133 2897 3389 2955 sensibus
3428 2894 3703 2967 corporis;

2124 3002 2221 3047 aut
2246 3000 2425 3049 mente
2457 3000 2521 3049 et.
2545 2993 2879 3065 cogitatione
2907 2991 3229 3063 colligimus.
3276 2987 3539 3045 Sensibus
3564 2995 3708 3042 tene-

2126 3100 2273 3151 mus,
2307 3100 2427 3155 quze
2472 3085 2849 3152 auvidendo,
2896 3093 2991 3141 aut
3038 3080 3453 3146 contrectando,
3476 3086 3573 3134 aut
3618 3091 3707 3132 au-

2126 3174 2363 3244 dienda,
2404 3184 2499 3232 aut
2550 3177 2845 3247 gul-stando,
2897 3185 2993 3231 aut
3036 3172 3319 3230 odorando
3358 3170 3705 3243 percipimus.

2125 3269 2301 3324 Mente
2330 3268 2720 3339 cognoscimus,
2750 3267 2878 3321 dum
2916 3267 3196 3343 quodlibet
3221 3280 3449 3336 corpus,
3473 3272 3535 3318 ut
3578 3269 3707 3333 puta

2123 3362 2369 3420 hom'nis
2388 3362 2479 3418 vel
2504 3361 2760 3417 animal'm
2784 3361 2966 3417 multis
2992 3369 3247 3419 constaa'c
3271 3376 3339 3416 ex
3362 3358 3604 3429 partibus
3627 3356 3705 3411 in-

2124 3454 2639 3527 telligimus;etiam
2663 3453 2745 3509 vel
2774 3468 3023 3511 crescere
3059 3454 3147 3509 vel
3187 3463 3501 3517 senescere;
3543 3448 3705 3503 modo

2127 3548 2249 3618 angi
2272 3546 2449 3613 curis,
2470 3547 2640 3602 modo
2653 3560 2842 3603 securo
2866 3553 3089 3616 pectore
3108 3545 3539 3616 conquiescere;
3560 3540 3706 3597 sani-

2125 3645 2241 3694 tate
2265 3637 2400 3694 alias
2420 3636 2550 3705 frui,
2582 3637 2723 3694 alias
2744 3639 2965 3695 dolores
2982 3640 3226 3710 perpeﬁ;
3251 3638 3489 3709 peritum
3513 3648 3583 3693 ex
3603 3634 3709 3690 in-

2123 3732 2322 3804 perito,
2353 3748 2423 3789 ex
2445 3732 2671 3813 indocto
2690 3732 2928 3789 doctiun.

2198 3826 2258 3881 C.
2296 3826 2459 3883 Forte
2483 3827 2601 3884 lucc
2622 3826 2893 3897 sapientes
2912 3826 3151 3897 propriis
3174 3824 3485 3881 nominibus
3508 3821 3713 3879 discet!-

2126 3932 2267 3974 nere
2282 3917 2606 3973 voluerunt?
2627 3946 2698 3959 —
2720 3917 2785 3972 Α.
2812 3916 3009 3972 Etiam.
3037 3915 3179 3972 Nam
3199 3916 3259 3972 id
3273 3915 3425 3985 quod
3442 3910 3708 3983 corporali

2127 4026 2293 4067 sensu
2337 4011 2697 4076 discernitur,
2728 4010 2917 4076 asia»,
2957 4010 3017 4065 id-
3056 4018 3171 4075 est,
3202 4008 3561 4065 substantiam
3607 4004 3713 4061 dici

2120 4105 2417 4176 jusserunt.
2466 4103 2600 4160 Illud
2632 4112 2852 4167 autem,
2883 4102 3031 4172 φοοδ
3067 4101 3237 4157 animi
3265 4108 3502 4156 tractatu
3540 4097 3719 4172 solum

2127 4195 2419 4266 colligitur,
2445 4205 2540 4249 aut
2570 4192 2724 4265 [Ms.,
2752 4194 2838 4265 ac]
2867 4208 3009 4263 saepe
3030 4200 3274 4248 mutatur
3301 4191 3637 4262 syubebicos,
3658 4186 3713 4242 id

2127 4297 2227 4352 est,
2254 4288 2505 4343 accidens
2540 4286 2808 4341 nominari
2838 4285 3023 4357 [Μεοη
3049 4280 3351 4353 Dominam]
3384 4280 3709 4337 malmrunt.

2132 4379 2303 4435 Usian
2328 4396 2541 4449 quoque
2567 4379 2907 4450 ypocimonon
2925 4417 2947 4443 ,
2968 4377 3029 4432 id
3066 4385 3149 4432 est
3169 4416 3189 4441 ς
3217 4372 3509 4442 subjacens
3535 4368 3714 4441 appel-

2128 4472 2242 4528 lare
2265 4471 2567 4527 voluerunt.
2586 4470 2675 4524 llla
2700 4484 2832 4525 vero
2853 4482 2974 4539 quae
2992 4463 3713 4549 ωᾱὰιιιδβπυροάπιωιοπ,

2129 4565 2183 4620 id
2210 4572 2312 4629 est~
2346 4566 2401 4619 in
2438 4562 2737 4632 subiacenti
2780 4558 3125 4633 [accidentia]
3172 4559 3445 4614 discunt.
3484 4553 3717 4610 Necesse

2129 4662 2215 4710 est
2245 4669 2377 4710 vero
2397 4652 2695 4710 accidentia
2725 4652 2783 4707 in
2811 4650 3054 4723 qualibet
3090 4663 3221 4706 esse
3241 4646 3562 4705 substantia.
3591 4643 3721 4700 Ideo

2127 4746 2227 4803 illa
2250 4746 2551 4803 substantia
2581 4744 2871 4817 subiacens
2889 4744 3089 4801 dicit!“
3104 4760 3127 4809 ',
3145 4741 3241 4798 illa
3264 4754 3406 4797 verm
3418 4737 3719 4794 accidentia

2130 4838 2189 4893 in
2213 4836 2513 4909 subiacenti
2546 4835 2883 4892 substanﬁa:
2913 4842 2979 4891 ut
3010 4842 3171 4906 pote,
3516 4828 3577 4884 in
3602 4826 3723 4881 ani-

2131 4932 2244 4999 me,
2270 4930 2421 4987 color
2438 4931 2497 4986 in
2515 4944 2767 5001 corpore,
2792 4935 2895 4985 aut.
2914 4928 2991 4984 de
3006 4927 3117 4983 illis
3131 4940 3327 4982 nonem
3348 4919 3724 4981 acciderim

2132 5024 2430 5097 quodlibet,
2459 5040 2579 5094 qum
2616 5023 2865 5094 superius
2890 5017 3308 5076 nominavimus.

2201 5112 2266 5172 C.
2294 5114 2773 5173 Debemustamen
2790 5111 2910 5183 ipsa
2934 5107 3237 5166 accitis-tia
3252 5104 3338 5161 vel
3359 5103 3555 5174 iis-ipa
3574 5101 3716 5166 ait,

2131 5206 2218 5262 vel
2241 5214 2397 5263 extra
2420 5197 3313 5261 Mmrlicereesse-?-—A.Alin
3345 5195 3574 5264 inipee,
3612 5190 3727 5246 alia:

2133 5308 2311 5357 extra.
2334 5298 2483 5354 Intra
2522 5295 2701 5352 asiam
2724 5303 2852 5351 sunt
2877 5292 3135 5365 qualitas,
3166 5288 3451 5362 quantitas
3478 5293 3537 5341 et
3560 5283 3723 5340 situ.

2132 5392 2260 5449 Haec
2286 5392 2435 5448 enim
2455 5390 2573 5446 sine
2599 5390 2721 5461 ipsa
2736 5402 2857 5444 esse
2882 5396 2993 5442 nan
3015 5392 3262 5457 possint.
3295 5380 3421 5436 κη
3449 5377 3633 5444 enirn,
3658 5380 3729 5433 ιη

2131 5484 2411 5541 hominem-
2429 5481 2515 5538 vel
2542 5496 2745 5552 equum
2772 5479 2973 5534 dixeris
2992 5519 3008 5543 ,
3036 5475 3249 5532 adverti
3275 5484 3499 5528 necesse
3521 5476 3608 5524 est
3630 5465 3725 5521 1ιό-

2130 5579 2383 5652 ρεάειθιη
2424 5584 2517 5631 aut
2552 5570 3049 5645 quadrupedalem;
3102 5568 3285 5624 album
3337 5572 3431 5620 aut
3459 5562 3674 5632 nigrum
3702 5596 3720 5627 ,

2132 5679 2367 5727 stantem
2397 5675 2489 5722 aut
2507 5664 2801 5735 iacentem.
2831 5662 2998 5718 Extra
3030 5661 3185 5714 etim
3216 5673 3347 5712 vero
3377 5662 3505 5710 sunt
3535 5652 3721 5715 locus,

2132 5774 2349 5834 tempus
2366 5769 2423 5815 et
2444 5759 2684 5815 habitus.
2715 5756 2851 5814 Nam
2879 5756 2935 5811 in
2958 5753 3076 5811 loco
3100 5751 3189 5809 vel
3212 5758 3458 5821 tempore
3478 5741 3725 5807 «letali:-

3980 1174 3983 1345 Κ

3980 1174 3983 1345 K
