4062 6346
407 278 514 341 987

1354 262 1867 340 musculus.
1911 306 1980 320 -
2016 278 2107 334 ns
2146 278 2573 339 DIALECTICA.

3570 284 3676 342 958

394 379 603 468 'quem;
626 395 814 454 vestiri
840 394 927 453 vel
952 394 1176 464 armari,
1194 393 1262 451 ab
1286 395 1405 451 asia
1432 403 1683 467 separata
1706 404 1846 476 sunt.
1870 391 1988 446 Alia
2012 388 2065 451 Ᾱ
2093 404 2310 446 emensa
2325 393 2431 448 erit
2454 391 2681 449 latitudo
2696 406 2819 449 cum
2835 391 3189 464 longitudine,
3202 394 3437 467 epifania
3451 394 3670 465 dicitur,

403 499 533 549 sunt
566 491 897 557 conummia,
929 489 987 546 id
1008 498 1109 557 est,
1142 490 1284 545 intra
1306 496 1361 545 et
1387 498 1542 545 extra
1565 490 1719 543 usian
1737 528 1751 555 ,
1780 493 1867 553 ut,
1900 499 1993 541 re-
2088 484 2147 539 id
2167 492 2270 552 est,
2296 486 2648 558 superﬁcialis
2669 503 2943 545 mensura.
2970 518 3043 531 --
3069 485 3131 545 ε.
3162 487 3305 558 Quid
3342 491 3387 545 si
3419 492 3505 546 his
3534 491 3672 546 duo-

400 584 535 640 latio
553 626 569 651 ,
597 583 777 641 facere
808 592 864 640 et
894 584 1024 655 pati.
1050 581 1220 654 Maius
1245 598 1376 641 vero
1407 592 1461 640 et
1486 584 1696 651 minus,
1735 596 1902 637 unum
1929 580 1985 636 in

396 693 457 733 se
480 676 701 743 habent,
732 676 879 733 aliud
902 687 1052 733 extra
1076 695 1148 732 se.
1191 676 1323 732 item
1359 678 1535 748 facere
1557 686 1612 733 et
1644 686 1795 732 extra
1823 684 1879 731 et
1904 675 1986 729 in-

309 758 319 769 “
398 775 506 833 ιη,
535 776 598 823 ut
623 766 834 824 caedere
859 768 1087 839 quisque
1111 768 1219 824 dici
1249 783 1357 825 non
1384 776 1592 840 potest,
1626 768 1730 823 nisi
1756 767 1986 822 alterum

395 861 608 925 cadat;
654 860 907 916 similiter
930 861 1042 932 pati
1063 876 1082 914 :
1112 862 1245 917 caedi
1273 862 1416 917 enim
1440 861 1526 917 vel
1561 862 1645 915 uri
1682 860 1860 916 nullus
1888 874 1986 931 po-

395 957 523 1017 test,
554 949 659 1006 nisi
687 951 757 1006 ab
780 951 951 1007 altero
979 944 1218 1022 patiatur
1244 952 1396 1027 [Ms.,
1427 952 1707 1025 patietur].

465 1040 528 1097 C.
557 1042 724 1099 Estne
761 1044 867 1099 alia
908 1045 1102 1100 horum
1145 1047 1504 1102 accidentium
1549 1044 1885 1102 differentia?
1911 1076 1983 1088 ——

391 1135 458 1187 Α.
492 1134 606 1190 Est.
649 1135 727 1190 Ea
757 1137 902 1192 enim
933 1152 1053 1208 qua:
1080 1139 1265 1194 insunt
1298 1139 1515 1209 cuique,
1549 1147 1642 1193 aut
1675 1139 1730 1193 in
1760 1138 1895 1205 solo,
1925 1146 1982 1195 et

390 1223 449 1279 in
471 1227 616 1280 omni
645 1243 660 1291 ;
703 1236 796 1282 aut
823 1228 876 1283 in
900 1229 1015 1284 solo
1042 1238 1097 1284 et
1121 1245 1227 1286 non
1251 1231 1307 1285 in
1332 1232 1514 1297 omni;
1555 1239 1647 1287 aut
1671 1232 1726 1287 in
1751 1233 1898 1287 omni
1927 1239 1984 1288 et

389 1333 499 1375 non
526 1321 582 1376 in
608 1321 761 1390 solo;
804 1333 897 1380 aut
936 1340 1040 1382 nec
1066 1328 1121 1381 in
1160 1327 1296 1395 solo,
1333 1343 1435 1384 nec
1466 1328 1520 1383 in
1547 1328 1696 1384 omni
1726 1344 1845 1385 esse
1886 1344 1982 1386 ne-

388 1424 544 1467 cesse
588 1421 689 1468 est.
740 1414 809 1470 Et
860 1417 959 1473 has
999 1427 1232 1489 quatuor
1273 1420 1482 1490 species
1524 1419 1701 1476 Graeci
1742 1427 1977 1489 vocant;

389 1499 788 1577 Eumocepanti,
805 1511 1294 1581 enmonoc'eupanti,
1309 1512 1544 1582 expanti,
1562 1529 1782 1568 enmono
1798 1512 1977 1586 [Mss.,

386 1590 845 1670 Enmonocepanti
964 1604 1197 1674 enpanti,
1245 1602 1521 1676 ceunomo]
1559 1616 1725 1673 ceute,
1757 1623 1978 1663 emnono

385 1688 633 1758 utipantt'.

2084 577 2186 635 bus
2237 580 2570 638 altitudinem
2623 584 2987 655 adjungit?—
3034 584 3097 638 Α.
3151 582 3357 639 Cuncta
3403 585 3522 641 haec
3566 584 3673 641 tria

2084 682 2352 725 mensurte
2377 672 2583 728 sociata
2609 674 2840 731 solidum
2879 690 3077 745 corpus
3104 673 3395 745 perficiunt
3421 688 3545 730 cum
3574 690 3671 733 sex

2084 762 2196 816 suis
2224 764 2469 832 partibus
2497 770 2850 839 praescriptis,
2899 769 3094 840 hisque
3133 769 3422 824 ascn’bitur
3472 783 3670 824 secun-

2085 852 2211 908 dum
2241 856 2563 924 positionem
2592 856 2778 931 [loci],
2827 860 2986 931 longe
3018 860 3102 915 vel
3120 858 3295 929 juxta.
3327 859 3459 914 Nam
3500 860 3666 925 aliud,

2083 945 2227 1015 quod
2270 947 2402 1001 mihi
2454 964 2486 1003 a
2514 940 2749 1006 'd‘extris
2789 951 2876 1006 vel
2924 952 3181 1017 sinistris,
3235 959 3360 1006 ante
3409 950 3493 1005 vel
3523 959 3671 1006 retro

2072 1037 2235 1109 juxta
2257 1047 2372 1107 est;
2400 1040 2545 1095 aliud
2575 1044 2719 1112 quod
2741 1044 2922 1115 longe;
2946 1046 3096 1099 verbi
3122 1046 3295 1116 gratia
3324 1060 3339 1099 :
3368 1043 3465 1099 Hic
3488 1044 3672 1116 paries

2079 1144 2249 1201 prope
2284 1141 2400 1200 est;
2427 1140 2484 1188 et
2510 1132 2599 1188 ille
2627 1135 2711 1189 vel
2750 1135 2843 1190 ille
2872 1151 3030 1191 mons
3058 1136 3235 1206 longe.
3580 1178 3583 1181 γ

2152 1220 2214 1277 C.
2248 1222 2433 1280 Potest
2484 1227 2559 1281 ita
2610 1227 2677 1281 de
2723 1225 2867 1281 infra
2914 1235 2969 1281 et
3015 1242 3179 1297 supra
3210 1225 3565 1298 intelligi?—
3599 1224 3668 1280 Α.

2078 1312 2284 1371 Potest.
2335 1314 2486 1389 [Sed]
2526 1316 2806 1373 sciendum
2861 1316 2987 1390 [est]
3042 1317 3188 1372 aliud
3244 1332 3365 1373 esse
3416 1315 3668 1373 naturale

2079 1424 2243 1479 super
2262 1418 2318 1463 et
2346 1410 2570 1465 subter:
2605 1411 2750 1466 aliud
2772 1427 2935 1477 vero,
2980 1411 3124 1481 quod
3154 1409 3299 1466 circa
3326 1426 3427 1466 nos
3469 1419 3571 1468 est.
3597 1438 3672 1452 —-

2081 1498 2141 1556 C.
2161 1500 2321 1567 Quod
2341 1508 2425 1556 est
2447 1503 2713 1569 naturale,
2733 1511 2787 1558 et
2808 1504 2955 1574 quod
2979 1504 3126 1560 circa
3151 1516 3251 1558 nos
3265 1503 3548 1558 est?—A.
3566 1501 3672 1557 Na-

2080 1592 2330 1647 turaliter
2354 1594 2500 1648 enim
2531 1594 2728 1651 coelum
2772 1594 3035 1669 [semper]
3090 1608 3255 1667 supra
3305 1603 3391 1651 est
3437 1602 3492 1651 et
3520 1601 3670 1650 terra

2077 1681 2239 1749 infra,
2273 1683 2424 1760 quod
2440 1684 2769 1755 migratione
2800 1694 2986 1741 nostra
3037 1687 3237 1743 mutari
3286 1684 3459 1760 [Edit.
3484 1727 3498 1753 ,
3532 1700 3673 1757 pun-
3712 1716 3715 1717 ν

455 1748 518 1831 ὸ.
545 1774 673 1833 Haec
712 1780 973 1851 exemplis
1014 1782 1262 1853 planiora
1304 1785 1475 1842 facias
1504 1786 1686 1842 velim.
1715 1788 1873 1843 —A.
1905 1787 1966 1846 Ut

2078 1776 2249 1844 ctari;
2279 1748 2436 1844 δίει,
2463 1748 2787 1848 migratio...
2823 1777 3135 1851 immutare]
3165 1793 3271 1833 non
3286 1748 3495 1848 potest.
3533 1748 3671 1832 ’Νοε-

383 1868 437 1924 si
455 1868 733 1927 hominem
760 1875 881 1944 quis
908 1876 1133 1932 delinire
1159 1877 1346 1935 volens
1370 1878 1535 1948 dicat,
1569 1881 1711 1938 risus
1740 1895 1859 1938 esse
1884 1898 1977 1938 ca-

380 1969 604 2027 pacem;
634 1962 739 2018 hoc
762 1971 815 2017 et
838 1964 891 2018 in
918 1965 1033 2021 solo
1061 1966 1281 2024 homine
1311 1978 1415 2038 est,
1445 1978 1500 2026 et
1525 1971 1580 2025 in
1606 1972 1753 2027 omni
1779 1990 1793 2027 :
1827 1972 1976 2029 solus

381 2062 618 2120 namque
649 2053 812 2109 homo
848 2056 1006 2124 ridet,
1047 2066 1102 2113 et
1134 2061 1347 2116 cunctis
1375 2061 1553 2118 ridere
1595 2065 1841 2121 naturale
1869 2074 1971 2122 est.

379 2133 440 2191 in
470 2139 587 2195 solo
612 2149 667 2197 et
688 2158 795 2199 non
823 2143 877 2199 in
903 2147 1069 2212 omni,
1102 2156 1162 2203 ut
1192 2151 1238 2205 si
1260 2151 1382 2223 quis
1403 2152 1670 2211 diliiniens
1700 2156 1975 2213 hominem

381 2232 639 2300 capacem
669 2233 970 2305 disciplinae
1002 2237 1153 2294 dicat
1178 2252 1298 2295 esse
1323 2257 1341 2307 ;
1380 2242 1484 2297 hoc
1522 2243 1579 2298 in
1608 2244 1724 2300 solo
1753 2245 1974 2316 quidem

378 2320 600 2379 homine
621 2324 851 2382 inveniri
882 2336 1094 2399 potest,
1127 2347 1235 2387 non
1276 2341 1457 2389 tamen
1487 2334 1543 2389 in
1567 2338 1754 2405 omni;
1796 2354 1974 2410 neque

377 2412 523 2467 enim
568 2429 755 2471 omnes
803 2417 1118 2490 disciplinas
1188 2421 1353 2495 3’39
1396 2425 1701 2482 didicerunt
1742 2429 1968 2500 aliquas.

376 2500 434 2557 In
458 2506 606 2560 omni
635 2514 690 2562 et
718 2524 825 2564 non
855 2510 910 2565 in
934 2512 1079 2579 solo;
1108 2520 1169 2567 ut
1194 2516 1239 2570 si
1263 2516 1385 2586 quis
1408 2517 1682 2575 hominem
1706 2519 1974 2579 diliiniens

376 2595 542 2666 dicat,
580 2598 641 2654 id
656 2615 776 2657 esse
802 2604 1078 2662 hominem
1106 2608 1250 2678 quod
1276 2610 1466 2679 spirat,
1502 2615 1645 2683 quod
1673 2614 1852 2669 cibum
1876 2630 1969 2670 ca-

374 2690 505 2759 piat,
529 2693 633 2748 hoc
660 2694 717 2753 in
757 2698 903 2753 omni
930 2700 1149 2771 quidem
1174 2710 1258 2757 est
1283 2704 1523 2772 homine,
1563 2722 1672 2763 non
1710 2708 1972 2763 tamenin

373 2781 488 2837 solo
512 2799 527 2851 ;
568 2800 697 2840 nam
725 2796 779 2842 ct
800 2790 1033 2859 pecudes
1063 2791 1245 2847 cibum
1266 2794 1487 2863 capiunt
1508 2802 1562 2850 et
1586 2794 1716 2852 fera:
1738 2797 1966 2868 spirant.

2077 1878 2254 1925 strum
2296 1876 2476 1924 autem
2521 1884 2687 1941 super
2730 1877 2786 1925 et
2833 1867 3023 1924 subter
3072 1868 3396 1940 migratione
3426 1881 3672 1923 commu-

2075 1968 2256 2027 tatur;
2287 1966 2349 2014 ut
2379 1960 2427 2015 si
2456 1960 2578 2030 quis
2613 1973 2738 2015 cum
2766 1959 2823 2014 in
2866 1958 3216 2014 inferioribus
3244 1957 3443 2024 fuerit,
3474 1956 3542 2012 ad
3582 1972 3685 2012 su-r
3742 1983 3753 1997 κ

2074 2054 2290 2123 periora
2314 2054 2675 2123 conscendat;
2725 2062 2819 2112 aut
2854 2071 2885 2113 e
2915 2055 3285 2130 superioribus
3309 2054 3379 2110 ad
3409 2051 3669 2109 inferiora

2073 2145 2384 2202 descendat.

2145 2241 2207 2296 (ἰ.
2232 2241 2372 2296 Num
2395 2243 2577 2299 omnia
2613 2244 2680 2299 ad
2707 2242 3067 2314 quantitatem
3100 2240 3428 2313 pertinentia
3456 2240 3542 2296 his
3572 2254 3667 2295 sex

2071 2334 2320 2404 partibus
2356 2334 2830 2390 iucluduntur?—-
2856 2336 2922 2389 Α.
2954 2333 3072 2389 Non
3098 2333 3281 2389 omnia
3304 2333 3403 2389 has
3432 2332 3669 2387 circum-

2070 2427 2370 2499 positiones
2402 2429 2625 2485 habent.
2661 2427 2895 2500 Tempus
2920 2442 3051 2483 vero
3073 2434 3129 2481 et
3161 2439 3423 2481 numerus
3448 2435 3506 2480 et
3543 2439 3670 2479 ora-

2071 2520 2168 2585 tio,
2200 2520 2324 2576 licet
2348 2521 2417 2576 ad
2443 2522 2803 2591 quantitatem
2850 2520 3182 2591 pertineant,
3214 2519 3299 2573 his
3342 2525 3525 2572 tamen
3556 2530 3666 2571 non

2074 2612 2360 2683 subiacent
2380 2615 2658 2671 claustris.
2678 2612 2858 2670 Unum
2885 2629 3015 2668 vero
3043 2621 3097 2668 et
3128 2611 3313 2685 [Mas.,
3343 2609 3451 2683 vel’]
3481 2610 3667 2665 decem

2070 2714 2126 2763 et
2165 2706 2347 2780 [Mss.,
2384 2708 2490 2781 vel]
2519 2716 2737 2765 centum
2779 2722 2902 2763 cum
2942 2706 3172 2761 dicimus
3196 2745 3211 2770 ,
3265 2704 3441 2773 ipsum
3473 2714 3665 2755 nume-

2070 2818 2191 2856 rum
2222 2802 2396 2857 solum
2424 2803 2694 2868 dicentes,
2726 2815 2832 2867 non
2855 2797 3057 2870 aliquid
3082 2796 3441 2868 corporaliter
3463 2810 3660 2850 nume-

373 2870 483 2963 Περ
512 2874 569 2931 in
596 2877 733 2946 solo,
757 2895 859 2935 nec
882 2881 938 2935 in
966 2883 1113 2938 omni
1140 2899 1155 2949 ;
1198 2892 1258 2938 ut
1299 2885 1344 2941 si
1383 2887 1504 2956 quis
1529 2887 1583 2942 in
1610 2889 1843 2944 hominis
1868 2888 1971 2944 dili-
2069 2900 2272 2959 rantes,
2300 2909 2409 2949 non
2430 2893 2730 2963 reperimus
2753 2892 2808 2945 in
2831 2890 2938 2944 illis
2960 2890 3209 2945 dextrum
3242 2887 3447 2957 aliquid
3482 2886 3568 2941 vel
3590 2886 3665 2940 si-

371 2962 616 3023 llnitione
642 2969 696 3024 id
720 2984 840 3026 esse
864 2971 1008 3027 dicat
1032 2974 1329 3042 hominem,
1360 2978 1513 3047 quod
1528 2979 1713 3035 album
1731 2987 1841 3046 est;
1869 2994 1971 3035 nec
2068 2985 2323 3040 nistrum.
2346 2962 2676 3039 Similiteret
2692 2984 2747 3038 in
2773 2992 3016 3052 tempore
3038 2980 3327 3054 aut[d!ss.,
3344 2978 3529 3051 atque]
3548 2994 3664 3035 ser-

371 3057 425 3112 in
455 3059 571 3114 solo
598 3074 699 3117 nec
726 3062 782 3117 in
807 3064 953 3119 omni
980 3072 1084 3133 est,
1132 3083 1306 3138 neque
1337 3069 1480 3123 enim
1510 3078 1602 3125 aut
1628 3070 1789 3127 homo
1820 3071 1968 3129 solus
2006 3134 2036 3138 _
2070 3092 2229 3132 mone
2257 3077 2493 3131 maxime
2523 3090 2646 3131 cum
2667 3075 2783 3130 haec
2800 3074 3059 3130 citissime
3081 3072 3355 3128 labuntur.
3372 3071 3509 3127 Nam
3526 3080 3661 3127 tem-

371 3152 634 3209 candidus
664 3154 935 3212 invenitur
963 3166 1018 3213 et
1045 3174 1152 3215 non
1180 3159 1278 3217 bos
1304 3170 1396 3217 aut
1421 3176 1631 3232 equus;
1671 3164 1964 3221 antemnis
1991 3134 2037 3201 ο

370 3240 535 3299 homo
564 3246 717 3302 albus
743 3256 845 3303 est.

441 3328 503 3388 C.
534 3335 663 3403 Qum
705 3355 771 3394 ex
802 3340 921 3396 istis
948 3341 1229 3412 speciebus
1278 3346 1566 3402 certiorem
1602 3347 1657 3404 in
1712 3350 1833 3405 asia
1879 3349 1961 3405 la-

371 3426 523 3483 ciunt
560 3430 973 3488 diliinitionem?
995 3467 1067 3475 -—
1102 3437 1168 3490 A.
1198 3437 1346 3493 Duae.
1378 3439 1438 3494 in
1464 3440 1580 3495 solo
1603 3448 1660 3496 et
1686 3441 1744 3495 in
1770 3441 1957 3510 omni;

368 3523 568 3593 altera,
601 3543 721 3598 quae
742 3528 796 3583 in
826 3527 961 3596 solo,
992 3547 1101 3587 non
1126 3533 1180 3587 in
1209 3534 1387 3600 omni;
1426 3543 1508 3601 ut,
1538 3536 1815 3592 hominem
1840 3551 1961 3593 esse

367 3616 654 3686 risibilem,
701 3618 1103 3693 disciplinaeque
1137 3640 1412 3695 capacem.
1464 3626 1559 3682 Ha:
1607 3628 1725 3683 duae
1751 3629 1961 3700 species

366 3714 437 3769 ad
464 3712 896 3787 investigandam
919 3719 1099 3786 usian,
1126 3720 1191 3776 de
1227 3736 1333 3792 qua
1360 3721 1613 3792 inquiris,
1636 3723 1785 3777 viam
1803 3739 1959 3781 moo-

368 3812 564 3863 strant.
598 3806 667 3864 Et
693 3808 813 3866 dua:
859 3810 979 3867 alia:
1019 3817 1229 3869 certum
1256 3811 1467 3885 aliquid.
1492 3812 1800 3885 signiﬁcare
1848 3830 1961 3872 non

367 3908 610 3970 possunt.

996 3994 1225 4053 CAPUT
1251 3996 1351 4054 Ν.

924 4102 991 4141 DE
1042 4103 1408 4151 QUANTITATE.

428 4170 501 4228 ‘C.
530 4172 785 4231 Decursis
828 4175 993 4247 igitur
1019 4176 1259 4234 breviter
1299 4178 1567 4251 partibus,
1595 4180 1791 4253 quibus
1838 4179 1956 4235 usia

364 4267 538 4337 possit
564 4267 816 4338 intelligi,
850 4277 1022 4326 restat
1067 4288 1212 4326 nunc
1246 4288 1426 4327 sermo
1454 4273 1520 4329 de
1552 4273 1780 4345 singulis
1824 4273 1955 4328 asia:

365 4362 735 4419 accidentibus
761 4364 1066 4436 inquirere;
1098 4374 1154 4421 ct
1179 4369 1526 4439 quantitatem
1551 4409 1568 4436 ,
1618 4384 1783 4439 quam
1833 4368 1951 4441 pri-

365 4468 512 4509 mam
545 4452 681 4527 [At.,
708 4454 908 4528 primo]
954 4456 1214 4527 posuisti,
1255 4458 1492 4527 primum
1530 4472 1760 4530 expone.
1784 4489 1854 4499 --
1878 4457 1947 4512 Α.

360 4542 477 4602 Nec
503 4545 619 4600 sine
640 4558 804 4601 causa
826 4545 917 4600 illa
938 4547 1114 4617 prima
1154 4547 1331 4618 posita
1360 4557 1476 4615 est;
1524 4563 1650 4603 nam
1686 4564 1809 4603 cum
1847 4546 1950 4603 ali-

360 4637 511 4711 quod
541 4650 739 4709 corpus
762 4637 1085 4708 viderimus,
1126 4639 1181 4697 id
1201 4682 1216 4709 ,
1250 4648 1513 4713 quantum
1557 4640 1647 4709 sit,
1679 4640 1952 4696 aestimare

359 4726 570 4785 licebit.
1954 4792 1959 4801 ε

435 4819 498 4877 C.
527 4820 809 4891 Quomodo
851 4824 1128 4895 quantitas
1179 4824 1439 4881 aestimari
1473 4825 1647 4882 solet?
1688 4855 1759 4866 —
1782 4825 1849 4881 Α.
1889 4824 1957 4882 in.

359 4930 621 4973 mensura
647 4916 1020 4989 longitudinis,
1046 4917 1349 4974 latitudinis
1370 4904 1425 4974 et
1445 4916 1749 4975 altitudinis
1770 4934 1795 4985 ;
1820 4918 1949 4989 quia

360 5006 480 5065 haec
505 5009 609 5065 tria
630 5024 827 5083 corpus
854 5009 1135 5081 quodlibet
1162 5012 1364 5069 habere
1381 5027 1602 5070 necesse
1618 5020 1721 5069 est.
1740 5011 1951 5084 Hisque

358 5099 591 5174 singulis
616 5100 735 5158 duae
775 5102 995 5174 species.
1035 5100 1302 5172 adjacent.
1339 5100 1712 5175 Longitudini,
1745 5111 1873 5159 ante
1894 5110 1959 5159 et

360 5204 541 5265 retro;
578 5196 871 5265 latitudini,
904 5198 1157 5256 dextrum
1199 5208 1254 5256 et
1294 5201 1610 5265 sinistrum;
1652 5199 1945 5268 altitudini,

361 5308 581 5349 sursum
623 5301 679 5350 et
719 5292 995 5350 deorsum.
1024 5292 1123 5351 His
1152 5295 1301 5350 enim
1346 5310 1443 5351 sex
1490 5294 1738 5365 partibus
1787 5308 1948 5351 omne

362 5399 562 5456 corpus
589 5384 1076 5443 circumscribitur.

432 5477 497 5538 C.
524 5478 663 5547 Quid
696 5479 741 5536 si
775 5479 970 5551 aliquis
991 5477 1163 5535 solam
1185 5478 1579 5550 longitudinem
1608 5480 1829 5535 metitur
1847 5480 1951 5533 ?—

362 5574 428 5631 Α.
455 5573 762 5647 Longitudo
789 5574 901 5631 sola
925 5574 1044 5653 sine
1068 5574 1351 5629 latitudine
1372 5584 1685 5630 mensurata
1714 5592 1947 5646 gramme

365 5668 582 5736 dicitur,
600 5669 655 5726 id
670 5678 773 5737 est,
794 5668 1005 5725 linealis
1028 5683 1302 5725 mensura.
1316 5699 1387 5709 -—
1399 5669 1461 5724 (ι’.
1479 5668 1620 5737 Quid
1640 5670 1689 5726 si
1717 5669 1945 5742 longitu-

365 5756 479 5820 dini
506 5761 846 5822 latitudinem
873 5763 1146 5823 metiendo
1165 5762 1291 5838 quis
1314 5764 1687 5839 adjecerit?—-
1717 5765 1783 5821 Α.
1809 5767 1941 5825 (lum

2067 3183 2170 3238 pus
2196 3166 2433 3223 instabili
2454 3176 2603 3223 motu
2620 3182 2832 3238 semper
2859 3169 3117 3234 decurrit,
3146 3168 3201 3222 in
3228 3174 3463 3234 tantum,
3491 3175 3559 3222 ut.
3580 3166 3663 3221 di-

2066 3260 2322 3332 ligentius
2347 3260 2812 3317 c0nsiderantibus
2848 3275 2985 3331 pene
3007 3260 3143 3319 nihil
3176 3276 3413 3332 prmsens
3436 3275 3555 3315 esse
3579 3256 3661 3315 vi-

2066 3355 2277 3409 deatur.
2310 3353 2389 3408 Ita
2410 3362 2464 3409 et
2490 3369 2685 3417 sermo,
2715 3368 2839 3408 cum
2870 3354 3109 3408 nondum
3134 3353 3312 3408 dictus
3335 3352 3523 3418 fuerit,
3546 3366 3655 3408 nou

2065 3454 2311 3518 apparet.
2343 3446 2687 3503 Manifestum
2730 3455 2815 3502 est
2845 3446 3011 3518 igitur
3048 3447 3168 3502 haec
3199 3447 3304 3501 tria
3331 3446 3658 3502 positionem

2064 3539 2406 3595 diversarum
2434 3540 2673 3610 partium
2702 3554 2811 3593 non
2841 3538 3065 3593 habere.

2134 3628 2193 3685 C.
2228 3629 2289 3685 Si
2317 3630 2491 3698 magis
2516 3636 2612 3684 aut
2638 3629 2843 3693 minus,
2864 3629 3009 3698 quod
3037 3626 3214 3684 Grteci
3237 3626 3445 3694 maloa,
3470 3634 3658 3683 ecaton

2063 3719 2241 3794 [Mss.,
2270 3730 2529 3789 ceratam;
2551 3718 2651 3787 al.,
2677 3720 2861 3791 μάλλον
2886 3728 2934 3776 et
2951 3718 3188 3792 ἔλαττον]
3214 3720 3420 3785 dicunt,
3438 3719 3656 3790 quanti-

2060 3821 2142 3869 tas
2163 3812 2367 3869 habere
2398 3811 2611 3883 potest?
2630 3841 2702 3851 -
2729 3812 2795 3865 Α.
2824 3810 2944 3867 Non
2997 3818 3195 3883 potest.
3255 3809 3436 3883 [Nam]
3483 3810 3657 3880 magis

2058 3904 2306 3977 bipedale
2348 3904 2435 3971 vel
2469 3905 2649 3960 minus
2673 3904 2781 3961 dici
2810 3919 2921 3960 non
2968 3912 3178 3975 potest;
3214 3920 3315 3960 nec
3344 3904 3515 3975 magis
3546 3912 3657 3960 tres

2059 4005 2154 4053 aut
2177 3996 2361 4053 minus
2388 4005 2497 4053 tres
2525 3996 2810 4053 nominare
2856 3995 3004 4053 licet.
3055 3995 3320 4053 Similiter
3344 4005 3561 4070 tempus
3602 4004 3655 4052 et

2057 4089 2235 4145 oratio
2284 4089 2465 4161 magis
2505 4095 2597 4143 aut
2647 4089 2827 4144 minus
2875 4104 2986 4144 non
3036 4087 3281 4156 habent;
3328 4088 3427 4145 sed
3470 4088 3654 4143 omnia

2057 4179 2379 4251 quantitatis
2422 4180 2575 4251 paria
2623 4186 2716 4234 aut
2759 4180 2990 4252 imparia
3020 4180 3388 4252 nuncupanda
3412 4187 3559 4235 sunt.
3583 4209 3653 4221 —

2058 4270 2119 4327 C.
2160 4271 2302 4340 Quid
2335 4272 2382 4328 si
2413 4272 2588 4344 magis
2615 4271 2833 4343 longum
2864 4281 2958 4328 aut
2987 4273 3169 4329 minus
3198 4273 3560 4329 dicamus?—-
3580 4274 3647 4329 Λ.

2060 4364 2209 4419 Tunc
2238 4364 2308 4418 ad
2337 4363 2538 4436 aliquid
2569 4364 2844 4434 categoria
2873 4365 2998 4420 erit.
3027 4364 3166 4421 Nam
3194 4366 3369 4439 magis
3397 4365 3575 4423 simile
3597 4374 3653 4424 et

2056 4456 2234 4512 minus
2262 4456 2440 4512 simile
2469 4456 2705 4515 solemus
2725 4458 2936 4524 dicere;
2977 4457 3157 4515 simile
3179 4473 3317 4515 vero
3331 4458 3553 4516 cuilibet
3578 4459 3652 4517 si-

2059 4547 2174 4607 mili
2201 4548 2376 4606 simile
2404 4557 2509 4607 est.

2576 4641 2747 4716 3m
2781 4640 3011 4699 CAPUT
3063 4643 3133 4699 v.

2618 4752 2687 4792 DE
2721 4752 2790 4790 AD
2833 4750 3075 4799 ALIQUID.

2127 4827 2187 4885 ϐ.
2211 4829 2418 4886 Verum
2463 4823 2591 4898 quia
2640 4825 2972 4880 mentionem
3004 4824 3294 4896 categorias
3336 4823 3408 4880 ad
3445 4823 3647 4896 aliquid

2055 4924 2252 4990 fecisti,
2286 4921 2431 4977 illius
2460 4918 2822 4991 prOprietates
2840 4917 3038 4990 pande.
3057 4948 3130 4958 —
3150 4917 3218 4973 Δ.
3246 4917 3500 4985 Faciam,
3519 4916 3647 4973 licet

2054 5012 2488 5075 extraordinaria
2542 5009 2670 5086 [Αι.
2696 5049 2719 5077 ,ι
2767 5018 2925 5068 extra
2985 5008 3286 5082 ordinem].
3338 5008 3474 5065 Nam
3523 5015 3647 5080 post

2053 5108 2419 5184 quantitatem
2441 5104 2675 5177 qualitas
2700 5105 3004 5177 ponebatur
3024 5104 3079 5160 in
3107 5104 3321 5161 ordine.
3344 5102 3426 5156 Ad
3441 5101 3645 5174 aliquid

2054 5217 2185 5274 ergo
2214 5198 2546 5270 categoriam
2571 5212 2847 5260 vocamus,
2872 5213 2980 5270 qua
3010 5194 3191 5271 [llam
3218 5191 3367 5269 quas]
3392 5194 3477 5260 id,
3500 5193 3644 5265 quod

2052 5302 2157 5361 est,
2173 5293 2375 5350 dicitur
2396 5308 2462 5348 ex
2489 5291 2681 5359 altero,
2701 5298 2758 5346 et
2781 5290 2900 5346 sine
2919 5290 3079 5363 cujus
3096 5286 3359 5344 societate
3388 5300 3509 5343 esse
3535 5299 3664 5345 non.

2050 5389 2254 5461 possit;
2304 5395 2359 5444 et
2400 5385 2556 5457 cujus
2580 5386 2665 5441 vis
2690 5385 2870 5441 omnis
2909 5399 2977 5441 ex
3004 5381 3232 5439 alterius
3259 5378 3642 5451 conjunctione

2050 5482 2365 5549 descendit;
2418 5489 2482 5536 ut
2524 5479 2766 5550 duplum,
2820 5475 3003 5548 simpli
3047 5473 3248 5530 dicitur
3285 5471 3543 5543 duplam;
3584 5479 3643 5532 et

2049 5577 2247 5647 majus,
2274 5575 2473 5631 minori
2504 5574 2701 5629 dicitur
2728 5568 2934 5637 majus;
2980 5575 3038 5623 et.
3089 5566 3287 5633 simile,
3507 5564 3645 5623 dici-

2049 5681 2140 5728 tur
2168 5671 2369 5728 similc.
2393 5698 2465 5710 —-
2492 5667 2554 5724 C.
2590 5668 2657 5722 Et
2686 5667 2788 5721 hoc
2832 5662 3035 5729 claret,
3055 5662 3125 5719 ad
3172 5661 3376 5735 aliquid
3404 5676 3515 5719 non
3541 5676 3639 5719 sua

2046 5765 2122 5835 vi,
2160 5765 2254 5822 sed
2281 5762 2515 5820 alterius
2532 5757 2910 5831 conjunctione
2931 5755 3250 5817 consistens.
3291 5752 3409 5821 δα
3436 5753 3485 5817 li
3528 5752 3643 5817 alie
