4062 6346
388 320 391 325 ⁴
412 342 516 406 959

1231 346 1291 401 B.
1333 347 1396 403 r.
1435 340 1662 403 ALBlNl
1702 340 1833 401 seu
1873 340 2150 399 ALCUINI
2187 334 2474 400 OPERUM
2512 338 2691 400 PARS
2729 318 2873 401 νηί

3562 344 3664 403 960

414 467 574 524 modo
600 465 775 536 possit
796 462 1009 520 dilliniri
1029 463 1231 536 profer.
1259 496 1331 506 -
1357 465 1422 517 Α.
1455 464 1606 521 Tunc
1632 478 1761 534 ergo
1781 472 1837 518 et
1862 476 1993 517 vere
2017 473 2070 529 Α
2094 458 2224 528 quid
2257 460 2376 514 est?
2408 489 2480 500 -—
2519 458 2588 514 Α,
2627 458 2853 515 Habitus
2899 468 3012 527 est,
3059 460 3204 531 quod
3246 462 3464 520 animus
3505 465 3666 538 longo

415 569 471 617 et
520 560 739 632 proprie
794 559 863 613 ad
919 558 1120 629 aliquid
1174 560 1390 626 dicitur,
1421 573 1543 612 cum
1590 559 1688 612 sub
1714 573 1822 611 uno
1871 564 1994 609 ortu

418 664 584 726 atque
607 670 801 711 occasu
841 662 897 707 et
918 653 970 707 id
996 653 1138 722 quod
1154 651 1400 722 jungitur
1421 650 1499 723 [et
1526 652 1579 706 id
1600 651 1685 705 cui
1701 646 1993 720 jungitur],

419 747 732 811 invenitur;
770 753 831 800 ut
865 753 1016 815 puta,
1054 760 1243 800 servus
1290 756 1343 798 et
1391 744 1661 807 dominus,
1708 750 1997 809 utrumque

422 839 506 894 vel
545 837 705 893 simul
733 847 836 901 est,
876 837 961 891 vel
985 836 1145 891 simul
1172 852 1278 891 non
1313 846 1413 891 est.
1442 834 1654 889 Etenim
1676 849 1798 888 cum
1828 830 1998 887 domi—

420 947 549 985 num
574 930 798 995 dixeris,
828 930 1136 984 necessario
1166 929 1364 983 existet
1386 936 1441 981 et
1468 940 1688 988 servus;
1719 939 1843 983 cum
1868 935 1997 976 vero

421 1022 700 1077 dominum
732 1022 943 1087 tuleris,
977 1037 1076 1076 nec
1107 1037 1295 1076 servus
1319 1028 1562 1091 apparet.
1613 1017 1874 1072 Similiter
1902 1016 1999 1070 du-

420 1112 568 1184 plum
598 1122 653 1167 et
692 1114 945 1183 simplum
976 1114 1301 1168 alterutrum
1349 1129 1407 1168 se
1442 1113 1527 1167 vel
1575 1112 1891 1167 interimunt
1911 1108 1998 1165 vel

421 1207 729 1261 ostendunt.
758 1205 1065 1276 Apparente
1086 1207 1229 1260 enim
1251 1205 1413 1275 duplo
1442 1204 1682 1259 nascitur
1711 1202 1994 1271 simplum;

422 1298 583 1367 duplo
616 1305 873 1367 pereunte
913 1313 1013 1352 nec
1041 1297 1292 1368 simplum
1342 1296 1539 1367 [Edit.,
1575 1293 1879 1365 semiplum]
1905 1307 2002 1363 po-

431 1391 559 1445 terit
586 1404 909 1459 permanere
938 1408 950 1443 ε
983 1388 1237 1444 similiter
1273 1388 1319 1443 si
1345 1388 1598 1456 simplum
1628 1403 1734 1442 non
1765 1387 1855 1453 sit,
1903 1401 2002 1441 nec

425 1480 645 1550 duplum
672 1488 773 1535 est.
801 1481 872 1535 At
914 1480 961 1535 si
994 1478 1249 1550 simplum
1271 1477 1452 1544 fuerit,
1479 1487 1536 1534 et
1566 1479 1784 1549 duplum
1810 1492 2001 1533 neces-

426 1574 571 1628 sario
600 1573 899 1642 apparebit.

498 1665 557 1720 C.
590 1665 707 1733 Quo
739 1680 963 1721 numero
988 1664 1074 1721 vel
1102 1666 1298 1735 quibus
1324 1666 1539 1723 casibus
1561 1668 1647 1722 hae
1672 1667 2005 1737 conjunctio-

428 1771 527 1810 nes
578 1756 854 1810 nominum
901 1756 1076 1810 solent
1129 1757 1372 1811 esse?—
1394 1757 1457 1812 Α.
1492 1756 1699 1827 Saepius
1724 1757 2004 1828 “singulari

2095 551 2260 605 habet
2288 559 2559 619 tempore;
2598 560 2658 606 ut
2686 552 2857 607 virtus
2885 562 2941 607 et
2967 553 3269 623 disciplina.
3318 554 3548 612 Alfectio
3587 569 3670 615 est

2094 644 2376 700 mutabilis
2426 646 2623 701 mentis
2666 636 2952 716 impulsio;
2983 656 3046 701 ut
3091 647 3375 718 repentina
3406 650 3671 719 cupiditas

2094 741 2180 794 vel
2205 740 2504 796 iracundia.
2528 772 2599 782 —
2621 739 2683 797 ϐ.
2708 741 2847 809 Quid
2871 750 2956 797 est
2977 742 3120 797 inter
3144 743 3401 798 virtutem
3429 751 3485 798 et
3513 745 3671 803 disci-

2094 830 2335 901 plinam?
2356 862 2427 871 —
2462 832 2524 885 Α.
2569 831 2684 887 Hoc
2718 831 2978 903 profecto,
3012 832 3160 901 quod
3201 832 3486 901 disciplina
3525 834 3580 888 in
3607 849 3669 891 ea

2095 931 2251 993 parte
2288 922 2503 988 animae,
2526 937 2647 992 qua:
2675 923 3013 979 rationabilis
3046 924 3266 990 dicitur,
3300 926 3670 983 tantummodo

2097 1026 2367 1074 versatur.
2391 1018 2576 1073 Virtus
2602 1032 2733 1073 vero
2780 1033 2969 1073 omnes
2999 1017 3193 1073 animm
3227 1027 3413 1088 partes
3465 1020 3668 1089 ample-

2096 1110 2281 1175 ctitur,
2305 1124 2628 1178 omnemque
2671 1108 2799 1180 [Al.,
2848 1108 3145 1180 totamque]
3177 1110 3417 1164 animam
3445 1125 3545 1166 suo
3575 1112 3673 1167 im-

2096 1200 2250 1272 perio
2301 1201 2565 1271 gubernat
2589 1207 2645 1253 et
2671 1200 2837 1271 regit;
2864 1208 2925 1254 ut
2958 1209 3015 1256 et
3042 1200 3382 1255 iracundiam
3412 1202 3595 1256 domet
3622 1211 3674 1259 et

2100 1290 2421 1361 cupiditates
2456 1288 2612 1363 35,1
2664 1294 2947 1354 amoveat,
3003 1291 3149 1361 quod
3196 1289 3482 1362 disciplina
3532 1293 3674 1347 haud

2101 1379 2281 1436 facere
2316 1389 2512 1451 potest.
2538 1412 2611 1421 —
2632 1378 2693 1434 C.
2728 1379 2872 1446 Quot
2898 1389 3023 1435 sunt
3047 1394 3230 1451 partes
3260 1381 3489 1436 anim?
3521 1385 3671 1436 —A.

2100 1470 2257 1535 Tres,
2288 1470 2655 1536 rationabilis,
2688 1470 3011 1538 irascibilis,
3062 1471 3519 1543 concupiscibilis.
3571 1470 3676 1528 Sed

2102 1562 2219 1619 haec
2245 1562 2401 1618 alias.
2449 1560 2602 1617 Nunc
2634 1571 2871 1630 coeptum
2901 1562 3006 1617 iter
3058 1576 3351 1635 pergamus
3381 1561 3520 1635 [Al.,
3558 1577 3674 1618 car-

2100 1652 2274 1726 pani].
3006 1648 3007 1651 “
3665 1694 3670 1698 ~

2174 1744 2236 1801 C.
2274 1747 2523 1803 Potentia
2575 1746 2839 1803 naturalis
2891 1747 3020 1817 quid
3074 1746 3198 1803 est?
3233 1777 3307 1788 —
3354 1745 3422 1799 Α.
3459 1745 3679 1814 Quoties

429 1863 684 1914 numero,
728 1856 789 1902 ut
818 1849 1069 1917 simplum
1093 1849 1271 1917 dupli,
1308 1858 1463 1918 pater
1501 1849 1615 1903 lilii.
1673 1847 1778 1903 Sed
1806 1857 1862 1903 et
1899 1848 2003 1904 alia
2034 1836 2081 1897 B
2105 1839 2228 1907 quis
2254 1838 2464 1893 videtur
2485 1837 2570 1893 vel
2588 1854 2748 1908 posse
2776 1837 2860 1893 vel
2887 1854 2993 1893 non
3017 1853 3175 1909 posse
3194 1853 3254 1893 se
3279 1838 3481 1908 aliquid
3504 1837 3681 1895 facere

431 1940 734 2009 huiusmodi
763 1941 998 2010 genitivo
1031 1941 1212 2006 casui;
1271 1941 1377 1996 alia
1410 1939 1542 2012 [Al.,
1574 1939 1739 2011 nunc]
1785 1942 2001 2009 dativo;

428 2032 684 2101 pleraque
715 2030 849 2104 [Αι.,
881 2030 1046 2103 nunc]
1079 2032 1313 2087 ablativo
1341 2032 1582 2102 copulari
1620 2032 1815 2087 solent.
1847 2031 2008 2087 Geni-

433 2124 543 2179 tivo
570 2125 810 2194 quidem,
838 2132 899 2179 ut
925 2139 1114 2179 servus
1140 2123 1373 2187 domini;
1401 2122 1621 2193 duplum
1657 2122 1857 2193 simpli.
1905 2122 2011 2177 Da-

432 2215 541 2270 tivo
573 2232 586 2268 :
626 2214 813 2269 Simile
842 2214 1035 2279 simili,
1065 2227 1167 2284 par
1213 2212 1351 2283 pari.
1385 2212 1634 2268 Ablativo
1662 2228 1793 2269 vero
1825 2227 1839 2267 :
1874 2211 2009 2267 Sen-

433 2306 590 2361 sibile
616 2320 779 2360 sensu
813 2304 1089 2361 sensibile.

507 2396 564 2451 Si
597 2396 722 2451 huic
749 2396 1035 2465 categoriaa
1072 2395 1279 2451 alterna
1320 2395 1606 2452 conversio
1638 2394 1884 2449 accidere
1910 2409 2008 2463 po-

433 2489 661 2544 test?-—
687 2488 751 2542 Α.
783 2488 980 2544 Etiam.
1002 2488 1137 2544 Nam
1171 2500 1460 2560 utrumque
1489 2490 1883 2545 rationabiliter
1905 2489 2012 2544 dici

432 2587 643 2652 potest;
678 2590 732 2635 et
758 2596 947 2636 servus
974 2581 1199 2647 domini,
1229 2589 1285 2636 et
1323 2582 1571 2636 dominus
1596 2580 1768 2646 servi;
1801 2590 1856 2636 et
1883 2581 2012 2634 sim-

432 2669 579 2740 plum
606 2670 771 2740 dupli,
802 2677 857 2725 et
886 2670 1108 2739 duplum
1130 2670 1328 2739 simpli.
1363 2671 1427 2724 Et
1456 2671 1733 2726 sciendum
1758 2678 1843 2725 est
1868 2668 2011 2737 quod

434 2775 647 2831 semper
690 2759 915 2816 relativa
946 2760 1034 2814 vel
1078 2760 1238 2813 simul
1269 2760 1416 2813 nasci
1443 2759 1528 2814 vel
1557 2758 1715 2814 simul
1744 2756 2012 2825 exstingui

434 2860 667 2921 oportet,
698 2861 757 2906 ut
802 2853 1083 2906 subtracto
1134 2866 1291 2906 servo
1337 2850 1586 2905 dominus
1625 2865 1731 2904 non
1780 2858 1894 2913 est;
1929 2862 2014 2901 rc-

434 2956 582 3000 moto
610 2944 828 3000 domino
858 2960 959 2999 nec
1002 2958 1193 2999 servus
1239 2952 1478 3012 apparet.
1528 2943 1607 2996 Ita
1652 2942 1717 2997 de
1768 2949 1923 3009 patre
1959 2946 2013 2992 et

436 3035 565 3089 lilio.
594 3035 673 3089 Ac
702 3036 823 3090 ideo
845 3035 1143 3090 secundum
1165 3034 1304 3087 hanc
1327 3033 1615 3103 categorias
1645 3029 1885 3102 regulam
1914 3028 2014 3082 mi-

437 3125 607 3178 randa
629 3132 713 3178 est
732 3123 867 3187 Arii,
894 3122 976 3177 vel
1003 3123 1175 3192 magis
1205 3122 1535 3187 miseranda,
1575 3129 1631 3177 et
1655 3121 1774 3192 ejus
1801 3132 2013 3189 quoque

2104 1945 2201 1999 per
2228 1937 2503 1996 naturam,
2529 1939 2590 1984 ut
2616 1929 2767 1985 verbi
2795 1930 2967 2001 gratia
2994 1929 3126 1984 visis
3151 1929 3471 1999 corporibus
3490 1944 3682 1998 puero-

2107 2036 2247 2085 rum,
2279 2020 2522 2075 dicamus
2541 2034 2635 2074 eos
2655 2020 2709 2073 in
2734 2019 2917 2073 futuro
2950 2018 3038 2074 vel
3059 2033 3312 2074 cursores
3336 2018 3423 2073 vel
3450 2017 3677 2088 pugilla-

2107 2117 2249 2163 tores
2275 2107 2407 2180 [Al.,
2430 2108 2661 2181 pugiles]
2696 2108 2844 2175 fore;
2900 2124 3007 2165 non
3038 2109 3184 2179 quod
3211 2109 3386 2164 adhuc
3424 2108 3528 2163 hac
3567 2116 3682 2163 arte

2107 2205 2416 2263 teneantur,
2471 2197 2569 2251 sed
2610 2196 2860 2252 videntur
2897 2212 2996 2266 per
3039 2191 3340 2251 naturalem
3388 2198 3683 2267 potentiam

2110 2303 2227 2342 eam
2255 2303 2415 2359 posse
2455 2287 2675 2342 habere.
2709 2286 2971 2342 Similiter
2999 2287 3065 2343 de
3094 2288 3326 2343 sanitate
3366 2296 3421 2343 et
3456 2288 3688 2343 inﬁrmi-

2110 2387 2221 2433 tate
2268 2394 2335 2434 ex
2364 2378 2608 2448 corporis
2635 2377 2899 2449 qualitate
2927 2392 3071 2451 saepe
3095 2378 3271 2436 solent
3310 2378 3498 2435 medici
3543 2394 3687 2450 prae-

2111 2468 2309 2523 dicere.

2181 2559 2241 2614 C.
2268 2559 2505 2615 Passivaa
2555 2562 2847 2631 qualitates
2892 2563 2979 2619 vel
3016 2563 3297 2635 passiones
3347 2576 3467 2633 qua:
3517 2561 3687 2618 sunt?

2110 2682 2183 2695 -
2212 2651 2276 2706 Α.
2305 2651 2542 2707 Passim
2571 2662 2750 2709 autem
2789 2656 3078 2724 qualitates
3111 2664 3239 2712 sunt
3265 2663 3359 2711 aut
3379 2655 3570 2711 aibedo
3597 2661 3690 2711 aut

2113 2744 2338 2814 nigredo
2362 2751 2418 2798 et
2459 2758 2649 2799 eorum
2671 2746 2869 2811 media,
2899 2746 3062 2802 rubor
3091 2754 3148 2802 et
3172 2746 3366 2818 pallor.
3399 2745 3527 2801 Haec
3547 2748 3687 2802 enim

2109 2850 2219 2890 non
2245 2835 2348 2890 nisi
2370 2835 2453 2889 vel
2477 2832 2671 2890 anima;
2702 2836 2783 2892 vel
2824 2838 3068 2907 corporis
3092 2837 3344 2907 passione
3371 2845 3683 2892 nascuntur.
3740 2892 3745 2893 ,

2113 2925 2186 2981 Ut
2217 2927 2362 2981 enim
2402 2926 2676 2997 nigrescat
2714 2926 2936 2996 aliquid,
2984 2928 3227 3000 corporis
3256 2930 3440 2999 passio
3482 2936 3600 2992 est;
3631 2933 3688 2981 ut

2112 3016 2373 3087 pallescat
2389 3016 2477 3072 vel
2514 3017 2784 3084 rubescat,
2817 3019 3032 3086 animm,
3085 3035 3204 3090 quae
3232 3034 3360 3075 cum
3396 3018 3687 3089 turpitudi-

2114 3109 2199 3162 nis
2227 3106 2606 3163 verecundiam
2630 3107 2775 3164 ferre
2794 3110 3120 3180 nequiverit,
3162 3110 3315 3181 quasi
3339 3110 3407 3166 ad
3428 3107 3689 3165 defensio-

437 3214 709 3269 sociorum
748 3212 912 3266 stulta
964 3212 1215 3276 erecitas;
1265 3218 1571 3264 asserentes
1593 3209 1788 3263 Filium
1820 3223 2013 3263 secun-
2038 3176 2089 3244 θ
2117 3211 2241 3251 nem
2267 3198 2371 3263 ειιίν
2399 3197 2609 3267 copiam
2634 3199 2913 3270 sanguinis
2951 3200 3006 3255 in
3030 3201 3331 3257 exteriores
3356 3209 3544 3272 partes
3572 3215 3689 3255 cor-

439 3304 566 3358 dum
607 3312 821 3372 tempus
865 3303 1017 3357 Patri
1045 3317 1166 3357 esse
1210 3302 1597 3371 posteriorem;
1639 3301 1767 3356 dum
1797 3300 2015 3356 omnino

438 3402 653 3451 constat
671 3395 964 3449 secundum
988 3393 1322 3449 dialecticam
1337 3392 1496 3449 simul
1518 3392 2013 3462 consempiternum

438 3503 558 3545 esse
582 3487 780 3542 Filium
824 3504 946 3543 cum
990 3487 1154 3543 Patre
1190 3487 1369 3557 μηδι,
1405 3487 1602 3543 Filium
1625 3486 1818 3560 Patri].
1859 3487 1927 3542 Et
1968 3487 2015 3543 si

439 3582 581 3638 Deus
607 3580 769 3635 Pater
798 3580 965 3653 (quod
1002 3597 1103 3637 nec
1138 3580 1349 3636 illorum
1387 3581 1637 3652 impietas
1664 3581 1896 3637 audebat
1920 3596 2016 3636 ne-

440 3672 588 3743 gare)
606 3681 842 3727 aeternus
863 3680 967 3737 est,
984 3674 1169 3743 utique
1196 3680 1251 3728 et
1270 3672 1437 3728 Filius
1463 3682 1696 3730 aeternus
1715 3681 1799 3730 est
1822 3689 2015 3731 secun-

440 3761 567 3816 dum
595 3762 892 3818 dialecticae
920 3762 1146 3819 rationis
1174 3763 1573 3820 necessitatem.

1054 3876 1279 3934 CAPUT
1311 3879 1397 3934 Vl.

996 3963 1063 4002 DE
1119 3965 1442 4012 QUALITATE.
1878 3998 1881 4003 .

510 4034 572 4095 C.
598 4036 754 4093 Nunc
783 4038 1060 4109 qualitatis
1097 4040 1366 4095 rationem
1394 4056 1634 4110 expone;
1679 4048 1735 4097 et
1776 4043 2016 4113 primum

442 4129 545 4194 dic,
578 4131 708 4201 quid
738 4132 809 4186 sit
832 4132 975 4186 inter
1006 4132 1321 4200 qualiiatem
1344 4143 1399 4188 et
1434 4134 1627 4203 quale?
1647 4165 1717 4174 —
1738 4133 1804 4188 A.
1835 4134 2018 4201 Quali-

440 4230 607 4277 tatem
650 4237 883 4293 namque
925 4224 1176 4290 dicimus,
1206 4224 1573 4291 dulcedinem,
1618 4228 2014 4293 austeritatem,

441 4315 727 4381 albediem,
752 4317 1109 4386 nigredinem.
1139 4317 1305 4385 Quale
1330 4335 1458 4397 vero
1505 4319 1845 4391 intelligitur,
1876 4335 2015 4390 quo-

442 4405 545 4460 ties
570 4403 748 4459 album
770 4407 973 4477 aliquid
995 4409 1244 4474 dicimus,
1264 4409 1419 4463 dulce
1439 4408 1525 4465 vel
1546 4420 1848 4465 austerum.
1865 4408 2012 4465 —C.

441 4498 668 4553 Videtur
693 4499 836 4553 enim
882 4501 1199 4568 qualitatem
1237 4516 1489 4571 magnam
1530 4502 1731 4557 habere
1774 4517 2019 4557 commu-

444 4589 659 4643 nionem
686 4605 804 4643 cum
818 4590 1030 4644 caeteris
1047 4591 1353 4660 categoriis.
1368 4622 1438 4631 —
1450 4593 1518 4646 Α.
1532 4592 1766 4648 Incurrit
1779 4608 2014 4664 namque

444 4679 496 4733 in
537 4688 760 4734 caeteras
788 4695 998 4748 omnes,
1026 4690 1081 4737 et
1110 4682 1229 4737 ideo
1262 4681 1528 4739 dillicilior
1550 4694 1663 4753 est;
1694 4695 1753 4740 ut
1794 4695 1925 4754 puta
1956 4687 2013 4741 in

444 4773 559 4827 usia
607 4772 897 4840 invenitur,
935 4789 1056 4829 cum
1095 4775 1345 4843 dicimus,
1389 4779 1551 4834 homo
1602 4779 2012 4850 grammaticus.

444 4862 511 4919 In
537 4874 730 4936 quanto
761 4880 779 4918 :
807 4865 943 4922 Alba
982 4876 1038 4923 et
1072 4869 1225 4939 nigra
1273 4869 1506 4940 epifania
1536 4870 1644 4943 [AL
1668 4913 1682 4940 ,
1710 4872 2012 4945 mensura].

442 4955 510 5011 In
536 4956 605 5011 ad
633 4955 833 5028 aliquid
862 4958 1144 5016 :Prudens
1172 4970 1356 5033 pater;
1382 4964 1616 5036 Optimus
1644 4963 1803 5021 filius.
1837 4965 1904 5018 In
1934 4966 2018 5036 fa-

442 5068 596 5109 cere:
635 5054 779 5111 Dure
836 5055 1020 5111 saltat.
1051 5055 1118 5110 In
1145 5057 1255 5126 pati
1297 5071 1315 5111 :
1364 5056 1495 5110 Fert
1523 5055 1738 5112 fortiter
1764 5058 2011 5113 vulnera.

442 5141 510 5199 In
535 5143 647 5200 loco
672 5160 690 5198 :
711 5146 990 5202 Obscurus
1018 5147 1187 5203 locus.
1211 5146 1279 5202 In
1305 5157 1532 5219 tempore
1559 5161 1577 5200 :
1612 5147 1832 5205 Calidus
1865 5165 2016 5207 men-

441 5236 516 5291 sis
529 5244 622 5291 aut
648 5236 892 5308 frigidus.
924 5236 990 5291 In
1009 5238 1191 5307 jacere
1205 5237 1456 5293 :‘Pronus
1485 5246 1579 5293 aut
1594 5240 1819 5310 supinus
1844 5241 2012 5311 jacet.

428 5323 508 5379 ἰη
532 5325 721 5380 habere
747 5343 765 5382 :
789 5327 1055 5383 Decenter
1082 5334 1341 5381 armatus.

510 5412 570 5471 ϐ.
594 5414 736 5485 Quot
762 5418 926 5475 habet
950 5420 1065 5474 haec
1108 5419 1378 5490 categoria
1420 5423 1660 5492 species?
1677 5453 1749 5464 -—
1769 5424 1833 5477 A.
1866 5424 2012 5490 Qua-

443 5512 584 5571 tuor,
609 5522 745 5576 quas
771 5506 1091 5567 Aristotcles
1121 5526 1319 5581 genera
1344 5522 1518 5567 vocat.
1551 5512 1793 5569 Primum
1839 5529 2011 5585 genus

440 5603 526 5648 est
552 5595 768 5652 habitus
797 5610 853 5653 et
875 5598 1106 5667 all‘ectio,
1146 5603 1440 5657 secundum
1470 5605 1710 5671 potentia
1728 5606 2012 5673 naturalis,

444 5688 663 5742 tertium
709 5693 941 5759 passiva:
989 5693 1281 5765 qualitates
1326 5694 1442 5750 sive
1489 5696 1792 5765 passiones,
1850 5712 2016 5767 quar-

449 5788 562 5836 tum
610 5779 802 5842 forma:
852 5801 917 5845 ac
969 5786 1353 5862 ﬁguram—6.
1386 5788 1613 5847 Habitus
1658 5789 1745 5847 vel
1799 5787 2015 5852 affectio

2115 3287 2263 3357 poris
2288 3286 2464 3343 fundit
2485 3305 2499 3355 ;
2531 3304 2705 3359 eoque
2725 3289 2803 3355 ﬁt,
2830 3297 2888 3344 ut
2905 3291 3113 3361 pudore
3133 3292 3305 3347 nimio
3319 3293 3685 3348 rubescamus.

2113 3376 2292 3432 Pallor
2310 3393 2525 3449 quoque
2551 3380 2713 3435 simili
2751 3382 2945 3437 animae
2978 3384 3230 3453 passione
3266 3384 3533 3447 consistit,
3562 3398 3685 3438 cum

2113 3468 2360 3539 perculsa
2408 3468 2540 3541 [Al.,
2577 3470 2832 3545 perculsi]
2864 3480 3012 3529 metu
3058 3475 3225 3530 nimio
3252 3474 3320 3530 ad
3350 3475 3522 3530 cordis
3545 3472 3688 3528 ulte-

2115 3560 2260 3615 riora
2291 3560 2552 3632 confugit,
2588 3578 2711 3619 eam
2760 3565 2985 3635 sanguis
3026 3566 3349 3636 insequitur,
3399 3563 3605 3638 [adeo],
3632 3572 3692 3620 ut

2114 3649 2386 3706 desertum
2434 3654 2716 3724 sanguine,
2766 3656 2911 3725 quod
2946 3663 3031 3712 est
3074 3656 3131 3712 in
3164 3664 3475 3727 conspectu,
3501 3670 3694 3726 corpus

2119 3742 2378 3797 albescat.
2414 3742 2507 3800 Hze
2557 3745 2722 3817 igitur
2766 3747 3075 3817 qualitates,
3127 3747 3175 3803 si
3204 3747 3296 3803 diu
3344 3754 3695 3819 perseverant

2118 3832 2196 3906 [in
2231 3835 2503 3908 corpore],
2553 3838 2780 3907 passivae
2827 3839 3116 3909 qualitates
3156 3839 3400 3896 dicenda:
3444 3851 3609 3906 sunt;
3651 3840 3696 3897 si

2118 3942 2246 3982 vero
2268 3929 2337 3983 ad
2364 3929 2529 3985 breve
2557 3937 2768 4000 tempus
2798 3932 3105 3987 exstiterint
3140 3933 3236 3999 ita,
3281 3942 3343 3988 ut
3378 3932 3489 3990 cito
3526 3933 3696 3989 disce-

2117 4019 2266 4087 dant,
2294 4020 2573 4090 passiones
2595 4037 2691 4077 eas
2718 4023 2899 4093 potius
2918 4020 3263 4080 nominamus
3344 4096 3349 4103 η

2188 4132 2248 4188 C.
2298 4133 2450 4189 Nunc
2509 4146 2759 4205 quartam
2818 4136 3057 4194 edissere
3120 4138 3392 4209 speciem;
3437 4146 3494 4195 et
3525 4139 3697 4209 primo

2117 4223 2244 4292 quid
2273 4224 2344 4278 sit
2371 4225 2513 4280 inter
2538 4224 2742 4280 formas
2772 4236 2827 4282 et
2854 4226 3055 4298 ﬁguras
3081 4228 3312 4300 explana
3333 4227 3467 4301 [Αι.,
3490 4228 3694 4301 dicito].

2116 4347 2186 4357 —
2200 4317 2264 4371 Α.
2295 4317 2505 4389 Figura:
2526 4318 2904 4376 inanimalibus
2925 4320 3056 4393 [Al.,
3074 4321 3415 4387 animalibus,
3434 4318 3695 4394 mendose]

2117 4409 2445 4476 tribuuntur,
2474 4419 2535 4466 ut
2557 4419 2709 4482 puta,
2737 4414 2980 4485 trigonus
3002 4414 3087 4470 vel
3119 4422 3454 4486 tetragonus.
3488 4413 3698 4470 Forma

2046 4509 2297 4591 Dantem
2328 4502 2669 4570 animalibus,
2722 4505 2776 4558 in
2821 4505 3016 4575 quibus
3058 4505 3325 4562 formosos
3380 4505 3590 4578 aliquos
3613 4504 3700 4562 vel

2121 4589 2389 4647 deformes
2414 4592 2548 4665 [Al.,
2574 4595 2807 4650 formosa
2837 4597 3017 4667 aliqua
3062 4597 3147 4653 vel
3174 4596 3462 4670 deformia]
3506 4596 3702 4653 asseri-

2122 4695 2260 4735 mus.
2292 4681 2350 4736 In
2376 4683 2563 4739 eodem
2590 4701 2804 4756 quoque
2828 4687 3105 4757 qualitatis
3149 4703 3344 4759 genere
3379 4690 3620 4744 curvitas
3645 4696 3700 4745 et
3778 4705 3791 4715 ‘

2121 4772 2406 4839 rectitudo,
2449 4776 2715 4844 asperitas
2749 4784 2805 4833 et
2832 4776 3091 4846 lenitudo,
3141 4781 3341 4836 raritas
3360 4788 3418 4835 et
3456 4779 3697 4835 densitas

2122 4862 2484 4919 inveniuntur.

2192 4953 2251 5009 C.
2287 4954 2345 5010 Si
2368 4958 2604 5026 qualitas
2624 4961 3062 5017 contrarietatem
3084 4962 3320 5033 recipit?
3360 4965 3434 5003 -'-
3450 4961 3517 5018 Α.
3542 4961 3700 5031 Quae-

2122 5046 2246 5101 dam
2280 5048 2471 5118 recipit
2512 5059 2569 5106 et
2589 5052 2832 5121 quaedam
2860 5067 2968 5109 non
3011 5053 3221 5124 recipit.
3260 5053 3390 5122 Quis
3426 5053 3571 5109 enim
3599 5053 3699 5109 du-

2121 5135 2255 5190 bitat
2277 5137 2435 5192 saluti
2461 5138 2654 5210 [Edil.,
2677 5141 2847 5215 salvo]
2865 5144 3196 5199 contrarium
3217 5159 3337 5200 esse
3360 5144 3697 5216 languorem,

2115 5228 2337 5298 justitiae
2374 5231 2666 5302 justitiam,
2719 5238 2863 5293 malo
2885 5238 3134 5293 bonum?
3169 5239 3212 5294 E
3247 5247 3436 5295 contra
3461 5255 3592 5295 vero
3615 5239 3698 5293 fu-

2121 5337 2215 5377 sco
2238 5324 2321 5378 vel
2347 5325 2584 5395 pallido;
2618 5329 2886 5400 triangulo
2924 5330 3008 5386 vel
3050 5332 3372 5402 tetrangulo,
3396 5332 3481 5387 vel
3529 5340 3698 5387 tetra-

2119 5429 2260 5482 gono
2287 5417 2617 5473 contrarium
2646 5420 2779 5473 nihil
2809 5427 2911 5475 est.
2942 5450 3011 5461 —
3038 5417 3099 5493 C,
3132 5419 3189 5476 Si
3230 5421 3403 5492 magis
3429 5437 3495 5478 ac
3519 5421 3701 5477 minus

2118 5509 2354 5579 recipit?
2380 5541 2451 5550 —
2486 5511 2551 5565 Α.
2589 5512 2798 5583 Recipit
2819 5515 3058 5581 omnino,
3083 5515 3178 5569 sed
3205 5530 3312 5569 non
3341 5514 3537 5570 omnis.
3560 5512 3699 5569 Nan

2118 5602 2290 5673 magis
2321 5602 2498 5658 album
2528 5603 2614 5659 vel
2663 5606 2833 5676 magis
2875 5606 3086 5676 nigrum
3140 5606 3319 5661 dicere
3364 5618 3694 5674 possumus:

2118 5699 2213 5754 sed
2240 5698 2411 5770 magis
2442 5699 2731 5768 trigonum,
2784 5700 2867 5755 vel
2916 5701 3085 5771 magis
3141 5708 3481 5771 tetragonum
3504 5696 3693 5774 [κει.

2117 5792 2203 5847 vel
2235 5792 2412 5848 minus
2439 5791 2731 5865 trigonum]
2756 5792 2861 5849 dici
2886 5807 2997 5851 non
3026 5800 3224 5851 rotest.

3668 5884 3737 5921 ,Ἢν
