4062 6346
449 276 548 334 961

443 482 621 555 prium
661 480 862 550 aliquid
896 495 991 549 per
1032 495 1088 533 se
1115 478 1336 549 singulae
1364 478 1616 542 habeant,
1658 476 1816 530 velim
1862 488 2024 543 expo-

443 588 667 628 nas..—
695 571 759 624 Α.
791 571 1020 626 Habent.
1064 571 1199 625 Nam
1251 572 1382 624 usiw
1433 570 1710 640 proprium
1733 574 1836 629 est.
1869 574 1930 620 ut
1955 566 2025 626 sit

441 664 734 735 singularis
759 672 922 734 atque
949 680 1051 718 una
1075 679 1320 729 numero,
1349 671 1403 716 et
1432 662 1704 718 contraria
1743 661 1796 715 in
1822 675 1880 715 se
1904 674 2022 713 sus-

440 755 625 824 cipiat,
690 763 752 810 ut
799 763 953 825 puta,
994 757 1157 810 homo
1214 755 1505 827 singularis
1555 755 1672 808 usia
1723 761 1808 808 est
1857 761 2022 822 atque

438 848 598 902 unius
626 845 838 901 numeri
886 845 1317 915 etsusceptibilis
1366 843 1782 903 eontrarietatis.
1835 843 2021 912 Itaque

438 937 598 992 modo
628 937 919 992 sanitatem
946 938 1106 992 modo
1126 937 1496 1009 aegritudinem
1522 936 1794 1005 suscipere
1823 942 2016 1004 potest.

439 1025 736 1090 Quantitati
764 1041 894 1080 vero
931 1027 1206 1095 proprium
1257 1035 1362 1090 est,
1413 1035 1474 1081 ut
1499 1024 1615 1093 ejus
1660 1025 1839 1080 omnia
1870 1025 2020 1094 paria

434 1117 520 1171 vel
547 1117 774 1187 imparia
807 1117 1094 1182 dicantur;
1123 1124 1202 1182 ut,
1237 1117 1338 1171 iste
1365 1117 1529 1171 homo
1579 1116 1652 1169 illi
1680 1116 1883 1170 homini
1920 1131 2020 1185 par

435 1209 518 1262 vel
546 1209 721 1278 impar
758 1218 843 1263 est
871 1208 1263 1277 magnitudine.
1295 1208 1376 1261 Ad
1400 1207 1599 1279 aliquid
1629 1223 1759 1262 vero
1778 1209 2020 1277 proprie-

435 1306 602 1352 tatem
635 1300 817 1365 habet,
847 1309 908 1355 ut
933 1301 987 1354 in
1015 1315 1072 1354 se
1098 1308 1502 1365 convertantur,
1536 1299 1692 1354 sicuti
1723 1308 1807 1354 est
1830 1314 2018 1354 servus

434 1388 631 1443 domini
666 1397 721 1443 et
740 1374 991 1445 dominus
1043 1391 1206 1444 servi.
1243 1391 1527 1456 Qualitatis
1567 1404 1697 1443 vero
1743 1389 2016 1459 singulare

431 1490 534 1546 est,
570 1490 628 1536 ut
651 1493 845 1538 cuncta
873 1485 989 1554 ejus
1010 1484 1305 1540 secundum
1348 1483 1666 1552 qualitatem
1703 1482 1901 1536 similia
1925 1489 2018 1536 aut

431 1571 711 1628 dissimilia
763 1574 1129 1638 nominentur,
1178 1581 1239 1626 ut
1289 1573 1446 1627 dulce
1500 1572 1646 1626 omni
1693 1572 1856 1638 dulci,
1893 1571 2016 1628 albo

430 1661 632 1728 album,
670 1665 845 1720 calido
873 1665 1106 1720 calidum
1128 1673 1222 1719 aut
1247 1663 1424 1719 simile
1463 1671 1557 1717 aut
1591 1663 1851 1719 dissimile
1877 1680 2015 1719 nun-

428 1762 678 1824 cupatur.

1037 1848 1264 1905 CAPUT
1293 1847 1405 1902 VII.

925 1979 990 2018 DE
1030 1976 1233 2018 FACERE
1269 1979 1339 2017 ΕΤ
1367 1977 1511 2016 ΡΔΤΙ.

502 2071 562 2126 C.
593 2070 849 2144 Superest
870 2083 930 2129 ut
951 2076 1016 2131 de
1045 2075 1223 2131 facere
1247 2085 1303 2131 et
1321 2077 1454 2148 pati,
1485 2077 1540 2132 in
1563 2075 1759 2146 quibus
1779 2075 2013 2130 maxime

428 2162 719 2219 verborum
767 2167 907 2221 ratio
932 2176 1164 2232 constat,
1193 2167 1320 2237 quia
1370 2169 1575 2237 pariter
1626 2183 1746 2222 esse
1788 2181 2013 2222 necesse

423 2261 528 2317 est,
554 2255 760 2323 pariter
788 2258 1132 2327 respondeas.
1166 2287 1236 2298 ——
1260 2259 1324 2311 A.
1357 2258 1483 2312 Hmc
1509 2259 1614 2313 duo
1639 2274 1705 2312 ex
1730 2257 2010 2327 qualitatis

423 2342 572 2402 fonte
599 2348 850 2402 videntur
904 2350 1254 2404 descendere.
1295 2349 1353 2404 Id
1397 2365 1649 2419 namque,
1705 2349 1848 2418 quod
1876 2348 2009 2403 cali-

423 2435 551 2491 dum
599 2436 752 2503 lacit,
805 2439 1038 2494 calidum
1076 2441 1147 2494 sit
1172 2455 1395 2495 necesse
1445 2450 1547 2496 est.
1603 2439 1849 2495 Calidum
1879 2453 2010 2494 vero

420 2524 578 2597 quale
607 2525 801 2599 [Edit.,
830 2529 994 2601 quod]
1014 2545 1135 2586 esse
1161 2531 1557 2600 cognoscimus.
1583 2529 1845 2586 Similiter
1866 2529 2009 2600 quod

421 2616 656 2671 calidum
678 2617 756 2683 Iit,
789 2635 820 2674 a
867 2620 1119 2689 passione
1163 2620 1441 2689 qualitatis
1488 2621 1685 2690 accipit
1723 2622 1960 2676 calorem
1991 2637 2004 2673 :

419 2716 476 2761 et
502 2707 593 2776 qui
621 2709 800 2775 docet,
862 2727 985 2765 cum
1034 2711 1191 2767 docet
1239 2711 1430 2766 doctor
1463 2720 1566 2776 est,
1594 2720 1649 2765 et
1687 2711 2007 2781 discipulum

419 2795 591 2851 facit:
628 2800 1040 2872 uterque~‘[Ed.,
1077 2801 1390 2874 utrumque]
1447 2812 1627 2858 autem
1675 2804 1790 2858 sive
1819 2803 2010 2860 doctor

329 2881 334 2885 ’
419 2885 532 2942 sive
555 2887 847 2958 discipulus
873 2891 1047 2961 qualis
1077 2900 1162 2946 est
1188 2911 1200 2946 :
1233 2901 1288 2947 et
1307 2901 1506 2948 caetera
1528 2893 1612 2948 his
1641 2894 1862 2948 similia.

491 2978 551 3033 C.
585 2979 722 3036 Num
748 2983 801 3037 in
836 2983 922 3038 his
967 2985 1256 3054 categoriis
1291 2987 1563 3041 contraria
1608 2987 2008 3043 inveniuntur?

415 3101 488 3110 —
516 3071 581 3124 Α.
624 3071 813 3129 Solent
853 3075 996 3129 enim
1043 3091 1244 3146 genere
1286 3092 1406 3131 esse
1457 3077 1674 3144 similia,
1731 3079 2003 3133 contrarii

417 3162 696 3231 qualitate.
744 3165 958 3220 Etenim
988 3166 1243 3232 calidum,
1276 3169 1419 3237 quod
1448 3168 1643 3240 frigido
1670 3180 1890 3240 praestat
1915 3188 2004 3227 ca-

413 3252 583 3309 lorem
611 3257 694 3310 sui
725 3255 858 3328 [Αι.,
907 3261 1051 3329 quod
1090 3260 1284 3331 frigido
1322 3263 1503 3317 obstat
1543 3264 1742 3319 caloris
1769 3263 1867 3336 vi],
1903 3266 2003 3320 sub

413 3344 602 3400 eodem
632 3362 827 3416 genere
851 3359 952 3404 est.
1009 3349 1271 3406 Similiter
1309 3355 1450 3424 quod
1508 3355 1666 3411 dulce
1713 3364 1814 3421 est,
1847 3357 2005 3413 dulce

414 3451 524 3491 non
563 3437 714 3502 facit,
750 3440 856 3494 nisi
899 3441 952 3495 id
982 3444 1125 3512 quod
1151 3445 1307 3500 dulce
1333 3461 1441 3501 non
1483 3447 1666 3503 fuerit.
1700 3449 1833 3503 Nam
1876 3450 1918 3505 si
1951 3451 2004 3533 id

413 3532 559 3601 quod
581 3534 806 3602 patitur,
834 3535 990 3591 dulce
1018 3536 1181 3593 fuerit
1208 3554 1304 3610 per
1326 3549 1576 3596 naturam
1603 3545 1706 3610 sui,
1730 3545 1890 3616 342
1927 3532 2003 3600 al-

413 3621 581 3676 terius
611 3623 968 3692 dulcedinem,
1008 3644 1170 3697 quam
1219 3629 1399 3702 [Mss.,
1451 3633 1580 3705 quo]
1611 3636 1858 3705 recipiat,
1892 3653 2001 3693 non

413 3713 594 3770 habet.
638 3715 869 3773 Necesse
903 3728 986 3774 est
1009 3737 1136 3791 ergo
1178 3723 1334 3778 dulce
1364 3740 1473 3778 non
1500 3741 1622 3781 esse
1650 3727 1704 3781 id
1727 3730 1871 3797 quod
1897 3745 1997 3800 pa-

414 3805 565 3870 titur,
597 3815 657 3860 ut
681 3807 1020 3865 dulcedinem
1053 3813 1284 3883 recipiat
1337 3815 1612 3883 alienam;
1648 3827 1704 3874 et
1729 3823 2000 3878 contraria

412 3909 537 3953 sunt
559 3899 613 3954 in
643 3901 902 3970 qualitate
928 3903 1084 3960 dulce
1109 3914 1165 3960 et
1185 3922 1449 3962 amarum.

487 3990 544 4043 C.
587 3991 725 4058 Quid
762 4003 866 4060 est,
918 3999 1063 4067 quod
1110 3998 1295 4054 dixisti
1345 4017 1543 4071 genere
1592 4019 1713 4060 esse
1763 4007 2000 4063 similia?

412 4111 482 4120 —
512 4081 576 4135 A.
604 4083 748 4152 Ignis
778 4101 884 4141 non
912 4097 1092 4156 potest
1117 4106 1147 4143 a
1171 4092 1327 4148 melle
1355 4095 1599 4165 accipere
1622 4085 1993 4167 dulcedinem;

411 4187 551 4240 aqua
572 4188 700 4230 vero
737 4186 950 4246 potest;
991 4181 1118 4249 quia
1146 4184 1436 4252 quamdam
1478 4187 1885 4245 similitudinem
1903 4192 1999 4246 ha-

409 4260 538 4315 bent
567 4263 620 4317 in
642 4280 856 4334 genere.
881 4299 952 4308 —
972 4268 1032 4323 C.
1061 4269 1144 4324 An
1168 4274 1338 4342 magis
1361 4290 1430 4328 an
1452 4276 1632 4331 minus
1660 4279 1996 4336 admittunt?

408 4379 480 4392 --
506 4351 569 4404 Α.
611 4354 805 4409 Etiam.
842 4357 1138 4415 Possumus
1158 4363 1302 4416 enim
1339 4364 1539 4430 dicere,
1588 4369 1760 4439 magis
1783 4371 1867 4424 vel
1891 4373 1995 4426 mi-

407 4458 511 4498 nus
537 4445 691 4501 docet
725 4449 1019 4520 magister;
1047 4461 1103 4507 et
1135 4454 1308 4526 magis
1332 4457 1417 4512 vel
1466 4459 1646 4516 minus
1690 4461 1883 4520 doctus
1909 4474 1994 4522 est

408 4532 719 4606 discipulus.

1002 4652 1229 4709 CAPUT
1264 4652 1391 4711 VIII.

1042 4780 1108 4820 DE
1135 4782 1350 4823 JACBRE.

477 4873 537 4927 C.
570 4874 708 4941 Quid
729 4876 795 4932 de
814 4876 994 4947 jacere
1014 4880 1592 4956 habemusintelligere
1614 4887 1730 4940 ?-—
1754 4889 1818 4943 Α.
1847 4890 1987 4958 Quid

403 4964 572 5030 aliud,
603 4967 706 5021 nisi
742 4969 904 5023 situm
941 4979 995 5025 et
1032 4973 1356 5042 positionem
1410 4977 1672 5047 corporis,
1710 4981 1753 5035 si
1787 4979 1986 5049 jaceat,

402 5065 528 5120 stet,
556 5058 637 5112 vel
685 5061 869 5115 sedeat
895 5063 1193 5131 quislibet?
1240 5065 1471 5124 Necesse
1499 5078 1583 5125 est
1627 5074 1792 5139 enim,
1827 5090 1988 5129 omne

401 5161 616 5217 corpus,
642 5153 786 5220 quod
815 5169 910 5208 sex
934 5154 1128 5227 [Edit.,
1153 5157 1230 5230 in]
1254 5161 1511 5229 partibus,
1538 5172 1597 5217 ut
1618 5167 1987 5234 praediximus,

401 5243 713 5313 includitur,
753 5250 808 5303 in
834 5251 1076 5320 quolibet
1123 5269 1242 5308 esse
1268 5255 1386 5310 loco
1411 5265 1465 5311 et
1491 5259 1730 5327 quolibet
1758 5264 1918 5317 modo
1934 5265 1989 5318 in

399 5334 519 5392 loco
539 5351 680 5404 esse,
711 5348 876 5394 utaut
897 5357 993 5412 per
1007 5342 1392 5415 longitudinem
1408 5350 1751 5416 extendatur,
1783 5363 1876 5408 aut
1896 5370 1992 5424 per

399 5425 741 5484 latitudinem
779 5430 1129 5500 diffundatur,
1163 5442 1224 5490 ut
1247 5451 1343 5506 per
1363 5437 1699 5494 altitudinem
1727 5443 1988 5512 erigatur.

401 5518 469 5572 Et
501 5521 612 5577 haec
661 5527 843 5582 omnia
892 5528 957 5582 ad
1005 5529 1169 5584 situm
1218 5533 1491 5601 pertinent
1544 5540 1806 5606 corporis,
1856 5542 1992 5597 situs

401 5627 533 5667 vero
569 5614 681 5686 ipse
707 5617 894 5674 localis
925 5619 1130 5696 [Forte,
1173 5623 1355 5680 situm.
1384 5666 1396 5682 .
1427 5667 1440 5679 .
1477 5627 1722 5704 localem]
1755 5649 1872 5689 esse
1900 5650 1992 5692 ne-

401 5717 552 5762 eesse
578 5715 680 5765 est.

1467 265 1916 327 DIDASCALICA
1949 294 2021 305 —
2049 264 2139 320 DE
2175 262 2599 321 DIALECTICA.

518 389 578 446 C.
614 386 672 444 Si
698 387 862 444 etiam
883 379 965 443 ha:
988 397 1220 459 quatuor
1268 388 1538 458 praadictre
1579 385 1864 457 categorire
1891 395 2020 453 pro-
2045 379 2100 438 Δ

2030 3121 2080 3186 C
2108 3151 2208 3191 vus
2236 3137 2470 3194 habendi
2525 3141 2724 3211 gradus
2777 3142 2911 3217 [Al.,
2934 3153 3144 3200 octava.
3172 3187 3186 3200 .
3218 3188 3232 3201 .

3596 263 3706 323 963

2709 375 2937 433 CAPUT
2973 375 3063 432 IX.

2653 485 2718 526 ne
2749 488 2832 526 unt
2863 489 2931 526 er
2956 485 3181 535 onmno.

2196 563 2256 619 C.
2289 563 2428 632 Quid
2445 566 2614 620 habes
2633 565 2699 620 de
2715 564 2802 617 ubi
2827 574 2882 618 et
2897 565 3107 634 quando
3132 564 3354 620 dicere?
3384 595 3455 606 —
3477 567 3541 620 Α.
3566 565 3707 634 Quid

2125 658 2292 722 aliud,
2315 659 2420 713 nisi
2449 659 2592 727 quod
2625 659 2714 712 ubi
2741 659 2794 712 in
2821 658 2939 713 loco
2969 665 3024 714 et
3046 657 3256 729 quando
3282 658 3336 713 in
3370 667 3611 730 tempore
3635 660 3709 715 si-

2123 750 2424 822 gnificant?
2452 749 2584 804 Nam
2613 765 2772 804 omne
2802 766 3001 821 corpus
3028 765 3250 805 necesse
3280 759 3363 805 est
3400 751 3578 806 locum
3605 751 3706 806 ali-

2123 858 2308 914 quem,
2337 843 2392 896 in
2417 843 2659 913 quolibet
2706 851 2946 914 tempore
2982 857 3285 913 occupare;
3318 851 3395 906 ut,
3439 843 3622 897 Romae
3650 843 3706 898 in

2122 941 2316 990 senatu
2345 932 2441 998 fui,
2473 941 2600 988 ante
2628 933 2817 988 horam
2866 934 3102 999 tertiam,
3131 945 3255 1004 post
3278 933 3528 989 Martium
3558 949 3706 989 men-

2120 1038 2254 1080 sem.
2294 1023 2422 1078 Hzec
2447 1024 2502 1078 in
2543 1023 2663 1081 loco
2691 1032 2747 1080 et
2793 1032 3035 1095 tempore
3081 1039 3200 1080 esse
3229 1025 3464 1090 debent;
3492 1040 3599 1080 non
3628 1023 3708 1080 lo-

2119 1130 2218 1171 cus
2246 1123 2303 1170 et
2328 1123 2557 1186 tempus.

2731 1205 2959 1263 CAPUT
2988 1205 3057 1261 X.

2738 1314 2803 1351 DE
2833 1311 3059 1352 HABERE.

2189 1386 2250 1442 C.
2278 1387 2484 1453 Restat,
2507 1396 2568 1444 ut
2588 1389 2655 1444 de
2675 1389 2863 1444 habere
2881 1390 3110 1460 incipias
3131 1387 3331 1455 dicere,
3359 1397 3414 1444 et
3437 1397 3568 1459 quot
3587 1403 3707 1444 mo-

2117 1477 2200 1533 dis
2253 1479 2451 1535 habere
2498 1480 2742 1537 dicamur
2794 1481 3036 1551 aliquid?
3066 1509 3137 1522 --
3193 1481 3257 1534 Α.
3290 1480 3422 1536 Octo
3473 1481 3704 1537 habendi

2117 1581 2244 1628 sunt
2273 1574 2499 1644 species.
2550 1574 2730 1628 Prima
2758 1583 2863 1641 est,
2919 1576 3130 1644 quoties
3161 1575 3342 1630 animo
3372 1574 3574 1645 aliquid
3609 1576 3703 1630 ha-

2116 1665 2344 1731 bemus,
2384 1666 2752 1733 utjustitiam,
2799 1668 3131 1738 disciplinas,
3179 1669 3409 1724 virtutes
3431 1669 3518 1723 vel
3546 1669 3697 1723 vitia.

2045 1765 2093 1826 B
2122 1754 2388 1822 Secunda,
2417 1759 2627 1826 quoties
2657 1758 2712 1812 in
2736 1773 2961 1828 corpore
2988 1759 3190 1815 habere
3220 1760 3422 1830 aliquid
3449 1759 3702 1826 dicimur,

2114 1857 2174 1902 ut
2202 1838 2522 1915 albedineni,
2587 1852 2948 1920 nigredinem,
3000 1852 3324 1908 varietatem
3369 1853 3456 1908 vel
3507 1862 3702 1909 caetera

2114 1956 2233 2010 qua:
2267 1956 2365 2010 per
2391 1943 2704 2013 qualitatem
2727 1944 2943 2014 corpori
2974 1945 3161 2000 insunt
3187 1944 3381 2017 [Edit.,
3413 1947 3699 2019 insidunt].

2115 2033 2294 2089 Tertia
2322 2037 2388 2091 de
2433 2039 2736 2107 quantitate
2763 2040 3065 2105 descendit,
3097 2040 3309 2110 quoties
3343 2048 3575 2109 quatuor
3612 2041 3700 2096 vel

2113 2126 2354 2196 quinque
2405 2127 2603 2197 pedum
2649 2128 2849 2184 habere
2892 2129 3122 2184 dicimur
3152 2129 3286 2201 [Αι.,
3341 2130 3470 2199 quid
3502 2130 3705 2188 habere

2112 2215 2332 2287 dicitur]
2365 2215 2772 2286 longitudinem.
2809 2218 3034 2285 Quarta,
3065 2235 3187 2275 cum
3218 2235 3324 2274 non
3348 2220 3401 2274 in
3428 2229 3542 2275 toto
3582 2236 3704 2277 cor-

2109 2323 2260 2378 pore,
2295 2309 2389 2364 sed
2413 2311 2466 2364 in
2501 2321 2654 2380 parte
2675 2315 2919 2384 corporis
2941 2315 3146 2386 aliquid
3173 2316 3372 2372 habere
3400 2317 3702 2384 ﬁrmamur,

2109 2411 2171 2456 ut
2201 2403 2368 2474 digito
2429 2407 2707 2474 annulum,
2746 2410 2801 2464 in
2832 2411 2967 2481 pede
3015 2413 3228 2468 calceos
3260 2413 3347 2469 vel
3386 2416 3700 2471 cothurnos.

2111 2490 2307 2559 Quinta
2355 2496 2565 2564 species
2593 2507 2696 2563 est,
2729 2514 2851 2554 cum
2902 2516 3009 2556 non
3041 2506 3095 2557 in
3125 2518 3375 2574 corpore,
3430 2505 3524 2560 sed
3554 2507 3702 2562 circa

2110 2597 2307 2653 corpus
2333 2585 2532 2641 habere
2561 2587 2763 2657 aliquid
2801 2589 3055 2658 dicimur,
3084 2600 3144 2646 ut
3166 2595 3331 2649 vestis
3362 2603 3522 2665 atque
3547 2597 3704 2651 indu-

2110 2686 2294 2731 menta
2316 2679 2518 2734 omnia.
2559 2678 2744 2747 Sexta,
2775 2683 2988 2750 quoties
3035 2684 3180 2754 ipsas
3227 2687 3473 2756 corporis
3518 2697 3704 2757 partes

2111 2766 2310 2822 habere
2332 2785 2637 2836 narramur,
2668 2780 2727 2826 ut
2750 2788 2963 2839 manus,
3010 2776 3195 2845 pedes,
3223 2785 3405 2846 caput,
3447 2787 3540 2831 aut
3568 2779 3702 2834 reli-

2109 2875 2236 2929 qua,
2277 2877 2397 2932 quae
2427 2873 2554 2919 sunt
2603 2865 2659 2919 in
2686 2882 2946 2940 compage
2997 2872 3386 2927 membrorum.
3424 2871 3697 2945 Septimus

2109 2967 2240 3007 vero
2263 2953 2415 3009 locus
2439 2965 2521 3010 est
2551 2955 2684 3028 [ΑΙ.,
2718 2960 2946 3030 septima
2980 2961 3034 3015 in
3058 2961 3234 3017 locum
3259 2963 3540 3037 pertinet],
3564 2980 3699 3036 quo-

2110 3042 2212 3098 ties
2235 3044 2321 3098 far
2339 3046 2424 3100 vel
2450 3047 2633 3102 vinum
2663 3064 2755 3104 vas
2791 3050 3010 3120 aliquod
3041 3052 3242 3108 habere
3297 3055 3510 3110 dicitur.
3542 3054 3700 3111 Octa-

3281 3149 3534 3222 species],
3589 3157 3695 3217 est,

2105 3228 2199 3297 qui
2250 3231 2646 3298 possessionem
2689 3245 2933 3290 nostram
2995 3237 3080 3292 vel
3132 3239 3428 3295 dominium
3486 3242 3698 3298 videtur

2105 3319 2410 3387 ostendere,
2445 3337 2569 3376 cum
2598 3324 2740 3379 aedes
2765 3325 2852 3380 vel
2878 3342 2972 3383 rus
3001 3330 3124 3398 quis
3154 3331 3352 3388 habere
3381 3333 3598 3389 dicitur.

2175 3407 2234 3462 Ο.
2265 3410 2517 3482 Nunquid
2541 3431 2648 3470 non
2693 3417 2822 3472 licet
2848 3419 3005 3475 nobis
3049 3422 3250 3491 dicere,
3292 3427 3571 3482 mulierem
3597 3428 3695 3485 ha-

2103 3503 2233 3559 bere
2259 3507 2513 3562 maritum
2538 3526 2552 3574 ;
2582 3511 2667 3564 vel
2694 3512 2779 3565 vir
2820 3529 3046 3568 uxorem
3078 3517 3262 3582 habet,
3313 3529 3471 3589 pater
3499 3521 3690 3590 filium,

2103 3604 2160 3648 et
2187 3595 2330 3651 [ilius
2355 3599 2697 3668 genitorem?
2729 3629 2800 3644 -ί
2829 3605 2894 3658 Α.
2929 3606 3071 3662 Sane
3090 3609 3164 3663 ita
3189 3611 3296 3666 dici
3322 3610 3452 3682 [Al.,
3479 3615 3684 3690 dicere]

2103 3686 2351 3744 doctores
2383 3702 2659 3760 respuunt,
2692 3702 2853 3766 atque
2885 3697 3178 3770 imprOprie
3219 3702 3451 3772 proferri
3494 3686 3688 3778 [Edit.,

2101 3779 2373 3854 conferre]
2388 3785 2746 3841 conﬁrmant.
2779 3790 3096 3860 Propterea,
3126 3796 3270 3864 quod
3300 3807 3551 3854 asserunt
3577 3816 3685 3855 non

2100 3871 2289 3926 haberi
2340 3890 2516 3942 posse,
2568 3879 2711 3946 quod
2763 3881 2927 3935 habet
2975 3883 3302 3951 habentem;
3346 3889 3442 3942 sed
3487 3891 3689 3947 rectius

2101 3961 2207 4016 dici
2239 3970 2542 4030 autumant,
2565 3981 2685 4022 esse
2711 3969 2923 4025 mulieri
2963 3973 3162 4040 virum,
3211 3975 3294 4030 vel
3323 3993 3546 4034 uxorem
3572 3983 3688 4038 viro

2100 4067 2239 4118 esse,
2266 4065 2474 4124 patrem
2518 4059 2626 4113 [ilio
2653 4075 2792 4127 esse,
2842 4061 3062 4121 famulis
3117 4066 3391 4124 dominum
3422 4087 3583 4139 esse;
3617 4076 3691 4130 si-

2099 4153 2315 4220 quidem
2346 4155 2498 4210 verbi
2528 4155 2686 4225 hujus
2713 4159 2822 4212 vim
2865 4161 2918 4214 in
2942 4161 3044 4217 hoc
3071 4177 3190 4218 esse
3242 4169 3595 4234 contendunt,
3629 4180 3690 4226 ut

2099 4246 2408 4315 signiﬁcare
2460 4265 2566 4303 non
2628 4253 2818 4320 possit,
2876 4263 2930 4308 et
2987 4255 3189 4312 habere
3242 4257 3476 4328 aliquem
3505 4269 3561 4316 et
3595 4263 3689 4316 ha-

2097 4335 2232 4391 beri.

2172 4431 2231 4484 C.
2262 4431 2338 4486 Ex
2385 4433 2471 4489 his
2500 4436 2749 4493 omnibus
2803 4440 2989 4498 decem
3035 4445 3474 4514 praedicamentis
3520 4466 3685 4508 unam

2101 4523 2233 4577 mihi
2280 4524 2545 4599 conjunge
2574 4530 2898 4587 orationem.
2925 4565 2996 4574 —
3024 4535 3087 4588 Α.
3142 4537 3307 4594 Plena
3346 4540 3477 4612 [AI.,
3509 4545 3687 4613 perfe-

2095 4614 2204 4686 cta]
2222 4617 2367 4672 enim
2391 4622 2564 4676 oratio
2594 4624 2659 4676 de
2690 4625 2772 4678 his
2801 4625 2873 4679 ita
2889 4627 3138 4699 conjungi
3177 4639 3354 4700 potest
3381 4652 3394 4688 :
3429 4635 3682 4708 Augusti-

2096 4724 2197 4763 nus
2239 4727 2465 4783 magnus
2502 4726 2706 4782 orator,
2759 4718 2900 4773 {ilius
2949 4721 3113 4787 illius,
3167 4734 3317 4780 stans
3369 4727 3422 4782 in
3461 4729 3683 4799 templo,

2096 4800 2252 4856 hodie
2307 4804 2564 4859 infolatur
2599 4807 2778 4878 [Mss.,
2831 4810 3110 4885 infulatus]
3143 4855 3156 4879 ,
3193 4817 3518 4888 disputando
3561 4821 3683 4875 fati-

2093 4903 2271 4963 gatur.
2305 4895 2636 4968 Augustinus
2660 4902 2774 4953 asia
2801 4911 2885 4957 est
2909 4921 2922 4968 ;
2954 4923 3202 4977 magnus,
3227 4914 3493 4981 quantitas
3517 4930 3532 4979 ;
3559 4929 3684 4970 ora-

2098 4993 2202 5050 tor,
2238 4986 2466 5055 qualitas
2493 5005 2510 5051 ;
2543 4988 2682 5045 ﬁlius
2709 4990 2873 5059 illius,
2919 4997 2987 5049 ad
3017 4999 3221 5070 aliquid
3249 5041 3264 5065 ,
3295 5011 3464 5069 stans,
3506 5005 3680 5070 situs;

2097 5076 2150 5130 in
2185 5079 2400 5146 templo,
2442 5079 2586 5135 locus
2613 5100 2630 5147 ;
2659 5085 2838 5152 hodie,
2875 5098 3075 5162 tempus
3096 5093 3406 5158 ;infolatus.
3434 5097 3677 5168 habitus;

2096 5169 2436 5238 disputando,
2466 5190 2656 5243 agere;
2692 5175 2964 5249 fatigatur,
2993 5185 3121 5253 pati.

2166 5260 2326 5332 343
2355 5261 2414 5316 C.
2434 5263 2502 5318 Et
2525 5275 2606 5320 est
2632 5269 2804 5337 prima
2835 5274 2953 5328 asia
2980 5275 3064 5328 his
3090 5291 3280 5332 novem
3309 5279 3678 5340 accidentibus

2097 5350 2416 5420 suhjacens?
2436 5387 2507 5397 —
2527 5358 2591 5412 Α.
2621 5360 2756 5416 Nam
2780 5379 3002 5419 necesse
3027 5375 3110 5421 est
3139 5369 3564 5439 magnitudinem
3589 5373 3676 5428 vel

2092 5444 2408 5513 qualitatem
2439 5448 2491 5502 in
2530 5452 2773 5521 quolibet
2811 5472 3038 5526 corpore
3068 5459 3330 5526 inveniri,
3379 5471 3433 5516 et
3461 5471 3675 5532 patrem

2091 5547 2147 5592 et
2185 5538 2352 5593 ﬁlium
2384 5541 2527 5597 inter
2552 5545 2686 5600 duas
2726 5550 2868 5601 usias
2904 5551 3140 5617 versari;
3206 5553 3458 5609 similiter
3509 5566 3564 5611 et
3616 5555 3674 5612 in

2091 5633 2211 5688 loco
2237 5642 2290 5689 et
2317 5636 2372 5690 in
2403 5643 2643 5708 tempore
2669 5655 2790 5696 esse
2820 5642 3103 5713 cujuslibet
3138 5649 3381 5717 corporis
3411 5658 3524 5716 est;
3576 5664 3673 5706 ve-

2093 5730 2213 5786 stiri
2244 5747 2374 5792 vero
2403 5740 2458 5792 et
2480 5742 2657 5803 stare;
2703 5743 2759 5792 et
2796 5737 2998 5810 aliquid
3043 5756 3206 5812 agere
3267 5742 3349 5800 vel
3395 5745 3508 5826 pati
3553 5745 3676 5829 qui!
