4062 6346
392 331 501 411 963

1210 350 1273 405 B.
1312 346 1374 403 Γ,
1413 344 1639 400 ALBINI
1677 341 1806 399 SEU
1847 339 2125 396 ALCUINI
2165 337 2448 394 OPERUM
2480 336 2661 393 PARS
2701 336 2814 394 νη.

3544 335 3649 393 968

395 486 504 527 non
532 466 775 541 agnoscit
798 466 852 521 in
881 464 1122 537 quolibet
1145 476 1370 533 corpore
1394 476 1523 517 esse
1547 456 1974 515 consideranda?
2004 461 2049 519 Α
2079 468 2245 509 unum
2289 466 2408 506 esse
2450 450 2599 520 prius
2645 461 2810 519 quam
2857 444 2986 513 duo,
3014 445 3141 516 quia
3183 443 3290 501 duo
3323 458 3391 501 ex
3421 459 3528 501 uno
3554 462 3653 502 na-

388 563 466 631 E-t
484 564 606 627 hac
634 560 938 619 accidentia
958 574 1072 621 mu
1090 557 1198 617 nisi
1224 556 1281 617 iu
1300 555 1547 627 qualibet
1585 549 1823 627 adjecta
1851 550 1979 613 sub-

386 654 602 717 stantia
622 650 998 713 inveniuntur.

1004 738 1229 797 CAPUT
1268 736 1359 797 XL

744 851 812 897 nn
841 848 1163 891 CONTBABIIS
1192 846 1291 887 vni.
1331 843 1621 893 opposiris.

460 929 528 989 6..
559 930 695 989 Dum
710 929 913 999 sapius
936 926 999 981 in
1022 933 1213 989 nostra
1235 924 1600 995 disputatione
1643 922 1709 977 de
1755 926 1976 977 contra-

390 1024 492 1085 niis
518 1020 868 1085 introduxisti
898 1018 1032 1093 [Αι.,
1061 1013 1648 1088 mentionem'fecisti],
1679 1010 1980 1071 contrario-

394 1132 517 1171 rum
544 1113 629 1169 vel
657 1114 1029 1184 Oppositorum
1049 1111 1211 1165 velim
1233 1110 1497 1163 rationem
1529 1121 1785 1181 exponas.
1808 1135 1888 1151 .—-—
1906 1104 1974 1160 Α.

393 1204 799 1260 Contrariorum
825 1216 956 1256 vero
982 1215 1180 1272 genere
1204 1207 1435 1269 quatuor
1462 1207 1605 1261 sunt,
1627 1213 1747 1268 qua:
1768 1196 1977 1250 Aristo-

396 1294 529 1349 teles
591 1293 907 1347 anticimena
975 1290 1391 1365 [ivztxitptva],
1454 1291 1509 1345 id
1546 1298 1667 1355 est,
1733 1288 1974 1358 opposita

393 1391 570 1439 vocat.
602 1382 846 1439 Primum
866 1397 1042 1453 genus
1075 1390 1181 1447 est,
1204 1383 1351 1451 quod
1402 1382 1680 1437 diversum
1727 1388 1974 1445 vocatur,

392 1473 1177 1544 utsapientia,stultitia:'quod
1194 1489 1363 1545 genus
1384 1474 1438 1528 in
1456 1481 1568 1529 tres
1583 1473 1841 1529 dividitur
1861 1487 1979 1543 spe-

393 1566 525 1621 cies.
729 1572 857 1621 sunt
880 1564 1124 1635 quaedam
1148 1580 1211 1620 ex
1241 1566 1321 1621 eis
1349 1564 1538 1638 [Λήδη
1576 1573 1702 1620 sunt
1727 1565 1975 1635 quaedam

392 1654 569 1729 ejus],
593 1671 714 1725 qua:
745 1655 980 1711 medium
1004 1656 1228 1727 habent,
1248 1665 1313 1710 ut
1340 1657 1625 1712 candidum
1660 1664 1719 1712 et
1762 1656 1975 1727 nigrum

394 1749 633 1811 medium
662 1748 861 1807 habent
889 1747 1126 1804 colorem
1150 1747 1410 1818 pallidum
1453 1757 1509 1802 et
1554 1747 1787 1803 fuscum.
1840 1747 1977 1809 Sunt

2077 556 2324 611 scuntur,
2350 560 2455 598 non
2482 558 2646 598 unum
2677 558 2744 595 ex
2773 539 3011 605 duobus;
3051 547 3105 595 et
3132 555 3239 595 uno
3257 547 3518 610 pereunte
3549 541 3655 597 duo

2075 652 2197 691 esse
2223 650 2330 690 non
2354 640 2608 704 possunt;
2649 633 2855 687 duobus
2880 639 3057 685 autem
3083 631 3459 700 pereuntibus,
3487 647 3651 686 unum
3695 613 3707 626 ’

2074 735 2255 782 tamen
2299 731 2601 799 permanet.
2645 724 2861 781 Tertius
2914 722 3104 777 modus
3136 730 3222 778 est
3246 724 3448 776 ordinis
3469 764 3483 788 ,
3509 732 3569 777 ut
3599 724 3654 778 in

2078 815 2373 886 disciplinis
2400 814 2553 886 prius
2582 821 2664 868 est
2693 812 3045 884 Singularium
3073 811 3263 884 {Mss.,
3288 813 3655 888 singularum]

2077 907 2286 962 discere
2306 906 2529 970 formas,
2560 913 2614 960 et
2642 905 2860 959 nomina
2888 903 3226 971 litterarum;
3277 905 3473 961 dehinc
3498 908 3659 980 sylla-

2074 998 2269 1055 barum
2318 997 2725 1073 conjunctiones
2773 1011 3129 1067 cognoscere;
3186 1003 3317 1051 tunc
3365 999 3656 1054 verborum

2077 1108 2291 1149 sumere
2338 1092 2617 1159 notitiam;
2682 1098 2991 1161 postremus
3049 1091 3206 1146 nobis
3260 1098 3344 1145 est
3394 1091 3659 1147 orationis

2080 1184 2286 1259 [Edit.,
2313 1183 2560 1257 rationis]
2615 1199 2747 1239 usus
2799 1183 3184 1248 assumendus,
3230 1191 3452 1253 propter
3499 1196 3659 1254 quem

2078 1286 2269 1334 cuncta
2301 1277 2455 1348 quasi
2496 1275 2885 1348 prrecurrcntia
2927 1276 3167 1330 membra
3196 1276 3347 1346 prius
3378 1276 3657 1331 discimus.

2078 1371 2314 1440 Quartus
2343 1371 2534 1426 modus
2562 1378 2662 1435 est,
2693 1370 2819 1424 dum
2842 1368 3110 1424 feliciores
3139 1377 3194 1423 et
3220 1368 3497 1433 meliores,
3520 1368 3662 1440 prio-

2078 1479 2167 1519 res
2229 1463 2421 1534 wlgns
2486 1461 2684 1517 assolet
2738 1460 2938 1515 dicere.
2996 1460 3254 1529 Quintum
3313 1475 3483 1531 genus
3536 1468 3659 1527 est,

2077 1555 2293 1627 quando
2323 1548 2450 1609 illud
2478 1552 2631 1627 prius
2658 1558 2761 1618 est,
2788 1550 2932 1622 quod
2962 1566 3027 1606 ex
3056 1566 3115 1605 se
3152 1549 3333 1622 [Mss.,
3362 1549 3507 1625 esse]
3534 1548 3663 1607 alte-

2077 1665 2198 1705 rum
2248 1649 2395 1717 facit,
2439 1655 2497 1702 ut
2544 1646 2775 1719 exempli
2825 1646 3021 1719 gratia,
3054 1646 3098 1700 si
3148 1645 3313 1702 homo
3363 1654 3469 1712 est,
3517 1654 3661 1701 recte

2078 1756 2203 1796 eum
2233 1740 2465 1796 dicimus
2495 1738 2693 1794 animal
2717 1738 3001 1803 rationale,
3027 1738 3275 1803 mortale,
3302 1739 3445 1794 risus
3470 1754 3658 1812 capax.

393 1842 640 1911 quadam
674 1857 795 1911 quae
824 1841 950 1897 sine
994 1809 1174 1898 medi;
1203 1849 1351 1908 sum,
1376 1849 1435 1897 ιη
1464 1841 1631 1909 salus.
1661 1842 1925 1913 aegritudo
1954 1859 1972 1899 γε
2004 1809 2052 1872 Β
2081 1832 2188 1886 Sed
2217 1833 2318 1887 hoc
2356 1846 2527 1901 genus
2552 1830 2773 1901 prioris,
2792 1829 2851 1883 in
2884 1844 2952 1885 se
2989 1828 3234 1884 converti
3258 1837 3459 1899 potest.
3488 1809 3559 1869 —'
3596 1830 3654 1884 C.

392 1932 587 2011 borum
632 1932 771 1995 nihil
814 1933 1057 1995 medium
1106 1942 1211 1998 est,
1242 1934 1367 2009 quia
1400 1948 1621 1989 necesse
1638 1941 1729 1991 .cst
1753 1950 1918 1997 unum
1946 1948 1977 1988 e

392 2023 601 2081 duobus
621 2024 799 2081 inesse
823 2026 1059 2096 corpori.
1081 2025 1150 2081 Et
1172 2034 1298 2081 sunt
1320 2027 1585 2096 qumdam,
1602 2042 1721 2097 qua:
1742 2027 1979 2089 medium

392 2114 616 2182 habent,
644 2116 741 2172 sed
772 2118 889 2172 sine
924 2118 1144 2177 nomine
1194 2126 1278 2173 est
1320 2117 1589 2177 medietas
1631 2132 1841 2182 eorum,
1872 2117 1978 2172 nisi

392 2204 542 2273 huic,
576 2208 949 2279 oppositurum
990 2208 1302 2279 negatione,
1332 2207 1595 2263 formetur
1642 2223 1874 2273 nomen;
1921 2214 1981 2263 ut

389 2294 598 2363 justum
622 2304 678 2351 et
705 2298 965 2367 injustum
990 2299 1191 2353 habent
1231 2300 1487 2370 quiddam
1534 2300 1791 2366 medium,
1816 2307 1875 2354 ut
1898 2309 1982 2359 est

393 2394 553 2455 sputa
594 2402 828 2453 screare,
857 2403 1015 2447 aures
1034 2405 1273 2461 purgare
1293 2431 1308 2457 ,
1334 2406 1455 2460 quae
1500 2390 1821 2449 vocabulum
1870 2406 1982 2447 non

394 2475 622 2543 habent,
654 2478 762 2532 nisi
792 2478 1049 2535 dicamus
1064 2496 1165 2535 nec
1182 2480 1389 2551 justum
1414 2496 1515 2537 nec
1538 2479 1815 2552 injustum.

463 2568 773 2647 Secundum
796 2588 974 2645 genus
1028 2577 1435 2633 contrarietatis
1482 2584 1567 2632 est
1607 2576 1976 2643 relativorum,

392 2678 513 2741 quae
538 2662 613 2716 ita
642 2662 743 2718 sibi
774 2674 1135 2737 opponuntur,
1164 2676 1223 2725 ut
1250 2668 1316 2723 ad
1344 2684 1403 2725 se
1444 2666 1811 2733 conferantur,
1838 2668 1983 2729 sicut

394 2753 615 2828 duplum
645 2764 699 2809 et
722 2757 996 2837 simplum,
1024 2760 1199 2831 magis
1248 2768 1305 2815 et
1349 2760 1545 2823 minus.
1578 2759 1647 2815 Et
1673 2758 1777 2815 hoc
1802 2758 1981 2821 solum

392 2861 564 2933 genus
587 2851 955 2925 oppositorum
986 2851 1317 2915 conferatur.

465 2938 710 3005 Tertium
736 2958 915 3014 genus
943 2951 1049 3009 est,
1080 2960 1198 3015 qua:
1219 2960 1325 3021 per
1348 2946 1593 3007 habitum
1620 2953 1676 3001 et
1722 2945 1980 3017 privatio-

394 3044 518 3084 nem
555 3028 721 3101 ﬁunt;
752 3032 812 3087 in
834 3034 920 3088 liis
954 3050 1185 3106 namque
1217 3036 1494 3101 observari
1528 3046 1761 3107 oportet,
1788 3046 1849 3093 ut
1872 3039 1981 3101 sint

2080 1924 2395 1994 Quomodo?
2422 1954 2492 1963 —
2506 1921 2571 1976 A.
2601 1921 2739 1976 Nam
2766 1920 3028 1992 quidquid
3048 1921 3214 1976 homo
3242 1929 3348 1988 est,
3368 1920 3534 1994 3M
3552 1922 3663 1977 ani-

2078 2018 2188 2074 mal
2210 2024 2294 2072 est
2322 2013 2568 2079 mortale,
2602 2010 2885 2075 rationale,
2916 2010 3058 2065 risus
3091 2025 3300 2080 capax;
3344 2011 3662 2081 item,quid-

2080 2112 2210 2182 quid
2230 2109 2432 2166 animal
2456 2116 2541 2165 est
2561 2105 2815 2171 mortale,
2842 2104 3132 2170 rationale,
3161 2104 3306 2159 risus
3326 2118 3506 2174 capax
3523 2146 3536 2169 ,
3570 2104 3663 2160 lio-

2080 2204 2282 2260 minem
2302 2216 2424 2258 esse
2442 2213 2669 2256 ueeesse
2686 2206 2792 2254 est.
2807 2195 2914 2253 Sed
2934 2205 3116 2251 tamen
3142 2195 3417 2251 hominem
3438 2210 3664 2252 necesse

2080 2304 2165 2352 est
2188 2296 2341 2367 prius
2367 2308 2518 2359 esse;
2546 2301 2603 2347 et
2648 2291 2729 2345 sic
2774 2288 2991 2343 tandem
3032 2288 3139 2342 ista
3163 2285 3407 2343 deﬁnitio
3428 2285 3664 2342 releua-

2079 2390 2261 2444 versio
2285 2402 2416 2443 vera
2441 2400 2564 2443 esse
2588 2385 2807 2457 poterit.

2150 2479 2215 2534 C.
2256 2479 2443 2536 Medos
2469 2494 2703 2551 quoque,
2727 2478 2926 2549 quibus
2950 2468 3155 2550 aliquid
3183 2477 3341 2533 simul
3362 2490 3490 2533 esse
3514 2476 3666 2533 diea-

2081 2588 2223 2638 mus,
2249 2573 2543 2629 voluissem
2570 2573 2781 2629 audire.
2812 2602 2880 2615 —-
2909 2573 2983 2628 A.‘
3004 2572 3206 2628 Tribus
3242 2571 3420 2628 modis
3464 2571 3664 2642 aliquid

2085 2666 2247 2724 simul
2301 2682 2421 2723 esse
2469 2667 2719 2732 dicimus,
2756 2674 2851 2721 aut
2889 2674 3152 2737 tempore,
3184 2675 3280 2721 aut
3327 2676 3546 2732 natura,
3576 2672 3665 2722 aut

2083 2773 2300 2831 genere.
2332 2790 2405 2800 —
2441 2757 2502 2812 C.
2535 2758 2613 2813 Da
2634 2758 2879 2829 exempla
2928 2789 2998 2799 -—
3026 2760 3090 2813 Α.
3123 2758 3409 2831 Tempore,
3440 2769 3503 2815 ut
3534 2761 3666 2817 duos

2082 2851 2332 2907 homines
2357 2866 2466 2905 uno
2492 2858 2737 2920 tempore
2766 2849 2927 2905 simul
2954 2865 3075 2906 esse
3096 2851 3348 2915 dicimus,
3374 2851 3531 2906 verbi
3556 2866 3667 2923 gra-

2082 2944 2159 2999 tia
2183 2944 2410 2998 Albinus
2445 2950 2500 2997 et
2524 2941 2811 2997 Homerus.
2834 2941 3044 2996 Natura
3065 2983 3080 3007 ,
3113 2949 3172 2996 ut
3196 2942 3457 3012 simplum
3490 2949 3544 2997 et
3574 2943 3666 2997 du-

2082 3034 2250 3105 plum.
2278 3032 2497 3097 Genera,
2520 3039 2582 3087 ut
2606 3032 3018 3102 animalia,quae
3040 3031 3221 3101 specie
3249 3032 3663 3097 discernuntur;

394 3132 625 3193 utraque
655 3125 710 3185 in
745 3126 935 3190 eodem
969 3130 1205 3201 negotio,
1228 3130 1286 3195 in
1304 3132 1504 3186 eodem
1532 3132 1671 3199 loco,
1703 3133 1758 3188 in
1785 3149 1982 3205 ορροιν-
2004 3154 2051 3226 C
2085 3127 2229 3182 aliud
2253 3126 2506 3196 pedestre
2526 3166 2541 3191 ,
2568 3125 2713 3180 aliud
2738 3125 2971 3189 volatile,
3002 3124 3147 3180 aliud
3188 3125 3447 3195 aquatile,
3476 3126 3669 3196 quibus

394 3221 527 3281 tunc
554 3221 818 3287 tempore.
834 3215 901 3283 In
928 3219 1124 3281 eodem
1152 3221 1367 3295 negotio
1388 3230 1525 3285 sunt
1812 3232 1868 3281 et
1893 3225 1979 3280 vi-
2012 3215 2051 3226 “’
2082 3220 2335 3277 omnibus
2376 3218 2661 3287 mqualiter
2707 3218 2907 3274 animai
2956 3233 3125 3289 genus
3171 3228 3275 3274 est.
3328 3249 3400 3259 —
3437 3218 3501 3274 C.
3528 3219 3668 3288 Quot

396 3324 521 3373 sus;
575 3308 630 3373 iu
678 3309 910 3373 videndo
956 3311 1101 3366 enim
1145 3321 1200 3369 et
1241 3329 1350 3373 non
1394 3315 1625 3379 videndo
1655 3318 1978 3381 consistunt.

394 3398 522 3455 Haec
550 3399 605 3454 in
634 3402 825 3457 eodem
854 3401 973 3459 loco
1003 3413 1163 3475 sunt;
1194 3407 1411 3479 utrique
1442 3424 1706 3481 namque,
1746 3412 1980 3467 caecitati

396 3502 450 3549 et
479 3494 695 3563 visioni,
713 3495 768 3550 in
793 3497 964 3559 oculis
990 3499 1143 3559 locus
1178 3500 1325 3574 [est].
1355 3502 1416 3567 In
1444 3510 1690 3574 tempore
1712 3520 1980 3575 congruo,

394 3594 455 3643 ut
478 3586 687 3645 calvum
708 3603 816 3645 non
845 3590 1165 3659 dicere,nisi
1189 3594 1235 3648 si
1265 3609 1329 3649 eo
1357 3601 1617 3666 tempore,
1632 3612 1740 3667 quo
1759 3597 1982 3668 capillos

398 3677 599 3735 habere
627 3678 909 3747 debuerat,
935 3698 1043 3737 non
1076 3683 1276 3749 habeat
1306 3704 1319 3739 :
1348 3687 1577 3759 capillos
1609 3704 1737 3744 vero
1756 3689 1980 3757 habere,

397 3770 481 3826 vel
510 3787 617 3825 non
648 3773 852 3829 habere
875 3775 979 3833 sibi
1004 3777 1310 3857 oppositum
1335 3787 1439 3834 est.

472 3860 734 3931 Quartum
763 3880 893 3919 vero
913 3878 1081 3935 genus
1100 3868 1509 3933 .contrarietatis
1537 3886 1601 3926 ex
1629 3869 1984 3933 afﬁrmatione

396 3959 452 4006 ct
482 3952 798 4023 negatione,
846 3964 909 4009 ut
935 3955 1200 4015 Homerus
1240 3959 1511 4029 disputat,
1562 3960 1828 4017 Homerus
1874 3978 1983 4018 non

398 4042 670 4114 disputat;
703 4044 1009 4102 Macharius
1037 4049 1239 4118 currit,
1272 4051 1578 4108 Macharius
1607 4068 1714 4109 non
1756 4056 1934 4110 currit
1966 4074 1981 4110 :

398 4136 541 4205 quod
572 4154 742 4209 genus
771 4140 913 4221 apud
940 4141 1253 4200 dialecticos
1287 4160 1477 4203 omnes
1500 4148 1826 4218 quaestiones
1843 4164 1985 4219 pene

399 4244 660 4301 generare
682 4232 837 4288 solet.

469 4316 531 4372 C.
574 4320 633 4374 Si
669 4321 958 4393 aliquando
995 4326 1136 4381 mala
1184 4328 1341 4385 malis
1381 4332 1760 4402 opponunttr?
1803 4363 1875 4373 —
1916 4334 1982 4388 Α.

398 4413 576 4470 Etiam
626 4420 923 4485 secundum
964 4422 1344 4494 philosophos,
1368 4427 1467 4503 qui
1506 4428 1736 4493 virtutes
1772 4444 1986 4500 semper

2081 3313 2259 3369 modis
2298 3311 2360 3366 ﬁt
2400 3310 2738 3366 differentia?
2764 3342 2835 3352 —
2863 3310 2931 3365 Α.
2958 3310 3213 3377 Materia,
3238 3320 3337 3367 aut
3363 3328 3551 3382 opere,
3578 3322 3669 3367 aut

2081 3407 2138 3463 in
2186 3415 2439 3477 utroque.
2473 3437 2544 3445 -—
2569 3404 2631 3459 C.
2678 3403 2824 3461 Pone
2866 3405 3193 3475 exemplum.
3224 3436 3295 3447 —-
3322 3404 3388 3458 Α.
3417 3405 3664 3469 Materia,

2084 3503 2130 3557 si
2156 3502 2264 3556 sint
2291 3498 2473 3555 annuli
2497 3499 2703 3555 similes
2739 3499 2866 3564 duo,
2895 3514 3039 3553 unus
3062 3513 3279 3563 aureus,
3307 3498 3444 3552 alter
3473 3512 3666 3567 argen-

2081 3601 2223 3649 teus.
2249 3591 2439 3664 Opere,
2457 3592 2503 3646 si
2533 3606 2763 3647 exauro
2792 3590 3083 3646 dissimiles
3105 3590 3289 3645 annuii
3312 3588 3666 3644 fabricentur.

2085 3682 2337 3757 Utroque,
2350 3695 2413 3739 ut
2440 3684 2487 3738 si
2507 3684 2739 3739 annulus
2767 3683 2838 3738 sit
2870 3697 3069 3738 aureus
3095 3690 3151 3738 et
3178 3681 3335 3737 stilus
3357 3690 3668 3755 argenteus.

2690 3797 2917 3853 CAPUT
2951 3796 3062 3853 ΧΠ.

2642 3884 2708 3924 DE
2753 3884 3113 3924 ARGUIENTIS.

2156 3962 2217 4017 (Ι.
2247 3963 2705 4033 Argumentorum
2743 3963 3010 4017 rationem
3058 3959 3538 4032 diversitatcmque
3574 3975 3671 4017 vo-

2082 4054 2327 4121 luissem,
2356 4064 2415 4109 ut
2431 4064 2682 4111 enotares
2707 4055 2887 4128 [Mss.,
2917 4052 3254 4127 enucleares]
3280 4056 3435 4109 mihi.
3463 4055 3534 4110 Et
3558 4056 3670 4126 pri-

2083 4163 2254 4213 mum,
2282 4155 2342 4203 ut
2366 4147 2537 4213 dicas,
2566 4149 2694 4219 quid
2726 4149 2797 4204 sit
2838 4157 3238 4221 argumentum,
3266 4147 3470 4220 ﬂagito.
3501 4179 3572 4189 —
3599 4148 3663 4203 Α.

2081 4240 2475 4309 Argumentum
2498 4250 2582 4296 est
2609 4242 2689 4295 rei
2721 4241 2897 4297 dubiae
2925 4239 3231 4295 afﬁrmatio.
3260 4240 3328 4295 Et
3360 4248 3576 4295 constat
3601 4255 3669 4296 ex

2086 4332 2499 4387 annuntiatione
2526 4329 2751 4404 [ποτ-τε,
2780 4330 3210 4404 enuntiatione].
3242 4361 3314 4371 —
3338 4328 3399 4385 ϐ.
3445 4329 3671 4385 Annuu-

2084 4424 2239 4479 tiatio
2266 4423 2392 4493 quid
2416 4424 2538 4477 est?
2558 4454 2629 4463 —
2652 4423 2717 4475 A.
2749 4422 2933 4479 Oratio
2954 4437 3142 4478 verum
3172 4430 3265 4477 aut
3280 4421 3479 4497 falsum
3503 4422 3671 4492 signi-

400 4505 608 4563 medias
641 4522 762 4563 esse
806 4509 1082 4578 dixerunt,
1106 4522 1160 4567 et
1190 4531 1256 4571 ex
1308 4500 1538 4588 utraque
1586 4530 1744 4591 parte
1778 4521 1985 4587 habere
2006 4524 2063 4590 9
2088 4512 2277 4579 ficans,
2306 4513 2365 4567 in
2394 4513 2725 4568 nominativo
2756 4528 2887 4569 casu
2913 4528 3034 4569 cum
3062 4500 3207 4585 {Hoc
3232 4524 3330 4580 est,
3358 4512 3565 4589 addito]
3594 4521 3671 4579 est

397 4596 550 4653 vitia.
570 4598 638 4654 Et
663 4600 768 4655 hoc
786 4616 913 4669 reor
932 4602 1251 4674 Apostolum
1272 4608 1632 4683 significasse,
1659 4612 1786 4667 dum
1809 4614 1940 4669 dicit
1960 4633 1977 4668 ε

404 4684 498 4747 Via
542 4693 694 4763 regia
739 4692 896 4748 nobis
934 4695 1310 4771 gradiendum,
1340 4715 1515 4772 neque
1566 4703 1633 4757 ad
1682 4703 1980 4770 dexteram,

398 4794 575 4852 neque
602 4783 670 4837 ad
713 4782 990 4845 sinistram
1026 4786 1403 4843 declinandum
1434 4808 1448 4845 :
1476 4799 1536 4851 ut
1587 4792 1708 4864 plus
1751 4794 1981 4864 justum,

397 4878 453 4926 et
493 4871 674 4928 minus
716 4871 943 4944 justum.
974 4906 1047 4915 —
1071 4875 1133 4931 C.
1167 4878 1447 4946 Quomodo
1472 4882 1592 4953 plus
1623 4884 1866 4955 justum?
1914 4914 1985 4924 —

397 4963 463 5019 Α.
498 4963 626 5021 Plus
664 4963 873 5036 justum
904 4968 1274 5048 [Mss.,justo]
1318 4984 1407 5039 est
1454 4978 1756 5047 severitas;
1806 4979 1984 5047 minus

388 5053 539 5137 justo
574 5059 830 5127 adulatio.
859 5060 1006 5118 Inter
1027 5080 1147 5134 quae
1175 5065 1280 5121 duo
1298 5065 1442 5133 mala
1463 5066 1695 5123 mediam
1716 5068 1983 5141 justitiam

398 5147 730 5206 locaverunt.
761 5152 1027 5210 Similiter
1060 5156 1201 5210 inter
1230 5158 1544 5227 versutiam,
1574 5159 1985 5229 hebetudinem-

397 5256 524 5310 que,
551 5243 888 5311 prudentiam
914 5257 1245 5316 posuerunt;
1277 5248 1421 5302 inter
1448 5248 1725 5307 libidinem
1750 5251 1985 5309 insensi-

395 5332 771 5404 bilitatemque
803 5338 1159 5411 temperantia
1191 5340 1483 5396 constituta
1512 5349 1625 5413 est;
1666 5343 1813 5403 inter
1840 5344 1985 5400 timi-

400 5423 623 5479 ditatem
652 5434 707 5483 ct
737 5428 1020 5484 audaciam
1046 5429 1305 5485 fortitudo
1333 5442 1541 5503 regnat.
1608 5412 1609 5415 Ἰ

474 5514 547 5572 σε
563 5519 704 5586 Quot
730 5522 908 5577 modis
946 5522 1094 5592 prius
1126 5524 1394 5580 dicimus?
1419 5525 1566 5578 -Α.
1598 5525 1847 5598 Quinque
1870 5542 1984 5583 mo-

402 5611 484 5667 dis
513 5612 657 5668 aliud
706 5613 904 5687 [Edit.,
930 5616 1089 5689 alius]
1140 5616 1310 5672 altero
1338 5620 1488 5687 prius
1516 5619 1732 5673 dicitur.
1770 5619 1983 5678 Primus

400 5712 505 5771 est,
536 5721 657 5761 cum
689 5707 920 5779 aliquem
953 5711 1181 5766 dicimus
1228 5721 1459 5783 tempore
1500 5711 1765 5783 priorem,
1798 5713 1851 5769 id
1877 5723 1980 5782 est,

401 5796 690 5854 leniorem.
716 5797 994 5857 Secundus
1016 5805 1205 5860 modus
1232 5814 1313 5859 est
1336 5820 1574 5873 numero,
1591 5805 1716 5860 dum
1731 5804 1978 5876 dicimus,

2085 4613 2140 4659 et
2168 4621 2273 4659 non
2301 4614 2413 4671 est;
2451 4613 2512 4659 ut
2544 4624 2555 4659 :
2593 4605 2764 4661 Homo
2790 4615 2894 4671 est,
2922 4607 3086 4662 homo
3112 4622 3221 4661 non
3249 4614 3354 4662 est.

2156 4694 2217 4750 ϐ.
2246 4696 2385 4763 Quid
2410 4697 2465 4750 in
2490 4697 2613 4752 aliis
2642 4698 2894 4753 casibus?
2919 4727 2991 4739 -—
3016 4698 3081 4752 Α.
3109 4698 3253 4753 Nihil
3280 4711 3471 4752 verum
3501 4696 3673 4768 signi-

2086 4790 2212 4846 ﬁcat
2244 4790 2426 4844 addito
2454 4796 2527 4843 est
2571 4788 2700 4861 [vel]
2731 4806 2840 4845 non
2858 4798 2961 4854 ut,
2982 4789 3093 4846 nisi
3115 4790 3385 4845 addantur
3403 4788 3523 4842 aliae
3550 4803 3674 4858 par-

2086 4890 2188 4948 tes,
2212 4890 2305 4949 ut,
2336 4881 2572 4939 hominis
2598 4890 2711 4957 est,
2740 4889 2807 4939 nt
2836 4882 3085 4945 mortalis
3130 4885 3208 4937 sit
3256 4890 3314 4936 et
3363 4879 3666 4935 rationalis.

2084 4974 2240 5043 Item,
2270 4974 2477 5031 homini
2508 4981 2590 5029 est
2610 4976 2759 5039 risus
2780 4974 3064 5046 proprium
3108 4972 3313 5047 [Edit.,
3338 4968 3669 5045 proprietas]

2083 5065 2357 5125 accidens.
2385 5064 2461 5118 lta
2492 5073 2546 5120 et
2568 5063 2674 5143 [in]
2706 5067 2921 5123 caeteris
2942 5065 3179 5122 casibus.
3203 5095 3275 5106 —-
3299 5063 3360 5118 C.
3391 5062 3521 5119 Scio
3543 5077 3672 5118 cum

2086 5157 2206 5212 dico
2240 5174 2252 5209 :
2285 5155 2457 5211 Homo
2478 5163 2580 5219 est,
2610 5155 2717 5223 vel,
2744 5156 2910 5215 homo
2938 5172 3047 5212 non
3072 5164 3181 5223 est,
3208 5171 3398 5223 verum
3426 5171 3557 5213 esse
3583 5158 3671 5214 vel

2084 5248 2300 5307 falsum.
2334 5247 2440 5304 Sed
2463 5263 2585 5305 cum
2610 5249 2733 5305 dico
2760 5266 2772 5302 :
2810 5248 2984 5309 Homo
3014 5250 3099 5315 vel
3120 5264 3234 5309 non
3261 5251 3462 5316 homo;
3510 5251 3670 5311 hanc

2084 5341 2228 5396 enim
2255 5354 2450 5407 nomen
2472 5346 2585 5407 est;
2632 5339 2729 5401 sed
2776 5339 2905 5411 quid
2946 5340 3020 5397 sit
3062 5356 3171 5397 non
3210 5341 3367 5405 homo
3412 5337 3577 5395 velim
3606 5349 3672 5396 ut

2084 5436 2252 5492 dicas.
2281 5465 2352 5475 —
2378 5434 2444 5490 Α.
2487 5433 2661 5489 Homo
2693 5450 2894 5493 nomen
2917 5443 3021 5502 est,
3051 5443 3111 5492 ut
3144 5435 3314 5499 diois;
3362 5452 3471 5501 non
3508 5437 3670 5491 Ιιοπω

2084 5527 2358 5583 inﬁnitum
2388 5542 2585 5583 nomen
2615 5536 2730 5595 est;
2763 5529 3038 5585 hominem
3057 5529 3203 5585 enim
3227 5545 3414 5603 negas,
3444 5545 3545 5585 nec
3586 5538 3673 5583 ta-

2083 5638 2205 5677 men
2232 5623 2361 5693 quid
2395 5623 2464 5677 sit
2489 5610 2767 5678 ostendis.
2870 5674 2881 5681 .

2153 5713 2213 5768 C.
2262 5716 2715 5785 Argumentorum
2766 5716 3003 5783 rationes
3050 5713 3671 5791 [Al.,enumcrationes]

2081 5822 2442 5882 prosequere,
2469 5815 2523 5864 et
2570 5809 2838 5881 quomodo
2887 5819 3261 5881 proponantur
3310 5809 3569 5866 edissere.
3596 5837 3671 5849 —
