4062 6346
1373 262 1828 321 MDASCALICA
1864 295 1937 306 —
1970 263 2062 320 DE
2098 264 2524 324 DIALEC‘NCA.

307 345 385 441 λ.
406 377 545 435 Aliae
567 376 882 449 igimrsunt
896 381 1290 450 propositiones
1314 388 1756 453 argumentorum
1782 380 1897 434 nni-
1920 382 1973 441 λ
1998 380 2139 435 mala
2182 389 2290 450 est,
2332 384 2522 455 utique
2561 384 2973 457 grammaticam
3004 400 3117 445 non
3157 386 3339 461 legere
3369 390 3574 451 malum

314 474 588 538 venales;
642 472 767 528 alia
809 475 1207 549 particulam,
1234 477 1354 532 alia:
1404 477 1740 548 singulares,
1776 475 1895 531 aliae

308 567 630 627 im.
658 600 732 615 --
754 567 821 622 ι.
850 571 1056 627 Harum
1082 572 1419 644 singularum
1469 572 1718 642 exempla
1765 586 1897 641 pro-

313 664 419 722 fer.
446 697 518 708 —
539 668 605 722 Α.
639 667 985 724 Universaies
1008 675 1135 724 sunt
1152 709 1165 733 ,
1187 675 1249 721 ut
1270 709 1283 733 ,
1306 666 1499 722 Omnis
1542 667 1696 721 homo
1718 666 1896 736 justus

308 771 411 827 est,
430 762 523 817 ‘vel
544 780 566 816 τ
598 760 785 817 Omnis
822 762 977 816 homo
1004 762 1238 833 injustas
1273 770 1367 816 est.
1396 759 1782 823 Particulares,
1810 765 1895 824 ut,

314 853 546 920 Quidam
576 854 730 908 homo
745 854 924 925 justus
952 861 1049 919 est,
1072 851 1159 906 vel
1182 870 1200 906 τ
1220 851 1453 918 Quidam
1481 852 1635 906 homo
1660 851 1895 921 injustas

309 954 408 998 est.
438 943 774 1013 Singulares,
807 953 887 1009 ut,
916 943 1178 1001 Harum:
1198 943 1378 1015 justus
1398 951 1501 1006 est,
1533 941 1618 995 vel
1655 961 1667 995 :
1701 940 1897 995 Home-

309 1052 402 1091 rus
441 1037 691 1107 iniustus.
745 1035 1081 1104 Inditlinitaa,
1106 1044 1195 1104 ut,
1219 1034 1392 1090 Homo
1414 1036 1594 1105 justus
1640 1042 1735 1100 est,
1758 1032 1844 1087 vel
1877 1050 1889 1086 :

314 1126 492 1183 Homo
522 1129 754 1198 injustas
783 1138 882 1183 est.

384 1219 446 1274 (Ι.
474 1220 754 1287 Quomodo
784 1220 868 1275 hae
906 1220 1242 1292 appellantur
1283 1218 1687 1290 propositiones
1732 1232 1894 1288 argu-

306 1314 659 1368 mentorum?
690 1344 760 1354 ——
788 1312 852 1367 Α.
876 1313 977 1368 “Hae
1003 1314 1147 1368 enim
1197 1321 1323 1367 sunt
1376 1311 1663 1383 simplices,
1693 1318 1749 1366 et
1795 1327 1892 1381 ap-

306 1404 582 1477 pellantur
632 1407 987 1478 categorias,
1018 1407 1083 1461 id
1136 1414 1244 1472 est,
1287 1405 1666 1477 prtedicativze.
1714 1436 1786 1446 —
1824 1403 1888 1460 C.

312 1492 467 1551 Unde
495 1497 748 1553 dicuntur
778 1498 1173 1571 praedicativtc‘?
1210 1527 1281 1538 --
1305 1497 1370 1551 Α.
1398 1496 1535 1564 Quia
1560 1496 1724 1551 homo
1767 1497 1891 1551 sub-

309 1589 507 1645 stantia
536 1600 653 1658 est,
676 1591 888 1661 iustitia
926 1594 1204 1659 accidens;
1254 1601 1308 1647 et
1346 1593 1673 1663 praedicatur
1705 1594 1771 1648 de
1794 1594 1891 1647 ho-

306 1682 473 1736 mine.
518 1714 589 1723 —
627 1683 687 1738 6.
738 1683 876 1751 Quid
917 1696 1000 1739 est
1041 1684 1186 1740 inter
1228 1686 1500 1739 hominem
1549 1693 1602 1740 et
1650 1685 1886 1756 justum;

304 1788 485 1830 nonne
514 1782 641 1830 sunt
665 1774 772 1830 duo
799 1777 1037 1841 nomina,
1057 1775 1137 1848 [et
1159 1777 1263 1830 duo
1285 1775 1717 1848 termini]?—A.
1751 1774 1889 1831 Sunt

303 1866 451 1919 enim
480 1867 585 1921 duo
607 1868 824 1922 nomina
856 1876 909 1922 et
936 1867 1042 1922 duo
1067 1869 1316 1932 termini;
1344 1876 1400 1923 et
1430 1868 1693 1923 terminus
1719 1868 1890 1938 major

301 1956 371 2010 de
401 1957 634 2014 termino
662 1959 860 2015 minori
898 1960 1245 2031 przedicatur.
1270 1992 1342 2001 —
1382 1960 1442 2015 Ο.
1477 1960 1794 2028 Quomodo?
1821 1992 1892 2002 —

300 2048 366 2103 Α.
391 2047 608 2105 Iustitia
635 2051 779 2107 enim
811 2053 876 2108 de
899 2052 1120 2111 homine
1155 2055 1504 2124 przedicatur,
1533 2063 1589 2109 et
1618 2055 1783 2111 homo
1808 2061 1891 2109 est

300 2141 482 2196 minor
517 2143 800 2199 terminus.
836 2143 954 2200 Non
989 2146 1135 2201 enim
1178 2149 1243 2201 de
1275 2145 1390 2201 solo
1419 2147 1659 2215 homine,
1688 2147 1779 2202 sed
1824 2148 1890 2202 de

302 2230 414 2287 Deo
443 2239 498 2288 et
533 2234 740 2307 angelis
776 2236 986 2308 justitia
1034 2237 1390 2307 praedicatur;
1446 2246 1501 2294 et
1549 2238 1670 2292 ideo
1717 2236 1889 2307 major

300 2324 797 2396 terminusjustitia
830 2336 912 2383 est
950 2337 1111 2397 quam
1140 2330 1332 2395 homo,
1363 2329 1489 2399 quia
1538 2328 1699 2384 latius
1737 2335 1889 2399 patet

301 2414 487 2489 [Mss.,
514 2417 715 2491 vadit];
750 2429 803 2474 et
826 2420 990 2476 homo
1020 2419 1297 2490 subjectus
1322 2427 1406 2475 est
1420 2419 1677 2491 justititc;
1705 2428 1757 2474 et
1782 2419 1887 2474 mi-

300 2524 403 2564 nor
432 2511 695 2569 terminus
732 2511 1008 2582 subjectus
1054 2513 1283 2578 dicitur;
1336 2506 1542 2581 major,
1576 2512 1702 2581 quia
1731 2509 1883 2583 [Ms.,

299 2598 416 2677 qui]
452 2601 616 2659 latius
658 2604 828 2672 vadit,
876 2604 1200 2674 praedicatus
1248 2603 1514 2657 terminus
1556 2602 1772 2659 dicitur.
1816 2630 1888 2640 --

300 2687 361 2751 C.
383 2691 578 2747 Mirum
604 2694 734 2749 mihi
756 2704 856 2759 est,
874 2696 1143 2765 quomodo
1166 2696 1416 2750 accidens
1438 2693 1611 2764 major
1630 2695 1702 2749 sit
1724 2709 1886 2765 quam

298 2785 622 2842 substantia.
668 2817 740 2830 —
768 2788 833 2842 Α.
870 2787 1009 2856 Quid
1037 2789 1204 2853 enim,
1233 2787 1454 2843 candela
1494 2786 1577 2841 vel
1623 2786 1736 2851 lux,
1764 2802 1885 2858 quae

298 2877 367 2935 de
396 2880 619 2936 candela
642 2881 860 2947 emicat,
886 2881 1058 2953 major
1087 2881 1172 2936 vel
1203 2881 1428 2935 melior?
1453 2877 1513 2933 C.
1541 2879 1740 2949 Utique
1766 2879 1879 2933 lux.

300 3000 369 3023 -.—
396 2971 461 3024 A.
509 2970 815 3029 Nounelux
843 2973 1093 3029 accidens
1137 2981 1219 3028 est
1264 2971 1519 3038 candelm,
1562 2980 1616 3025 et
1660 2970 1884 3026 candela

298 3061 602 3117 substantia
633 3064 749 3117 est?
776 3093 848 3102 —
875 3060 935 3125 C.
965 3062 1081 3129 Est,
1105 3069 1159 3117 et
1187 3078 1421 3134 agnosco
1457 3062 1510 3115 in
1537 3077 1601 3116 eo
1628 3061 1878 3115 accidens
1904 3092 1953 3163 C

298 3167 460 3232 posse
491 3167 611 3208 esse
637 3154 942 3215 substantia
966 3154 1159 3209 melius
1203 3162 1257 3210 et
1297 3152 1490 3225 majus.
1541 3152 1647 3210 Sed
1692 3170 1880 3224 prosc-

298 3258 467 3315 quere
496 3261 572 3300 eae
581 3252 712 3302 tera.

306 3322 315 3327 ’
369 3334 435 3390 Α.
468 3334 606 3392 Sunt
652 3337 796 3393 enim
852 3338 969 3394 alia:
1008 3338 1411 3412 propositiones
1438 3348 1880 3411 argumentorum

297 3425 681 3498 hypotbeticae,
708 3430 763 3486 id
792 3438 890 3495 est,
920 3431 1331 3487 eonditionalcs.
1382 3463 1452 3471 —
1495 3431 1555 3488 ϐ.
1599 3432 1880 3500 Quomodo

298 3508 874 3578 co’nditionales?-—-A.
901 3523 1107 3590 Quibus
1140 3524 1378 3581 conditio
1408 3525 1590 3596 aliqua
1622 3527 1879 3597 supponi-

298 3619 423 3677 tur;
451 3619 508 3666 et
532 3622 661 3669 sunt
692 3613 947 3683 duplices,
980 3614 1083 3670 hoc
1111 3617 1293 3681 modo,
1327 3624 1388 3669 ut
1419 3616 1601 3671 Omnis
1627 3619 1805 3684 homo,
1834 3619 1881 3674 si

297 3702 465 3757 bonus
504 3714 598 3770 est,
620 3705 801 3777 justus
830 3716 936 3771 est;
970 3705 1043 3759 ita
1081 3708 1298 3762 tandem
1330 3707 1511 3778 justus
1552 3716 1636 3763 est
1682 3710 1876 3773 homo,

299 3795 345 3851 si
377 3797 675 3851 bonitatem
720 3797 905 3852 habet.
935 3796 1067 3854 llem
1101 3816 1113 3851 :
1148 3795 1366 3863 Caelum,
1389 3799 1434 3853 si
1472 3799 1752 3853 rotundum
1783 3808 1879 3868 est,

298 3888 524 3944 volubile
557 3898 665 3956 est;
707 3889 782 3946 ita
824 3891 1040 3946 tandem
1070 3888 1317 3965 [Cadunt]
1347 3889 1566 3945 volubile
1592 3900 1685 3957 est,
1720 3892 1765 3944 si
1796 3907 1882 3945 ro-

296 3982 525 4047 tundum
549 3991 643 4037 est.
1072 3970 1077 3973 ’

374 4072 535 4155 345
574 4071 633 4129 C.
690 4073 772 4129 An
824 4088 1047 4130 necesse
1099 4081 1201 4141 est,
1254 4083 1315 4129 ut
1370 4075 1555 4147 priora
1616 4084 1879 4148 repetam,

299 4184 469 4229 unum
494 4168 784 4231 terminum
812 4167 1071 4237 majorem
1094 4183 1235 4235 esse,
1260 4168 1491 4225 alterum
1517 4168 1885 4223 minorem?—

298 4263 368 4321 Α.
394 4261 510 4319 Non
531 4303 546 4327 ,
576 4262 702 4333 quia
744 4276 889 4333 saepe
925 4262 1124 4319 accidit
1156 4262 1397 4332 aaqualcs
1435 4277 1556 4318 esse
1600 4261 1881 4328 terminos,

298 4359 382 4417 ut,
409 4353 562 4405 homo
592 4351 803 4406 risibilis
838 4361 932 4408 est.
984 4352 1119 4407 Nam
1157 4352 1263 4406 alia
1290 4360 1488 4409 natura
1528 4352 1751 4408 risibilis
1778 4367 1885 4408 non

1992 483 2099 541 est,
2130 477 2259 546 quia
2286 479 2462 534 omnis
2488 480 2652 535 homo
2699 481 2901 552 absque
2941 484 3300 554 grammatica
3335 488 3575 545 rusticus

1996 578 2099 626 est.
2124 571 2264 627 Item
2290 591 2313 627 -:
2340 574 2404 629 Si
2440 576 2618 630 omnis
2646 576 2914 645 sapientia
2941 578 3081 632 bona
3106 585 3213 644 est,
3240 580 3430 650 utique
3454 582 3580 652 phi-

1996 661 2239 734 1050phia
2269 665 2410 719 bona
2433 675 2535 732 est,
2562 668 2688 737 quia
2706 669 3047 738 philosophia
3072 684 3284 726 summa
3308 673 3576 744 sapientia

1995 764 2097 811 est.
2128 756 2195 809 Et
2218 756 2273 810 hi
2301 766 2426 811 sunt
2448 758 2743 830 syllogismi
2770 761 3179 817 conditionales.

2068 844 2127 900 C.
2175 846 2243 901 Et
2272 849 2364 918 qui
2398 858 2523 903 sunt
2548 851 2878 919 prmdicativi
2900 852 2922 905 ?
2942 883 3012 891 —
3035 851 3098 905 Α.
3130 853 3231 921 Qui
3261 854 3579 927 simpliciter

1995 936 2201 991 vadunt
2223 937 2354 1009 [Αι.,
2379 939 2673 1012 constant],
2704 942 2816 997 hoc
2843 944 3021 1008 modo,
3049 952 3109 998 ut
3138 986 3151 999 .
3182 946 3349 1001 Omne
3364 950 3571 1017 justum

1992 1029 2298 1095 tamtum,-
2343 1046 2492 1085 omne
2533 1033 2806 1087 honestum
2841 1036 3062 1090 bonum:
3096 1053 3251 1093 omne
3272 1041 3446 1110 igitur
3476 1041 3575 1112 ju-

1990 1129 2130 1174 stum
2156 1121 2366 1177 bonum.
2408 1122 2540 1179 Haec
2588 1124 2780 1198 [enim]
2826 1128 3151 1185 universalia
3190 1131 3574 1189 corrﬁrmativa

1994 1213 2274 1281 dicuntur;
2311 1216 2439 1286 quia
2476 1217 2857 1273 universaiiter
2902 1220 3264 1289 conﬁnditur,
3290 1238 3455 1279 omne
3479 1224 3572 1296 ju—

1995 1314 2139 1362 stum
2178 1309 2385 1363 bonum
2424 1324 2564 1365 esse.
2618 1311 2751 1365 Item
2781 1329 2794 1365 :
2828 1311 2995 1366 Omne
3031 1323 3237 1383 justum
3267 1316 3575 1384 Itonestum';

1986 1399 2198 1454 nullum
2226 1401 2497 1456 honestum
2528 1410 2709 1473 turpe;
2738 1402 2941 1457 anitum
2971 1404 3137 1474 igitur
3169 1405 3375 1474 justum
3400 1416 3572 1478 turpe.

1984 1490 2093 1547 ilic
2133 1493 2277 1547 enim
2315 1508 2383 1548 ex
2408 1494 2703 1549 universali
2732 1493 3085 1550 afﬁrmatione
3106 1497 3308 1551 transit
3336 1498 3405 1552 ad
3448 1498 3575 1552 uni-

1990 1585 2260 1640 versalem
2296 1587 2660 1658 negationem,
2691 1596 2748 1642 et
2799 1588 3085 1642 conﬁrmat
3124 1589 3329 1644 nullum
3366 1588 3574 1659 iustum

1989 1687 2114 1729 esse
2138 1683 2315 1745 turpe.
2344 1675 2475 1730 ltem
2507 1676 2823 1742 :Quoddam
2842 1678 3049 1747 justum
3078 1682 3385 1746 honestum;
3425 1696 3579 1736 omne

1916 1742 1966 1803 θ
1992 1742 2267 1820 honesturn
2317 1766 2475 1833 utile;
2521 1767 2785 1837 quoddam
2829 1742 2993 1837 igitur
3026 1770 3232 1839 justum
3272 1742 3424 1825 utile.
3477 1771 3578 1828 llic

1991 1857 2395 1926 particular-iter
2442 1856 2675 1912 aiﬁrmat
2701 1859 2973 1928 quoddam
3004 1850 3215 1927 justum
3258 1862 3390 1918 utile
3428 1876 3571 1919 esse.

1989 1950 2121 2005 Item
2143 1967 2155 2001 :
2180 1950 2463 2014 Quoddam
2486 1951 2693 2021 justum
2730 1952 3038 2018 honestum;
3064 1951 3274 2009 nullum
3300 1954 3575 2010 honestum

1990 2047 2175 2110 turpe;
2222 2039 2493 2110 quoddam
2534 2040 2703 2109 igitur
2738 2041 2943 2111 justum
2988 2058 3094 2097 non
3135 2051 3213 2098 est
3240 2052 3416 2116 turpe.
3474 2045 3578 2102 Hic

1990 2145 2205 2202 quoque
2270 2130 2675 2201 particulariter
2728 2147 2831 2201 per
2892 2135 3240 2204 negationem
3302 2135 3577 2211 aﬂlrmat,

1989 2222 2257 2293 quoddam
2288 2219 2494 2289 justum
2537 2238 2646 2277 non
2677 2238 2796 2279 esse
2818 2232 2999 2295 turpe.
3042 2226 3248 2282 Horum
3286 2230 3431 2284 enim
3461 2230 3575 2305 syl-

1988 2315 2340 2386 logismorum
2368 2315 2551 2369 multa:
2580 2324 2706 2371 sunt
2736 2318 2963 2388 species.
2988 2318 3103 2374 Sed
3130 2321 3248 2375 haec
3279 2320 3432 2393 [Ms.,
3461 2321 3570 2397 he]

1986 2408 2053 2463 ad
2082 2422 2319 2478 praesens
2350 2405 2619 2463 suﬂiciant
2656 2409 2723 2463 ad
2750 2413 3187 2481 cognoscendum
3232 2414 3573 2472 universales

1986 2506 2041 2553 et
2075 2496 2437 2570 particulares
2485 2499 2862 2556 conclusiones
2912 2502 2968 2556 in
3009 2500 3327 2561 atiirmando
3372 2514 3429 2561 et
3463 2523 3564 2563 ne-

1986 2593 2180 2664 gando.
3566 2590 3574 2603 ’

2058 2683 2120 2738 C.
2149 2682 2393 2751 Qualiter
2438 2685 2783 2757 syllogismus
2830 2684 3024 2741 conﬁci
3071 2688 3451 2745 debet?——A.
3493 2688 3575 2747 Ex

1983 2777 2161 2832 tribus
2188 2779 2484 2848 smpissime
2508 2779 2801 2845 membris;
2842 2778 2916 2833 ita
2945 2787 3007 2834 ut
3033 2795 3101 2835 ex
3131 2782 3339 2837 duabus
3376 2783 3571 2853 primis

1983 2868 2443 2939 propositionibus
2486 2870 2651 2923 tertia
2698 2867 3019 2924 conﬁciatur
3057 2872 3354 2927 conclusio.
3412 2872 3481 2928 Ut
3525 2873 3574 2929 si

1984 2966 2278 3028 quaeratur,
2326 2975 2395 3014 an
2441 2960 2667 3015 castitas
2719 2959 2866 3015 utilis
2909 2959 2998 3026 sit,
3045 2960 3334 3018 dicamus:
3385 2962 3573 3019 Omnis

1986 3050 2149 3105 uirtus
2191 3050 2334 3105 utilis
2363 3060 2439 3105 est
2452 3069 2471 3118 ;
2516 3053 2731 3107 castitas
2778 3064 2954 3110 autem
2999 3055 3163 3109 virtus
3211 3066 3287 3109 est
3314 3067 3332 3107 :
3358 3056 3572 3111 castitas

1984 3142 2148 3213 igitur
2171 3142 2318 3197 utilis
2358 3153 2454 3198 est.
2496 3143 2577 3198 Ex
2607 3144 2841 3199 utilitate
2880 3146 3045 3223 igitur
3086 3155 3140 3201 et
3163 3146 3364 3202 virtute
3401 3148 3573 3219 quod-

1982 3234 2108 3289 dam
2143 3236 2365 3290 tertium
2392 3236 2666 3307 colligitur
2700 3245 2757 3292 et
2782 3237 3093 3295 necessario
3124 3238 3481 3310 concluditur,
3509 3247 3574 3296 ut

1983 3327 2207 3383 castitas
2231 3329 2382 3384 utilis
2410 3330 2501 3385 sit.

2577 3416 2806 3479 CAPUT
2845 3422 2982 3478 Xﬂl.

2407 3528 2473 3567 DE
2513 3528 2673 3568 MODIS
2720 3528 3150 3571 Dll-‘FINITIONUII.

2056 3612 2115 3666 C.
2159 3612 2315 3667 Modo
2381 3615 2526 3669 enim
2587 3615 2753 3669 velim
2816 3625 2878 3670 ut
2936 3616 3318 3672 diﬂinitionum
3380 3618 3569 3676 modos

1983 3711 2038 3758 et
2067 3705 2360 3759 divisiones
2407 3704 2658 3760 enuclees
2685 3706 2839 3760 mihi.
2872 3706 2940 3762 Et
2963 3709 3198 3777 primum
3229 3709 3413 3774 dicito,
3441 3710 3570 3781 quid

1984 3798 2058 3852 sit
2107 3794 2489 3851 diﬂinitio?—'-
2533 3798 2597 3853 Α.
2628 3797 2888 3854 Dininitio
2936 3809 3019 3855 est
3058 3802 3236 3857 oratio
3280 3803 3463 3860 brevis
3512 3811 3570 3858 et

1983 3886 2161 3943 lucida
2204 3886 2321 3955 ejus
2363 3889 2442 3942 rei
2481 3890 2546 3945 de
2586 3905 2692 3960 qua
2731 3892 3012 3961 quaeritur,
3054 3902 3303 3949 naturam
3341 3896 3409 3950 ab
3451 3894 3572 3952 aliis

1983 3981 2147 4037 rebus
2167 3981 2394 4036 divisam
2423 3983 2643 4054 propria
2692 3983 3084 4053 signiﬁcatione
3130 3985 3474 4042 concludens.
3500 4017 3571 4028 —

1984 4075 2045 4132 (Ζ.
2081 4076 2360 4143 Quomodo
2386 4077 2504 4131 haec
2553 4076 2790 4147 incipere
2835 4077 2996 4133 debet
3024 4076 3154 4152 [vel]
3182 4075 3326 4133 ﬁniri
3366 4077 3566 4159 [Edita

1983 4164 2340 4238 diﬂiniri].—
2365 4164 2430 4219 Α.
2459 4164 2699 4219 Primum
2739 4165 2885 4221 enim
2926 4166 3067 4222 hanc
3106 4182 3205 4237 per
3245 4166 3568 4222 immensum

1985 4256 2132 4309 tendi
2160 4263 2398 4323 oportet,
2430 4255 2780 4325 incipientem
2828 4271 2858 4311 a
2888 4270 3118 4326 genere,
3153 4258 3350 4313 dehinc
3383 4258 3570 4328 paula-

1984 4344 2083 4400 tim
2130 4346 2399 4401 currendo
2446 4362 2543 4417 per
2576 4355 2761 4417 partes
2804 4348 3057 4405 devenire
3094 4351 3255 4406 debet
3292 4351 3360 4405 ad
3398 4350 3471 4419 id,
3514 4350 3571 4406 in

298 4448 423 4507 est,
472 4441 577 4495 nisi
630 4442 823 4513 homo;
879 4456 981 4499 nec
1024 4442 1189 4501 latius
1219 4442 1439 4499 risibilis
1467 4443 1615 4497 vadit
1670 4441 1882 4515 [exten-
1906 4463 1958 4525 Β
1985 4456 2093 4513 quo
2119 4441 2292 4495 solum
2318 4450 2401 4495 est
2431 4441 2505 4506 id,
2536 4443 2680 4512 quod
2719 4440 3008 4498 dillinitum
3037 4448 3122 4499 est
3146 4462 3157 4497 :
3182 4453 3243 4498 ut
3280 4444 3335 4498 bi
3370 4443 3462 4514 qui
3497 4443 3571 4499 si-

298 4529 493 4604 ditur],
524 4532 624 4595 nisi
654 4531 717 4587 ad
743 4531 1016 4588 hominem
1049 4531 1243 4587 solum.

374 4623 435 4681 C.
467 4622 746 4692 Quomodo
786 4625 1019 4680 discerni
1054 4632 1297 4696 possunt,
1333 4639 1451 4695 quae
1497 4625 1605 4679 sint
1647 4624 1882 4695 aequales

300 4717 387 4774 vel
432 4716 935 4787 inaequales?~—A.
967 4717 1119 4785 Quod
1170 4716 1401 4788 aequales
1446 4716 1725 4789 aequaliter
1772 4718 1880 4773 cir-

300 4809 568 4875 cumverti
613 4816 863 4883 possunt,
909 4809 1014 4865 hoc
1054 4807 1252 4873 modo:
1300 4805 1567 4878 Quidquid
1602 4808 1756 4861 homo
1783 4818 1880 4875 est,

298 4903 501 4964 risib'ile
538 4911 643 4968 est;
688 4910 747 4959 et
783 4900 1051 4977 Quidquid
1090 4900 1284 4957 risibile
1306 4909 1408 4966 est,
1440 4898 1595 4955 homo
1631 4907 1728 4954 est.
1770 4898 1880 4956 Nec

298 4995 384 5061 sic
430 4992 726 5067 inaequales
767 4992 1111 5049 circumverti
1156 4998 1411 5063 possunt,
1469 4996 1561 5061 ut,
1610 4988 1880 5061 Quidquid

302 5085 461 5138 homo
487 5084 573 5147 sit,
602 5083 806 5153 justum
830 5084 933 5147 sit;
970 5081 1056 5135 vel
1086 5080 1353 5153 Quidquid
1370 5080 1578 5155 justum
1606 5080 1693 5145 sit,
1726 5079 1879 5135 homo

301 5177 393 5232 sit.

378 5265 437 5321 C.
469 5264 746 5334 Quomodo
779 5263 1033 5341 quaelibet
1068 5276 1157 5317 res
1197 5262 1282 5317 his
1317 5261 1650 5332 argumentis
1678 5259 1879 5314 conﬁr-

304 5359 450 5414 mari
473 5367 649 5429 potest
687 5366 780 5413 aut
809 5356 1013 5413 destrui
1035 5356 1058 5409 ?
1080 5353 1236 5408 —-A.
1268 5352 1381 5409 Hoc
1408 5354 1569 5407 modo
1600 5370 1612 5405 :
1648 5351 1705 5405 Si
1736 5351 1883 5405 omni

307 5450 517 5509 homini
564 5459 711 5506 recte
758 5449 906 5520 loqui
947 5448 1148 5502 bonum
1192 5454 1311 5513 est,
1368 5453 1479 5509 tum
1530 5445 1884 5519 grammatica

307 5547 452 5604 bona
483 5552 582 5598 est.
624 5541 764 5596 Nulli
792 5541 1010 5596 dubium
1041 5548 1147 5604 est,
1175 5539 1303 5608 quin
1333 5546 1478 5592 recte
1513 5536 1657 5606 loqui
1688 5536 1885 5589 bonum

311 5645 425 5703 est;
459 5636 642 5707 utique
670 5634 1022 5707 grammatica
1043 5632 1181 5688 bona
1211 5638 1322 5696 est;
1355 5630 1478 5700 quia
1508 5628 1887 5699 rectiloquium

1983 4547 2087 4602 gna
2123 4531 2392 4597 formant,
2427 4534 2604 4602 primo
2644 4534 2969 4590 immensum
3006 4534 3108 4590 sibi
3146 4534 3389 4608 deligunt
3429 4535 3569 4605 lapi-

1983 4624 2128 4690 dem,
2158 4625 2353 4680 dehinc
2381 4624 2639 4695 paulatim
2679 4626 2970 4681 minuendo
2995 4634 3049 4681 et
3076 4627 3442 4682 abscindendo
3480 4643 3571 4683 su-

1982 4715 2188 4786 perflua
2220 4717 2286 4770 ad
2315 4716 2630 4771 formandos
2667 4716 2847 4773 vultus
2872 4724 2927 4770 et
2953 4717 3196 4772 membra
3224 4718 3565 4787 perveniunt.

1985 4801 2077 4858 Sic
2119 4802 2365 4859 ditlinitio
2416 4818 2447 4856 a
2479 4816 2675 4871 genere
2718 4801 3003 4871 incipiens,
3046 4801 3268 4874 depulsa
3310 4804 3568 4874 paulatim

1987 4897 2337 4968 generalitate
2370 4897 2667 4951 verborum
2709 4892 2774 4949 ad
2813 4894 3095 4964 proprium
3135 4894 3568 4951 demonstranda}

1987 4990 2065 5049 rei
2093 4991 2271 5045 cubile
2299 4989 2473 5045 tendit
2502 4987 2780 5043 accedere.

2060 5079 2121 5134 ϐ.
2154 5081 2230 5134 Da
2255 5079 2667 5149 exemplum.—
2688 5078 2752 5132 A.
2786 5078 2959 5133 Homo
3001 5087 3076 5136 est
3118 5080 3411 5136 substantia
3450 5079 3569 5133 ani-

1988 5179 2153 5237 mata,
2184 5168 2480 5233 rationalis,
2514 5166 2774 5235 mortalis,
2798 5170 2937 5224 risus
2973 5187 3163 5241 capax.
3202 5170 3247 5224 Α
3282 5150 3581 5254 latitudine"

1987 5260 2296 5316 substantia:
2334 5259 2511 5331 primo
2544 5260 2660 5315 haec
2704 5259 2893 5330 incipit
2918 5260 3197 5329 difﬁnitio;
3245 5252 3371 5331 quia
3415 5252 3582 5346 quid-3

1987 5352 2116 5423 quid
2156 5358 2474 5406 naturarum
2512 5358 2617 5418 est,
2646 5352 2951 5406 substantia
2982 5353 3086 5407 dici
3124 5360 3324 5422 potest.
3364 5351 3570 5409 Deinde

1986 5442 2117 5499 dicit
2150 5444 2426 5501 hominem
2467 5444 2820 5499 substantiam
2865 5445 3185 5509 animatam‘;
3218 5444 3272 5497 in
3306 5458 3393 5507 eo,
3424 5442 3568 5512 quod

1988 5535 2120 5589 dicit
2176 5534 2489 5599 animatum,
2520 5534 2754 5589 secernit
2779 5547 2898 5587 eam
2929 5533 2995 5586 ab
3020 5533 3108 5586 his
3140 5548 3259 5604 quae
3308 5534 3564 5600 animam,

1989 5628 2043 5683 id
2076 5634 2159 5683 est
2183 5628 2373 5693 vitam,
2402 5643 2509 5682 non
2549 5626 2768 5681 habent.
2811 5623 2869 5677 lu
2911 5638 2995 5690 eo,
3024 5625 3167 5694 quod
3212 5626 3362 5692 dicit,
3398 5626 3565 5680 ratio-

315 5730 436 5785 sine
456 5731 809 5801 grammatica
832 5742 952 5785 esse
979 5742 1084 5783 non
1112 5731 1306 5797 potest.
1336 5722 1503 5778 Item:
1531 5721 1585 5777 Si
1614 5722 1891 5778 rusticitas
1992 5721 2151 5792 nalis,
2194 5729 2442 5795 segregat
2474 5735 2594 5777 eam
2631 5720 2700 5776 ab
2726 5716 2976 5773 omnibus
3018 5717 3284 5775 rationem
3315 5733 3423 5776 non
3471 5717 3570 5775 hac
