4062 6346
523 206 627 263 967

1338 202 1398 255 Β.
1440 201 1501 255 F.
1541 198 1771 256 ALBINI
1808 198 1942 256 SEU
1978 198 2259 258 ALCUINI
2297 199 2588 259 OPERUM
2620 201 2804 262 PARS
2840 203 2932 261 VII

3671 213 3787 273 968

523 291 795 378 hiantibus.
829 315 889 373 In
926 330 1010 383 eo,
1035 315 1190 387 'quod
1229 316 1380 380 dicit,
1426 314 1688 380 mortalis,
1724 315 1913 370 dividit
1938 313 2095 386 ![Al.,
2123 318 2171 375 Α
2270 316 2403 372 Item
2442 318 2689 387 quredam
2724 320 2966 377 diﬁinitio
3001 330 3085 378 est
3112 323 3268 394 quasi
3296 324 3453 395 juxta
3490 327 3781 398 rationem,

524 410 787 495 separat]
800 423 924 465 eum
949 410 1017 464 ab
1040 407 1263 479 angelis,
1287 407 1381 477 qui
1412 420 1520 461 non
1548 406 1874 462 moriuntur.
1925 406 1992 460 Et
2020 406 2100 461 sic

520 500 768 573 pervertit
794 499 863 554 ad
892 498 1280 568 proprietatem
1328 496 1583 565 hominis,
1614 496 1801 579 idest,
1828 496 1966 552 risus
2010 513 2101 552 ca-

518 608 645 666 pax,
670 589 813 663 quod
839 590 1009 645 solius
1035 596 1120 644 est
1142 587 1397 643 hominis.

1004 726 1168 800 πε
1204 726 1430 785 CAPUT
1467 726 1605 784 xw.

884 859 951 900 DE
990 858 1269 901 SPECIEBUS
1305 858 1730 901 DIFFINI'I'IONUI.

584 959 645 1015 C.
672 959 815 1029 Quot
840 959 1050 1029 species
1079 968 1204 1016 sunt
1238 956 1656 1013 difﬁnitionum?
1674 987 1747 998 —
1768 956 1834 1011 Α.
1860 955 2096 1024 Quinde-

511 1051 639 1108 cim.
678 1049 786 1107 Sed
824 1049 943 1106 aliae
981 1065 1049 1105 ex
1089 1049 1175 1105 his
1207 1049 1274 1104 ad
1309 1048 1618 1104 dialecticos
1652 1047 1943 1117 pertinent,
1977 1046 2096 1101 aliae

510 1142 581 1198 ad
616 1141 883 1197 rhetores.
906 1170 979 1181 ——
1003 1140 1064 1195 C.
1097 1139 1220 1194 Illas
1266 1138 1502 1193 maxime
1539 1136 1695 1191 velim
1723 1136 1931 1201 audire,
1974 1148 2094 1203 quae

510 1232 683 1304 magis
707 1233 777 1288 ad
800 1231 1116 1287 dialecticos
1154 1230 1451 1299 pertinent.
1473 1258 1547 1269 —
1566 1227 1632 1281 A.
1662 1228 1760 1282 Est
1779 1226 1923 1282 enim
1946 1226 2095 1296 prin-

507 1323 701 1394 cipalis
725 1321 993 1387 diﬁiuitio,
1021 1337 1141 1392 qum
1168 1321 1527 1377 substantiam
1554 1319 1840 1390 cujuslibet
1884 1328 2094 1374 naturae

506 1414 742 1486 propria:
794 1411 976 1485 [Μαίη
1019 1412 1260 1485 proprie]
1309 1414 1671 1480 demonstrat,
1704 1428 1812 1484 qua
1859 1413 2094 1469 maxime

505 1506 813 1579 philosophi
840 1514 1086 1570 utuntur,
1117 1514 1177 1559 ut
1203 1525 1215 1560 :
1246 1505 1419 1561 Homo
1444 1514 1529 1561 est
1559 1505 1760 1561 animal
1806 1505 2089 1571 rationale,

504 1599 770 1666 mortale,
821 1615 1012 1655 sensus
1057 1598 1460 1669 disciplinaeque
1508 1613 1712 1667 capax;
1776 1597 1893 1653 haec
1946 1597 2091 1653 enim

2197 407 2251 462 id
2279 416 2382 473 est,
2411 424 2533 463 cum
2560 410 2780 481 majoris
2811 413 2888 466 rei
2919 414 3136 470 nomine
3168 414 3297 487 [Αι.,
3323 417 3378 471 in
3406 416 3646 493 homine]
3672 422 3785 477 mi-

2196 509 2299 553 nor
2334 514 2423 554 res
2458 502 2793 570 ostenditur;
2843 511 2923 570 ut,
2963 503 3136 560 Homo
3174 514 3258 562 est
3297 508 3476 564 minor
3511 512 3782 580 mundus;

2195 597 2288 645 et:
2313 590 2560 645 Edictum
2593 601 2676 647 est
2696 592 2783 648 lex
2810 609 2986 649 annua
3008 593 3139 667 [Al.,
3168 596 3379 670 animi].

2265 677 2327 733 C.
2363 679 2461 736 Cui
2487 682 2635 736 enim
2661 685 2803 754 parti
2834 684 3128 742 dialecticae
3165 687 3301 743 artis
3324 688 3409 743 hac
3433 687 3784 750 diﬁinitiones

2194 772 2435 829 maxime
2465 774 2757 847 jungendre
2781 779 2941 834 sunt?
2957 808 3031 820 —
3047 780 3113 834 Α.
3147 779 3381 850 Topicis.

2793 910 3021 968 CAPUT
3058 912 3175 968 XV.

2816 1042 2882 1081 ne
2925 1042 3151 1082 rorrcrs.
3176 1030 3192 1061 -‘

2193 1136 2228 1199 ἕ
2264 1134 2324 1190 C.
2355 1136 2485 1205 Quae
2516 1145 2642 1194 sunt
2666 1138 2991 1209 Topica?—
3012 1140 3078 1194 A.
3105 1140 3561 1212 Argumentorum
3597 1146 3779 1214 sedes,

2193 1227 2371 1284 fontes
2418 1247 2695 1298 sensuum,
2744 1232 2981 1303 origines
3027 1233 3343 1289 dictionum.
3363 1266 3439 1279 -—-
3460 1236 3521 1292 C.
3553 1238 3610 1293 In
3641 1250 3782 1311 quot

2193 1322 2401 1392 species
2443 1324 2755 1379 dividuntur
2794 1325 3100 1395 topicorum
3145 1330 3780 1399 argumentationes?—

2192 1411 2257 1464 Α.
2288 1413 2632 1483 Topicorum,
2660 1415 2715 1469 id
2739 1424 2842 1481 est,
2871 1415 3122 1471 localium
3153 1420 3549 1489 argumentatio
3578 1422 3778 1492 triplex

2192 1511 2295 1569 est,
2337 1505 2464 1573 quia
2513 1512 2639 1559 sunt
2674 1516 3012 1577 argumenta,
3051 1514 3145 1561 aut
3187 1508 3242 1562 in
3288 1509 3405 1578 ipso
3438 1513 3676 1583 negatio,
3714 1516 3780 1570 de

2192 1608 2299 1664 quo
2325 1596 2529 1665 agitur;
2564 1604 2658 1651 aut
2683 1612 2752 1652 ex
2781 1597 2941 1653 rebus
2967 1596 3088 1652 aliis
3115 1606 3290 1654 tracta
3314 1611 3646 1669 nascuntur;
3680 1612 3776 1660 aut

502 1692 753 1749 dit‘ﬁnitio
773 1708 871 1763 per
897 1692 1106 1763 species
1133 1699 1191 1757 et
1215 1691 1550 1746 diﬂ‘erentias
1581 1690 1914 1746 descendens
1940 1688 2090 1745 venit
2119 1675 2167 1737 Β
2190 1695 2339 1742 certe
2362 1686 2700 1743 extrinsecus
2728 1698 3097 1743 assumuntur.

502 1785 572 1840 ad
598 1785 894 1855 proprium,
924 1792 979 1840 et
997 1783 1246 1853 designat
1269 1781 1583 1853 plenissime
1620 1781 1748 1851 quid
1793 1780 1865 1836 sit
1900 1780 2085 1836 homo.

571 1873 704 1929 Item
726 1882 811 1929 est
833 1874 1043 1945 species
1069 1871 1419 1937 dilﬁuitionis,
1446 1886 1567 1941 quae
1591 1886 1621 1925 a
1649 1870 1840 1926 notitia
1868 1869 2085 1934 dicitur,

497 1969 553 2016 et
581 1978 696 2017 rem
733 1962 969 2032 aliquam
1012 1976 1110 2032 per
1144 1969 1325 2016 actum
1365 1960 1659 2030 signiﬁcat,
1701 1974 1808 2014 non
1837 1948 1935 2029 per
1960 1958 2089 2013 sub—

497 2054 778 2119 stantiam,
810 2062 873 2109 ut
900 2071 913 2108 :
940 2052 1112 2109 Homo
1149 2052 1388 2123 estquid
1423 2050 1577 2125 [Ms.,
1606 2049 1774 2122 quod]
1818 2038 2087 2105 rationale

499 2144 856 2215 conceptione
904 2153 960 2198 et
1002 2142 1393 2200 exercitatione
1437 2141 1673 2196 naturali
1729 2148 1927 2212 praeest
1970 2138 2087 2193 ani-

496 2233 728 2289 malibus
755 2234 996 2300 cunctis;
1032 2233 1123 2288 hic
1144 2233 1291 2289 enim
1320 2239 1501 2287 actum
1529 2230 1767 2285 hominis
1792 2227 2080 2299 significat,

494 2340 604 2381 non
632 2325 1007 2380 substantiam.
1039 2322 1173 2377 Item
1198 2324 1255 2377 in
1277 2321 1509 2377 Psalmis
1535 2339 1548 2375 :
1576 2321 1770 2375 Beatus
1796 2320 1896 2385 vir,
1919 2320 2007 2391 qui
2029 2319 2085 2372 in

494 2413 603 2486 lege
627 2414 841 2469 Domini
877 2412 1217 2467 meditabitur
1251 2412 1335 2466 die
1364 2428 1428 2466 ac
1466 2420 1614 2465 nocte
1644 2428 1663 2468 :
1693 2409 1784 2465 hic
1812 2409 1959 2465 enim
1987 2421 2085 2480 per

494 2514 677 2561 actum
706 2504 1044 2578 signiﬁcatur
1072 2503 1202 2575 quid
1234 2512 1361 2576 agat
1390 2505 1582 2558 beatus
1606 2502 1711 2557 vir.

562 2596 696 2653 Item
720 2604 806 2653 est
832 2597 1043 2666 species
1063 2595 1423 2660 diﬁinitionis,
1452 2610 1574 2664 qua:
1601 2592 1923 2664 qualitativa
1948 2592 2082 2647 dici-

495 2697 605 2756 tur,
634 2705 757 2760 quae
797 2688 1095 2761 quamlibet
1122 2702 1410 2760 personam
1450 2702 1550 2757 per
1582 2685 1898 2755 qualitatem
1940 2684 2082 2739 desi-

2258 1778 2320 1833 C.
2362 1778 2603 1834 Primam
2645 1776 3327 1850 expone.speciem.—-A.
3360 1782 3556 1839 Tribus
3600 1784 3775 1840 modis

2186 1866 2251 1921 ab
2274 1867 2385 1938 ipso
2414 1869 2640 1939 negotio,
2673 1869 2967 1926 secundum
2993 1870 3331 1937 dialecticos,
3361 1880 3657 1927 sumuntur
3684 1890 3770 1928 ar-

2185 1965 2458 2026 gumenta.
2507 1956 2553 2011 A
2581 1967 2714 2023 toto,
2747 1974 2776 2013 a
2807 1946 3070 2029 partibus,
3106 1977 3137 2015 a
3164 1961 3289 2017 ﬁne.
3312 1993 3385 2004 —
3412 1960 3472 2018 ϐ.
3503 1963 3776 2036 Exemplis

2185 2047 2554 2103 conﬁrma.—
2573 2049 2638 2103 A.
2672 2050 2866 2105 Totum
2896 2052 3103 2109 duobus
3130 2054 3306 2109 modis
3336 2054 3443 2110 dici
3473 2055 3614 2111 solet
3639 2073 3653 2109 :
3680 2066 3773 2112 aut

2184 2155 2213 2193 a
2245 2156 2462 2211 genere,
2493 2150 2573 2207 ut,
2603 2143 2649 2198 si
2677 2153 2974 2212 quaeratur,
3004 2161 3074 2198 an
3106 2146 3323 2216 justitia
3361 2146 3511 2203 utilis
3546 2147 3641 2213 sit,
3683 2146 3776 2202 ﬁat

2184 2231 2490 2300 hujusmodi
2520 2233 2862 2305 syllogismus
2890 2253 2902 2288 :
2933 2234 3117 2290 Omnis
3156 2238 3321 2293 virtus
3367 2236 3516 2292 utilis
3548 2248 3663 2303 est;
3683 2239 3779 2309 ju-

2181 2321 2325 2375 stitia
2354 2331 2529 2376 autem
2557 2324 2719 2379 virtus
2755 2324 2875 2397 [est]
2909 2343 2922 2379 :
2949 2343 3072 2397 ergo
3096 2326 3312 2396 justitia
3342 2326 3489 2381 utilis
3524 2337 3622 2382 est.
3674 2326 3779 2385 Hic

2182 2423 2365 2468 autem
2401 2430 2433 2468 a
2462 2423 2595 2481 toto,
2636 2415 2690 2470 id
2724 2425 2829 2483 est,
2866 2431 2898 2471 a
2923 2432 3142 2490 genere,
3178 2419 3376 2473 virtute
3400 2418 3631 2484 scilicet,
3656 2434 3779 2490 quas

2178 2503 2407 2575 justitiae
2452 2521 2622 2576 genus
2664 2515 2775 2573 est,
2823 2510 3228 2579 comprobatur,
3267 2509 3535 2580 justitiam
3578 2510 3773 2566 utilem

2181 2610 2321 2651 esse.
2355 2596 2515 2669 347
2543 2597 2675 2653 Item
2702 2606 2874 2654 totum
2901 2608 3005 2666 est,
3039 2600 3185 2670 quod
3210 2614 3277 2655 ex
3308 2600 3494 2655 multis
3517 2602 3771 2671 partibus

2180 2689 2452 2761 integrum
2494 2698 2735 2755 constat;
2792 2700 2873 2757 ut,
2920 2692 3105 2748 mundi
3147 2692 3433 2764 integritas
3472 2708 3540 2747 ex
3582 2693 3773 2749 multis

494 2790 653 2857 gnat,
682 2791 773 2848 ut,
822 2783 868 2838 si
902 2788 1199 2853 quaeratur,
1238 2780 1412 2850 qualis
1449 2780 1521 2834 sit
1558 2778 1755 2843 homo,
1788 2776 2081 2847 responde-
2177 2781 2463 2836 conﬁcitur
2510 2782 2788 2851 partibus,
2853 2782 3005 2852 cujus
3050 2784 3297 2854 quaedam
3343 2800 3472 2856 pars
3522 2785 3774 2841 homines

495 2884 617 2931 tur:
642 2875 814 2931 Homo
846 2883 950 2941 est,
979 2874 1072 2944 qui
1112 2874 1326 2945 ingenio
1353 2872 1514 2939 valet,
1545 2872 1753 2927 artibus
1781 2870 1965 2941 pollet,
1998 2869 2081 2923 in-

2178 2879 2323 2926 sunt.
2366 2871 2439 2926 At
2476 2872 2522 2926 si
2556 2881 2849 2941 quaaratur,
2882 2874 2929 2929 si
2957 2875 3207 2930 humanae
3246 2889 3335 2930 res
3375 2876 3552 2931 divina
3586 2877 3773 2946 provi-

495 2973 581 3022 ter
626 2966 830 3020 bonum
880 2963 1189 3035 malumque
1236 2962 1517 3018 discernit.
1570 2961 1705 3016 Item
1752 2960 1809 3014 in
1852 2958 2079 3030 psalmis
2110 3025 2149 3039 Α
2182 2962 2364 3017 dentia
2424 2973 2715 3034 regantur,
2773 2964 2870 3019 ﬁat
2916 2964 3223 3035 hujusmodi
3279 2967 3623 3039 syllogismus
3666 2966 3773 3023 :Si

492 3055 755 3126 propheta
800 3055 1036 3110 ostendit
1061 3094 1078 3119 ,
1101 3025 1120 3035 ⁵
1143 3053 1319 3124 qualis
1373 3053 1446 3109 sit
1491 3052 1759 3119 Christus,
1810 3025 2073 3108 dicendo:
2105 3025 2152 3090 α
2182 3058 2409 3110 munius
2432 3025 2531 3109 Dei
2552 3025 2872 3126 providentia
2919 3025 3139 3127 rebitur,
3168 3025 3404 3112 homines
3418 3025 3613 3112 “autem
3642 3074 3770 3127 pars

468 3142 773 3215 ‘Speciosus
800 3144 972 3214 forma
996 3159 1108 3215 pra:
1135 3142 1263 3213 ﬁliis
1291 3144 1581 3209 hominum,
1615 3144 1817 3213 diffusa
1855 3151 1931 3198 est
1956 3159 2079 3214 gra-

495 3235 569 3289 tia
595 3235 652 3288 in
675 3233 828 3288 labiis
854 3234 978 3289 tuis.
2078 3298 2079 3301 η

564 3327 697 3384 Item
725 3326 974 3384 diﬁinitio
1013 3334 1097 3385 est
1121 3342 1219 3399 per
1243 3326 1637 3394 diﬁ‘erentiam;
1677 3333 1739 3381 ut
1784 3327 1829 3382 si
1869 3340 2079 3396 quaera-

492 3427 582 3475 tur
631 3420 761 3490 quid
786 3420 931 3475 inter
955 3434 1139 3490 regem
1165 3427 1221 3475 et
1249 3429 1543 3493 tyrannum
1570 3421 1660 3486 sit,
1690 3418 1901 3489 adjecta
1928 3418 2082 3473 diﬁ‘e-

495 3511 691 3579 rentia,
734 3510 863 3582 quid
901 3518 1131 3581 uterque
1176 3511 1268 3578 sit,
1305 3508 1563 3566 diﬁinitur
1602 3510 1705 3564 hoc
1732 3508 1892 3563 modo
1918 3524 1931 3562 ;
1961 3508 2079 3563 Rex

492 3616 574 3663 est
601 3608 723 3679 pius
760 3615 816 3663 et
843 3608 1153 3676 modestus;
1214 3615 1477 3680 tyrannus
1504 3621 1635 3662 vero
1670 3606 1869 3677 impius
1895 3615 1951 3661 et
1976 3606 2080 3659 im-

494 3706 665 3762 mitis.
721 3704 789 3760 Et
816 3705 869 3760 in
894 3704 1105 3775 psalmo
1132 3722 1145 3758 :
1173 3702 1456 3758 Mutuatur
1486 3712 1727 3774 peccator
1758 3710 1808 3756 et
1842 3717 1947 3756 non
1975 3700 2080 3756 sol-

490 3800 561 3855 vit
584 3818 601 3856 :
616 3799 796 3869 justus
819 3808 995 3854 autem
1017 3800 1297 3853 miseretur
1316 3804 1366 3851 et
1391 3793 1595 3848 tribuit.

558 3891 693 3946 Item
746 3890 808 3947 ﬁt
854 3889 1101 3946 diﬁinitio
1152 3889 1402 3960 quasdam
1444 3902 1543 3958 per
1588 3884 1915 3957 privantiam
1942 3883 2075 3957 [Αι.,

488 3980 894 4054 privationem],
946 3989 1007 4035 ut
1049 3981 1095 4035 si
1143 3986 1419 4052 quaeratur
1463 3977 1595 4047 quid
1644 3976 1714 4031 sit
1751 3976 2076 4043 substantia,

490 4070 701 4126 dicatur
746 4069 891 4139 quod
937 4084 1111 4139 neque
1162 4067 1396 4138 qualitas
1440 4075 1544 4131 est,
1571 4080 1746 4136 neque
1778 4065 2077 4134 quantitas,

496 4175 672 4231 neque
700 4160 916 4231 aliquod
947 4160 1227 4222 accidens;
1270 4159 1374 4215 hoc
1402 4158 1548 4214 enim
1573 4172 1772 4229 genere
1806 4155 2080 4211 diﬁinitio-

490 4253 576 4307 nis
604 4262 660 4307 ει
687 4252 833 4308 Deus
866 4261 1144 4324 utcunque
1189 4253 1421 4324 intelligi
1470 4242 1680 4322 potest;
1735 4250 1863 4306 dum
1911 4250 2075 4316 enim,

491 4344 621 4414 quid
649 4346 720 4400 sit
741 4346 904 4412 Deus,
933 4346 1080 4402 nullo
1107 4346 1267 4400 modo
1293 4346 1757 4414 comprehendere
1780 4343 2073 4408 valeamus,

493 4435 548 4490 id
574 4444 676 4501 est,
701 4447 953 4491 naturam
979 4435 1115 4504 ejus,
1143 4443 1203 4490 ut
1227 4443 1329 4501 est,
1358 4437 1538 4492 nullus
1566 4436 1717 4491 effari
1741 4443 1950 4507 potest;
1982 4434 2078 4491 sed

493 4540 563 4580 ex
604 4539 686 4591 eo,
717 4525 859 4595 quod
903 4540 1012 4579 non
1054 4532 1157 4589 est,
1198 4525 1493 4579 secundum
1538 4524 1907 4594 philosophos,
1939 4523 2075 4579 deﬁ-

491 4616 721 4672 niendus
748 4627 862 4682 est;
906 4625 966 4672 ut
988 4617 1034 4671 si
1065 4617 1313 4672 dicamus
1343 4633 1356 4670 :
1386 4616 1529 4672 Deus
1550 4631 1727 4687 neque
1751 4633 1946 4687 corpus
1968 4628 2071 4686 est,

492 4722 665 4778 neque
692 4706 912 4773 animal,
949 4722 1125 4777 neque
1162 4705 1330 4761 ullum
1373 4706 1719 4773 elementum,
1747 4722 1923 4778 neque
1952 4724 2075 4763 sen-

493 4812 587 4853 sus
614 4806 820 4865 noster,
846 4813 1020 4869 neque
1047 4798 1374 4865 intellectus,
1399 4812 1572 4868 neque
1590 4798 1814 4868 aliquid,
1838 4800 1980 4868 quod
2004 4814 2072 4853 ex

493 4890 580 4947 his
606 4891 724 4962 capi
750 4892 944 4962 possit.

561 4984 693 5041 Item
722 4985 968 5055 quaedam
1005 4983 1248 5041 diﬁlnitio
1281 4993 1366 5041 est
1398 5000 1497 5057 per
1532 4985 1882 5057 indigentiam
1927 4983 2074 5055 pleni

493 5074 552 5130 in
604 5075 794 5130 eodem
838 5087 1067 5144 genere;
1098 5083 1176 5140 ut,
1222 5075 1268 5131 si
1313 5084 1609 5144 quaeratur,
1658 5075 1784 5144 quid
1830 5074 1901 5129 sit
1945 5091 2076 5144 qua-

493 5167 688 5237 drans;
739 5169 1118 5240 respondetur,
1148 5167 1234 5222 cui
1263 5168 1499 5223 dodrans
1529 5168 1699 5232 deest,
1728 5175 1788 5221 ut
1816 5168 1886 5222 sit
1913 5168 2073 5223 assis.

563 5258 698 5314 Item
727 5260 971 5329 quaedam
1003 5257 1250 5313 dillinitio
1289 5266 1375 5312 est
1400 5273 1497 5327 per
1547 5258 1789 5322 laudem,
1820 5266 1881 5311 ut
1910 5276 1922 5311 :
1958 5258 2078 5313 Dux

499 5345 681 5420 |Mss.,
703 5347 815 5402 Lex
844 5356 928 5403 est
953 5346 1118 5401 animi
1144 5345 1454 5418 consilium]
1483 5354 1568 5402 est
1603 5346 1835 5411 animus,
1874 5343 2077 5418 [consi-

493 5436 647 5509 lium]
677 5445 733 5492 et
755 5437 1037 5507 disciplina
1065 5436 1319 5492 civitatis.
1368 5437 1436 5491 Et
1465 5438 1520 5491 in
1562 5437 1807 5506 psalmo:
1836 5435 1940 5490 Lex
1963 5436 2073 5491 Do-

493 5526 627 5580 mini
666 5527 1163 5598 irrepreltensibilis,
1207 5536 1506 5583 convertens
1551 5526 1787 5591 animas,
1841 5527 2072 5582 testimo-

496 5618 639 5687 nium
657 5617 869 5678 Domini
896 5618 1073 5690 ﬁdele,
1092 5620 1403 5693 sapientiam
1430 5627 1685 5693 premant
1709 5616 1960 5694 parvulis.

2180 3145 2364 3199 mundi
2410 3154 2533 3199 sunt
2548 3162 2567 3210 ,'
2616 3146 2863 3200 humanm
2902 3147 3065 3217 igitur
3103 3164 3186 3201 res
3232 3149 3409 3203 divina
3442 3149 3772 3220 providentia

2181 3244 2454 3304 reguntur.
2504 3236 2603 3291 Hic
2649 3250 2872 3292 necesse
2914 3246 2999 3293 est
3048 3238 3291 3310 intelligi,
3343 3241 3401 3295 id
3446 3241 3587 3311 parti
3636 3256 3770 3295 con-

2182 3343 2394 3401 gruere,
2420 3329 2563 3399 quod
2589 3330 2688 3384 toti
2716 3329 2967 3385 convenit
3000 3328 3194 3402 [Edit.,
3223 3339 3337 3386 toto
3363 3330 3583 3402 evenit].
3635 3331 3774 3386 Item

2180 3433 2212 3473 a
2245 3420 2489 3489 partibus
2536 3428 2855 3491 argumenta
2895 3420 3167 3477 ducuntur
3212 3421 3401 3493 [Edit.,
3446 3419 3768 3493 dicuntur]:

2180 3520 2242 3566 ut
2282 3511 2328 3566 si
2371 3511 2598 3582 quaestio
2648 3512 2741 3578 sit,
2788 3529 2859 3567 an
2900 3514 2972 3568 sit
3013 3513 3162 3568 utilis
3205 3513 3483 3581 medicina,
3513 3514 3769 3585 dicatur:

2182 3602 2246 3658 Si
2271 3602 2459 3674 depelli
2490 3603 2697 3658 morbos
2719 3603 3044 3677 salutemque
3077 3608 3299 3673 servari,
3336 3607 3634 3679 mederique
3658 3608 3774 3663 eul-

2182 3695 2389 3749 neribus
2417 3693 2541 3748 utile
2570 3705 2669 3760 est,
2698 3712 2817 3766 qua:
2845 3706 2965 3751 sunt
2989 3707 3164 3768 partes
3191 3698 3483 3763 medicina,
3518 3698 3666 3753 utilis
3693 3709 3770 3755 est

2180 3802 2302 3857 ergo
2330 3786 2613 3839 medicina.
2647 3785 2780 3840 Item
2809 3801 2842 3840 a
2866 3786 2993 3853 ﬁne,
3037 3803 3196 3857 quem
3226 3788 3448 3858 quidam
3472 3800 3652 3844 notam
3676 3807 3772 3845 vo—

2182 3883 2327 3941 cant,
2376 3876 2435 3929 ﬁt
2482 3884 2892 3945 argumentum;
2946 3885 3024 3944 ut,
3054 3879 3100 3933 si
3130 3888 3425 3949 quaeratur,
3457 3897 3526 3935 an
3556 3880 3772 3950 iustitia

2179 3964 2319 4021 bona
2345 3967 2435 4031 sit,
2467 3966 2558 4020 ﬁat
2589 3968 2934 4039 syllogismus
2960 3968 3187 4024 talis:Si
3210 3971 3417 4025 beatum
3442 3989 3554 4027 esse
3575 3972 3771 4028 bonum

2180 4067 2277 4123 est,
2300 4065 2355 4111 et
2371 4057 2582 4127 justitia
2614 4058 2748 4112 bona
2774 4067 2881 4124 est;
2907 4059 2996 4114 hic
3019 4069 3105 4115 est
3129 4061 3273 4115 enim
3288 4059 3514 4129 justitia:
3536 4061 3683 4128 ﬁnis,
3710 4072 3774 4119 ut

2182 4149 2274 4219 qui
2300 4150 2592 4204 secundum
2610 4147 3043 4219 justitiam'vivat
3060 4150 3241 4223 [Mss.,
3266 4153 3454 4227 quis...
3478 4154 3646 4220 vivat,
3664 4154 3767 4228 et],

2185 4241 2252 4296 ad
2280 4241 2668 4296 beatitudinem
2697 4243 3008 4311 perveniat;
3054 4252 3109 4299 et
3137 4260 3363 4301 necesse
3389 4254 3475 4301 est
3499 4261 3620 4301 eam
3652 4262 3771 4302 rem

2182 4331 2380 4388 bonam
2403 4348 2542 4399 esse,
2565 4333 2717 4404 cujus
2744 4333 2868 4389 ﬁnis
2893 4334 3066 4391 bonus
3090 4345 3194 4392 est.

2251 4424 2311 4479 ϐ.
2347 4424 2441 4479 Illa
2468 4434 2812 4496 argumenta,
2842 4418 2963 4496 quae
2989 4426 3204 4482 aliunde
3233 4429 3608 4496 attrahuntur,
3637 4439 3773 4500 quot

2180 4516 2388 4586 species
2415 4516 2647 4569 habent?
2676 4546 2747 4556 —
2782 4516 2846 4568 Α.
2889 4515 3195 4572 Tredecim.
3235 4517 3355 4573 Alia
3386 4535 3418 4573 a
3461 4518 3772 4591 coniugatis

2178 4608 2333 4672 ﬁunt,
2358 4607 2463 4660 alia
2494 4622 2524 4660 a
2553 4622 2767 4677 genere,
2793 4608 2895 4662 alia
2922 4624 2953 4663 a
2981 4609 3178 4677 specie,
3207 4608 3311 4663 alia
3333 4625 3363 4663 a
3393 4609 3768 4677 similitudine,

2176 4698 2281 4753 alia
2329 4715 2359 4752 a
2409 4697 2731 4765 dilferentia,
2776 4700 2881 4754 alia
2924 4716 2956 4755 a
2999 4703 3310 4767 contrariis,
3351 4702 3458 4757 alia
3500 4719 3531 4757 a
3575 4719 3769 4759 conse-

2178 4797 2399 4860 quente,
2421 4790 2524 4843 alia
2547 4790 2614 4843 ab
2639 4790 3097 4856 antecedentibus,
3124 4792 3227 4847 alia
3254 4792 3323 4847 ab
3348 4792 3641 4861 adiunctis,
3666 4796 3771 4850 alia

2178 4894 2209 4933 a
2239 4879 2680 4950 repugnantibus,
2706 4878 2810 4934 alia
2839 4896 2869 4933 a
2891 4881 3091 4946 causis,
3115 4881 3220 4935 alia
3246 4882 3314 4935 ab
3345 4881 3573 4947 eﬂ'ectis,
3603 4884 3710 4939 alia
3738 4901 3771 4940 ι

2180 4970 2600 5039 comparatidne.
2649 5000 2720 5009 —
2766 4968 2827 5024 C.
2861 4970 2976 5026 Hoc
3004 4987 3219 5043 quoque
3247 4973 3512 5043 exemplis
3531 4974 3771 5032 lucidius

2179 5061 2349 5132 aperi.
2376 5091 2449 5101 —
2468 5061 2531 5115 A.
2558 5060 2799 5116 Faciam.

2779 5158 2821 5212 Α
2850 5158 3167 5229 conjugatis.

2249 5245 2488 5301 Primum
2534 5262 2566 5301 a
2616 5247 2916 5319 conjugatis
2966 5250 3180 5307 ducitur
3233 5265 3617 5325 argumentum
3666 5260 3773 5315 hoc

2179 5341 2358 5405 modo,
2386 5355 2508 5394 cum
2541 5354 2608 5394 ex
2637 5338 3034 5411 conjugatione,
3064 5341 3129 5397 id’
3165 5353 3267 5410 est,
3298 5346 3639 5404 derivatione
3669 5366 3771 5405 uo-

2176 5432 2338 5488 minis
2370 5432 2455 5488 vel
2492 5431 2643 5487 verbi
2669 5432 2765 5486 ﬁat
2788 5433 3128 5503 conjectura;
3163 5446 3243 5501 ut,
3282 5437 3329 5493 si
3357 5439 3600 5517 scripsit,
3631 5441 3771 5495 seri-

2174 5534 2298 5598 ptor
2310 5535 2419 5593 est;
2446 5526 2489 5581 si
2513 5542 2865 5597 compascuus
2887 5541 3016 5597 ager
3041 5536 3147 5594 est,
3154 5527 3244 5597 jus
3268 5539 3350 5583 est
3377 5542 3759 5603 compascere;

2177 5614 2529 5705 compascuus
2549 5622 2691 5677 enim
2713 5630 2767 5677 et
2789 5635 3129 5697 compascere
3153 5621 3297 5679 inter
3318 5635 3380 5677 se
3400 5620 3588 5697 juncta
3604 5639 3759 5706 sm.
