4062 6346
1480 130 1499 167 ι

263 338 377 397 969

1319 336 1791 395 DIDASCALICA.
1829 364 1898 376 ——
1935 334 2025 390 DE
2063 334 2486 391 DlAl.ECTlC.\.

3434 335 3541 393 910

258 452 328 506 Et
356 447 646 506 Terentius
675 465 690 501 :
736 444 908 503 Homo
947 464 1062 503 sum
1081 490 1094 512 ,
1134 448 1350 503 humani
1378 467 1407 503 a
1439 466 1520 505 me
1557 447 1686 504 nihil
1711 447 1845 502 alie-
1874 451 1918 507 Α
1949 446 1994 502 is
2019 457 2184 514 certe,
2216 450 2307 519 qui
2334 465 2440 505 non
2471 449 2681 514 vitavit,
2720 463 2822 504 nec
2848 447 3004 519 fugit,
3033 449 3125 505 sed
3166 448 3306 506 ultro
3332 449 3545 522 appetit

259 558 389 598 num
420 543 639 598 mstimo.
667 541 735 595 Et
759 541 949 597 Cicero
974 560 987 595 :
1027 539 1240 597 Verrem
1270 542 1671 597 dixiteverrisse
1696 541 1867 614 [Ms.,.
1952 536 2107 611 [Ms.,
2140 539 2409 613 appetiit],
2439 543 2687 598 desertor
2712 540 2858 597 nullo
2883 541 3039 596 modo
3062 541 3165 597 dici
3194 550 3392 612 potest.
3424 545 3492 600 Et
3521 563 3537 601 :

259 634 529 707 evertisse]
556 635 910 705 provinciam.
1002 708 1005 709 ν

921 724 965 778 Α
996 738 1201 797 genere.

334 815 381 873 Α
400 831 599 890 genere
624 827 998 890 argumentum
1020 825 1120 882 est,
1146 816 1359 889 quando
1381 834 1409 873 a
1440 834 1496 873 re
1518 812 1753 889 generali
1783 815 1852 872 ad

262 911 502 982 speciem
532 910 768 980 aliquam
817 911 1200 975 descenditur;
1258 918 1333 971 ut,
1379 896 1666 963 Mulierum
1690 925 1843 979 genui

262 1020 486 1059 auarum
511 1013 626 1069 est;
675 1017 797 1057 nam
834 1000 1079 1073 Euripila
1116 1014 1247 1056 auro
1293 1002 1453 1055 vitam
1489 1001 1585 1054 viri
1622 1000 1850 1054 vendidit

263 1092 444 1168 {Mss.,
489 1094 729 1168 Erypila,
756 1096 851 1159 aL,
897 1094 1212 1166 Eriphyla...
1257 1091 1533 1165 prodidit].
1575 1092 1643 1147 Et
1669 1094 1842 1147 item:

262 1189 323 1244 Si
352 1190 685 1254 libidinosus,
724 1197 773 1243 et
798 1187 1037 1252 adulter;
1066 1188 1112 1241 si
1141 1200 1353 1250 avarus,
1388 1194 1436 1238 et
1463 1184 1569 1253 fur.

928 1278 968 1329 Α
1001 1279 1187 1346 specie.

334 1369 374 1423 Α
407 1370 616 1439 specie;
645 1378 704 1424 ut
724 1384 848 1424 cum
871 1370 1100 1439 probare
1120 1366 1395 1423 crudelem
1418 1366 1682 1428 volumus,
1710 1380 1855 1435 qua:-

261 1462 388 1516 dam
417 1464 485 1518 ab
509 1478 575 1517 eo
601 1460 893 1517 crudeliter
916 1461 1059 1516 facta
1086 1461 1397 1516 doceamus.
1421 1459 1553 1514 item
1577 1457 1706 1512 illud
1730 1456 1854 1512 Vir—

259 1552 375 1621 gilii
407 1552 586 1625 (Αῗηη
615 1569 714 1616 vn,
742 1550 868 1623 363)
905 1568 918 1604 :

386 1667 448 1715 At
468 1680 561 1715 non
588 1668 657 1714 sic
687 1666 926 1725 Phrygius
948 1672 1090 1727 penei
1102 1669 1174 1712 rat
1200 1662 1453 1712 Larodaem
1476 1676 1548 1710 ina
1576 1667 1736 1727 pastor

387 1727 705 1790 Ledeamqne
734 1725 971 1776 Helenam
997 1726 1232 1788 Troianas
1256 1728 1396 1776 vexit
1422 1727 1479 1774 ad
1502 1725 1694 1775 urbes“

1952 632 2009 687 Si
2043 633 2329 687 honestum
2362 642 2446 687 est
2486 630 2708 704 aliquid,
2742 643 2897 704 turpe
2925 649 3031 689 non
3057 643 3160 689 est.
3201 630 3302 690 Et:
3333 634 3391 691 Si
3413 635 3542 706 jure

1951 723 2149 779 factum
2173 732 2259 779 est
2281 724 2504 794 aliquid,
2540 740 2645 780 non
2672 733 2853 797 potest
2875 742 2974 796 pro
3006 725 3198 796 injuria
3226 728 3513 785 vindicari.

2533 837 2575 893 Α
2605 849 2963 910 consequente.

2023 927 2068 983 A
2098 936 2477 1000 consequente,
2503 933 2717 1001 quando
2747 931 2975 1005 positam
3009 949 3122 990 rem
3146 935 3349 1007 aliquid
3372 936 3538 994 inevi-

1953 1016 2189 1075 tabiliter
2219 1023 2591 1092 consequitur,
2617 1029 2676 1079 ut
2702 1022 2958 1096 Virgilius
2987 1025 3167 1095 (dim,
3198 1044 3233 1090 ι,
3267 1027 3392 1099 531)
3419 1038 3437 1083 ξ

2079 1133 2296 1200 [Solinus
2314 1144 2395 1184 aut
2419 1134 2548 1185 ferro
2572 1136 2771 1200 Libycos
2792 1137 3028 1200 p0pulat‘e
3056 1137 3270 1189 Penates

2079 1195 2338 1265 yenimus;
2363 1204 2452 1265 aut
2471 1206 2630 1265 raptans
2653 1195 2901 1265 adiutore
2928 1206 3131 1251 vertere
3154 1202 3359 1265 praedas,

2076 1258 2183 1309 Non
2209 1272 2267 1309 ea
2291 1262 2361 1309 vis
2380 1258 2557 1309 animo.
2580 1261 2639 1311 ιι
2660 1258 2868 1325 reliqua.

1953 1360 2021 1415 Et
2047 1378 2061 1414 ς
2092 1360 2150 1416 Si
2181 1361 2376 1417 mulier
2401 1362 2627 1433 peperit,
2655 1379 2777 1419 cum
2799 1365 2917 1420 viro
2939 1365 3263 1431 concubuit;
3297 1370 3541 1438 peperit:

1954 1455 2142 1526 igitur,
2178 1468 2516 1527 consequens
2557 1456 2636 1524 tit,
2670 1473 2892 1515 necesse
2922 1468 3027 1524 est,
3075 1460 3199 1530 quia
3248 1463 3545 1518 concubuit

1954 1562 2080 1602 cum
2110 1562 2249 1603 Vll‘O.

2462 1640 2540 1696 Ab
2570 1640 3018 1699 antecedentibus.

2026 1724 2107 1786 Ab
2129 1732 2571 1789 antecedentibus
2591 1743 2965 1803 argumentum
2989 1746 3089 1796 est,
3107 1738 3321 1807 quando
3341 1753 3410 1793 ex
3438 1739 3545 1801 bis.
3607 1740 3611 1747 ’

257 1828 400 1884 Nam
424 1827 688 1898 Phrygius
710 1837 889 1899 pastor
910 1827 1120 1897 species
1140 1836 1251 1893 est;
1280 1835 1336 1882 et
1364 1828 1408 1882 si
1432 1827 1573 1881 istud
1601 1822 1688 1882 ille
1710 1834 1851 1882 unus
1886 1800 1929 1859 Β
1959 1836 2078 1890 quze
2102 1824 2252 1892 prius
2273 1831 2423 1893 gesta
2465 1832 2608 1886 sunt,
2643 1800 3026 1895 consequentia
3052 1800 3440 1899 approbantur.
3475 1829 3548 1886 Ut

256 1918 414 1985 fecit,
446 1928 502 1974 et
531 1920 605 1974 illi
634 1918 787 1992 [Ms.,
810 1919 928 1991 alii]
954 1919 1059 1973 hoc
1081 1916 1296 1987 Trojani
1319 1917 1643 1989 generaliter
1671 1917 1855 1974 facere

257 2021 508 2084 possunt.
538 2013 760 2084 Species
781 2013 923 2067 enim
946 2027 1160 2083 semper
1178 2013 1364 2067 subest
1387 2012 1593 2082 generi,
1612 2018 1674 2067 ut
1692 2013 1854 2067 bo-uo

258 2106 451 2161 subest
473 2105 713 2159 animali.
748 2107 825 2159 Ac
853 2105 973 2159 ideo
1000 2117 1167 2174 genus
1195 2112 1366 2158 totum
1400 2103 1614 2167 dicitur,
1644 2103 1854 2174 species

258 2212 422 2271 pars;
450 2207 509 2253 ut
532 2198 795 2267 cupiditas
822 2211 990 2267 genus
1018 2205 1101 2251 est
1118 2190 1357 2250 omnium
1387 2194 1689 2249 libidinum.
1716 2194 1852 2250 Pars

253 2290 425 2347 etiam
458 2290 702 2359 qutcdam
732 2287 1059 2356 cupiditatis,
1085 2286 1136 2340 id
1160 2294 1242 2340 est
1268 2285 1497 2355 species,
1530 2286 1778 2340 avaritia.

842 2379 884 2433 Α
920 2380 1280 2435 similitudin:.

328 2472 377 2530 Δ
404 2470 751 2529 similitudine
774 2479 1149 2543 argumentum
1172 2477 1255 2524 est
1276 2511 1289 2535 ,
1318 2471 1535 2539 quando
1568 2471 1732 2527 rebus
1754 2471 1853 2527 ali-

257 2566 462 2637 quibus
491 2567 685 2621 similia
715 2564 1087 2636 proleruntur,
1118 2573 1177 2617 ut
1218 2578 1283 2617 ex
1323 2579 1407 2629 eo,
1458 2563 1602 2633 quod
1643 2573 1851 2620 certum

255 2660 408 2714 circa
450 2674 563 2713 rem
600 2653 832 2712 similem
876 2656 1153 2720 acciderit,
1198 2654 1252 2709 id
1302 2670 1537 2725 quoque,
1569 2655 1712 2725 quod
1757 2657 1853 2711 du-

252 2738 409 2807 bium
439 2757 541 2815 est,
573 2758 627 2803 et
656 2749 708 2804 in
738 2748 1096 2820 quaestionem
1128 2749 1295 2813 venit,
1332 2750 1733 2819 comprobetur.
1767 2743 1854 2805 ln-

252 2841 487 2912 spicitur
510 2854 651 2912 saepe
678 2841 973 2896 similitudo
995 2840 1048 2896 in
1077 2838 1399 2906 contrariis;
1432 2850 1492 2896 ut
1521 2860 1533 2895 :
1566 2838 1622 2896 Si
1640 2842 1740 2913 ,his
1761 2836 1853 2912 qui

252 2927 630 3000 imprudentes
671 2929 947 2994 laeserunt,
979 2929 1183 3001 ignosci
1220 2931 1491 2997 convenit,
1525 2932 1609 2986 his
1636 2930 1724 3002 qui
1758 2948 1853 2986 ne-

251 3021 496 3076 cessario
515 3020 852 3091 profuerunt,
876 3023 1105 3090 gratiam
1133 3022 1331 3075 habere
1358 3036 1465 3075 non
1490 3032 1721 3093 oportet.
1752 3018 1852 3078 llic

1959 1913 2174 1969 Marcus
2202 1914 2410 1969 Tullius
2435 1930 2533 1984 pro
2571 1915 2769 1971 Milone
2797 1934 2808 1971 :
2852 1914 3086 1989 Cumque
3114 1928 3235 1974 ante
3267 1921 3406 1975 diem
3446 1931 3551 1976 ter-

1957 2004 2089 2057 tium
2131 2004 2435 2074 prazdixerit
2476 2002 2717 2070 Clodius,
2756 2006 3006 2062 Milonem
3050 2010 3381 2079 periturum;
3431 2028 3552 2066 cum

1956 2095 2045 2150 ille
2074 2112 2176 2150 non
2205 2095 2517 2151 dubitaverit
2562 2097 2789 2167 aperire,
2815 2098 2942 2168 quid
2986 2110 3119 2155 esset
3155 2101 3419 2171 facturus,
3458 2118 3563 2157 vos.

1953 2189 2167 2260 potestis
2205 2187 2447 2242 dubitare
2474 2188 2603 2259 quid
2631 2188 2856 2258 fecerit?
2886 2190 3163 2246 Prwcessit
3189 2193 3328 2247 enim
3352 2193 3551 2264 μνωάὶ-

1955 2280 2090 2334 ratio
2124 2279 2330 2351 [Forte,
2368 2278 2689 2349 prwdictio],
2728 2289 2777 2334 et
2818 2292 3055 2336 secutum
3094 2290 3169 2337 est
3208 2282 3430 2352 factum.
3479 2283 3549 2339 Et

1955 2369 2188 2440 reliqua.

2562 2462 2641 2517 Ab
2666 2464 2956 2535 adjunctis.

2024 2551 2108 2606 Ab
2129 2548 2395 2623 adjunctis
2424 2557 2727 2627 argumenti
2759 2556 2890 2610 ﬁdes
2917 2556 3173 2622 sumitur,
3203 2572 3326 2613 cum
3353 2559 3555 2628 proba-

1953 2644 2138 2699 biliter
2183 2646 2503 2711 ostenditur,
2537 2647 2666 2717 quid
2704 2647 2775 2702 sit
2799 2662 2867 2701 ex
2897 2663 2956 2702 re
2982 2660 3198 2718 quaque
3236 2657 3548 2713 venturum,

1955 2744 2016 2790 ut
2045 2734 2306 2807 Virgilius
2336 2735 2514 2808 (zEn.,
2543 2754 2665 2805 vui,
2702 2738 2827 2809 147)
2856 2756 2873 2801 ί

2234 2885 2247 2899 .
2276 2881 2292 2898 .
2316 2886 2330 2901 .
2357 2887 2372 2899 .
2399 2877 2413 2898 ι.
2435 2849 2534 2899 Nos
2555 2850 2594 2898 si
2622 2849 2823 2912 pellant,
2850 2849 2969 2901 nihil
2991 2849 3163 2903 abiere
3186 2853 3407 2911 credunt

2018 2910 2146 2970 Quin
2173 2923 2369 2961 omnem
2394 2910 2683 2979 ligsperitim
2705 2915 2906 2976 penitus
2927 2926 3015 2964 sua
3042 2915 3136 2964 sub
3155 2916 3275 2979 juga
3298 2910 3514 2968 mittant.

1954 3037 2145 3093 Omnis
2178 3038 2324 3093 enim
2371 3051 2457 3094 res
2508 3039 2670 3094 habet
2711 3039 2915 3111 aliquid
2955 3041 3291 3110 praecedens,
3343 3042 3550 3115 aliquid

251 3112 529 3170 contraria
555 3120 698 3177 sunt,
728 3114 979 3183 prodesse
1004 3122 1060 3168 et
1088 3126 1301 3169 nocere.
1333 3114 1640 3171 Similitudo
1663 3126 1843 3173 autem
1875 3159 1924 3222 ϐ
1956 3133 2137 3197 simul,
2169 3132 2370 3203 aliquid
2402 3134 2735 3203 subsequens
2767 3150 2780 3187 ε
2820 3142 2877 3187 ει
2915 3133 3034 3189 ideo
3059 3149 3124 3189 ex
3168 3135 3254 3190 his
3298 3112 3552 3193 omnibus

253 3206 566 3261 animorum
598 3213 701 3270 est,
732 3206 874 3275 quod
905 3220 1080 3274 neque
1108 3206 1196 3261 ille
1226 3207 1393 3263 voluit
1418 3209 1629 3275 obesse,
1671 3225 1847 3280 neque

251 3297 346 3351 hic
373 3297 649 3366 prodesse.
677 3296 764 3351 Fit
789 3302 843 3351 et
865 3313 961 3367 per
985 3297 1154 3366 paria,
1184 3311 1307 3353 cum
1329 3312 1436 3353 non
1466 3312 1531 3355 ex
1557 3301 1848 3356 contrariis

252 3390 442 3455 rebus,
481 3390 573 3444 sed
603 3406 669 3444 ex
700 3388 987 3467 simillimis
1029 3404 1125 3458 per
1150 3398 1398 3444 naturam
1428 3392 1708 3461 probabile
1739 3392 1851 3447 col-

250 3479 473 3552 ligimus
519 3488 913 3551 argumentum.
964 3480 1104 3533 Num
1152 3489 1211 3534 ut
1251 3480 1403 3536 locus
1448 3482 1500 3536 in
1538 3483 1673 3537 mari
1727 3485 1846 3539 sine

250 3582 417 3642 portu
443 3574 669 3627 navibus
710 3574 915 3629 inlutus
943 3582 1056 3641 est;
1097 3575 1176 3630 sic
1202 3576 1435 3641 animus,
1475 3577 1567 3645 qui
1596 3577 1712 3631 sine
1744 3576 1848 3632 [ille

251 3673 358 3729 est,
394 3665 580 3720 amicis
625 3680 730 3720 non
759 3676 934 3737 potest
964 3683 1083 3723 esse
1111 3677 1419 3737 portuosus.
1465 3670 1551 3723 Fit
1592 3678 1646 3725 et
1675 3671 1728 3724 in
1763 3671 1847 3727 his

248 3758 438 3823 rebus,
484 3772 601 3827 qute
631 3759 731 3813 sub
777 3760 1017 3814 eamdem
1064 3760 1330 3815 rationem
1358 3760 1574 3826 cadunt,
1626 3763 1750 3817 dum
1779 3778 1846 3819 ex

247 3847 415 3902 unius
454 3848 531 3901 rei
585 3849 795 3903 ratione
831 3849 1057 3904 alterius
1088 3865 1303 3921 quoque
1341 3851 1480 3905 ratio
1527 3854 1845 3922 comproba-

251 3951 374 4007 tur;
408 3951 465 3995 ut
494 3950 642 4011 puta,
675 3942 763 4012 qui
808 3942 976 3998 lilium
1002 3944 1263 4007 vendidit,
1291 3945 1528 4015 iniquam
1562 3962 1675 4002 rem
1703 3946 1845 4004 fece-

249 4033 358 4099 rit;
391 4041 446 4089 et
473 4033 564 4103 qui
594 4034 744 4100 emit,
776 4034 959 4105 inique
988 4035 1177 4091 fecerit
1207 4036 1387 4109 [Mss.,
1417 4037 1587 4112 fecit].

861 4128 900 4180 Α
935 4128 1253 4198 (li/ferentia.

325 4216 369 4270 A
399 4216 701 4272 differentia
734 4218 792 4272 lit
831 4216 1013 4289 [.ilss.,
1052 4219 1156 4291 est]
1194 4230 1595 4292 argumentum,
1628 4226 1842 4294 quando

244 4322 353 4374 per
377 4307 733 4365 dill‘erentiam
764 4309 954 4379 aliqua:
987 4326 1073 4365 res
1102 4321 1443 4381 separantur,
1492 4323 1550 4370 ut
1588 4315 1843 4386 Virgilius

256 4397 702 4475 (/En.,x,581):

349 4511 455 4560 Non
480 4513 728 4563 Diomedis
751 4527 927 4577 equos,
955 4529 1051 4566 non
1075 4529 1267 4567 currum
1295 4521 1459 4569 cernis
1484 4518 1697 4571 Achillis.

321 4611 491 4684 348
517 4612 605 4667 Fit
632 4632 845 4688 quoque
872 4618 1195 4687 diil‘erentia,
1219 4638 1340 4678 cum
1365 4624 1417 4678 in
1439 4627 1626 4682 eodem
1648 4642 1843 4696 genere

248 4702 464 4772 species
494 4703 561 4757 ab
582 4704 685 4757 alia
713 4708 890 4774 specie
915 4712 1236 4777 secernitur,
1267 4723 1326 4768 ut
1359 4715 1571 4771 Marcus
1595 4717 1801 4773 Tullius
1825 4737 1839 4787 ε

251 4790 445 4857 Qualis
486 4790 541 4846 in
584 4792 785 4848 urbana
822 4797 1091 4865 provincia
1129 4799 1294 4869 fuerit
1342 4799 1545 4869 Verres,
1589 4804 1748 4860 talem
1788 4807 1842 4862 in

247 4883 566 4954 provinciali
585 4902 713 4940 esse.

865 4980 905 5035 Α
937 4995 1116 5039 contra
1126 4984 1215 5041 riis

321 5071 370 5125 Α
404 5073 695 5128 contrariis
720 5075 952 5129 sumitur
972 5088 1376 5147 argumentum,
1407 5083 1625 5151 quando
1652 5096 1738 5139 res
1768 5083 1843 5140 si-

245 5165 422 5220 bimet
464 5164 833 5235 discrepantes
871 5178 1250 5238 opponuntur;
1284 5183 1345 5226 ut
1381 5173 1636 5244 Virgilius
1682 5174 1837 5230 len.

245 5273 330 5324 η,
365 5257 501 5332 94)τ

376 5372 424 5445 ρ
445 5376 685 5445 genitru,
710 5389 808 5438 quo
834 5376 926 5445 lata
948 5392 1107 5445 Vliets,
1134 5391 1217 5428 aut
1234 5380 1354 5445 quid
1383 5382 1512 5441 petis
1533 5382 1642 5433 istis
1659 5382 1686 5433 γ

384 5435 651 5487 Mortaline
676 5435 819 5486 manu
846 5440 981 5488 facta:
1007 5435 1279 5489 inuimrlttle
1299 5435 1395 5491 cari
1420 5456 1475 5492 ιω

379 5495 718 5609 ἳᾶρξίξθεηι
739 5514 753 5563 ;
777 5510 1043 5564 certusque
1070 5508 1252 5553 incerta
1278 5506 1496 5564 pericula
1522 5504 1699 5556 lustret

240 5660 403 5717 lovis
434 5661 691 5737 [Jupiter]
725 5664 791 5719 ad
822 5665 1240 5737 Berecynthiam
1267 5666 1443 5722 fertur
1474 5668 1701 5725 dixisse.
1725 5661 1799 5725 Et
1825 5689 1837 5724 :

242 5752 305 5807 Si
325 5753 576 5809 desertor
598 5757 954 5826 appellandus
979 5767 1081 5827 est,
1107 5760 1197 5830 qui
1215 5760 1423 5816 hostem
1441 5762 1577 5817 vitat
1598 5778 1661 5819 ac
1684 5762 1840 5833 fugit.

498 5849 772 5910 ΡΑτιιοι.
821 5852 921 5913 Cl.

1956 3234 2273 3295 argumenta
2304 3226 2628 3297 colligimus.
2665 3226 2725 3282 lu
2768 3225 3038 3295 adjunctis
3060 3227 3249 3293 etiam,
3274 3237 3335 3283 ut
3360 3227 3553 3287 Cicero

1950 3317 2144 3382 voluit,
2177 3318 2413 3373 maxime
2453 3320 2739 3389 quaeritur,
2781 3320 2910 3390 quid
2947 3327 3074 3375 ante
3108 3336 3245 3387 rem,
3270 3321 3400 3393 quid
3426 3338 3551 3377 cum

1950 3425 2027 3473 re,
2059 3411 2186 3480 quid
2226 3416 2349 3480 post
2395 3425 2509 3465 rem
2555 3412 2829 3478 evenerit;
2872 3412 2965 3481 qui
3018 3412 3169 3467 locus
3212 3414 3448 3469 maxime
3480 3416 3549 3469 ad

1949 3501 2317 3571 conjecturam
2360 3492 2614 3572 pertinet.
2658 3503 2790 3556 Ante
2834 3508 2964 3565 rem,
3018 3512 3332 3573 apparatus,
3377 3505 3545 3559 collo-

1949 3593 2095 3661 quia.
2146 3591 2214 3646 In
2266 3605 2339 3656 re,
2398 3594 2654 3663 strepitus
2710 3594 2925 3664 pedum.
2987 3591 3115 3648 Post
3166 3610 3295 3661 rem,
3344 3596 3544 3666 pallor,

1949 3683 2137 3748 rubor,
2167 3689 2222 3738 et
2250 3683 2295 3738 si
2335 3699 2438 3753 qua
2469 3694 2596 3739 sunt
2620 3685 2818 3739 similia

2020 3776 2194 3835 Locus
2225 3778 2294 3832 ab
2317 3780 2778 3845 antecedentibus,
2810 3789 2864 3834 et
2889 3779 3345 3851 consequentibus
3373 3792 3429 3839 et
3456 3799 3543 3840 re-

1947 3875 2312 3946 pugnantibus
2338 3874 2391 3928 in
2428 3890 2492 3929 eo
2515 3872 2750 3930 differta
2785 3872 3091 3943 conjunctis
3126 3876 3240 3931 sive
3271 3875 3541 3946 adjunctis

1949 3965 2138 4039 [quod]
2170 3966 2453 4035 conjuncta
2485 3982 2591 4021 non
2619 3981 2833 4037 semper
2860 3968 3154 4035 eveniunt;
3201 3985 3537 4041 consequen-

1948 4060 2024 4115 tia
2056 4074 2187 4114 vero
2216 4073 2445 4128 semper.
2483 4057 2559 4113 Ea
2597 4059 2765 4130 igitur
2800 4066 2927 4113 sunt
2952 4060 3371 4129 consequentia,
3414 4076 3537 4132 qua:

1946 4166 2061 4209 rem
2088 4151 2398 4207 necessario
2419 4159 2848 4223 consequuntur,
2874 4160 2932 4206 ut
2966 4169 2978 4205 :
3012 4150 3068 4207 Si
3096 4153 3212 4209 dies
3238 4162 3341 4220 est,
3373 4155 3541 4211 lucet.

1944 4244 2098 4307 item,
2143 4243 2517 4301 antecedentia
2556 4251 2612 4298 et
2653 4243 3043 4315 repugnantia;
3088 4244 3349 4316 quidquid
3390 4247 3539 4303 enim

1946 4335 2298 4405 consequitur
2323 4349 2593 4405 quamque
2614 4348 2751 4399 rem,
2775 4335 2828 4390 id
2858 4336 3095 4391 cohaeret
3120 4351 3243 4391 cum
3273 4353 3330 4393 re
3352 4353 3541 4399 neces-

1944 4427 2089 4483 sario
2113 4428 2191 4500 [et
2217 4428 2476 4498 quidquid
2503 4429 2797 4493 antecedit,
2829 4428 2880 4482 id
2907 4428 3073 4483 trahit
3107 4440 3535 4502 consequentem

1870 4525 1921 4585 ι)
1948 4520 2309 4593 necessario];
2345 4529 2401 4575 et
2426 4521 2688 4593 quidquid
2714 4530 2999 4595 repugnat,
3043 4522 3308 4593 ejusmodi
3347 4535 3448 4592 est,
3479 4536 3540 4582 ut

1947 4614 2220 4669 cohaerere
2258 4626 2531 4683 nunquam
2565 4613 2758 4685 possit.

2480 4724 2525 4779 A
2554 4728 2987 4796 repugnantibus.

2015 4813 2060 4871 Α
2107 4819 2528 4890 repugnantibus
2571 4827 2949 4890 argumentum
2985 4827 3084 4885 est,
3130 4823 3346 4891 quando
3403 4823 3537 4879 illud

1944 4907 2084 4977 quod
2112 4906 2368 4979 objicitur
2399 4923 2515 4972 reo,
2555 4907 2733 4978 aliqua
2781 4910 3169 4968 contrarietate
3206 4913 3533 4971 destruitur.

1948 4998 2017 5054 Ut
2055 4997 2246 5054 Cicero
2287 4999 2461 5053 dicit:
2493 4997 2544 5053 Is
2576 4998 2739 5070 igitur
2779 5015 2888 5055 non
2937 5001 3096 5057 modo
3124 5016 3154 5057 a
3196 5009 3249 5058 te
3290 5003 3536 5075 periculo

1944 5091 2225 5155 liberatus,
2257 5091 2350 5146 sed
2395 5090 2559 5145 etiam
2603 5091 2933 5163 amplissimo
2979 5094 3185 5150 honore
3215 5096 3415 5150 ditatus
3444 5109 3537 5148 ar-

1945 5186 2147 5256 guitur,
2176 5183 2321 5239 domi
2370 5198 2481 5239 sua:
2526 5192 2581 5239 te
2610 5184 2918 5243 interﬁcere
2945 5187 3201 5243 voluisse.
3246 5186 3413 5242 item:
3452 5186 3534 5252 Si,

1942 5291 2051 5345 qua
2076 5275 2164 5331 die
2182 5275 2359 5343 caedes
2382 5277 2482 5331 ista
2517 5276 2703 5331 Roma:
2740 5275 2881 5333 facta
2909 5286 3010 5344 est,
3048 5293 3148 5349 ego
3176 5277 3405 5332 Athenis
3434 5275 3529 5344 ini,

1943 5369 1998 5423 in
2024 5368 2170 5424 caede
2196 5368 2457 5426 interesse
2490 5384 2597 5424 non
2633 5369 2803 5440 potui.

2597 5483 2642 5538 Α
2677 5486 2874 5540 causis.

2016 5576 2057 5631 Α
2090 5576 2267 5632 causis
2295 5586 2668 5646 argumentum
2694 5577 2929 5642 ducitur,
2968 5576 3182 5646 quando
3210 5590 3275 5632 ex
3303 5589 3531 5633 consuev

1947 5669 2131 5724 tudine
2173 5668 2445 5724 communi
2490 5684 2596 5733 res,
2634 5683 2755 5739 quae
2801 5675 3085 5733 tractatur,
3137 5666 3253 5724 ﬁeri
3291 5666 3530 5739 potuisse

1947 5760 2306 5815 convincitur.
2340 5760 2411 5813 Ut
2441 5759 2725 5814 Terentius
2747 5758 2906 5829 (And.
2930 5758 3013 5818 lli.
3046 5775 3121 5824 tv,
3150 5758 3203 5830 5)
3239 5776 3252 5814 :

2978 5852 3047 5914 3i
