4062 6346
555 321 652 377 97|

1395 316 1454 368 Β.
1498 315 1555 368 F.
1599 312 1821 366 ALBINI
1860 311 1989 367 SEU
2030 308 2307 365 ALCUINI
2343 309 2623 365 OPERUM
2664 309 2842 364 PARS
2882 309 2989 363 VII.

3708 308 3818 363 97*}.

555 433 660 495 Ego
683 444 779 482 non
802 431 917 480 nihil
954 432 1092 493 (Mss.
1120 442 1161 479 τὸ
1180 427 1298 476 nihil
1322 425 1558 495 omittam)
1583 425 1769 473 veritus
1790 423 2123 495 suntadudum
2154 429 2196 484 Λ
2229 423 2397 478 trario
2428 430 2744 491 argumenta
2770 436 2890 476 esse
2916 419 3193 475 ducenda?
3214 449 3279 457 —-
3308 417 3372 470 Α.
3408 416 3687 472 Pet-tinent
3710 422 3823 472 uti-

1415 488 1523 545 (abs
1543 493 1592 535 te
1615 499 1811 546 carere,
1831 498 1892 533 ne
1914 486 2120 543 faceres,

556 528 695 614 Quod
721 554 891 614 vulgus
921 564 1171 601 servorum
1206 528 1591 609 sollicitam-Aul:
1606 528 2030 614 soleijvdolisfiit'
2049 528 2132 594 iiii;

1826 608 2130 666 (deluderes.

625 696 790 767 359
815 694 899 747 Fit
924 708 1141 764 quoque
1170 693 1274 747 hoc
1302 690 1460 746 modo
1488 706 1518 743 a
1542 703 1701 743 causa
1734 696 2127 761 argumentum,

557 790 683 843 dum
709 802 926 841 causam
966 785 1213 841 adulterii
1257 783 1530 837 libidinem
1576 795 1695 835 esse
1730 780 1987 844 dicimus;
2022 780 2134 833 sive

555 881 858 951 parricidii,
894 879 1198 933 avaritiam.
1225 876 1331 930 Sed
1359 883 1412 930 et
1436 883 1546 928 tum
1573 873 1733 927 latius
1752 872 2133 951 disputandum

554 983 639 1029 est
668 974 735 1027 de
759 973 810 1026 vi
835 987 1033 1034 causae,
1064 970 1116 1023 id
1151 976 1252 1032 est,
1288 966 1526 1021 avaritire
1554 966 1666 1020 sive
1688 948 1955 1029 libidinis;
1997 978 2129 1032 qua-

555 1073 713 1117 tenus
737 1063 781 1117 si
818 1077 980 1116 causa
1012 1058 1184 1128 turpis
1212 1057 1472 1119 videatur,
1502 1071 1588 1108 res
1614 1070 1825 1123 quoque
1850 1054 2131 1107 inhonesta

552 1154 826 1217 videatur;
849 1160 909 1205 ut
941 1170 952 1203 :
984 1150 1085 1216 Qui
1113 1148 1246 1203 lucri
1280 1147 1509 1201 faciendi
1543 1161 1705 1200 causa
1743 1145 1890 1199 venit
1925 1144 1978 1198 in
2002 1154 2135 1198 tem-

552 1244 720 1314 plum,
753 1241 1048 1312 sacrilegus
1077 1248 1179 1294 est.
1208 1238 1322 1291 Non
1348 1237 1490 1291 enim
1520 1251 1604 1289 res
1633 1235 1954 1289 maleﬁcium
1982 1233 2131 1297 facit,

554 1334 649 1388 sed
686 1348 850 1388 causa
881 1330 1144 1390 faciendi;
1177 1343 1277 1383 nec
1308 1327 1477 1391 exitu,
1507 1327 1597 1380 sed
1624 1333 1819 1380 conatu
1850 1323 2134 1378 malefacta

557 1426 957 1482 existimantur.

1177 1510 1254 1564 Ab
1285 1510 1502 1580 effectis.

628 1608 710 1661 Ab
741 1604 945 1661 effectis
973 1612 1343 1675 argumentum
1369 1611 1472 1665 est,
1502 1616 1621 1656 cum
1646 1616 1710 1655 ex
1739 1600 1825 1653 his
1847 1613 1966 1668 qua:
1993 1597 2133 1652 facta

556 1706 700 1762 sunt,
730 1696 932 1766 aliquid
967 1695 1314 1764 approbatur,
1345 1701 1407 1746 ut
1435 1691 1688 1760 Virgilius
1711 1689 1889 1759 (£11.,
1912 1704 1987 1753 iv,
2011 1686 2130 1759 15):

713 1807 1009 1868 Degeneres
1030 1806 1217 1853 animos
1240 1805 1382 1854 timor
1404 1803 1587 1864 arguit.
1615 1834 1631 1851 .
1658 1835 1672 1848 .
1706 1836 1719 1850 .
1747 1835 1759 1850 .

554 1914 687 1968 Nam
720 1914 882 1967 timor
922 1920 1005 1967 cst
1034 1926 1217 1975 causa,
1255 1919 1314 1964 ut
1350 1909 1584 1979 degener
1617 1908 1685 1963 sit
1715 1906 1957 1973 animus;
1990 1904 2133 1975 quod

552 2007 763 2062 timoris
787 2014 869 2060 est
890 2001 1217 2059 effectivum.

621 2097 917 2152 Etlicicntia
943 2103 1087 2159 sunt,
1119 2108 1239 2162 quae
1261 2093 1345 2146 vel
1374 2092 1425 2146 vi
1455 2106 1551 2145 sua
1584 2090 1784 2160 aliquid
1818 2087 2131 2152 conﬁciunt,

549 2198 608 2243 ut
637 2190 774 2259 ignis
804 2186 1112 2241 incendium
1136 2201 1150 2250 ;
1178 2184 1261 2237 vel
1290 2185 1405 2238 sine
1431 2184 1626 2252 quibus
1649 2182 1786 2236 ellici
1818 2197 1924 2236 non
1960 2186 2136 2249 potest

552 2279 730 2349 aliqua
766 2292 872 2342 res,
911 2285 972 2330 ut
1011 2291 1179 2329 naves
1229 2275 1345 2328 sine
1384 2275 1646 2327 trabibus.
1695 2272 1997 2327 Efﬁcientia
2032 2271 2135 2326 alia

553 2378 676 2423 sunt
738 2368 1066 2432 necessaria,
1123 2366 1228 2419 alia
1276 2382 1403 2419 non.
1448 2365 1583 2419 Huic
1624 2366 1742 2419 loco
1786 2362 2135 2419 efﬁcientium

553 2474 840 2513 causarum
862 2456 1086 2525 junctus
1111 2457 1260 2512 locus
1287 2466 1371 2511 est
1389 2498 1402 2520 ,
1431 2455 1651 2511 effectus
1678 2470 1708 2509 a
1734 2455 1927 2518 causis,
1958 2454 2009 2508 id
2033 2461 2132 2518 est,

549 2556 806 2612 eventus;
832 2556 888 2602 ut
917 2549 1059 2602 enim
1105 2563 1296 2613 causa,
1329 2547 1457 2617 quid
1488 2547 1558 2601 sit
1590 2545 1861 2610 effectum,
1901 2545 2133 2609 indicat;

549 2640 629 2694 sic
649 2638 889 2705 effectus,
922 2653 1041 2708 qum
1071 2637 1232 2693 fuerit
1267 2653 1449 2700 causa,
1480 2635 1840 2701 demonstrat,
1870 2643 1927 2688 ut
1958 2634 2135 2688 fumus

550 2730 750 2802 ignem.
806 2730 872 2783 Et
924 2728 1046 2784 ideo
1075 2728 1265 2783 Cicero
1312 2728 1429 2783 loco
1458 2742 1742 2783 causarum
1788 2725 2135 2780 efficientiam

546 2822 743 2894 [Edit.,
786 2821 905 2876 loco
942 2819 1267 2892 efﬁcientiaa]
1308 2820 1505 2889 posuit,
1549 2826 1802 2874 eventum
1852 2833 1979 2872 vero
2017 2817 2136 2871 loco

547 2912 859 2967 ell‘eetorum
882 2927 897 2977 ;
918 2919 978 2964 ut
1007 2911 1050 2965 si
1073 2926 1232 2980 quem
1258 2909 1427 2981 [Edit.
1447 2952 1461 2974 ,
1495 2908 1783 2980 siquidem]
1814 2908 2131 2963 insolentem

543 3003 890 3074 probaveris,
940 3002 1122 3066 dicas,
1160 3002 1324 3056 etiam
1359 3008 1700 3071 arrogantem
1754 2998 2011 3053 futurum.
2050 3000 2125 3053 Ita

546 3111 645 3167 per
674 3093 802 3165 [Με.
830 3109 935 3147 om.
971 3093 1089 3164 per]
1114 3100 1385 3157 eventum,
1410 3092 1463 3146 id
1488 3100 1600 3157 est,
1631 3090 1876 3145 effectum
1900 3091 2131 3147 insolen-
2159 3126 2204 3187 ϐ

547 3186 636 3240 tia:
686 3185 1050 3254 arrogantiam
1072 3184 1297 3252 probas;
1333 3181 1655 3252 arrogantia:
1708 3196 1837 3237 vero
1879 3197 2123 3247 causam,

549 3276 602 3329 id
654 3283 756 3339 est,
797 3273 1169 3338 efﬁcientiam,
1220 3272 1562 3327 insolentiam
1618 3270 1750 3343 [Αι.,
1806 3272 2130 3342 arrogantiae

549 3383 709 3424 causa
740 3376 823 3422 est
852 3366 1158 3420 insolentia.

1074 3457 1114 3509 Α
1144 3453 1559 3525 comparatione.

615 3551 659 3603 Α
698 3548 1102 3618 comparatione
1132 3554 1511 3616 argumentum
1530 3545 1762 3609 ducitur,
1793 3545 2007 3614 quando
2033 3560 2127 3614 per

548 3641 893 3696 collationem
940 3654 1291 3710 personarum
1350 3638 1463 3692 sive
1508 3652 1796 3692 causarum
1846 3637 2128 3692 sententia:

546 3732 686 3785 ratio
734 3730 1104 3788 conﬁrmatur.
1150 3730 1216 3784 Et
1266 3743 1480 3798 semper
1514 3728 1770 3799 augendae
1826 3729 1902 3783 rei
1950 3728 2130 3783 studet

544 3823 908 3894 comparatio;
931 3822 1096 3892 fitque
1120 3822 1293 3878 tribus
1316 3820 1489 3875 modis
1513 3837 1528 3885 ;
1554 3838 1584 3873 a
1609 3821 1829 3890 majore,
1853 3838 1885 3873 a
1906 3822 2125 3886 minore,

544 3932 576 3968 a
600 3915 739 3984 pari.

616 4004 657 4058 Α
692 4004 891 4075 majore
917 4006 1017 4060 hoc
1042 4004 1235 4071 modo;
1262 4012 1322 4059 ut
1346 4002 1597 4075 Virgilius
1627 4002 1804 4072 (15".,
1836 4019 1935 4068 vu,
1958 4002 2082 4073 555)
2111 4021 2123 4057 ;

734 4114 809 4165 Τιι
834 4121 975 4178 potas
996 4117 1250 4165 unanimes
1274 4128 1464 4165 armare
1491 4118 1538 4163 in
1564 4115 1726 4177 prmlia
1746 4114 1943 4163 fratres.

616 4221 757 4291 Ergo
782 4219 874 4289 qui
910 4219 962 4273 in
1004 4218 1265 4276 fratribus
1304 4222 1405 4275 hoc
1430 4228 1602 4289 potes,
1633 4226 1837 4287 quanto
1868 4217 2040 4287 magis
2071 4217 2125 4272 in

547 4312 688 4367 aliis.
737 4311 868 4366 Item
909 4327 939 4365 a
976 4311 1220 4379 majore:
1256 4312 1313 4365 Si
1353 4310 1656 4364 adulterum
1701 4309 1950 4363 occidere
1977 4308 2123 4372 licet,

544 4403 671 4458 licet
701 4411 755 4457 et
780 4403 913 4457 loris
938 4403 1163 4457 credere.

620 4493 664 4545 Α
712 4493 970 4547 minorum
1020 4490 1424 4560 comparatione,
1456 4498 1511 4543 ut
1543 4503 1558 4543 :
1595 4490 1648 4544 Si
1689 4489 1861 4542 furem
1905 4495 2123 4543 noctur-
2154 4496 2204 4558 υ

544 4598 675 4636 num
723 4581 967 4636 occidere
1005 4579 1163 4644 licet,
1196 4580 1324 4650 quid
1361 4579 1496 4651 [ΑΛ.
1530 4596 1627 4634 cur
1649 4579 1777 4651 non]
1815 4578 2121 4634 latronem?

543 4676 675 4730 Item
707 4691 738 4728 a
778 4674 982 4728 minore
1018 4691 1030 4727 :
1063 4672 1121 4728 Si
1154 4673 1360 4743 exiguae
1402 4671 1645 4741 pecuniae
1689 4686 1849 4725 causa
1896 4685 2122 4739 peccare

544 4780 651 4819 non
673 4763 959 4828 dubitabit,
989 4762 1118 4833 quid
1146 4777 1265 4816 cum
1314 4761 1388 4815 illi
1415 4762 1590 4830 majus
1617 4771 1754 4814 esset
1788 4760 2118 4829 propositum

544 4854 787 4910 lucrum?
815 4852 969 4908 Certe
995 4868 1101 4907 non
1124 4852 1383 4907 abstinuit
1408 4851 1536 4924 [ΑΛ.
1568 4866 1674 4905 non
1705 4849 2045 4922 abstineret].

612 4944 657 4996 Α
686 4943 892 5014 parium
920 4945 1338 5016 comparatione,
1374 4952 1432 4997 ut
1458 4941 1711 5014 Virgilius
1743 4940 1893 5012 (:Eu.
1924 4957 1991 5005 at,
2021 4941 2082 4996 81
2103 4980 2118 5007 ,

545 5032 637 5105 εἳ)
671 5052 683 5105 ς

672 5104 710 5153 Τ
717 5118 744 5151 ιι
772 5110 913 5164 potes
931 5102 1129 5164 )Eneam
1150 5102 1367 5152 manibus
1390 5103 1673 5164 subducere
1688 5099 1881 5164 Graium
1906 5114 1920 5149 :

669 5162 965 5226 Nos‘aliquid
992 5163 1176 5214 Rutilus
1193 5172 1359 5213 contra
1380 5165 1569 5226 iuvisse
1588 5162 1849 5213 nefandum
1870 5162 1978 5212 est?

536 5269 676 5325 Item
705 5285 736 5322 a
766 5271 879 5341 pari
913 5283 931 5321 :
965 5269 1021 5323 Si
1044 5269 1165 5339 quis
1192 5279 1347 5340 neget
1379 5269 1579 5324 cmdem
1605 5283 1634 5322 a
1667 5284 1725 5324 se
1750 5284 1871 5324 esse
1902 5268 2117 5331 factam,

541 5362 773 5441 eoqqu
802 5378 903 5417 non
936 5363 1049 5431 ipse
1078 5360 1658 5437 percusseritadicitur
1692 5361 1759 5421 ei,
1789 5361 2012 5415 nihilum
2043 5361 2123 5414 in-

545 5439 746 5509 teresse
769 5463 826 5509 ul
850 5464 1039 5509 auctor
1061 5454 1183 5524 quis
1213 5453 1402 5509 fuisset
1434 5454 1597 5508 caedis
1616 5493 1630 5517 ,
1667 5469 1733 5505 an
1767 5453 1878 5521 ipse
1907 5467 2125 5520 percus-

540 5544 832 5612 serit,'quia
846 5560 910 5599 ex
924 5552 1153 5614 utroque
1168 5545 1221 5598 in
1236 5545 1482 5599 eumdem
1495 5544 1698 5597 exitum
1713 5542 1886 5597 scelus
1897 5542 2121 5598 venerit.

613 5632 673 5684 ϐ.
707 5635 762 5688 Si
795 5637 1112 5705 evangelica:
1139 5638 1517 5692 similitudines
1541 5634 1832 5704 pertinent,
1876 5649 1943 5688 an
1992 5650 2122 5700 non,

548 5724 614 5776 a.l
642 5725 773 5779 istas
797 5727 1021 5795 species,
1056 5728 1142 5781 ubi
1170 5729 1351 5783 dixisti
1393 5746 1421 5781 a
1450 5727 1799 5783 similitudine
1824 5727 1907 5782 vel
1932 5743 1960 5780 a
1990 5744 2123 5782 cono

2230 529 2353 582 quc.
2376 512 2531 566 —C.
2563 512 2804 578 Quonam
2851 510 3043 565 modo?
3067 539 3137 550 ——
3161 510 3221 562 Α.
3256 509 3511 575 Quzcdam
3554 509 3695 562 enim
3744 512 3823 562 si-

2232 600 2559 656 militudines
2595 617 2626 654 a
2666 602 2780 669 pari
2827 600 3099 663 dicuntur,
3147 599 3391 667 quaedam
3439 612 3472 651 a
3518 599 3819 651 contrario.

2232 691 2362 757 Quze
2394 707 2524 746 vero
2551 707 2581 745 a
2610 692 2853 760 paribus,
2878 684 2964 745 his
2988 690 3168 743 verbis
3190 688 3339 759 jungi
3367 699 3590 758 possunt
3623 704 3637 742 :
3669 690 3822 743 Sicut

2231 784 2391 849 istud,
2425 784 2502 837 sic
2528 793 2577 837 et
2603 782 2757 837 illud.
2784 783 2936 838 Sicut
2957 784 3021 838 de
3044 798 3221 847 servo,
3262 783 3354 853 qui
3384 782 3639 836 dimissus
3659 798 3689 836 a
3714 783 3822 836 Do-

2232 872 2378 927 mino
2402 889 2557 927 suum
2591 872 2871 928 sull‘ocavit
2900 889 3242 936 conservmn,
3273 873 3377 928 dici
3405 883 3581 943 potest
3613 891 3626 927 :
3665 872 3825 928 Sicut

2232 963 2490 1019 Dominus
2510 965 2636 1019 huic
2657 980 2813 1020 servo
2856 981 3086 1035 nequam
3112 980 3216 1020 non
3241 966 3528 1020 dimittenti
3553 981 3822 1021 conservo

2234 1073 2332 1112 suo
2356 1056 2514 1124 fecit;
2545 1058 2622 1114 sic
2652 1068 2806 1127 pater
2836 1067 3013 1114 vester
3048 1059 3287 1113 cmlestis
3327 1056 3490 1113 faciet
3533 1060 3709 1114 vobis.
3755 1062 3824 1114 Et

2240 1148 2467 1217 reliqua.
3875 1127 3886 1138 ’

2303 1237 2435 1291 Item
2481 1238 2548 1292 de
2596 1237 2900 1292 feneratore
2949 1239 3062 1307 qui,
3092 1254 3214 1292 cum
3243 1239 3454 1294 duobus
3486 1240 3821 1295 debitoribus

2235 1327 2454 1381 donavit
2481 1328 2626 1398 quod
2653 1329 2941 1391 debebant,
2988 1331 3055 1383 ab
3092 1344 3155 1385 eo
3181 1327 3303 1398 plus
3329 1331 3560 1386 dilectus
3597 1340 3702 1391 est.
3732 1335 3819 1386 cui

2234 1417 2354 1487 plus
2401 1418 2640 1472 donavit.
2675 1418 2741 1471 Et
2770 1420 2835 1473 de
2868 1419 3083 1472 homine
3110 1420 3200 1488 qui
3230 1420 3466 1476 habetat
3493 1422 3629 1477 duos
3658 1423 3814 1487 ﬁlios,

2236 1507 2493 1576 majorem
2535 1508 2589 1563 in
2629 1525 2759 1579 agro
2807 1509 2907 1564 sibi
2953 1510 3430 1579 propinquantem;
3469 1514 3733 1568 minorem
3766 1516 3817 1567 in

2238 1600 2523 1670 longinquo
2555 1601 2941 1664 luxuriantem,
2971 1610 3023 1655 et
3071 1602 3486 1657 innumerabilia
3538 1605 3815 1674 hujusmo-

2236 1694 2311 1749 di.
2340 1694 2416 1749 De
2445 1695 2530 1749 bis
2551 1694 2716 1758 enim,
2740 1703 2998 1764 quantum
3028 1694 3224 1749 similia
3247 1704 3394 1759 sunt,
3420 1696 3635 1750 ducitur
3668 1697 3818 1750 intri-

2164 1775 2207 1834 Β
2237 1787 2407 1843 lectus
2436 1786 2552 1856 ejus
2577 1787 2679 1851 rei,
2702 1787 2789 1840 cui
2817 1787 3161 1851 adhibentur,
3204 1787 3558 1842 insinuandm.

2307 1878 2436 1943 Quae
2478 1886 2605 1931 sunt
2641 1892 2671 1930 a
2699 1877 2993 1942 contrario,
3026 1878 3111 1931 bis
3134 1878 3315 1931 verbis
3350 1877 3505 1947 jungi
3548 1885 3769 1947 possunt
3801 1896 3812 1929 :

2235 1968 2294 2024 Si
2320 1970 2477 2035 is‘tud,
2516 1978 2711 2040 quanto
2741 1971 2906 2040 magis
2938 1980 2984 2023 et
3010 1969 3163 2024 illud.
3198 1970 3268 2025 Ut
3296 1971 3402 2035 ille,
3435 1972 3526 2040 qui
3566 1987 3670 2024 non
3699 1986 3818 2040 pro-

2234 2071 2356 2131 pter
2383 2062 2676 2116 amicitiam
2696 2102 2710 2127 ,
2743 2062 2837 2116 sed
2880 2070 2939 2115 ut
2964 2062 3121 2117 acilio
3150 2071 3382 2127 careret,
3407 2063 3519 2132 jam
3550 2063 3637 2117 dor
3652 2065 3819 2116 11:26:15

2234 2150 2522 2217 excitatur,
2554 2159 2612 2204 ut
2661 2160 2770 2204 tres
2815 2166 2981 2220 panes
3010 2150 3376 2225 acconnnodet
3400 2151 3576 2204 amico
3613 2164 3737 2206 sue.
3764 2151 3819 2204 Si

2234 2243 2377 2296 enim
2417 2242 2505 2295 ille
2556 2242 2797 2297 molestia
2844 2242 3155 2312 compulsus
3202 2242 3368 2303 dedit,
3415 2249 3623 2310 quanto
3648 2242 3822 2311 magis

2235 2333 2396 2397 Deus,
2429 2334 2521 2403 qui
2548 2348 2674 2387 suos
2698 2347 2883 2388 servos
2910 2332 3135 2404 diligens
3187 2332 3445 2394 hortatur,
3475 2341 3531 2385 ut
3570 2340 3821 2400 petamus

2238 2424 2366 2496 [AL,
2398 2424 2627 2495 petant],
2659 2425 2804 2479 dabit
2832 2425 2969 2479 bona
2996 2424 3301 2493 petentibus
3327 2424 3418 2478 se?
3452 2422 3588 2476 Item
3622 2423 3821 2492 iniqui-

2238 2517 2366 2571 tatis
2389 2516 2621 2581 villicus,
2641 2516 2731 2586 qui
2755 2516 2960 2570 falsatis
2980 2504 3354 2586 chirographis
3378 2515 3701 2585 providebat
3722 2516 3819 2569 sibi

2234 2615 2290 2661 et
2316 2607 2565 2662 laudatus
2606 2616 2690 2661 est
2731 2623 2761 2662 a
2789 2607 3004 2661 domino
3032 2621 3158 2670 suo;
3201 2606 3301 2660 hoc
3346 2614 3665 2676 argumento
3693 2622 3822 2660 con-

2237 2698 2537 2755 eludendos
2566 2698 2696 2772 [Al.,
2730 2698 3178 2771 concludendum]
3205 2698 3368 2769 350
3386 2707 3471 2752 est
3497 2715 3511 2751 :
3540 2699 3586 2752 si
3618 2698 3822 2752 laudari

2234 2792 2408 2861 potuit
2428 2790 2514 2847 ille
2533 2806 2564 2845 a
2582 2791 2795 2845 domino
2816 2807 2932 2855 suo,
2958 2790 3049 2859 qui
3072 2789 3311 2843 fraudem
3336 2787 3597 2853 faciebat,
3621 2798 3820 2856 quanto

2236 2879 2465 2949 amplius
2489 2879 2735 2949 placeant
2779 2879 3006 2933 Domino
3033 2878 3167 2943 Deo,
3192 2877 3283 2947 qui
3307 2886 3577 2947 przecepta
3606 2875 3703 2947 [et]
3742 2876 3820 2929 in-

2234 2971 2422 3024 stituta
2468 2969 2699 3024 ﬁdeliter
2724 2977 2888 3039 agtmt
2924 2968 3053 3040 [Al.,
3085 2966 3346 3038 servant].
3381 2966 3532 3023 Sicut
3558 2968 3719 3021 etiam
3750 2966 3816 3020 de

2230 3060 2413 3130 judice
2442 3061 2762 3131 iniquitatis,
2788 3060 2880 3129 qui
2925 3058 3369 3129 interpellabatur
3392 3074 3424 3112 a
3450 3058 3635 3123 vidua,
3664 3073 3810 3114 com-

2233 3152 2568 3223 parationem
2606 3152 2761 3207 duxit
2802 3152 2868 3206 ad
2908 3150 3149 3220 judieem
3196 3151 3398 3217 Deum,
3435 3151 3521 3206 cui
3561 3150 3706 3205 nulla
3751 3166 3814 3204 ex

2232 3243 2561 3315 partejudex
2588 3244 2804 3313 iniquus
2824 3242 3186 3298 conferendus
3212 3252 3315 3298 est.

2812 3352 3040 3409 CAPUT
3081 3352 3221 3407 XVI.

2758 3459 2823 3497 DE
2863 3458 3295 3498 PEBIIIEBMENIIS.

2302 3534 2363 3590 C.
2396 3534 2925 3590 Peribermcniarum
2953 3534 3283 3589 subtilitates
3308 3548 3337 3587 a
3367 3541 3415 3586 te
3452 3532 3644 3589 audire
3673 3535 3810 3590 desi-

2230 3628 2381 3693 dero,
2411 3627 2478 3682 de
2507 3627 2703 3697 quibus
2745 3626 2948 3680 dictum
3003 3633 3106 3689 est,
3152 3624 3496 3679 Aristotelem
3532 3625 3590 3678 in
3636 3636 3811 3679 mente

2231 3719 2455 3773 tinxisse
2479 3717 2767 3781 calamum,
2797 3715 2925 3771 dum
2952 3730 3046 3770 eas
3072 3702 3412 3785 scriptitabat
3432 3714 3574 3787 HL,
3603 3718 3810 3786 scripti-

2231 3807 2415 3879 taret].
2443 3838 2514 3848 —-
2538 3814 2603 3862 Α.
2637 3806 2922 3861 Subtilitas
2956 3822 3141 3861 earum
3170 3807 3333 3860 nimia
3376 3814 3491 3871 est;
3521 3809 3620 3863 sed
3652 3824 3809 3879 angu-

2229 3899 2332 3953 stia
2354 3908 2551 3955 nostrae
2580 3899 2957 3969 disputationis
2974 3914 3144 3968 pauca
3172 3898 3235 3953 de
3260 3899 3341 3953 eis
3370 3908 3596 3969 arrigere
3622 3901 3809 3966 habet;

2226 4000 2283 4046 et
2306 3991 2694 4056 tantummodo,
2734 4007 2840 4061 quo
2867 3990 2968 4045 illa:
2998 3999 3262 4061 spectent,
3292 3992 3651 4061 aperiendum
3672 3993 3812 4046 viale-

2229 4093 2314 4139 tur
2340 4084 2476 4156 [Al.,
2512 4083 2637 4155 est].

2299 4174 2359 4230 (Ζ.
2414 4175 2559 4229 Illius
2609 4175 2844 4230 nominis
2900 4175 3400 4246 interpretationem
3442 4175 3683 4246 primum
3725 4190 3813 4231 ex-

2224 4283 2382 4339 pone.
2410 4297 2480 4306 —
2501 4268 2562 4320 A.
2598 4267 3017 4322 Pcribermcnia‘:
3049 4268 3327 4331 dicuntur,
3356 4270 3511 4337 quasi
3540 4269 3611 4324 de
3652 4270 3813 4323 inter-

2225 4358 2544 4428 pretatione.
2585 4389 2654 4397 —
2679 4358 2736 4411 C.
2766 4358 3044 4424 Quomodo
3066 4360 3131 4414 de
3159 4361 3729 4429 interpretatione?—
3750 4358 3809 4411 Α.

2227 4450 2414 4505 Omnis
2446 4450 2641 4520 quippe
2673 4465 2780 4511 res,
2809 4465 2929 4519 quae
2974 4466 3080 4503 una
3122 4459 3225 4515 est,
3261 4460 3314 4505 et
3362 4467 3471 4505 uno
3518 4448 3808 4521 significari

2228 4556 2476 4597 sermone
2498 4542 2711 4611 poterit,
2743 4551 2837 4595 aut
2876 4558 2974 4613 per
3002 4558 3214 4605 nomen,
3242 4550 3334 4596 aut
3362 4558 3459 4612 per
3482 4544 3709 4595 verbum
3731 4539 3813 4591 de-

2228 4639 2579 4687 monstratur.
2613 4628 2673 4684 C.
2700 4630 2979 4698 Quomodo
3017 4631 3417 4685 demonstratur
3448 4627 3529 4681 vel
3576 4628 3702 4693 hoc,
3735 4627 3811 4679 \‘rl

2229 4723 2389 4778 illud?
2413 4722 2475 4776 Λ.
2499 4722 2603 4777 Per
2629 4737 2822 4775 nomen
2852 4720 3150 4774 substantia
3181 4719 3418 4772 omnium
3441 4733 3629 4771 rerum
3656 4717 3812 4787 signi-

2228 4816 2444 4881 ﬁcatur,
2467 4820 2548 4875 ut,
2571 4812 2743 4865 homo.
2777 4812 2879 4865 Per
2904 4812 3129 4865 verbum
3163 4812 3302 4865 actio
3324 4811 3406 4864 vel
3431 4812 3615 4879 passio
3637 4812 3812 4880 cujus-

2227 4907 2357 4961 libet
2392 4905 2470 4961 rei
2516 4903 2837 4965 ostenditur,
2876 4912 2951 4967 ut,
2998 4904 3152 4956 homo
3186 4904 3382 4967 currit;
3427 4903 3586 4955 homo
3620 4904 3806 4955 uritur.

2224 4998 2353 5065 Qua:
2374 4997 2489 5050 dum
2510 5003 2686 5065 partes
2712 4995 2974 5048 orationis
3004 4994 3427 5061 interpretantur
3445 5001 3643 5055 totum,
3661 4991 3811 5062 quid-

2223 5089 2350 5159 quid
2378 5103 2526 5142 mens
2545 5088 2851 5157 conceperit
2882 5088 2948 5140 ad
2971 5086 3327 5155 eloquendum
3364 5085 3548 5158 [Mss.,
3586 5086 3806 5155 loquen-

2225 5179 2350 5233 dum
2361 5177 2399 5249 .]

2294 5269 2353 5322 C.
2392 5267 2529 5334 Quid
2554 5277 2652 5331 est,
2686 5269 3026 5338 conceperit?
3054 5298 3121 5307 ——
3150 5267 3215 5321 Α.
3246 5266 3591 5337 Coneeperit,
3624 5268 3673 5322 id
3708 5276 3807 5328 est.

2231 5354 2587 5423 intellexerit;
2618 5358 2795 5412 omnis
2835 5358 2978 5412 enim
3001 5357 3232 5411 elocutio
3260 5358 3458 5411 mentis
3486 5357 3616 5429 [est]
3648 5358 3813 5411 inter-

2228 5469 2378 5522 pres;
2406 5454 2531 5522 qsia
2559 5453 2699 5523 quod
2728 5468 2880 5507 meus
2915 5452 3184 5522 intelligit,
3214 5451 3448 5507 elocutio
3496 5451 3813 5518 interpreta-

2231 5555 2316 5600 tur
2346 5561 2440 5614 pcr
2473 5544 2735 5598 catafasln
2760 5545 2843 5599 vel
2872 5545 3137 5614 apofasin.

2300 5635 2358 5690 C.
2402 5635 2526 5690 Ilzec
2567 5635 2672 5690 duo
2720 5636 2956 5699 nomina,
2999 5650 3119 5703 qua:
3162 5633 3437 5697 induxisti,
3478 5632 3669 5686 Latino
3716 5642 3813 5681 ore

2230 5726 2431 5797 profer.
2450 5726 2577 5779 -Α
2607 5727 2871 5807 Catafasis
2894 5725 3219 5796 [κατάφασις]
3247 5735 3327 5781 est
3359 5723 3682 5785 afﬁrmatio;
3718 5728 3812 5783 ut,
