4062 6346
268 346 341 402 73
1046 336 1049 339 ’
1263 351 1729 407 DIDASCALICA.
1772 381 1839 392 -
1876 352 1963 407 ne
2005 355 2424 416 DIALECTICA.

3367 371 3479 428 9η

226 463 383 513 homo
424 461 607 514 currit.
657 459 903 530 Apol‘asis
946 461 1247 534 [ἀπόφασις]
1288 475 1371 519 est
1412 474 1663 536 negatio;
1719 475 1797 530 ut,
1832 472 1876 529 Α
1903 466 2024 521 ideo
2064 469 2407 529 hircoccrvus
2443 474 2654 531 videtur
2689 478 2816 543 dici,
2856 480 2980 549 quia
3008 483 3295 551 quamdam
3319 485 3472 540 sinti-

222 552 381 605 Iionto
409 568 511 604 non
533 551 717 604 currit.

296 644 358 698 ϐ.
388 645 529 710 QuOt
543 644 747 712 species
762 653 884 699 sunt
897 639 1421 704 Perihermeniarum
1435 650 1457 703 ?
1471 682 1540 690 —
1552 650 1593 703 Α
1604 691 1617 703 .
1635 652 1690 704 ln
1717 664 1807 705 εει-

221 740 369 804 ptem
398 734 603 803 species
624 734 913 803 praedictus
934 738 1281 808 philosophus
1306 740 1439 811 [Al.,
1465 741 1576 811 ipse
1596 741 1800 795 Aristo-

223 822 383 896 tetes]
406 837 499 879 eas
523 823 727 890 dividit,
754 824 805 880 id
833 834 937 891 est,
960 842 1175 892 nomen,
1207 831 1451 895 verbum,
1475 830 1795 897 orationem,

218 914 680 978 enuntiationem,
711 913 1125 972 afﬁrmationem
1144 959 1159 982 ,
1190 922 1551 990 negationem,
1580 930 1797 975 contra-

219 1006 533 1062 dictionem.
556 1030 631 1049 -δ
655 1004 721 1062 C.
744 1006 882 1065 Num
919 1024 1002 1064 nte
1044 1011 1241 1065 iterum
1267 1024 1367 1081 per
1390 1013 1797 1083 grammaticam

219 1096 419 1153 ducere
443 1099 716 1168 disponis?
733 1102 881 1155 --A.
906 1100 1160 1173 Dispono,
1177 1103 1271 1158 sed
1295 1103 1588 1158 excelsiore
1607 1105 1794 1174 gradu.

219 1185 286 1239 Et
315 1188 361 1241 si
399 1188 720 1259 interrogas,
750 1190 997 1256 videbis,
1026 1204 1283 1263 quantum
1322 1194 1486 1249 distat
1519 1194 1798 1249 dialectica

220 1274 358 1346 [.-ll.,
379 1278 693 1351 dialecticaz]
717 1282 986 1339 subtilitas
1005 1299 1035 1338 a
1056 1286 1407 1354 grammatica
1429 1286 1794 1355 simplicitate.

736 1392 986 1462 Deﬁnitio
1022 1394 1241 1451 nominis

291 1478 353 1531 C.
393 1478 597 1534 Nomen
627 1482 753 1551 quid
779 1485 1057 1540 est?—A.
1090 1485 1203 1542 Vox
1228 1487 1582 1558 signiticativa
1606 1504 1797 1545 secun-

212 1568 344 1625 dum
364 1571 640 1641 placitum,
666 1574 784 1631 sine
813 1587 1073 1648 tempore,
1105 1577 1389 1633 dilﬁnitum
1409 1581 1612 1650 aliquid
1634 1581 1798 1652 signi-

212 1659 403 1723 ﬁcans,
453 1661 506 1715 in
544 1664 872 1720 nominativo
915 1682 1067 1732 casu,
1114 1683 1235 1722 cum
1270 1679 1345 1721 est
1380 1677 1434 1723 et
1478 1680 1702 1734 nonest,
1741 1670 1797 1723 in

209 1748 445 1817 obliquis
472 1752 686 1806 casibus
708 1753 862 1816 nihil,
909 1756 1061 1826 cujus
1086 1752 1231 1810 'nnlla
1261 1772 1388 1827 pars
1412 1766 1493 1812 est
1520 1758 1791 1829 signiﬁca-

211 1840 322 1893 tiva
346 1851 611 1921 separata.
641 1844 711 1899 U‘t
740 1862 753 1898 :
783 1844 1209 1904 Socrates.-—C.
1237 1850 1491 1907 Lucidius
1512 1854 1651 1907 hanc
1674 1853 1792 1923 phi-

208 1915 544 2000 losophicam
574 1934 947 1992 difﬁnitionem
978 1940 1223 2010 explana.
1257 1940 1320 1994 A.
1355 1941 1559 1996 Nomen
1588 1915 1791 1997 εειύοω

206 2020 575 2091 signiﬁcativa.
620 2024 754 2079 Nam
796 2042 954 2082 omne
1004 2045 1196 2084 nomen
1239 2030 1440 2099 aliquid
1488 2032 1787 2101 signiﬁcat,

206 2111 422 2167 visibile
451 2114 532 2168 vel
576 2115 863 2183 invisibile,
907 2119 1259 2175 substantiale
1292 2123 1375 2177 vel
1419 2124 1687 2179 accidens.
1718 2155 1791 2167 —

207 2201 271 2255 (ἰ.
302 2201 605 2275 [Quomodo
622 2205 995 2272 substantiale,
1015 2210 1387 2283 vel’accidens]
1403 2214 1506 2265 ?—
1520 2215 1583 2266 Α.
1602 2214 1788 2271 Omnis

204 2294 355 2349 enim
402 2303 615 2362 natura,
664 2314 783 2367 quae
807 2302 1107 2356 subStantia
1143 2303 1245 2358 dici
1274 2314 1478 2373 potest;
1516 2315 1574 2360 nt
1608 2308 1783 2363 Immo.

204 2381 275 2436 Et
301 2384 449 2440 omni
472 2384 636 2455 igitur
663 2395 888 2453 naturze,
918 2397 1117 2458 przeter
1140 2392 1233 2446 Dei
1257 2394 1443 2459 solius,
1472 2395 1672 2465 aliquid
1692 2413 1786 2453 ac-

202 2473 368 2540 cidit;
391 2483 450 2529 ut
468 2476 670 2532 homini
694 2477 995 2548 incorpore
1014 2481 1180 2546 calor,
1206 2483 1258 2537 in
1281 2485 1462 2540 animo
1482 2486 1781 2558 disciplina.

275 2561 337 2618 C.
367 2564 613 2635 Nunquid
649 2582 758 2624 non
800 2569 910 2625 Deo
958 2572 1157 2627 accidit
1202 2574 1442 2639 bonitas,
1468 2576 1698 2646 justitia,
1730 2588 1784 2634 et

201 2663 416 2709 cetera:
440 2657 695 2713 virtutes?
712 2688 784 2699 —
806 2660 869 2714 Α.
893 2656 1008 2717 Non
1036 2664 1231 2719 accidit
1250 2667 1298 2720 ei
1322 2666 1536 2723 bonitas
1559 2677 1613 2724 et
1624 2670 1784 2740 justi-

202 2745 310 2809 tia;
347 2746 441 2800 sed
467 2745 596 2817 [Αι.,
624 2749 771 2821 quia]
802 2751 917 2820 ipse
940 2762 1023 2809 est
1048 2754 1261 2811 bonitas
1282 2764 1337 2811 et
1357 2755 1599 2826 justitia;
1629 2761 1702 2816 ita
1730 2770 1785 2817 et

200 2834 271 2888 de
300 2835 421 2890 aliis
450 2837 738 2895 virtutibus
772 2843 1110 2899 sentiendum
1136 2856 1243 2901 est.

271 2921 333 2978 Ε.
360 2924 501 2991 Quid
528 2936 630 2994 est,
659 2932 941 2985 secundum
971 2930 1262 3003 placitum?
1288 2968 1357 2979 —-
1383 2942 1449 2996 Α.
1476 2941 1533 2997 id
1559 2952 1663 3009 est,
1691 2958 1780 2999 se-

200 3014 437 3069 cundum
457 3021 896 3088 compositionem
915 3024 1246 3095 singularum
1262 3032 1522 3099 gentium.
1545 3032 1678 3089 Nam
1695 3049 1781 3091 res

1902 555 2180 614 litndinem
2207 562 2367 617 habet
2391 567 2557 628 cervi,
2585 570 2871 636 quamdam
2910 572 3046 627 hirci
3071 573 3093 626 ?
3119 604 3189 614 —
3212 575 3276 628 A.
3311 575 3473 634 Forte

1900 648 2015 703 ﬁeri
2040 660 2237 719 potest,
2271 663 2327 708 ut
2355 657 2474 712 ideo
2505 660 2734 715 dicatur.
2766 662 2869 717 Sed
2902 665 2944 718 si
2970 666 3341 723 hircocervum
3374 686 3473 728 no-

1899 739 2081 805 mino,
2130 746 2272 812 quod
2314 743 2512 801 animal
2561 758 2686 805 tunc
2715 754 2966 825 intelligis
3005 774 3091 813 me
3120 758 3466 829 signiﬁcare;

1899 829 1981 883 vel
2025 830 2231 887 hircum
2263 835 2347 888 vel
2390 853 2609 893 cervum
2638 841 2818 911 [Mss.,
2866 846 3138 902 hircorum
3170 852 3249 905 vel
3278 846 3473 907 εει-τοο⁸

1898 920 2161 992 rum]?——
2186 923 2246 977 C.
2276 925 2381 980 Nec
2403 928 2634 993 hircum,
2663 948 2762 987 nec
2791 951 3008 991 cervum
3034 956 3048 1003 ;
3079 942 3173 995 sed
3202 942 3330 997 illud
3355 945 3468 998 ani-

1899 1010 2026 1075 mal,
2055 1014 2196 1080 quod
2222 1030 2286 1068 eo
2314 1016 2449 1071 solet
2470 1021 2688 1076 nomine
2713 1024 3028 1094 signiﬁcari.
3056 1059 3128 1069 -—-
3153 1032 3217 1084 A.
3258 1032 3325 1086 Et
3349 1033 3471 1087 ideo

1897 1101 2030 1154 nihil
2058 1102 2187 1158 illud
2214 1120 2408 1162 nomen
2437 1120 2743 1178 separatum
2779 1117 3063 1187 signiﬁcat,
3095 1123 3238 1191 quod
3262 1123 3328 1178 ad
3358 1126 3470 1193 prio

1896 1207 2038 1245 mam
2068 1203 2314 1251 naturam
2346 1201 2632 1268 pertineat,
2664 1218 2823 1272 quam
2858 1208 3034 1275 primo
3060 1212 3363 1283 signiﬁcare
3394 1220 3469 1283 in-V

1896 1282 2148 1353 cipiebat.

2462 1380 2707 1451 Deﬁnitio
2746 1390 2899 1443 verbi.

1965 1466 2025 1521 (Ι.
2054 1469 2286 1525 Verbum
2322 1474 2451 1543 quid
2480 1478 2606 1530 est?
2628 1509 2698 1518 ——
2725 1480 2788 1534 Α.
2832 1482 2947 1537 Vox
2988 1484 3339 1555 signiﬁcativa
3378 1507 3467 1546 se-

1894 1562 2127 1617 cundum
2167 1559 2447 1634 placitum,
2495 1585 2617 1625 cum
2662 1581 2901 1644 tempore
2940 1574 3221 1635 dillinitum
3264 1582 3467 1653 aliquid

1894 1650 2240 1720 signiﬁcans,
2298 1664 2353 1709 et
2395 1659 2663 1715 accidens.
2705 1693 2777 1703 —
2810 1663 2869 1717 C.
2916 1666 3155 1739 intelligo
3202 1650 3369 1726 enim-
3397 1690 3468 1730 ex

1894 1741 2091 1809 prioris
2142 1742 2480 1802 dil‘ﬁnitionis
2530 1750 3006 1822 interpretatione,
3063 1760 3189 1829 quid
3236 1770 3319 1816 est
3361 1780 3465 1820 vox

1898 1829 2274 1899 signiticativa,
2324 1843 2377 1889 et
2407 1837 2537 1905 quid
2567 1842 2856 1896 secundum
2882 1844 3158 1913 placitum.
3206 1849 3273 1903 Et
3326 1852 3467 1909 forte

1896 1922 2023 1992 quid
2062 1924 2275 1979 sitcum
2316 1937 2544 2000 tempore
2581 1933 2756 1999 video,
2801 1936 2925 2005 quia
2967 1940 3189 1994 verbum
3217 1942 3354 1997 solet
3384 1960 3468 1998 se-

1893 2026 2015 2066 cum
2047 2020 2257 2085 tempus
2287 2020 2580 2074 attrahere.
2622 2019 2728 2078 Sed
2752 2039 2979 2095 expone,
3012 2029 3138 2098 quid
3166 2032 3237 2086 sit
3268 2029 3468 2089 difﬁni-

1894 2111 2007 2158 tum
2059 2102 2260 2177 aliquid
2308 2109 2617 2181 signiﬁcans
2663 2123 2716 2168 et
2757 2118 3052 2174 accidens?
3098 2148 3169 2161 ——
3218 2122 3281 2176 Α.
3332 2123 3464 2179 Nam

1890 2212 2049 2253 omne
2089 2200 2312 2255 verbum
2358 2212 2561 2258 certam
2607 2208 2877 2277 signiﬁcat
2922 2213 3187 2267 actionem
3224 2222 3279 2268 et
3325 2214 3463 2288 [Al.,

1888 2288 1994 2360 vel]
2020 2292 2343 2361 passionem,
2373 2302 2451 2361 ιιι,
2480 2296 2636 2354 video
2657 2301 2739 2355 vel
2763 2301 2966 2357 videor.
2997 2304 3063 2358 Et
3088 2303 3304 2362 cuilibet
3332 2310 3460 2363 sub-

1884 2384 2100 2439 stantia:
2124 2383 2215 2440 illa
2241 2388 2383 2443 actio
2412 2389 2494 2444 vel
2524 2406 2703 2460 passm
2727 2394 2863 2451 solet
2890 2396 3160 2465 accidere,
3202 2408 3278 2466 ut,
3307 2410 3460 2471 puta',

1886 2471 2093 2529 homini
2120 2475 2302 2532 videre
2321 2479 2407 2533 vel
2432 2480 2622 2535 videri.

1956 2565 2018 2620 Ο.
2062 2566 2119 2623 Si
2149 2571 2329 2624 omnia
2373 2570 2579 2646 [verba]
2621 2576 2885 2632 actionem
2936 2574 3089 2650 [Hs.,
3127 2582 3330 2656 aetum]
3377 2584 3463 2641 vel

1883 2659 2192 2726 passionem
2223 2662 2545 2732 signiﬁcant,
2577 2668 2717 2723 unde
2749 2668 2927 2740 aliqua
2957 2668 3211 2729 dicuntur
3235 2684 3462 2733 neutra-

1884 2746 1995 2804 lia?
2017 2780 2088 2792 —-
2113 2752 2178 2808 Α.
2206 2750 2322 2810 Νοιι
2350 2756 2488 2819 ideo,
2520 2760 2662 2827 quod
2691 2776 2852 2815 unam
2886 2776 2955 2817 ex
2983 2764 3067 2819 his
3097 2778 3201 2819 non
3226 2766 3463 2823 habeant

1883 2840 2330 2912 signiﬁcationem
2358 2864 2372 2912 ;
2423 2851 2517 2903 sed
2546 2850 2673 2919 quia
2724 2850 3067 2909 uniformiter
3096 2871 3309 2927 semper
3337 2874 3463 2929 pro-

1880 2930 2145 3000 feruntur,
2201 2935 2253 2990 id
2298 2946 2400 3001 est,
2448 2938 2533 2993 vel
2587 2948 2768 2995 actum
2817 2942 3011 3008 solum,
3067 2954 3128 3000 ut
3171 2950 3459 3014 manduco,

1881 3034 2042 3077 curro
2068 3040 2083 3089 ;
2134 3023 2220 3079 vel
2259 3027 2584 3097 passionem,
2616 3038 2696 3097 ut,
2724 3034 2937 3103 vapulo,
2966 3050 3158 3092 veneo.
3211 3037 3317 3095 Sed
3343 3040 3462 3096 hzec

203 3103 409 3159 eadem
433 3108 683 3164 omnibus
696 3112 942 3180 gentibus
962 3123 1117 3180 sunt;
1145 3119 1359 3173 nomina
1384 3136 1513 3177 vero
1542 3123 1771 3190 diversa,
1805 3148 1850 3211 ε
1880 3113 2035 3169 alias-

203 3198 263 3246 et
275 3195 570 3250 secundum
586 3198 837 3267 placitum
854 3201 1241 3272 imponentium
1257 3213 1570 3279 composita,
1585 3224 1644 3268 ut
1660 3215 1776 3270 auri

196 3282 392 3339 eadem
419 3295 611 3343 natura
633 3299 717 3345 est
750 3294 889 3361 apud
917 3294 1133 3352 Graecos
1161 3307 1215 3354 et
1244 3300 1497 3370 Latinos;
1532 3305 1661 3360 dum
1699 3307 1775 3362 illi

199 3374 307 3432 hoc
353 3375 562 3448 Kryson
610 3384 907 3448 nominant,
939 3387 1027 3442 isti
1068 3406 1277 3445 aurum.
1306 3394 1454 3448 —C.
1499 3396 1775 3463 Quomodo

196 3467 312 3520 sine
340 3477 564 3539 tmpore
585 3472 611 3525 .’
634 3502 706 3513 —
731 3474 796 3527 Α.
824 3476 958 3542 Quia
1001 3495 1195 3535 nomen
1243 3490 1450 3555 tempus
1480 3504 1583 3543 non
1610 3499 1776 3546 attra-

202 3555 305 3620 hit,
335 3558 474 3612 sicut
501 3561 665 3615 verba
689 3563 911 3619 faciunt.

267 3646 329 3700 C.
352 3648 486 3715 Quid
504 3660 608 3717 est,
625 3653 899 3722 diﬂinitum
919 3657 1117 3729 aliquid
1129 3660 1387 3733 signiﬁcat
1402 3667 1503 3719 μ
1516 3667 1578 3720 Λ.
1604 3668 1773 3725 Omne

196 3739 345 3793 enim
370 3756 565 3797 nomen
595 3744 646 3797 in
678 3746 1008 3805 nominativo
1030 3767 1155 3807 casu
1186 3769 1306 3808 cum
1334 3758 1498 3812 verbo
1525 3761 1774 3816 substan-

199 3828 315 3882 tiali
359 3847 477 3885 sum
523 3833 719 3903 aliquid
747 3845 955 3893 certum
985 3841 1271 3912 signiﬁcat,
1320 3846 1372 3900 in
1415 3848 1772 3907 afﬁrmatiane

196 3921 282 3975 vel
313 3924 632 3993 negatione;
664 3935 741 3992 ιιι,
777 3928 931 3984 homo
978 3949 1117 3999 sum,
1161 3936 1315 3990 homo
1357 3955 1433 4003 es,
1472 3941 1626 3997 homo
1672 3954 1766 3999 est.

194 4008 368 4063 Arbor
394 4028 501 4065 non
521 4030 658 4079 sum,
685 4032 787 4069 non
807 4034 882 4083 es,
910 4037 1010 4074 non
1033 4034 1127 4076 est.
1154 4024 1209 4078 ln
1233 4027 1463 4097 obliquis
1484 4045 1616 4086 vero
1638 4034 1771 4088 casi-

190 4099 297 4153 bus
326 4102 458 4156 nihil
484 4113 689 4159 certum
714 4108 999 4178 signiﬁcat,
1028 4114 1125 4168 nisi
1158 4117 1353 4172 additis
1382 4119 1503 4175 aliis
1526 4123 1769 4190 partibus

164 4180 263 4246 'ab
287 4192 500 4262 plenam
528 4197 989 4268 signiﬁcationem,
1022 4213 1094 4269 ut,
1132 4205 1373 4263 Hominis
1404 4211 1556 4265 istius
1593 4223 1668 4267 est
1699 4215 1765 4267 li-

191 4281 284 4334 ber
312 4283 438 4347 iste;
468 4295 546 4351 ut,
578 4287 716 4343 Huic
743 4291 939 4346 homini
972 4295 1040 4349 da
1066 4296 1204 4351 hunc
1228 4299 1415 4355 librum
1440 4321 1457 4366 ;
1496 4313 1571 4370 ut,
1616 4305 1769 4361 [Iuno

189 4368 453 4427 hominem
483 4374 646 4446 legere
672 4379 754 4446 fac
780 4380 970 4437 librum
997 4385 1151 4440 istum
1169 4430 1182 4449 ,
1222 4398 1299 4456 ιιι,
1331 4392 1407 4446 Ab
1436 4393 1532 4463 hoc
1559 4368 1768 4453 nomine

188 4458 385 4515 librum
418 4465 573 4520 istum
604 4468 782 4524 didici.

267 4556 330 4610 C.
360 4558 498 4626 Quid
524 4572 625 4629 est,
662 4566 812 4635 cujus
837 4568 983 4624 nulla
1005 4588 1125 4635 pars
1149 4583 1224 4627 est
1246 4576 1594 4645 signiﬁcativa
1619 4598 1769 4652 sepa-

187 4658 312 4701 rata
333 4650 431 4704 ?A.
460 4652 593 4708 Nam
622 4655 870 4714 Socrates
896 4661 1229 4732 trisyllabum
1257 4682 1449 4723 nomen
1478 4680 1590 4738 est;
1616 4650 1769 4742 sepa-

124 4730 131 4736 ’
188 4740 330 4794 ratis
371 4758 499 4798 vero
522 4745 746 4814 singulis
774 4730 1011 4820 syllabis.
1052 4755 1125 4807 nil
1154 4771 1250 4825 per
1270 4772 1329 4813 se
1348 4730 1635 4829 signiﬁcat,
1670 4730 1769 4819 nec

186 4828 287 4895 So,
317 4846 416 4885 nec
443 4850 554 4899 cra,
582 4852 679 4891 nec
704 4847 798 4892 tes.

260 4920 420 4990 351
458 4920 519 4977 C.
569 4924 705 4979 Num
753 4945 857 4983 non
894 4931 1119 4997 domus,
1161 4936 1205 4990 si
1238 4938 1495 4995 dividitur
1539 4942 1592 4996 in
1634 4944 1767 5005 duas

183 5010 447 5081 syllabas,
478 5015 531 5070 id
559 5026 660 5082 est,
691 5019 757 5072 do
778 5030 832 5075 et
857 5039 987 5085 mus,
1020 5025 1288 5095 signiﬁcat
1326 5039 1502 5087 tamen
1531 5033 1769 5105 aliquid?

181 5108 245 5156 et
273 5102 401 5156 talia
429 5104 726 5162 innumera.
756 5142 829 5150 —
856 5111 920 5165 Α.
956 5112 1237 5185 Signiﬁcat
1275 5122 1451 5188 enim,
1491 5126 1586 5179 sed
1622 5102 1766 5180 nihil

180 5192 256 5246 ad
283 5194 483 5264 prioris
510 5200 742 5255 nominis
786 5204 1235 5275 signiﬁcationem
1278 5215 1516 5281 pertinet
1545 5219 1764 5272 secundi

178 5285 423 5340 nominis
467 5288 805 5358 signiﬁcatio.
847 5294 981 5349 Nam
1014 5314 1129 5351 mus
1177 5301 1375 5356 animal
1421 5313 1506 5360 est
1541 5323 1638 5375 per
1667 5324 1762 5373 se;

178 5384 242 5430 et
270 5377 341 5431 do
379 5382 600 5436 verbum
623 5384 825 5454 aliquid
845 5389 1074 5445 actionis
1113 5392 1423 5462 signiﬁcans
1449 5415 1462 5450 :
1488 5400 1583 5452 sed
1609 5408 1764 5455 utro-

178 5484 418 5540 rumque
477 5475 800 5545 signiﬁcatio
848 5481 923 5535 nil
970 5485 1039 5539 ad
1092 5485 1310 5541 domum
1355 5490 1765 5559 signiﬁcandam

173 5561 442 5626 pertinet.
1160 5568 1175 5584 ‘

250 5656 313 5711 (ι’.
358 5653 600 5726 Qualiter
621 5661 674 5713 in
700 5667 1015 5735 compositis
1039 5671 1366 5739 nominibus,
1398 5683 1459 5728 nt
1481 5684 1565 5729 est
1594 5676 1765 5731 hirco-

170 5769 383 5822 rervus,
434 5756 577 5825 quod
621 5774 797 5827 graece
841 5762 1172 5834 tragelaphus
1204 5768 1438 5837 dicitur;
1493 5787 1618 5827 nutn
1656 5789 1761 5830 non

2396 3210 2645 3282 Deﬁnitio
2676 3211 2947 3272 orationis.

1946 3300 2005 3357 ϐ.
2043 3302 2228 3359 Oratio
2264 3306 2393 3376 quid
2428 3307 2549 3363 est?
2574 3337 2645 3347 --
2675 3308 2739 3363 Α.
2772 3309 3021 3381 Congrua
3048 3314 3284 3384 partium
3317 3318 3487 3393 ordig

1873 3385 2059 3457 natio,
2113 3395 2408 3463 perfectam
2463 3399 2785 3453 sententiam
2832 3400 3247 3470 demonstrans,
3298 3407 3454 3477 cujus

1872 3483 2106 3551 partium
2159 3484 2363 3555 aliquid
2410 3496 2718 3556 separatum
2772 3490 3184 3560 signiﬁcativum
3232 3504 3334 3550 est.
3384 3529 3455 3537 —

1872 3569 1932 3625 C.
1963 3574 2241 3640 Quomodo
2264 3586 2567 3645 separatum
2615 3579 3027 3648 signiticativum
3047 3582 3070 3636 ?
3094 3614 3163 3623 ——
3190 3584 3253 3638 Α.
3282 3584 3447 3642 Plena

1871 3666 2087 3719 oratio:
2144 3665 2395 3737 Virgilius
2439 3669 2716 3724 [Eneadas
2745 3673 2949 3726 cecinit.
3006 3671 3257 3744 Virgilius
3293 3676 3459 3747 igitur

1872 3764 1926 3809 et
1952 3755 2224 3811 xEneadas
2256 3768 2308 3812 et
2336 3761 2518 3813 cecinit
2550 3761 2666 3816 htec
2703 3762 2804 3816 tria
2834 3773 3080 3834 separata
3126 3765 3329 3835 aliquid
3360 3774 3467 3838 per‘

1872 3861 1929 3899 sc
1956 3846 2296 3915 signiﬁcant:
2338 3851 2592 3922 Virgilius
2635 3854 2929 3921 hominem,
2998 3855 3271 3914 IEneadas
3317 3875 3451 3932 gen-

1872 3946 2002 4004 tem,
2033 3940 2229 3994 cecinit
2259 3938 2507 4013 [actum].

2321 4048 2569 4119 Deﬁnitio
2599 4050 2996 4109 enuntiationis.

1940 4138 1999 4192 C.
2031 4140 2170 4207 Quid
2213 4149 2296 4196 est
2324 4143 2664 4197 enuntiatio?
2685 4176 2754 4183 —
2780 4144 2842 4198 Α.
2875 4145 3189 4203 Enuntialio
3224 4158 3424 4215 estora
3442 4182 3456 4193 π

1869 4233 1945 4287 tio
1971 4233 2083 4287 veri
2129 4234 2213 4287 vel
2243 4234 2363 4289 falsi
2409 4235 2784 4305 signiﬁcativa.
2815 4264 2887 4278 -—-
2910 4235 2971 4291 Ε.
3018 4239 3295 4308 Quomodo
3338 4246 3452 4299 veri

1868 4323 1952 4377 vel
1978 4322 2096 4377 falsi
2128 4324 2481 4395 signiﬁcativa
2501 4325 2524 4378 ?
2546 4356 2616 4364 —
2644 4325 2707 4379 A.
2734 4326 3066 4397 Principales
3095 4339 3217 4384 sunt
3244 4333 3452 4403 species

1868 4414 2146 4477 orationis,
2176 4416 2470 4471 secundum
2499 4416 2810 4474 dialecticos
2831 4459 2845 4485 ,
2894 4421 3169 4491 quinque;
3212 4425 3306 4479 sed
3333 4425 3452 4481 hazc
3548 4493 3555 4498 g

1798 4497 1999 4570 Dsola,
2048 4505 2101 4559 id
2137 4513 2241 4570 est,
2283 4507 2615 4562 enuntiativa
2654 4524 2841 4564 verum
2885 4510 3083 4580 aliquid
3126 4513 3209 4568 vel
3253 4512 3463 4571 falsum'

1867 4593 2171 4663 signiﬁcat:
2204 4603 2283 4661 ut,
2309 4597 2462 4650 homo
2488 4607 2584 4663 est,
2614 4599 2699 4653 vel
2724 4601 2877 4654 homo
2918 4618 3021 4655 non
3044 4612 3158 4667 est;
3210 4603 3448 4662 Socrates

1868 4682 2119 4752 disputat,
2159 4682 2399 4740 Socrates
2442 4700 2544 4740 non
2573 4688 2823 4757 disputat.
2874 4688 3077 4743 llorum
3107 4692 3248 4745 enim
3279 4694 3463 4748 unum'

1868 4790 2057 4828 verum
2085 4789 2205 4831 esse
2233 4792 2455 4833 necesse
2481 4786 2582 4843 est,
2617 4779 2670 4832 id
2699 4787 2803 4842 est,
2835 4787 2929 4833 aut
2953 4779 3231 4837 Socratem
3260 4784 3442 4856 dispu-

1870 4875 2004 4931 tare,
2037 4877 2128 4922 aut
2169 4868 2450 4926 Socratem
2483 4885 2589 4924 non
2623 4871 2917 4939 disputare.
2970 4871 3038 4926 Et
3080 4873 3132 4927 in
3180 4875 3282 4931 hac
3328 4876 3442 4932 sola

1868 4958 2045 5026 specie
2072 4960 2399 5030 philosophi,
2440 4961 2531 5029 qui
2556 4958 2622 5013 de
2650 4961 2873 5015 veritate
2898 4977 3075 5017 rerum
3102 4964 3185 5020 vel
3210 4965 3275 5020 de
3298 4965 3459 5021 falsi-‘

1870 5057 1979 5103 tate
2022 5049 2450 5123 disputaverunt,
2495 5066 2684 5107 omnes
2714 5068 2839 5107 suas
2884 5064 3182 5123 posuerunt
3225 5066 3442 5111 contro-

1867 5144 2093 5198 versias.

1938 5234 1999 5289 C.
2033 5235 2174 5289 Num
2209 5243 2263 5290 et
2290 5235 2395 5291 illae
2425 5237 2543 5291 alia:
2569 5237 2774 5307 species
2801 5245 3031 5309 quatuor
3052 5241 3117 5294 ad
3135 5239 3442 5296 dialecticos

1866 5342 1975 5381 non
2018 5327 2333 5397 pertinent?
2359 5360 2428 5368 —
2455 5329 2518 5382 A.
2551 5328 2664 5384 Non
2704 5331 2975 5399 pertinent
3003 5332 3071 5387 ad
3102 5330 3435 5397 dialecticos,

1868 5416 1962 5471 sed
1988 5417 2056 5471 ad
2086 5418 2487 5487 grammaticos.

1936 5505 1997 5562 C.
2031 5507 2232 5563 Tamen
2258 5509 2469 5565 illarum
2498 5511 2716 5565 nomina
2746 5527 2869 5566 cum
2892 5511 3152 5581 exemplis
3181 5511 3365 5568 dicito.
3454 5512 3459 5521 ’

2450 5602 2831 5673 Interrogativa

1936 5689 1998 5742 Α.
2028 5689 2121 5744 Est
2162 5691 2305 5749 enim
2338 5693 2581 5764 quaedam
2622 5693 2828 5762 species
2856 5694 3117 5749 orationis
3141 5695 3455 5767 interrogac,

1868 5777 1992 5844 tiva,
2024 5788 2080 5833 ut
2104 5796 2118 5835 :
3444 5790 3456 5803 ’
