4062 6346
250 230 355 291 977

318 344 384 409 Ρ.
414 345 553 414 Quid
575 352 842 411 suntossa
862 343 885 397 ?
906 373 976 383 —-
1005 343 1070 396 Α.
1102 342 1383 399 Fortitudo
1404 339 1668 410 corporis.

317 435 386 492 Ρ.
421 424 560 504 Quid
589 443 714 491 sunt
740 435 932 491 coxae?
956 464 1024 473 -—
1045 433 1107 486 Α.
1138 432 1402 503 Epistylia
1424 431 1817 487 columnarum.

319 526 388 587 P.
418 528 557 596 Quid
583 534 705 588 sunt
734 542 896 581 crura
917 525 1027 578 ἳ-ν-
1054 524 1117 577 Α.
1147 524 1424 579 Columnae
1448 518 1721 591 corporis.~

324 617 386 684 Ρ.
414 618 553 686 Quid
575 627 701 672 sunt
722 617 885 687 pedes
909 618 932 671 ’ἒ
959 648 1030 657 -—-
1051 616 1117 676 Α.
1146 615 1342 671 Mobile
1387 614 1817 669 fundamentum.

318 713 384 767 Ρ.
419 714 556 781 Quid
580 720 664 769 est
696 712 913 783 sanguis
936 712 959 765 ?
986 742 1056 750 --
1089 711 1154 764 Α.
1195 709 1402 773 Humor
1429 722 1708 771 venarum,
1736 705 1819 765 vri—

246 815 323 865 tct:
346 806 683 863 alimentum.

320 894 387 957 Ρ.
424 896 564 964 Quid
590 903 715 959 sunt
737 908 889 949 vena:
910 895 934 947 ?
959 924 1030 934 ——
1058 894 1121 949 Α.
1152 891 1353 953 Fontes
1381 890 1595 957 carnis.

320 986 388 1051 Ρ.
420 987 559 1063 Quid
588 995 673 1049 est
696 986 890 1047 omium
917 986 1029 1039 ?—-—
1053 984 1117 1045 A.
1144 984 1366 1053 Sphaera
1390 981 1658 1047 volubilis,
1684 979 1823 1053 [eul-

248 1094 373 1132 men
409 1075 776 1149 immensum].

316 1167 384 1224 Ρ.
412 1169 552 1237 Quid
579 1178 660 1224 est
691 1169 782 1222 lux
806 1168 830 1222 ἲ
854 1198 925 1208 —
949 1169 1015 1221 Α.
1046 1167 1237 1221 Facies
1254 1167 1501 1223 omnium
1522 1180 1725 1219 rerum.

318 1259 385 1314 P.
410 1258 547 1325 Quid
571 1268 656 1314 est
675 1258 790 1313 dies
821 1260 834 1312 !
865 1288 935 1298 —
960 1257 1024 1310 A.
1057 1257 1471 1312 [incitamentum
1501 1255 1721 1311 laboris.

318 1347 387 1404 P.
418 1350 558 1417 Quid
587 1357 671 1404 est
698 1349 818 1404 sol?
842 1379 912 1388 ——
939 1348 1004 1402 Α.
1035 1345 1299 1416 Splendor
1326 1346 1501 1411 orbis,
1550 1346 1674 1401 creti
1702 1342 1823 1414 pui-

244 1443 516 1507 chritudo,
572 1449 778 1496 natura:
827 1439 1023 1512 gratia,
1055 1440 1231 1493 honor
1257 1438 1386 1502 diei,
1419 1438 1677 1492 horarum
1705 1436 1819 1490 dis-

248 1532 503 1589 tributor.

322 1620 386 1673 Ρ.
411 1620 550 1688 Quid
577 1628 660 1676 est
694 1618 821 1673 luna
842 1619 865 1672 ?
886 1647 955 1659 -—
984 1620 1048 1673 Α.
1073 1617 1274 1675 Oculus
1302 1618 1497 1684 noctis,
1538 1617 1679 1673 roris
1706 1617 1817 1670 lar-

240 1726 333 1779 ga,
363 1724 605 1781 praesaga
627 1717 1033 1779 tempestatum.

322 1799 385 1853 P.
419 1800 559 1868 Quid
572 1807 700 1854 sunt
729 1799 894 1854 stella:
914 1800 937 1853 ?
959 1829 1030 1841 —-
1053 1799 1116 1853 Α.
1145 1800 1362 1855 Pictura
1385 1800 1654 1867 culminis,
1683 1815 1819 1856 nau-

244 1899 428 1945 tarum
458 1893 866 1962 gubernatores,
901 1893 1077 1947 noctis
1102 1893 1284 1948 decor.

323 1982 386 2036 Ρ.
420 1982 561 2050 Quid
591 1992 674 2038 est
701 1984 924 2053 pluvia?
951 2016 1022 2025 —
1043 1984 1107 2039 Α.
1151 1984 1442 2056 Conceptio
1476 1993 1670 2052 terrae,
1714 1986 1825 2041 fru-

244 2091 373 2146 gum
396 2076 652 2145 genitrix.

320 2166 393 2225 P.
412 2165 551 2234 Quid
586 2174 670 2221 est
693 2166 890 2221 nebula
910 2167 933 2221 ?
953 2198 1021 2206 —
1052 2162 1116 2221 Α.
1150 2167 1266 2223 Nox
1291 2168 1347 2222 in
1374 2169 1484 2235 die,
1512 2170 1664 2227 labor
1691 2186 1818 2239 ocu-

243 2254 443 2310 lorum.

318 2346 386 2401 P.
416 2347 551 2415 Quid
582 2357 666 2403 est
691 2356 883 2403 ventus
906 2348 931 2401 ?
952 2379 1023 2388 —
1046 2348 1110 2401 Α.
1139 2348 1683 2424 Acrisperturbatio,
1715 2368 1826 2416 mo;

242 2437 430 2493 bilitas
453 2453 737 2508 aquarum,
779 2438 999 2494 siccitas
1028 2445 1205 2505 terrai.

318 2526 386 2583 P.
417 2528 557 2596 Quid
584 2537 668 2585 est
705 2538 852 2585 terra
872 2531 895 2584 ?
913 2561 983 2570 —
1008 2530 1075 2584 Α.
1110 2531 1283 2585 Mater
1313 2534 1701 2604 arescentium,
1720 2552 1823 2589 nu-

242 2621 357 2675 trix
386 2622 708 2685 viventium,
732 2621 1013 2677 celiarium
1051 2622 1197 2691 vitae,
1227 2623 1538 2694 devoratr'rx
1561 2626 1822 2680 omnium.

318 2710 384 2765 P.
419 2711 558 2779 Quid
578 2721 661 2768 est
674 2728 823 2767 mare
842 2713 947 2766 ?—-
965 2712 1030 2766 A.
1054 2712 1307 2767 Audaciaa
1318 2714 1406 2768 via
1428 2711 1579 2785 [Ms.,
1602 2716 1828 2770 audacia

240 2803 415 2876 viae],
446 2803 601 2859 limes
632 2814 810 2867 terrae,
836 2804 1039 2869 divisor
1063 2805 1362 2873 regionum,
1400 2807 1695 2876 hospitium
1728 2806 1828 2861 ﬂu-

238 2896 479 2960 viorum,
511 2893 933 2967 fonsimbrium.
957 2893 1224 2966 refugium
1251 2895 1304 2949 in
1322 2896 1580 2965 periculis
1604 2937 1619 2962 ,
1652 2897 1825 2968 gratia

237 2988 296 3041 in
319 2984 703 3055 voluptatibus.

319 3074 385 3129 P.
424 3075 564 3143 Quid
594 3085 720 3131 sunt
760 3075 980 3131 flumina
1000 3077 1023 3130 ἲ
1046 3109 1115 3118 -—
1141 3077 1205 3132 Α.
1246 3078 1451 3134 Cursus
1483 3077 1823 3144 indeﬁciens,

239 3166 475 3231 refectio
503 3166 652 3233 solis,
679 3167 925 3237 irrigatio
950 3175 1132 3223 terrae.

316 3257 385 3312 Ρ.
406 3258 548 3326 Quid
576 3266 662 3327 est
700 3273 839 3327 aqua
862 3259 886 3313 ?
906 3289 976 3299 —
1000 3261 1065 3314 Α.
1095 3259 1406 3316 Subsidium
1432 3261 1556 3315 vita:
1580 3302 1594 3327 ,
1624 3261 1830 3318 ablutio

236 3350 510 3406 sordium.
568 3380 571 3381 ν

319 3438 385 3495 Ρ.
412 3440 553 3508 Quid
592 3448 676 3499 est
699 3440 880 3510 ignis?
900 3469 968 3481 --
996 3441 1061 3495 Α.
1110 3439 1271 3497 Calor
1295 3443 1522 3515 nimius,
1555 3441 1698 3503 fetus
1736 3458 1832 3513 na-

241 3532 545 3596 scentium,
570 3531 866 3585 maturitas
888 3529 1125 3600 frugum.

319 3619 389 3677 P.
428 3621 574 3689 Quid
616 3628 704 3675 est
746 3618 924 3690 frigus
950 3619 973 3673 ἲ
998 3619 1156 3676 -Α,
1210 3621 1517 3679 Febricitas
1563 3625 1833 3690 membro-

242 3733 392 3772 rum.
1566 3762 1579 3779 ,

318 3810 387 3867 Ρ.
421 3809 559 3877 Quid
612 3817 693 3864 est
744 3807 1003 3879 gelu?—
1054 3808 1119 3862 Α.
1176 3806 1487 3864 Persecutio
1517 3809 1829 3875 herbarum,

240 3901 481 3973 perditio
525 3899 681 3971 [δίδη
729 3908 1065 3970 persecutor.
1110 3938 1125 3952 .
1170 3938 1184 3953 .
1227 3899 1492 3972 perditor]
1537 3901 1829 3970 foliorum,

241 3995 523 4050 vinculum
550 4003 729 4058 terra),
762 3994 879 4048 fons
906 4008 1191 4062 aquarum.
1476 4056 1477 4059 η
1627 4003 1634 4019 τ

318 4084 388 4139 Ρ.
414 4086 555 4153 Quid
574 4092 658 4141 cst
681 4085 815 4139 nix?
844 4115 915 4124 —
936 4085 1000 4138 Α.
1032 4083 1185 4155 Aqua
1208 4084 1375 4139 sicca.

317 4175 387 4231 Ρ.
414 4177 555 4244 Quid
581 4185 667 4232 est
693 4176 904 4231 hiems?
929 4204 999 4218 --
1031 4174 1096 4228 A.
1121 4173 1355 4230 Aistatis
1375 4175 1549 4230 exsul.

320 4270 387 4324 P.
426 4269 565 4338 Quid
591 4276 675 4325 est
701 4268 841 4323 ver?
865 4298 935 4308 —
963 4269 1027 4321 A.
1055 4267 1240 4323 Pictor
1263 4277 1444 4323 teme.

321 4357 392 4414 Ρ.
416 4357 556 4426 Quid
585 4366 669 4413 est
692 4365 854 4413 aestas
872 4358 897 4410 ?
920 4387 990 4397 —
1020 4357 1085 4411 Α.
1110 4356 1367 4413 Revestio
1392 4366 1573 4425 terrae,
1607 4358 1830 4415 maturi-
1862 4416 1865 4419 ,

246 4461 327 4508 tio
355 4450 590 4523 frugum.

322 4541 392 4597 Ρ.
420 4541 561 4609 Quid
588 4550 673 4597 est
696 4550 989 4596 autumnus
1016 4542 1039 4595 ?
1066 4573 1137 4582 —-
1158 4542 1223 4597 A.
1256 4541 1524 4598 Horreum
1555 4546 1700 4600 anni.

323 4631 392 4693 Ρ.
417 4633 557 4700 Quid
580 4641 663 4687 est
689 4649 862 4687 annus
885 4634 909 4686 ’ἶ
930 4664 999 4672 -—
1028 4634 1092 4687 Α.
1118 4633 1388 4705 Quadriga
1413 4638 1616 4692 mundi.

321 4724 390 4779 Ρ.
429 4725 561 4792 Quis
585 4725 733 4782 ducit
761 4726 904 4797 [eam
918 4725 963 4798 η
990 4757 1063 4768 —
1090 4729 1154 4781 Α.
1189 4727 1304 4783 Nox
1335 4739 1390 4783 et
1415 4729 1561 4803 dies,
1582 4729 1753 4803 frigus
1782 4742 1837 4789 et

242 4819 423 4873 calor.

323 4908 393 4962 P.
429 4905 561 4976 Quis
593 4916 679 4964 est
706 4910 893 4981 auriga
928 4911 1270 4981 ejus?——.A.
1304 4911 1396 4967 Sol
1428 4912 1646 4987 etluna.

280 5042 283 5045 λ
323 5000 394 5056 Ρ.
423 5001 566 5068 Quot
593 5001 758 5056 habet
776 5002 975 5072 palatia
999 5003 1021 5057 ?
1047 5033 1119 5063 —-_
1142 5005 1206 5057 Α.
1232 5004 1546 5059 Duodecim.
1662 4987 1666 4991 i

325 5091 393 5146 P.
429 5092 530 5159 Qui
559 5102 685 5147 sunt
728 5102 990 5163 praetores
1035 5095 1408 5164 palatiorum?
1441 5126 1513 5136 —
1541 5098 1603 5151 Α.
1645 5098 1831 5166 Aries,

245 5185 489 5250 Taurus,
526 5183 760 5251 Gemini,
790 5184 1016 5255 Cancer,
1060 5185 1189 5253 Leo,
1229 5187 1411 5258 Virgo,
1450 5187 1633 5255 Libra,
1676 5190 1832 5247 Scor-.

243 5277 380 5349 pius
406 5317 422 5343 ,
470 5275 793 5332 Arcitenens
850 5275 1002 5349 [Ms.,
1036 5278 1408 5352 Sagittarius],
1447 5282 1833 5352 Capricornus,

242 5368 547 5439 Aquarius,
579 5369 784 5424 Pisces.

324 5456 392 5515 Ρ.
422 5457 565 5524 Quot
601 5458 717 5514 dies
762 5460 973 5515 habitat
999 5459 1152 5532 εΜδ..
1174 5462 1419 5525 habitant
1430 5478 1464 5535 ]_
1501 5465 1553 5518 in
1594 5480 1836 5534 unoquo-

243 5548 359 5624 que
378 5550 697 5619 palatio?--—-
720 5551 783 5605 Δ.
816 5551 907 5607 Sol
930 5568 1037 5606 xxx
1070 5551 1207 5624 [dies
1227 5561 1281 5608 et
1305 5553 1489 5614 decem
1519 5554 1704 5627 semis]
1738 5557 1831 5613 ho.

322 5678 347 5705 ³
371 5662 494 5720 Viti.
528 5667 684 5735 epist.
714 5665 919 5722 Alcuini
950 5667 1038 5723 85.

976 227 1444 285 DlDASCALlCA.
1486 258 1555 267 —
1595 223 2004 281 DlSPC-TATIO
2041 222 2280 278 PlPPlNl
2319 221 2461 279 CUM
2500 221 2772 278 ALBINO.

1840 338 1888 396 Λ
1920 350 2007 389 ras
2037 346 2086 389 ι.
2111 334 2262 392 Luna
2286 335 2420 391 duos
2442 333 2559 390 dies
2588 345 2644 389 et
2668 341 2791 389 octo
2824 332 3004 396 horas,
3050 339 3106 386 ct
3156 330 3301 386 bisse
3328 330 3489 384 unius

1855 1694 1899 1756 Β
1929 1726 2061 1767 mes.

1850 3042 1898 3103 C

3386 219 3491 274 978

1925 428 2091 481 horm.

1994 516 2062 573 P.
2094 519 2366 589 Magister,
2399 523 2559 575 timeo
2584 520 2748 581 altum
2780 519 2953 573 ire.——
2976 520 3039 571 Α.
3067 518 3199 583 Quis
3239 525 3293 571 te
3334 517 3493 573 duxit

1924 609 1980 666 in
2002 609 2214 675 altum?
3252 667 3257 670 ,
3326 662 3329 665 ,

1995 700 2061 757 Ρ.
2094 699 2411 756 Curiositas.
2444 729 2514 740 -—
2541 700 2606 753 Α.
2638 697 2694 754 Si
2730 700 2913 764 times,
2965 699 3285 755 descendam
3336 696 3490 768 μὴ..

1923 790 2366 862 descendemus],
2392 790 2603 859 Sequar
2626 806 2946 858 quocunque
2979 789 3124 843 ieris.
3166 858 3171 861 1

1996 883 2061 938 Ρ.
2087 883 2145 940 Si
2175 883 2371 946 scirem
2416 882 2544 952 quid
2589 891 2736 937 esset
2775 883 2947 943 navis,
2978 896 3346 952 prtepararem
3376 881 3491 940 tibi.

1923 985 1982 1032 ut
2007 978 2222 1032 venires
2260 976 2325 1028 ad
2357 989 2464 1030 me.
2485 1005 2557 1013 —
2578 977 2641 1028 Α.
2672 973 2835 1028 Navis
2880 982 2965 1026 est
3003 975 3195 1028 domus
3242 972 3496 1035 erratica.

1923 1069 2149 1126 ubilibet
2165 1069 2478 1139 hospitium,
2508 1068 2683 1126 viator
2705 1067 2827 1122 sine
2854 1067 3114 1137 vestigiis,
3142 1067 3317 1122 vicina
3340 1065 3493 1138 [Ms.,

1922 1162 2153 1234 vicinus]
2187 1178 2387 1221 arenas.

1998 1250 2062 1306 P.
2093 1251 2230 1319 Quid
2262 1260 2346 1305 est
2378 1250 2584 1305 arena?
2610 1281 2681 1291 -—
2701 1249 2766 1303 Α.
2796 1249 2975 1303 Murus
2997 1258 3175 1304 teme.

1995 1342 2063 1399 P.
2094 1344 2233 1412 Quid
2263 1352 2347 1399 est
2373 1343 2582 1397 herba?
2608 1371 2680 1384 —-
2708 1341 2771 1395 Α.
2815 1341 2994 1396 Vestis
3021 1348 3198 1395 terrae.

1997 1435 2063 1491 P.
2089 1434 2230 1505 Quid
2283 1441 2409 1489 sunt
2452 1432 2600 1489 olera
2628 1434 2652 1486 ἲ
2687 1464 2756 1473 -
2783 1432 2847 1486 Α.
2904 1431 3075 1486 Amici
3130 1429 3460 1486 medicorum
3481 1467 3495 1491 ,

1922 1528 2043 1586 laus
2064 1541 2382 1597 coquorum.

1999 1620 2066 1676 P.
2097 1618 2236 1687 Quid
2258 1626 2360 1683 est,
2408 1616 2551 1686 quod
2592 1631 2775 1670 amara
2804 1615 2979 1671 dulcia
3007 1614 3134 1670 facit
3165 1615 3277 1668 ?—-
3302 1614 3364 1668 Α.
3398 1612 3500 1667 Fa-

1996 1799 2062 1854 P.
2091 1799 2229 1868 Quid
2258 1808 2361 1867 est,
2394 1797 2537 1869 quod
2560 1798 2834 1853 hominem
2866 1813 2971 1851 non
3002 1798 3205 1851 lassum
3232 1795 3400 1850 facit?
3430 1825 3447 1836 -
3484 1822 3496 1835 -

1924 1892 1989 1946 Α.
2018 1892 2275 1947 Lucrum.

1995 1985 2159 2057 355
2183 1983 2247 2039 P.
2289 1985 2430 2053 Quid
2469 1992 2554 2037 est
2577 1982 2819 2053 vigilanti
2860 1981 3121 2039 somnus?
3157 1979 3308 2032 -Α,
3347 1977 3500 2048 Spes.

1998 2075 2064 2131 P.
2093 2076 2232 2144 Quid
2252 2086 2334 2133 est
2355 2092 2479 2148 spes
2505 2075 2528 2129 ?
2553 2106 2621 2116 -—
2644 2074 2707 2127 A.
2736 2073 3094 2145 Refrigerium
3117 2071 3321 2128 laboris
3337 2112 3351 2135 ,
3379 2071 3498 2142 [du-

1926 2170 2047 2223 bius
2076 2167 2345 2240 eventus].

2000 2258 2064 2313 Ρ.
2097 2260 2237 2327 Quid
2265 2268 2346 2315 est
2376 2258 2656 2314 amicitia?
2684 2288 2755 2298 -—
2783 2257 2848 2310 Α.
2877 2255 3184 2326 AEqualitas
3205 2254 3504 2310 amicorum

1928 2350 2082 2423 (Mm,
2108 2349 2459 2423 animorum].

1999 2438 2065 2511 Ρ.
2091 2439 2228 2507 Quid
2258 2448 2343 2497 est
2394 2440 2654 2496 ﬁdes!-—
2684 2439 2746 2492 Α.
2788 2438 2986 2508 Ignotae
3031 2437 3109 2493 rei
3156 2447 3211 2494 et
3238 2437 3498 2493 miranda

1927 2533 2215 2589 certitudo.

2003 2623 2068 2681 Ρ.
2103 2623 2243 2694 Quid
2272 2631 2355 2679 est
2398 2623 2641 2678 mirum?
2666 2652 2732 2661 —
2763 2622 2826 2676 A.
2857 2619 3039 2691 Nuper
3082 2621 3187 2675 vidi
3234 2619 3507 2674 hominem

1931 2723 2161 2773 stantem
2185 2755 2201 2778 ,
2256 2721 2528 2770 mortuum
2562 2713 2928 2769 ambulantem
2976 2711 3105 2784 [.lfa.
3132 2753 3146 2775 ,
3202 2712 3507 2766 molientem

1931 2804 2343 2877 ambulantem],
2376 2806 2469 2874 qui
2494 2819 2771 2874 nunquam
2803 2803 2923 2857 fuit.

2007 2897 2072 2953 P.
2112 2897 2392 2966 Quomodo
2404 2880 2589 2968 potest
2616 2911 2734 2952 esse
2763 2938 2776 2961 ,
2808 2896 2980 2966 pande
3008 2896 3173 2951 nulli?
3193 2925 3261 2936 -—
3286 2895 3350 2950 Α.
3377 2893 3512 2949 Ima-

1932 3006 2000 3062 go
2021 2990 2074 3044 in
2099 3003 2260 3059 aqua.

2002 3077 2067 3132 P.
2093 3077 2203 3133 Cur
2236 3079 2338 3133 hoc
2361 3094 2469 3133 non
2499 3077 2735 3134 intellexi
2762 3092 2862 3149 per
2888 3091 2995 3142 me,
3026 3078 3154 3132 dum
3203 3078 3364 3133 toties
3386 3078 3495 3134 vidi

1932 3171 2102 3244 [hunc
2146 3173 2321 3243 ipsum
2367 3171 2662 3245 hominem]
2691 3174 2713 3228 ?
2741 3202 2811 3215 -—
2847 3172 2912 3227 Α.
2946 3172 3082 3242 Quia
3129 3173 3282 3228 bonae
3307 3173 3504 3230 indolis

1931 3279 1990 3320 es
2007 3262 2223 3332 juvenis
2250 3270 2305 3318 et
2333 3262 2598 3317 naturalis
2627 3262 2828 3333 ingenii
2853 3303 2868 3328 ,
2898 3277 3197 3333 proponam
3228 3263 3325 3318 tibi
3352 3279 3502 3334 qum-

1943 3355 2054 3411 iam
2075 3356 2175 3412 alia
2190 3356 2327 3411 mira
2357 3373 2371 3423 ;
2396 3363 2566 3420 tenta,
2596 3355 2641 3410 si
2668 3370 2766 3426 per
2785 3355 3013 3426 teipsum
3040 3356 3215 3428 possis
3236 3357 3508 3420 coniicere

1933 3447 2041 3519 illa.

2004 3537 2072 3605 Ρ.
2105 3537 2322 3594 Faciam
2354 3537 2506 3610 [Ms.,
2549 3538 2829 3610 faciemus]
2858 3556 2872 3603 ;
2906 3547 3085 3593 tamen
3118 3539 3214 3603 ita,
3247 3554 3292 3594 su
3324 3554 3503 3602 secus,

1931 3646 2095 3701 quam
2116 3638 2217 3693 est,
2245 3628 2437 3690 dicam,
2463 3629 2706 3699 corrigas
2733 3644 2838 3684 me.
2865 3658 2935 3669 -—
2962 3628 3025 3682 Α.
3056 3628 3298 3694 Faciam,
3324 3636 3383 3682 ut
3400 3629 3506 3684 vis.

1933 3721 2165 3790 Quidam
2193 3720 2409 3792 ignotus
2434 3737 2642 3776 mecum
2676 3721 2792 3776 sine
2830 3720 3007 3791 lingua
3040 3731 3095 3775 et
3127 3734 3258 3776 voce
3289 3721 3505 3780 locutus

1934 3823 2038 3880 est,
2092 3815 2183 3884 qui
2218 3830 2493 3883 nunquam
2532 3822 2658 3868 ante
2707 3813 2809 3867 fuit
2833 3853 2849 3876 ,
2900 3829 3001 3869 nec
3046 3822 3235 3884 postea
3273 3815 3379 3870 erit
3411 3831 3426 3879 ;
3459 3822 3517 3869 et

1932 3922 2093 3979 quem
2116 3923 2222 3962 non
2244 3906 2548 3971 audiebam,
2574 3921 2675 3961 nec
2704 3905 2845 3961 novi.
2874 3890 2875 3893 η

2008 3998 2074 4054 Ρ.
2100 3998 2380 4054 Somnium
2424 4006 2474 4052 te
2502 3995 2689 4069 [forte]
2745 3996 2991 4068 fatigavit
3017 3997 3274 4068 magister
3301 3998 3324 4053 Υ
3349 4029 3420 4040 -
3444 3998 3510 4052 Α.

1933 4090 2135 4155 Etiam,
2185 4088 2282 4142 fili.
2310 4087 2450 4141 Audi
2488 4095 2543 4141 et
2578 4086 2723 4141 aliud
2754 4104 2766 4140 :
2807 4084 2925 4141 Vidi
2974 4096 3217 4143 mortuos
3246 4103 3511 4159 generare

1931 4186 2136 4250 vivum,
2158 4193 2213 4239 et
2242 4198 2371 4238 aura
2398 4180 2509 4236 vivi
2536 4181 2839 4251 consumpti
2867 4189 2991 4236 sunt
3012 4181 3229 4237 mortui.

2008 4271 2075 4328 P.
2114 4274 2190 4329 De
2214 4272 2497 4331 fricatione
2538 4273 2794 4327 arborum
2814 4270 2954 4341 ignis
2980 4279 3142 4325 natus
3169 4279 3252 4325 est
3280 4313 3294 4336 ,
3321 4287 3517 4328 consu-

1934 4385 2089 4425 mens
2120 4365 2410 4441 [arbores].
2440 4396 2513 4415 -υ
2541 4366 2605 4420 Α.
2658 4365 2858 4420 Verum
2892 4371 2994 4419 est.
3033 4363 3225 4419 Audivi
3269 4374 3513 4421 mortuos

1937 4461 2116 4532 multa.
2134 4460 2435 4531 loquentes.

2008 4552 2091 4625 Ρ.⁸
2113 4550 2392 4622 Nunquam
2422 4548 2581 4613 bene,
2623 4546 2725 4601 nisi
2752 4545 3151 4617 suspendantur
3195 4546 3247 4600 in
3276 4560 3422 4600 acre.
3446 4576 3517 4588 —

1944 4642 1999 4713 At.
2023 4640 2182 4696 Vere.
2209 4638 2333 4698 Vidi
2366 4638 2544 4707 ignem
2590 4637 2976 4691 inexstinctum
3014 4651 3244 4705 pausare
3272 4637 3324 4690 in
3347 4651 3513 4706 aqua.

2006 4731 2072 4786 Ρ.
2114 4730 2332 4795 Silicem
2372 4728 2452 4800 [in
2493 4744 2631 4797 aqua
2672 4728 2980 4798 significare
3017 4728 3120 4794 vis,
3154 4729 3320 4803 reor].
3352 4731 3511 4784 ---Α.

1937 4822 2009 4878 Ut
2037 4822 2200 4887 reris,
2247 4820 2327 4875 sic
2350 4828 2453 4874 est.
2489 4818 2608 4873 Vidi
2640 4828 2912 4873 mortuum
2938 4820 3212 4875 sedentem
3254 4838 3418 4894 super
3444 4823 3497 4877 vi

1935 4929 2081 4979 vum,
2108 4921 2163 4971 et
2183 4912 2237 4968 in
2266 4911 2378 4966 risu
2403 4910 2597 4966 mortui
2614 4919 2858 4964 mortuus
2880 4919 2963 4966 est
2989 4911 3146 4966 vivus
3169 4911 3325 4975 ΓΜε..
3353 4913 3517 4969 mori-

1940 5012 2027 5061 tur
2047 5000 2247 5073 vivus].

2011 5092 2076 5151 P.
2104 5092 2217 5147 Hoc
2264 5092 2380 5146 coci
2434 5089 2584 5163 [Ms.,
2643 5089 2824 5164 coqui]
2875 5095 3051 5149 nostri
3111 5103 3328 5150 norunt.
3358 5095 3511 5150 -Α.

1939 5181 2205 5260 [norunt].
2244 5181 2351 5236 Sed
2372 5196 2509 5251 pone
2538 5181 2765 5252 digitum
2790 5197 2954 5254 super
2986 5201 3066 5251 os,
3119 5201 3187 5241 ne
3229 5186 3381 5257 pueri
3411 5168 3515 5243 hoc

1942 5277 2177 5339 audiant,
2206 5273 2336 5345 quid
2359 5275 2446 5330 sit.
2479 5273 2577 5328 Fui
2614 5276 2667 5329 in
2700 5278 2986 5333 venatione
3009 5295 3131 5334 cum
3158 5277 3300 5345 aliis,
3329 5283 3383 5335 in
3407 5296 3517 5353 qua

1941 5367 1987 5422 si
2014 5366 2141 5436 quid
2164 5365 2427 5436 cepimus,
2463 5365 2593 5419 nihil
2626 5366 2907 5422 nobiscum
2942 5369 3276 5438 portavimus
3309 5387 3321 5437 ;
3350 5388 3513 5444 quem

1943 5474 2049 5512 non
2099 5456 2371 5527 potuimus
2405 5470 2629 5536 capere,
2681 5457 2898 5514 domum
2948 5460 3290 5530 portavimus
3338 5462 3518 5520 nobis-

1941 5565 2082 5606 cum.
