4062 6346
609 224 714 280 979

1418 228 1476 282 Β.
1519 228 1580 283 F.
1616 230 1841 285 ALBINI
1882 229 2013 288 SEU
2051 231 2327 288 ALCUINI
2365 233 2648 291 OPERUM
2690 235 2868 291 PARS
2907 234 3014 292 VII.

3759 247 3856 305 980

681 335 746 391 P.
781 337 1127 392 Rusticorum
1169 346 1256 392 est
1307 339 1422 393 haec
1455 342 1688 396 venatio.
1726 371 1798 382 --
1821 343 1886 395 Α.
1916 352 2021 398 est.
2051 341 2174 398 Vidi
2203 347 2252 407 Α
2278 361 2554 416 nunquam
2580 347 2867 420 mortuus].
2900 347 3114 403 Tertius
3143 349 3308 404 semel
3336 359 3495 408 natus
3529 363 3582 409 et
3614 355 3701 413 bis
3729 376 3859 418 mor-

606 430 894 500 quemdam
921 438 1122 492 natum,
1149 440 1437 499 antequam
1459 439 1604 486 esset
1623 443 1933 503 conceptus.

683 516 752 575 P.
806 518 1023 583 Vidisti,
1049 529 1104 575 et
1132 519 1270 575 forte
1300 523 1810 578 manducasti.——A.
1847 523 2182 580 Manducavi.

612 610 754 677 Quid
804 608 958 682 [Ms.,
979 609 1131 682 Quis]
1159 621 1264 676 est,
1288 612 1379 680 qui
1413 627 1519 666 non
1553 623 1659 677 est,
1694 621 1749 668 et
1778 629 1975 668 nomen
2023 615 2187 670 habet

605 709 660 755 et
687 714 1010 769 responsum
1041 701 1132 754 dat
1159 701 1418 755 sonanti?

680 791 749 846 P.
777 791 960 846 Biblos
985 791 1038 846 in
1069 791 1204 846 silva
1232 791 1382 863 [Ma.,
1421 792 1564 847 Bilos
1595 793 1647 847 in
1679 792 1853 866 silvis]
1887 795 2181 866 interroga.

605 912 677 923 ——
699 883 763 938 Α.
801 882 918 938 Vidi
957 882 1224 953 hospitem
1260 891 1569 938 currentem
1609 899 1732 938 cum
1755 885 1913 940 domo
1958 902 2089 951 sua;
2121 895 2177 942 et

583 1011 586 1016 -
612 972 703 1029 ille
734 974 970 1039 tacebat,
1005 981 1060 1028 et
1083 973 1273 1028 domus
1295 975 1544 1028 sonabat.

676 1063 742 1118 Ρ.
766 1063 906 1119 Para
929 1063 1060 1118 mihi
1087 1072 1223 1128 rete,
1245 1072 1300 1119 et
1325 1065 1558 1133 pandam
1586 1066 1702 1121 tibi.
1729 1098 1802 1109 —
1823 1067 1888 1122 A.
1915 1067 2050 1135 Quis
2073 1076 2179 1135 est,

603 1168 764 1223 quem
791 1154 974 1210 videre
1003 1168 1110 1208 non
1141 1163 1292 1224 potes
1317 1153 1451 1225 [aui.
1481 1195 1495 1208 .
1538 1195 1552 1209 .
1590 1157 1809 1226 potestl,
1847 1158 1949 1212 nisi
1981 1157 2180 1220 clausis

604 1244 779 1300 oculis
801 1245 825 1297 ?

675 1333 743 1389 P.
767 1335 1098 1405 Quistertit,
1151 1335 1247 1395 tibi
1269 1336 1510 1399 ostendit
1539 1336 1706 1397 illum.
1733 1366 1804 1376 —
1839 1336 1901 1390 Α.
1941 1335 2062 1394 Vidi
2083 1340 2182 1402 hoe

588 1429 805 1483 minem
830 1437 953 1484 octo
977 1429 1030 1483 in
1072 1445 1233 1492 manu
1259 1437 1555 1495 tenentem,
1599 1437 1654 1484 et
1684 1430 1751 1484 de
1775 1430 1988 1484 octonis
2015 1428 2181 1501 [subi-

604 1515 685 1589 to]
707 1519 883 1586 rapuit
904 1528 1133 1589 septem,
1158 1527 1212 1574 et
1241 1529 1617 1574 remanserunt
1651 1535 1765 1575 sex.

679 1605 742 1661 P.
777 1607 934 1669 Pueri
981 1609 1036 1670 in
1086 1609 1286 1672 scholis
1322 1608 1425 1665 hoc
1445 1611 1736 1665 sciunt.—
1761 1609 1827 1664 A.
1874 1608 2008 1678 Quis
2056 1619 2161 1676 est,

604 1696 714 1761 cui,
747 1697 792 1757 si
817 1708 976 1774 caput
1001 1700 1305 1765 abstuleris,
1345 1701 1505 1756 altior
1533 1702 1704 1772 surgit
1732 1702 1756 1755 ?
2083 1704 2091 1712 ’

675 1783 737 1840 Ρ.
763 1785 898 1843 Vide
931 1787 1082 1860 [Ms.,
1115 1788 1286 1861 Vade]
1334 1789 1401 1844 ad
1427 1789 1630 1851 lectum
1656 1800 1805 1846 tuum
1851 1803 1905 1847 et
1929 1792 2002 1848 ibi
2034 1792 2183 1848 inve.

604 1876 740 1932 nies.
764 1907 836 1920 --
863 1877 929 1931 Α.
972 1879 1106 1934 Tres
1149 1879 1340 1943 fuere;
1385 1896 1525 1934 unus
1551 1896 1817 1951 nusquam
1863 1881 2011 1953 [Ms.,
2039 1897 2180 1938 nun-

584 1965 789 2038 .quam]
824 1978 983 2024 natus
1014 1978 1070 2024 et
1097 1970 1264 2025 semel
1286 1980 1548 2026 mortuus.
1581 1970 1755 2042 [Alter
1783 1973 1951 2028 semel
1996 1983 2179 2038 natus,

2163 465 2172 468 ·
2263 455 2267 459 ’
2288 440 2412 489 ιυιιε
2448 447 2496 488 ⁸.

2350 523 2423 578 .P.
2455 526 2665 580 Primus
2712 528 3021 598 :equivocus
3066 535 3226 584 teme
3252 528 3404 602 [Ms.,
3443 533 3599 607 meae]
3629 553 3644 602 ;
3670 554 3861 595 secun-

2287 615 2388 670 dus
2415 615 2525 669 Deo
2549 633 2669 671 meo
2693 635 2708 682 ;
2735 619 2928 673 tertius
2959 621 3163 675 homini
3185 625 3427 693 pauperi.
3461 656 3533 667 —
3552 627 3620 683 Α.
3657 629 3759 686 Dic
3785 642 3860 687 ta-

2286 720 2409 760 men
2435 708 2637 776 primas
2661 707 2868 762 litteras
2895 708 3242 783 [nominum].

2355 795 2422 851 P.
2456 814 2493 852 ι.
2521 815 2572 852 v.
2611 798 2738 870 [Με.
2779 799 2908 872 uu,]
2932 801 3000 854 l2
3045 818 3172 857 xxx.
3209 835 3280 844 —
3304 806 3368 860 Α.
3405 807 3529 865 Vidi
3600 812 3857 876 feminam

2283 889 2586 955 volantem,
2621 900 2859 945 rostrum
2911 891 3200 950 habentem
3253 895 3488 954 ferreum
3518 943 3536 968 ,
3560 913 3616 958 et
3659 921 3858 979 corpus

2281 979 2516 1051 ligneum
2540 988 2596 1034 et
2615 982 2840 1037 caudam
2871 992 3185 1054 pennatam,
3211 995 3439 1044 mortem
3465 1001 3792 1060 portantem.

2351 1068 2415 1125 Ρ.
2448 1069 2607 1126 Socia
2629 1072 2878 1127 militum.
2906 1099 2978 1114 —-
3001 1075 3067 1128 A.
3104 1076 3243 1142 Quid
3271 1085 3355 1132 est
3375 1080 3575 1136 miles?

2343 1158 2411 1215 P.
2441 1161 2624 1217 Murus
2651 1162 2882 1233 imperii,
2909 1164 3072 1219 timor
3110 1166 3368 1232 hostium,
3406 1169 3705 1241 gloriosum
3749 1191 3852 1231 ser-

2283 1251 2489 1307 vitium.
2513 1282 2585 1292 —
2605 1252 2670 1306 Α.
2708 1253 2848 1320 Quid
2881 1263 2966 1310 est
2989 1256 3132 1324 quod
3158 1265 3239 1312 est
3266 1266 3320 1312 et
3343 1274 3448 1313 non
3485 1270 3570 1316 est
3603 1263 3628 1316 τ

2351 1342 2414 1399 Ρ.
2445 1343 2606 1400 Nihil.
2639 1374 2714 1386 -—
2736 1346 2798 1400 Α.
2834 1344 3112 1413 Quomodo
3168 1358 3348 1418 potest
3387 1366 3512 1406 esse
3543 1361 3600 1408 et
3632 1371 3744 1411 non
3776 1369 3847 1414 est

2280 1433 2435 1510 [Ms.,
2471 1434 2663 1507 esse]?
3833 1475 3848 1486 υ

2351 1525 2417 1581 Ρ.
2447 1526 2676 1582 Nomine
2723 1536 2830 1592 est,
2859 1537 2915 1585 et
2940 1544 3000 1584 re
3044 1545 3153 1586 non
3188 1541 3290 1588 est.
3322 1535 3476 1590 —A.
3506 1536 3647 1606 Quid
3699 1539 3848 1613 μὴ,

2277 1616 2432 1690 Quis]
2459 1625 2546 1672 est
2570 1618 2766 1673 tacitus
2790 1622 3062 1681 nuncius?
3193 1649 3196 1651 .

2207 1699 2254 1760 Β
2360 1707 2425 1765 P.
2452 1709 2622 1776 Quem
2649 1726 2812 1765 manu
2843 1721 3018 1768 teneo.
3054 1745 3125 1754 —
3147 1715 3210 1769 Α.
3237 1715 3372 1783 Quid
3405 1729 3556 1776 tenes
3584 1738 3746 1778 manu
3765 1727 3790 1778 1

2358 1799 2423 1855 P.
2453 1801 2748 1944 Fll‘pistolam
2790 1819 2964 1858 meam
2996 1803 3153 1878 [Ms.,
3184 1807 3454 1881 tuam].-
3488 1811 3553 1866 A.
3581 1812 3724 1887 Lege
3745 1816 3849 1872 [εἰὶ-
3913 1785 3926 1795 ἢ

2358 1907 2444 1944 er.
2491 1895 2566 1944 ti.

2283 1890 2447 1960 citer,
2472 1891 2566 1945 ﬁli.

669 2115 695 2144 ι
717 2101 913 2158 Confer
941 2103 1208 2176 Symposii
1243 2103 1496 2178 Ainigma
1529 2105 1621 2171 94,
1644 2113 1699 2161 ει
1739 2105 1940 2162 Bonav.
1976 2105 2209 2162 Vulcanii

2269 2121 2374 2178 ing.
2401 2106 2523 2162 295.

604 2249 2812 2280 W

1443 2392 2290 2510 OPUSCULUM
2388 2391 3011 2508 SEXTUM.

929 2603 1088 2688 DE
1161 2599 1566 2689 CURSU
1642 2602 1794 2686 ET
1853 2601 2228 2687 SALTU
2267 2601 2632 2686 LUN/E
2701 2599 2854 2689 AC
2919 2607 3526 2692 BISSEXTO.

935 2809 1100 2881 355
1123 2807 1436 2865 MONITUM
1474 2806 1634 2862 PRE
1643 2807 1832 2864 VIUM.

666 2907 746 2963 Cl.
779 2905 1146 2972 Quercetanus
1174 2903 1314 2956 inter
1333 2902 1543 2972 Alcuini
1569 2901 1843 2971 epistolas,
1869 2901 1968 2956 sub
1987 2915 2177 2972 nume-

599 2979 677 3033 ris
699 2977 768 3031 25
789 2971 844 3030 et
861 2973 932 3028 26
954 2974 1087 3028 duas
1114 2973 1332 3027 chartas
1356 2971 1558 3035 retulit,
1583 2987 1736 3040 quas,
1768 2987 1892 3027 cum
1917 2971 2049 3026 nihil
2077 2973 2174 3026 ba-

597 3049 790 3102 berent
827 3044 1014 3098 forma:
1061 3042 1388 3111 epistolaris,
1399 3109 1406 3111 Α
1427 3042 1550 3095 inde
1583 3042 1820 3111 eximere
1862 3051 1916 3095 et
1949 3042 2003 3095 in
2034 3041 2175 3098 hunc

599 3117 776 3170 locum
802 3109 1118 3178 transferre],
1155 3119 1319 3180 atque
1358 3109 1462 3164 illis
1489 3111 1694 3182 libellis]
1722 3109 2012 3182 adjungere
2055 3111 2172 3181 pla-

599 3186 730 3247 cuit,
760 3184 852 3249 qui
877 3181 1068 3237 similis
1093 3189 1275 3249 esscnt
1301 3180 1626 3249 argumenti,
1647 3180 1906 3234 nimirum
1929 3180 2176 3236 astrono-

597 3254 746 3310 mici.
769 3248 1014 3307 Dehisce
1031 3251 1234 3306 chartis
1255 3248 1513 3320 Alcuinus
1537 3250 1916 3320 intelligendus
1939 3251 2171 3316 videtur,

595 3325 653 3380 in
690 3323 920 3394 epistola
939 3321 1008 3376 85
1029 3321 1096 3376 ad
1125 3319 1375 3394 Carolum
1405 3320 1478 3374 ita
1508 3319 1758 3394 scribens
1783 3337 1796 3372 :
1830 3339 1849 3371 ι
1887 3319 2173 3394 Signorum

595 3389 1062 3466 vero'partitiones
1094 3407 1191 3461 per
1218 3391 1412 3466 horas;
1447 3391 1797 3466 et__q_uomod_o
1826 3389 2174 3466 conivenirent

594 3459 787 3522 novem
801 3463 947 3524 horae
973 3459 1188 3521 lunares
1215 3460 1453 3531 quinque
1473 3459 1665 3531 diebus
1689 3459 1956 3514 solaribus
1984 3461 2174 3515 memi-

593 3535 654 3596 ni
689 3549 778 3588 me
798 3534 853 3587 in
874 3531 976 3586 alia
999 3531 1153 3588 vobis
1171 3530 1673 3601 dirigereiepistola.
1712 3551 1730 3582 ›

667 3603 896 3672 Scripsit
923 3617 1055 3658 vero
1079 3600 1424 3672 Alcuinusad
1446 3600 1694 3672 eumdem
1717 3600 2173 3672 sapientissimum

585 3669 1000 3743 regem—plura,
1049 3670 1564 3743 quibtts__scientiam
1613 3669 2028 3726 astronomicam
2073 3686 2172 3743 pro

593 3741 920 3798 modulo’sui
948 3744 1206 3812 temporis
1235 3741 1503 3813 illustrare
1530 3749 1754 3813 conatus
1779 3749 1880 3813 est,
1912 3741 2173 3813 quzeplu—

589 3814 788 3876 rimam
823 3809 1074 3882 partem,"
1104 3819 1264 3881 prout
1308 3811 1422 3882 jam
1463 3812 1712 3882 superius
1755 3809 1890 3880 (Col.
1923 3809 2172 3882 847)]10—

593 3881 848 3946 lavimus,
907 3891 1208 3951 temporum
1246 3881 1631 3950 hominumque
1668 3881 1815 3950 lapsu
1867 3882 2168 3951 perierunt.

591 3952 742 4008 lianc
772 3961 949 4007 tamen
984 3949 1247 4022 iacturam
1287 3949 1574 4022 evaserunt
1603 3949 1898 4022 bini’libelli
1927 3952 1993 4022 de
2019 3949 2171 4022 Saltu

591 4023 731 4078 lunae
777 4032 831 4078 et
871 4023 938 4076 de
973 4020 1236 4086 Bissexto,
1287 4021 1376 4090 qui
1423 4036 1544 4090 cum
1579 4021 1822 4076 chartula
1849 4020 2172 4076 Calculatio-

587 4095 676 4150 nis
701 4093 769 4148 de
805 4091 1124 4148 invenienda
1149 4091 1272 4144 luna
1301 4089 1538 4161 paschali
1559 4092 1854 4161 etiamnum
1883 4100 2171 4161 supersunt

591 4172 754 4234 atque
794 4163 1169 4234 custodiuntur
1221 4162 1274 4215 in
1303 4159 1634 4234 bibliotheca
1687 4159 1977 4234 Vaticana}
2033 4177 2170 4234 quos

591 4180 647 4224 al
686 4180 754 4217 ue
794 4180 1169 4219 CllSlOﬂllllllUl‘
1221 4180 1274 4215 In
1311 4180 1634 4216 muttomeca
1696 4180 1977 4226 vattcana,
2033 4180 2165 4234 quos

588 4180 715 4303 inde
765 4234 1023 4303 accepi}
1083 4231 1200 4303 viro
1249 4231 1647 4303 eruditissimo,
1687 4245 1860 4303 quem
1885 4231 1997 4303 iam
2038 4233 2165 4288 alibi

589 4301 826 4365 laudavi,
856 4299 919 4364 DZ
958 4300 1120 4372 Petro
1157 4301 1445 4372 Francisco
1488 4301 1766 4372 Fogginio,
1815 4299 2053 4372 ejusdem
2087 4303 2168 4358 bi-

2354 2827 2430 2888 De
2463 2826 2703 2900 Bissexto
2725 2830 2930 2900 pariter
2954 2832 3136 2900 pauc's
3161 2829 3283 2886 olim
3331 2849 3386 2885 se
3413 2833 3722 2890 ηιῑῐιιητκιὶε
3749 2847 3852 2890 tra-

2281 2906 2431 2972 ctare
2465 2899 2693 2972 cmpisse
2727 2899 3261 2972 Alcuinushtestauur
3309 2902 3362 2972 in
3402 2903 3558 2972 epist.
3605 2905 3725 2971 100,
3765 2910 3852 2963 ubi

2279 2969 2443 3045 etiam
2478 2969 2761 3045 proﬁtetur
2794 2984 2852 3045 se
2881 2969 2947 3024 ab
2978 2970 3083 3045 illo_
3117 2969 3522 3045 sapientissimo?
3550 2989 3674 3045 rege
3707 2969 3726 3026 ὰ
3761 2994 3846 3032 ex-

2232 3037 2567 3107 ;plorandas
2601 3057 2622 3089 ι
2656 3039 2926 3107 accepisse
2968 3058 2985 3088 ι
3037 3037 3310 3098 chartulas
3356 3037 3726 3101 calculatiBnis
3775 3047 3850 3100 lu-

2276 3108 2424 3184 naris
2452 3108 2536 3161 vel
2558 3108 3305 3184 bissextilisprtepamtionis,
3323 3111 3373 3166 in
3396 3113 3591 3184 quibus
3609 3116 3808 3182 inveni,
3827 3138 3846 3170 ι

2275 3176 2472 3250 inquit,
2510 3195 2527 3228 ε
2561 3176 3225 3250 rationesdiligentissime
3253 3176 3566 3250 exquisitas,
3600 3176 3849 3241 acutissi-

2273 3262 2361 3322 me
2385 3247 2650 3322 inventas,
2671 3247 2996 3322 nobilissime
3021 3249 3302 3322 prolatas]:
3329 3247 3384 3306 et
3407 3247 3556 3322 quod
3577 3271 3699 3309 mea
3725 3258 3850 3312 olim

2272 3315 2487 3389 devotio
2501 3319 2568 3389 de
2580 3319 2824 3374 Bissexto
2835 3315 3306 3389 paucis—inchoavit
3323 3315 3656 3387 ratiunculis,
3677 3337 3849 3382 vestra

2274 3388 2616 3460 sagacissima
2658 3388 2928 3460 indagatio
2969 3390 3183 3459 copiose
3229 3392 3524 3460 complevit.
3559 3412 3578 3442 ι
3645 3395 3850 3450 Paucas

2273 3457 2437 3511 hasce
2459 3457 2868 3518 t'atiunculas'in
2901 3457 3129 3515 tractatu
3161 3477 3318 3529 quem
3353 3457 3434 3516 hic
3468 3479 3532 3516 ex
3561 3479 3675 3518 ms.
3704 3465 3849 3519 Vati-

2273 3542 2410 3580 cano
2453 3538 2506 3582 et
2552 3531 2618 3583 ad
2665 3531 2824 3584 linem
2857 3530 2997 3584 illius
3022 3531 3250 3593 edimus,
3282 3533 3537 3586 contineri
3567 3548 3638 3586 ετ)
3677 3537 3848 3590 minus

2273 3597 2600 3682 dubitamus,
2624 3601 2771 3682 quod
2787 3617 2816 3653 a
2837 3601 2974 3682 ston
2992 3600 3216 3682 Aleuini
3227 3603 3361 3682 nihil
3387 3603 3624 3666 abludat,
3655 3615 3712 3658 et
3730 3622 3848 3682 cum

2273 3669 2527 3744 mctlto-{o
2562 3669 2924 3740 computandi,
2951 3687 3058 3741 quo
3086 3672 3139 3726 in
3170 3671 3288 3731 aliis
3313 3689 3442 3726 usus
3468 3682 3570 3731 cst.
3605 3676 3850 3744 apprime

2272 3740 2577 3796 conveniat.

2343 3807 2492 3864 Haud
2513 3808 2895 3883 displicebunt,
2941 3825 3093 3883 reor,
3111 3811 3321 3883 erudito
3345 3811 3553 3876 lectori,
3578 3829 3703 3882 qua:
3730 3815 3849 3883 qui—

2271 3875 2393 3930 dam
2431 3875 2692 3934 sodalium
2735 3888 3046 3934 nostrorum
3082 3882 3136 3934 in
3175 3882 3362 3936 ambas
3390 3875 3849 3938 commentatum-

2271 3946 2421 4002 culas
2458 3949 2668 4003 Alcuini
2713 3949 2777 4003 de
2806 3949 2957 4004 Saltu
2991 3950 3132 4009 luna:
3169 3961 3224 4006 et
3250 3951 3493 4006 Bissexto
3522 3953 3846 4015 observavit,

2270 4025 2326 4070 et
2343 4032 2444 4091 pro
2481 4020 2758 4091 utriusque
2792 4020 3149 4091 ilrlus‘tratione
3171 4031 3225 4075 et
3250 4023 3579 4078 correctione
3609 4024 3848 4091 adjecit:

2277 4105 2294 4136 ι
2327 4087 2794 4161 Αιιειηιιεῄιεςιοιζ,
2826 4090 3024 4160 inquit,
3047 4091 3098 4146 id
3130 4093 3424 4161 generatim
3462 4087 3706 4148 advertet
3737 4110 3850 4149 om-

2270 4170 2366 4211 nes
2394 4158 2604 4213 Alcuini
2635 4159 2702 4213 de
2748 4158 2917 4216 Saltu
2945 4161 3084 4216 luna:
3113 4158 3496 4216 c'alculationcs
3521 4163 3587 4220 ad
3615 4163 3720 4218 hoc
3749 4164 3851 4218 tale

2269 4228 2543 4302 proliletna
2571 4229 2751 4302 reduci
2789 4246 2968 4300 posse,
2991 4232 3279 4302 quomodo,
3309 4246 3500 4302 nempe
3523 4233 3654 4290 dato
3676 4235 3852 4288 incre-

2269 4306 2451 4368 mento
2483 4297 2654 4353 lunari
2685 4297 2909 4366 diurno,
2941 4297 3026 4356 vel
3047 4310 3354 4368 menstruo,
3385 4297 3468 4356 vel
3501 4319 3705 4368 annuo,
3745 4303 3850 4358 cal—

581 4371 1175 4442 -bliothec:eiditissimae
1199 4367 1820 4442 solertissimogcustode.
1847 4367 2094 4442 Exstant
2109 4372 2164 4442 hi
2194 4367 2388 4442 Dculo
2429 4369 2765 4442 eruimpossit
2809 4372 2925 4442 dies
2968 4371 3196 4441 integra,
3241 4367 3361 4442 qua:
3405 4372 3580 4442 saltus
3627 4367 3848 4434 dicitur,

587 4440 757 4502 libelli
784 4441 981 4494 ibidem
1019 4441 1161 4494 inter
1200 4456 1328 4495 mss.
1377 4440 1506 4508 Reg.
1541 4439 1701 4496 Suec.
1731 4441 1833 4496 sub
1859 4457 2007 4494 num.
2037 4441 2164 4508 226,

587 4510 681 4564 fol.
711 4510 797 4574 l8,
825 4519 880 4565 et
909 4511 962 4563 in
990 4509 1112 4564 cod.
1143 4525 1244 4566 ms.
1273 4509 1536 4574 Palatino,
1561 4525 1708 4564 num.
1739 4509 1896 4574 1419,
1921 4510 2012 4565 l’ol.
2040 4512 2098 4565 11
2133 4527 2165 4566 a

587 4589 758 4651 tergo.
798 4579 980 4651 Neque
997 4595 1138 4651 vero
1181 4581 1447 4638 ullatenus
1478 4580 1678 4640 dubito,
1711 4579 1920 4651 libellos
1948 4581 2165 4636 eosdem

582 4649 714 4706 vere
750 4650 816 4721 ad
857 4649 1141 4708 A’lcuinum
1181 4651 1468 4721 pertinere,
1499 4651 1790 4719 cumquod
1825 4650 1899 4704 illi
1925 4651 2166 4721 tribuan-

587 4728 680 4801 tur
717 4721 770 4801 i_n
805 4720 924 4801 illis
953 4720 1228 4780 codicibus
1274 4721 1630 4801 perantiquis,
1709 4729 1822 4801 tum
1864 4720 2006 4801 quod
2030 4720 2165 4801 .ipse

584 4790 845 4852 Alculnus
873 4791 994 4848 illos
1029 4789 1293 4860 tanquam
1332 4791 1418 4860 sui
1442 4789 1640 4860 laboris
1669 4799 1858 4860 partus
1883 4789 2165 4860 indigitare

584 4861 833 4932 videatur
858 4861 911 4932 in
934 4858 1174 4932 epistolis
1195 4862 1264 4915 82
1289 4869 1344 4915 et
1364 4859 1486 4932 100.
1508 4858 1566 4914 1η
1595 4858 1759 4930 priori
1785 4860 1857 4912 ita
1883 4858 2119 4932 loquitur
2145 4879 2158 4914 :

590 4948 612 4982 α
652 4931 721 4988 Ut
747 4932 828 5002 ad
862 4929 1116 5000 inquisita
1170 4930 1426 5002 chartula;
1471 4929 1662 5002 vestrm
1715 4929 2160 5002 respondeam...

625 5017 756 5080 auca
803 5001 868 5056 de
899 5001 1108 5056 ratione
1143 5000 1421 5080 multiplici
1450 5000 1620 5080 saltus
1647 5000 1912 5080 subjicere
1937 5003 2158 5080 curabo.

583 5014 756 5124 pauca
803 5014 868 5056 ue
899 5014 1108 5056 ratione
1143 5014 1421 5070 mlllllpIICl
1450 5014 1620 5055 sanus
1647 5014 1912 5080 sunpeere
1937 5014 2158 5055 curabo.

630 5071 826 5142 rimum
854 5086 1050 5142 poliam
1087 5074 1230 5142 quod
1259 5071 1627 5142 indoctorum
1656 5070 1820 5142 didici
1860 5069 2163 5142 librisLSe-

583 5140 782 5211 eundo,
810 5139 952 5211 quod
981 5139 1186 5196 ratione
1211 5140 1466 5211 suadente
1493 5141 1817 5211 investigare
1839 5139 2002 5211 valui.
2031 5140 2162 5198 Ter-

583 5210 681 5292 ti_o,
727 5209 870 5282 quod
901 5210 1400 5292 exinathematica‘
1424 5209 1708 5292 quondam;
1742 5210 1929 5292 audita
1973 5211 2162 5292 memi-

583 5278 914 5350 nisse'potui
965 5281 1266 5358 disciplina.
1303 5297 1321 5330 ι
1359 5278 1425 5332 Ει
1467 5278 1624 5348 paulo
1679 5279 1906 5334 inferius
1947 5297 1960 5332 :
1995 5299 2013 5330 ι
2054 5281 2163 5335 Has

584 5350 956 5430 vero.luna_ris
981 5348 1152 5430 saltus
1192 5349 1599 5430 supputationes
1619 5348 2073 5430 _aliquas,.[quas]
2105 5350 2161 5405 in

585 5417 806 5491 alterius
844 5418 1099 5491 chartulae
1127 5417 1386 5491 [paginis]
1413 5419 1665 5480 distincte
1704 5417 1910 5491 notavi,
1937 5417 1996 5491 ut
2022 5417 2162 5491 pra:-

581 5489 714 5552 dixi,
744 5504 809 5543 ex
851 5489 1078 5545 lectione
1106 5489 1453 5558 paternorum
1480 5503 1732 5558 sensuum
1767 5489 1958 5558 scripsi
1984 5505 1997 5546 :
2027 5490 2161 5544 alias

585 5574 650 5615 ex
681 5559 902 5630 rationis
923 5557 1254 5630 .conjectura
1299 5558 1650 5630 investigavi;
1680 5557 1813 5630 alias
1854 5557 1920 5612 ex
1953 5560 2161 5614 mathe-

588 5628 907 5686 maticorum
934 5626 1099 5685 variis
1125 5627 1593 5701 supputatiouibus
1627 5626 1833 5697 collegi.
1867 5647 1884 5679 ι

2268 4437 2450 4514 elapso
2480 4437 2682 4514 scilicet
2717 4441 2868 4514 cyclo
2897 4437 3342 4514 decennovenali.
3372 4441 3466 4514 Vel
3499 4443 3764 4500 vicissim.
3794 4442 3850 4496 Id

2265 4509 2443 4582 autem
2483 4509 2762 4568 Alcuinus‘
2791 4512 2845 4566 in
2880 4511 3108 4567 diversis
3161 4512 3548 4582 hypothesibus
3601 4514 3847 4576 resotvit,

2265 4593 2406 4631 nunc
2429 4577 2822 4651 incrementum
2847 4592 3179 4636 menstruum
3200 4577 3450 4651 ponendo
3469 4593 3712 4648 quatuor
3736 4597 3850 4636 mo-

2265 4656 2569 4721 mentorum
2607 4659 2661 4704 et
2685 4649 3018 4705 duodecima:
3058 4649 3228 4721 partis
3255 4652 3534 4714 momenti,
3579 4667 3645 4705 ac
3683 4653 3847 4721 quin-

2262 4720 2574 4790 gentesima:
2592 4721 2939 4790 sexagesima:
2955 4720 3160 4790 quarta:
3184 4722 3358 4790 partis
3379 4722 3664 4784 momenti,
3691 4720 3748 4775 id
3768 4730 3851 4775 est

2265 4788 2467 4854 atomi;
2516 4805 2658 4844 nunc
2699 4788 2933 4860 quatuor
2972 4788 3376 4846 momentorum
3401 4799 3456 4846 et
3485 4791 3846 4862 quadraginta

2261 4866 2385 4930 octo
2418 4867 2738 4925 atomorum,
2764 4869 2904 4925 etc.;
2929 4863 3085 4915 modo
3127 4862 3456 4918 incrementa
3494 4861 3851 4930 supponendo

2263 4926 2315 4980 in
2357 4931 2630 5004 temporis,
2653 4932 2827 5004 modo
2865 4932 2938 5004 in”
2961 4932 3253 5004 eccliptica;
3280 4932 3528 5004 partibus
3556 4926 3850 5004 datanl‘loc

2261 5012 2390 5072 vero
2405 5001 2483 5072 vel
2498 5000 2686 5055 calculi
2701 5002 2940 5072 variandi
2957 5000 3146 5072 gratia,
3167 5001 3250 5055 vel
3271 5000 3413 5072 quod
3437 5003 3610 5072 magis
3622 5001 3850 5063 arridet,

2261 5065 2485 5123 docendi
2515 5086 2675 5125 causa
2699 5070 2892 5126 fecisse
2919 5065 3219 5132 censendus
3241 5065 3342 5130 est.
3370 5071 3442 5128 Ut
3467 5065 3616 5127 enim
3645 5086 3776 5124 eum
3799 5072 3849 5124 in

2261 5137 2445 5192 schola
2480 5141 2663 5209 palatii
2709 5141 3091 5196 astronomiam
3123 5142 3369 5196 docuisse
3398 5152 3611 5196 certum
3642 5151 3750 5203 est,
3779 5142 3850 5194 ita

2259 5214 2315 5287 et
2341 5224 2436 5276 pro
2459 5211 2668 5265 diversa
2699 5212 3082 5281 discipulorum
3117 5212 3415 5284 capacitate
3440 5211 3688 5266 diversas
3713 5212 3852 5265 inire

2262 5291 2376 5331 γωδ
2399 5288 2619 5335 coactus
2639 5291 2774 5336 erat.

2335 5365 2374 5421 ¢_
2397 5348 2516 5421 Non
2539 5351 2734 5405 minori
2763 5351 3148 5421 perspicuitate
3169 5350 3236 5405 de
3266 5351 3516 5404 Bissexto
3571 5359 3706 5420 agit,
3779 5364 3845 5402 ac

2259 5417 2558 5491 problema,
2586 5430 2747 5491 prout
2763 5417 2976 5475 ibidem
2999 5422 3067 5476 ab
3091 5420 3318 5475 Alcuino
3341 5417 3688 5491 proponitur,
3724 5437 3854 5490 cap-

2262 5489 2314 5560 tu
2346 5489 2656 5560 facillimum
2687 5500 2790 5544 est.
2821 5491 3075 5545 Duriores
3109 5507 3238 5544 vero
3263 5489 3598 5544 calculorum
3655 5489 3854 5560 spinas

2262 5555 2447 5612 [Invidi
2480 5573 2578 5612 suo
2604 5562 2705 5613 hac
2734 5562 2785 5620 in
2817 5563 3042 5616 materie
3067 5562 3386 5622 reservavit,
3417 5569 3475 5613 ut
3513 5555 3704 5613 videre
3767 5571 3854 5614 cst

2262 5625 2313 5680 in
2341 5629 2496 5699 epist.
2554 5629 2642 5694 83,
2682 5647 2789 5702 quo
2819 5646 2941 5686 cum
2988 5640 3042 5686 et
3088 5631 3222 5686 alias
3272 5631 3470 5701 su~pius
3517 5629 3856 5702 fuliginosas
