4038 6354
543 207 648 265 983

1354 206 1414 263 Β.
1453 207 1514 262 F.
1551 198 1789 262 ALBINI'
1814 204 1946 262 SEU
1984 201 2259 283 ALCUINI
2296 200 2581 261 OPERUM
2617 201 2795 258 PARS
2834 200 2945 259 VII.

3674 199 3784 261 θει

541 323 792 391 diturque
852 338 896 375 .n
933 320 1117 377 Pisces
1156 321 1442 376 inchoante
1484 322 1627 376 bisse
1667 322 1815 376 horae
1861 319 2107 374 secunda:
2139 321 2185 380 Α
2210 319 2459 389 quodque
2506 320 2720 389 signum
2757 335 2794 374 ιι
2826 320 3036 384 diebus,
3080 332 3132 372 vt
3172 316 3350 383 boris,
3376 331 3440 372 ac
3458 317 3601 374 biss;
3624 320 3788 377 unius

541 417 716 471 noctis
741 416 915 486 pridie
958 416 1034 472 ld.
1065 414 1263 485 April.,
1313 424 1369 469 et
1408 422 1687 469 remanent
1729 415 1795 469 de
1830 413 2003 485 pridie
2031 412 2108 468 ld.

538 507 712 577 April.
739 508 884 563 hora:
926 525 1059 563 xxn.
1102 508 1211 563 llas
1238 510 1372 564 adde
1401 508 1467 561 ad
1496 508 1652 573 ldus,
1700 515 1755 563 et
1782 515 1943 561 erunt
1966 502 2113 561 hora:

542 615 688 654 xtvl.
751 598 846 654 llis
892 600 1028 655 adde
1055 609 1176 655 octo
1212 601 1376 654 horas
1411 616 1477 653 ex
1505 616 1636 654 xvur
1683 599 1801 653 Kal.
1848 598 2002 663 Maii,
2054 606 2117 653 ’et

538 690 768 745 habebis
797 690 958 745 horas
1002 707 1137 746 Lllll.
1219 692 1314 746 His
1341 707 1471 745 vero
1511 692 1834 762 computatis
1876 689 2115 743 invenies

542 796 573 832 a
597 795 666 833 xv
693 778 808 833 Kal.
840 779 1036 849 April.,
1070 782 1210 836 unde
1238 782 1567 852 crepidinem
1594 780 1996 836 construximus
2021 781 2116 833 hu-

535 871 627 940 jus
654 872 1025 929 calculationis
1051 889 1196 927 xxvu
1227 874 1343 929 dies
1370 889 1539 942 usque
1568 874 1621 927 in
1649 889 1781 926 xvm
1816 871 1931 925 Kal.
1953 870 2110 934 Maii;

543 962 598 1016 in
627 962 781 1033 cujus
800 964 904 1019 diei
930 971 1143 1019 noctem
1177 981 1274 1019 vut
1311 966 1459 1019 bene
1488 960 1800 1019 decurrunt.
1842 963 1899 1017 ln
1921 963 2115 1032 quibus

542 1069 693 1110 xxvu
722 1055 910 1111 diebus
948 1065 1003 1111 et
1045 1073 1139 1112 νιιι
1167 1058 1317 1112 horis
1356 1058 1508 1112 Luna
1537 1074 1614 1112 xu
1642 1059 1792 1127 signa
1825 1057 2067 1127 pervolat
2094 1073 2108 1122 ;

544 1148 811 1204 habentur
825 1151 976 1205 horae
996 1164 1148 1206 xxvu
1185 1153 1414 1220 dierum,
1445 1154 1585 1225 quod
1614 1162 1737 1211 sunt
1759 1153 1907 1207 bone
1935 1166 2111 1215 acui,

541 1241 901 1310 superadditis
926 1259 1018 1297 VIII
1049 1243 1216 1299 horis.

617 1331 675 1388 Si
696 1348 825 1389 vero
847 1335 927 1389 vis
944 1335 1009 1389 ad
1033 1352 1130 1391 xm
1147 1337 1357 1407 signum
1374 1337 1580 1392 lunaris
1605 1351 1795 1393 cursus
1808 1337 2111 1407 pervenire,

541 1436 792 1497 computa
814 1444 843 1484 a
868 1446 923 1483 Ix
950 1432 1082 1485 hora
1112 1432 1285 1486 noctis
1311 1448 1439 1486 xvm
1468 1431 1582 1485 Kal.
1603 1472 1617 1495 ,
1651 1432 1703 1484 in
1730 1445 1891 1499 quam
1924 1430 2113 1483 horam

540 1533 621 1574 xu
644 1520 793 1588 signa
821 1530 1201 1591 pervenerunt.
1254 1521 1515 1593 Computa
1558 1523 1681 1576 inde
1716 1537 1833 1575 um
1874 1522 2037 1574 horas
2060 1527 2116 1573 et

539 1609 715 1677 bisse;
745 1627 972 1681 quarum
1008 1613 1175 1669 habes
1205 1630 1290 1669 XVI
1320 1629 1384 1667 ex
1422 1630 1555 1668 xvm
1601 1612 1719 1667 Kal.
1773 1613 1923 1666 Adde
1950 1611 2111 1666 horas

2214 410 2381 464 bone.
2421 410 2849 481 Unumquodque
2871 424 2999 464 vero
3025 410 3233 478 signum
3254 408 3417 463 habet
3442 426 3548 464 xxx
3574 420 3782 480 partes.

2214 498 2272 560 Si
2301 514 2428 572 ergo
2456 502 2535 557 vis
2558 502 2720 567 seire,
2746 509 3006 570 quantum
3035 498 3265 568 spatium
3298 499 3427 559 luna.
3458 509 3701 556 moretur
3724 502 3784 559 in

2213 607 2319 644 una
2346 592 2584 660 qualibet
2628 593 2693 651 de
2723 608 2827 649 xxx
2855 592 3098 661 partibus
3118 631 3135 655 ,
3180 607 3331 646 sume
3358 592 3521 647 horas
3552 593 3783 650 duomm

2215 683 2457 750 dierum,
2503 700 2625 754 quae
2664 693 2789 739 sunt
2835 700 3021 739 vam.
3078 682 3228 739 Adde
3266 686 3349 740 his
3380 702 3434 740 vt
3460 687 3628 759 bons
3656 704 3785 745 cum

2213 774 2376 839 bisse,
2406 775 2541 829 fiunt
2566 791 2681 829 Lllll
2713 775 2875 837 borea,
2916 774 3113 845 quibus
3136 774 3260 828 luna
3289 784 3532 830 moratur
3559 777 3614 830 in
3640 794 3784 834 uno-

2213 875 2427 932 quoque
2468 863 2639 933 signo.
2700 862 2808 918 Has
2836 879 2949 917 um
2985 862 3147 918 horas
3190 862 3450 919 distribue
3493 864 3785 937 unicuique

2211 953 2351 1022 parti
2393 969 2489 1024 per
2513 969 2696 1024 aequas
2729 955 3040 1024 portiones,
3087 954 3222 1009 dans
3265 956 3510 1010 videlicet
3558 958 3787 1029 singulis

2212 1046 2455 1114 partibus
2498 1046 2739 1117 singulas
2788 1048 2981 1110 horas;
3017 1054 3071 1101 et
3112 1048 3465 1101 remanebunt
3496 1050 3593 1103 tibi
3622 1067 3782 1106 xxuu

2212 1138 2379 1192 borrc.
2444 1138 2551 1192 llas
2598 1138 2888 1208 multiplica
2934 1154 3032 1208 per
3076 1148 3302 1207 punctos
3341 1138 3505 1210 358
3550 1156 3615 1195 ca
3645 1141 3782 1213 lege,

2211 1246 2316 1301 qua
2365 1233 2494 1286 hora
2540 1232 2739 1286 habeat
2769 1232 3007 1301 quinque
3046 1241 3296 1301 punctos,
3346 1240 3403 1285 et
3445 1231 3581 1286 ﬁunt
3600 1235 3787 1303 puncti

2211 1336 2335 1375 cxx.
2380 1319 2487 1374 llos
2515 1321 2721 1390 partire
2746 1337 2843 1390 per
2874 1337 3002 1385 xxx,
3028 1329 3262 1390 quatuor
3287 1321 3561 1387 invenies;
3587 1326 3653 1377 da
3673 1326 3788 1379 uni-

2213 1415 2406 1484 cuique
2452 1416 2594 1482 parti
2638 1424 2864 1484 punctos
2895 1430 2997 1479 uu,
3039 1422 3093 1468 et
3133 1416 3429 1470 remanebit
3451 1416 3616 1472 hisse.
3674 1419 3785 1476 Hoc

2212 1506 2414 1574 partire
2435 1521 2531 1576 per
2550 1523 2616 1561 xL
2637 1514 2875 1570 ostenta,
2918 1507 3042 1577 quia
3056 1507 3215 1576 plena
3237 1508 3367 1561 hora
3398 1525 3425 1563 ι.
3459 1507 3665 1579 [ἴοι-ιι,
3694 1511 3781 1581 u]

2213 1595 2377 1652 habet
2403 1605 2634 1662 ostenta,
2681 1607 2736 1652 et
2758 1599 2907 1654 bisse
2926 1599 3046 1653 dua:
3070 1606 3252 1667 partes
3274 1610 3402 1654 sunt
3417 1602 3579 1657 unius
3602 1604 3781 1667 horas;

542 1661 817 1770 sequentis
837 1701 972 1768 diei,
1006 1703 1057 1758 id
1088 1710 1201 1766 est,
1232 1720 1341 1757 xvu
1370 1703 1486 1757 Kal.
1521 1711 1575 1756 et
1604 1702 1739 1757 fiunt
1764 1704 1910 1757 bone
1935 1718 2026 1767 xL,
2054 1709 2109 1756 et

2214 1685 2352 1752 ideo,
2383 1696 2445 1742 ut
2471 1688 2603 1753 dixi,
2624 1661 2627 1662 ν
2646 1705 2712 1743 xi.
2747 1698 2960 1743 ostenta
2990 1661 3226 1743 cili-ciunt
3254 1691 3399 1745 bisse
3431 1692 3590 1747 unius

540 1791 766 1847 habebis
809 1792 923 1849 dies
960 1808 1093 1849 ccxv
1135 1794 1253 1847 Kal.
1287 1810 1413 1849 xxix
1450 1792 1522 1865 [F
1526 1802 1657 1857 orte,
1682 1802 1737 1848 et
1757 1793 1982 1847 habebis
1998 1806 2107 1846 xvu

541 1881 659 1937 Kal.
698 1883 811 1939 dies
846 1883 1039 1956 xxix}.
1064 1884 1212 1939 Adde
1247 1885 1331 1940 his
1374 1900 1449 1939 xu
1479 1886 1641 1939 horas
1685 1884 1970 1954 trigesima:
2006 1898 2108 1937 no-

539 1972 663 2036 ctis,
691 1987 811 2042 qua:
844 1975 1091 2045 pervenit
1121 1975 1172 2029 in
1222 1990 1309 2029 xvt
1345 1974 1463 2028 Kal.
1496 1982 1550 2029 et
1574 1975 1799 2029 habebis
1824 1976 1988 2028 horas
2012 1988 2109 2027 xm

539 2061 680 2131 signi
709 2063 913 2132 plenas.
952 2064 1007 2118 in
1032 2079 1135 2134 qua
1165 2064 1299 2117 hora
1343 2079 1419 2117 xu
1467 2064 1641 2118 noctis
1680 2062 1839 2132 plena
1866 2064 2114 2131 pervenit

539 2154 608 2208 ad
636 2157 837 2210 coitum
878 2157 1007 2211 solis
1027 2198 1041 2222 ,
1084 2158 1137 2212 in
1169 2173 1276 2227 quo
1298 2156 1433 2211 duas
1466 2157 1630 2210 horas
1652 2196 1667 2220 ,
1695 2164 1756 2210 ut
1789 2157 2109 2219 aestimatur,

539 2255 808 2302 versatur.
861 2248 930 2303 Et
968 2250 1173 2304 videbis
1220 2250 1362 2318 quod
1408 2248 1573 2303 altera
1623 2248 1863 2303 incensio
1901 2264 2115 2318 semper

540 2336 649 2407 erit
667 2345 790 2406 post
816 2353 890 2393 xu
917 2340 1035 2393 hor.
1068 2338 1200 2393 Nam
1226 2340 1400 2409 prima
1433 2338 1590 2408 hujus
1611 2338 2006 2408 supputationis
2032 2353 2114 2392 re-

540 2427 664 2497 gula
694 2443 724 2482 a
757 2430 1065 2498 vespertina
1091 2431 1225 2485 hora
1249 2431 1303 2484 in
1326 2430 1511 2485 Ariete
1536 2429 1846 2499 incipiebat,
1876 2437 1931 2483 et
1955 2429 2113 2483 modo

541 2515 597 2570 in
656 2518 974 2573 matutiuam
1026 2520 1215 2574 horam
1256 2520 1361 2575 diei
1405 2520 1653 2589 pervenit
1694 2520 1927 2575 secunda
1974 2519 2109 2584 vice,

538 2604 724 2660 Ariete
750 2615 970 2676 peracto
995 2616 1050 2663 et
1073 2608 1253 2663 Tauro
1279 2609 1585 2679 incipiente.

580 2696 811 2752 ‘Novem
865 2700 1043 2764 horas,
1090 2702 1163 2756 ait
1211 2700 1437 2767 Plinius,
1482 2703 1536 2757 in
1582 2703 1704 2757 luna
1742 2717 1842 2773 pro
1879 2702 2114 2772 quinque

539 2788 730 2846 diebus
755 2792 1099 2862 computatis,
1145 2794 1196 2848 id
1226 2802 1349 2861 est,
1406 2802 1610 2848 tantum
1653 2793 1862 2848 itineris
1904 2792 2117 2863 peragit

540 2879 665 2935 luna
691 2882 747 2937 in
798 2898 852 2938 Ix
907 2884 1055 2938 boris
1078 2923 1093 2949 ,
1140 2892 1397 2952 quantum
1430 2885 1509 2939 sol
1544 2885 1596 2938 in
1634 2885 1872 2954 quinque
1902 2883 2110 2938 diebus.

541 2972 765 3041 Signum
790 2972 952 3027 habet
970 2975 1386 3045 unumquodque
1415 2991 1520 3028 xxx
1544 2984 1727 3044 partes
1754 2994 1765 3027 :
1792 2975 1845 3028 in
1870 2989 2114 3044 unoquo-

539 3076 647 3130 que
689 3062 845 3132 signo
872 3062 994 3117 luna
1024 3073 1274 3118 versatur
1302 3080 1422 3119 um
1461 3066 1611 3119 horis
1654 3080 1776 3119 cum
1816 3065 1960 3119 bisse
1994 3080 2110 3119 suo.

543 3151 753 3208 l’artire
800 3169 916 3208 Lllll
970 3155 1134 3208 horas
1179 3155 1232 3208 in
1275 3170 1352 3219 1x,
1398 3162 1453 3210 et
1484 3155 1722 3209 invenies
1766 3170 1857 3211 sex
1908 3158 2112 3212 novies.

542 3244 673 3297 item
693 3243 771 3297 sol
797 3254 1038 3297 moratur
1062 3244 1116 3298 in
1141 3259 1462 3315 unoquoque
1502 3246 1656 3316 signo
1691 3262 1797 3299 xxx
1839 3246 1952 3302 dies
1989 3256 2042 3302 et
2081 3264 2117 3304 x

544 3337 710 3393 semis
732 3337 915 3392 hom:
949 3337 1157 3392 Partire
1186 3355 1286 3392 xxx
1317 3354 1414 3408 per
1434 3355 1487 3403 v,
1513 3347 1569 3393 ct
1587 3339 1823 3393 invenies
1848 3355 1943 3393 sex
1961 3337 2117 3409 duin-

541 3431 699 3499 quies
728 3430 781 3485 in
805 3446 943 3495 xxx;
972 3439 1027 3486 et
1053 3437 1260 3485 sextam
1289 3438 1495 3501 partem
1541 3430 1685 3501 signi
1711 3428 1994 3499 cujuslibet
2037 3432 2116 3487 sol

544 3520 747 3592 peragit
770 3521 824 3575 in
868 3537 901 3574 v
942 3521 1130 3575 diebus
1153 3563 1167 3585 ,
1214 3521 1339 3574 dum
1364 3520 1488 3574 luna
1512 3528 1721 3575 sextam
1746 3529 1956 3591 partem
1978 3521 2116 3592 signi

542 3611 598 3664 in
631 3627 687 3666 tx
718 3611 867 3665 horis
892 3612 1136 3682 peragit:
1171 3627 1360 3666 novem
1402 3626 1532 3666 vero
1571 3611 1759 3667 diebus
1793 3627 1895 3666 cxx
1937 3621 2118 3681 partes

543 3702 786 3773 peragit;
819 3702 946 3756 item
984 3717 1034 3755 rx
1059 3702 1248 3757 diebus
1294 3716 1395 3756 cxx
1415 3741 1430 3765 ,
1457 3711 1509 3755 et
1532 3701 1660 3756 item
1692 3718 1745 3755 rx
1776 3701 1965 3756 diebus
1987 3717 2113 3765 cxx,

542 3791 685 3862 quod
736 3801 860 3846 sunt
900 3808 1047 3847 xxvu
1086 3792 1228 3855 dies,
1268 3807 1364 3863 per
1412 3807 1568 3848 xxuu
1616 3793 1805 3857 horas,
1843 3801 1899 3847 et
1932 3803 2117 3862 partes

541 3899 728 3939 CCCLX.

615 3975 913 4030 Videndum
963 3982 1083 4041 est,
1110 3975 1398 4045 quomodo
1442 3975 1767 4031 conveniant
1804 3990 1900 4029 vtu
1945 3974 2111 4039 bone,

442 4132 445 4139 η
541 4066 663 4139 qua:
699 4076 989 4139 supersunt
1036 4068 1090 4123 in
1122 4066 1244 4123 luna
1268 4110 1282 4130 ,
1331 4074 1363 4120 v
1390 4068 1581 4123 diebus
1607 4068 1697 4138 qui
1722 4075 2013 4136 supersunt
2058 4068 2111 4121 in

541 4160 678 4224 sole,
721 4167 782 4214 ut
809 4159 1095 4230 pervenire
1127 4160 1298 4229 possit
1340 4159 1405 4213 ad
1446 4159 1611 4213 totius
1651 4158 1775 4212 anni
1815 4158 1956 4222 dies;
2006 4173 2113 4212 non

541 4252 687 4309 enim
724 4253 802 4307 sol
833 4252 919 4308 his
943 4268 977 4304 v
1002 4252 1193 4307 diebus
1220 4253 1422 4321 absque
1448 4252 1667 4306 zodiaco
1696 4251 1898 4307 circulo
1922 4252 2108 4306 currit.

542 4343 623 4397 Au
647 4344 849 4414 aliquid
878 4344 1181 4397 addendum
1208 4345 1278 4397 sit
1298 4344 1350 4397 in
1378 4344 1516 4399 cmlo
1537 4359 1700 4398 ccux
1726 4346 1999 4413 partibus;
2028 4344 2110 4397 vel
2145 4347 2190 4407 D

541 4434 711 4489 vdies
757 4432 1026 4495 dividendi
1075 4432 1184 4486 sint
1227 4448 1322 4505 per
1363 4433 1597 4503 singulas
1645 4443 1859 4504 partes;
1912 4434 2113 4489 habent

539 4525 686 4578 ettim
712 4539 745 4575 v
773 4523 890 4577 dies
916 4539 1019 4576 cxx
1050 4523 1228 4577 horas.
1268 4523 1349 4577 An
1374 4524 1548 4577 danda
1574 4524 1646 4579 sit
1672 4525 1960 4594 unicuique
1988 4540 2112 4593 par-

540 4615 582 4668 ti
610 4614 766 4668 tertia
808 4629 937 4685 pars
964 4614 1137 4678 horae,
1171 4614 1222 4667 id
1253 4621 1336 4668 cst
1360 4654 1375 4683 ,
1428 4613 1570 4668 trieu
1594 4629 1790 4677 unum;
1836 4627 1939 4667 nec
1966 4614 2111 4668 enim

539 4716 635 4756 vtu
677 4702 823 4756 hora:
852 4701 1058 4756 lunaris
1095 4718 1288 4756 cursus
1332 4717 1514 4756 vacua:
1541 4708 1696 4764 sunt,
1741 4702 1866 4755 dum
1894 4716 2113 4769 compu-

540 4802 652 4847 tata
682 4801 768 4849 est
808 4792 862 4848 in
894 4809 1037 4847 xxvu
1085 4793 1273 4849 diebus
1302 4835 1317 4859 ,
1363 4794 1405 4849 si
1447 4794 1737 4863 unicuique
1763 4793 1871 4849 diei
1899 4795 2114 4849 additur

542 4886 699 4941 tertia
726 4902 851 4956 pars
878 4903 998 4942 xuu
1023 4885 1227 4959 [Forlc,
1256 4886 1435 4958 xxuu]
1464 4887 1663 4956 partis,
1694 4896 1752 4942 ut
1781 4887 1951 4956 possit
1977 4887 2111 4957 legi-

538 4976 705 5032 timus
730 4992 989 5033 numerus
1018 4977 1252 5048 partium
1284 4976 1514 5046 impleri,
1550 4976 1651 5030 hoc
1678 4984 1794 5041 est,
1841 4977 1907 5031 ad
1947 4992 2108 5037 cccrx

536 5076 721 5141 partes
747 5070 1059 5141 pervenire;
1093 5069 1235 5124 sicut
1265 5068 1319 5122 in
1352 5068 1870 5122 vestraacntissima
1898 5076 1955 5123 et
1975 5069 2113 5124 bene

537 5160 807 5229 exquisita
828 5161 1207 5233 supputatione
1232 5159 1538 5217 invenimus
1567 5161 1832 5231 agendum
1862 5175 2000 5217 esse.

936 5265 961 5296 ³
999 5253 1105 5312 ΒΕ
1147 5251 1395 5313 CURSU
1438 5251 1695 5312 LUNJE.

546 5388 547 5391 η
608 5351 759 5407 Luna
788 5353 986 5422 quippe
1014 5352 1300 5409 velocitate
1328 5352 1411 5407 sui
1441 5367 1633 5407 cursus
1655 5350 1893 5420 pervolat
1921 5368 2111 5407 unum-

610 5496 637 5525 ι
675 5482 902 5539 Videtur
926 5492 1275 5610 esseJnrtem
1306 5483 1489 5559 scripti
1519 5482 1738 5554 prioris.
1772 5482 1913 5547 Edit.
1940 5481 2110 5550 Quer-

610 5565 642 5606 t.
672 5556 829 5610 eoist.
858 5555 947 5608 26.
979 5555 1039 5609 Vi
1080 5572 1109 5607 υ
1134 5555 1289 5610 epist.
1332 5554 1447 5606 lOU.
1956 5556 1961 5561 “

538 5565 642 5630 cet.
672 5556 829 5630 epist.
858 5555 947 5608 26.
979 5554 1109 5630 Vide
1134 5555 1289 5624 epist.
1332 5554 1515 5630 10ίᾷΔ
1570 5622 1588 5630 η
1618 5621 1633 5630 _
1695 5620 1749 5630 η
1956 5556 1961 5561 ’

610 5624 639 5671 θ
674 5624 751 5680 Ex
782 5641 882 5680 ms.
915 5641 1025 5698 reg.
1050 5620 1377 5692 Succguum.
1413 5621 1538 5686 226,
1567 5621 1657 5680 fol.
1691 5620 1775 5683 18.

2210 1777 2287 1833 Ba
2307 1778 2517 1850 singula
2561 1786 2773 1834 ostenta
2824 1779 3049 1849 singulis
3071 1779 3338 1848 partibus,
3374 1788 3431 1834 et
3452 1792 3730 1837 remanent
3756 1800 3784 1837 x

2208 1878 2441 1926 ostenta.
2480 1870 2607 1926 Haec
2631 1871 2926 1940 multiplica
2949 1887 3043 1940 per
3069 1872 3166 1925 tria
3184 1912 3198 1935 ,
3238 1881 3295 1927 et
3324 1872 3461 1926 ﬁunt
3486 1889 3594 1927 xxx
3622 1884 3675 1927 et
3702 1875 3782 1927 xi-

2211 1962 2385 2026 dehis,
2418 1962 2561 2032 quod
2598 1962 2724 2016 luna
2770 1962 2823 2016 iu
2872 1964 3047 2032 spatio
3076 1964 3235 2019 unius
3273 1965 3423 2020 hora:
3451 1975 3506 2020 et
3530 1982 3612 2020 ιιιι
3649 1983 3786 2037 pun-

2211 2062 2421 2109 ctoruru
2444 2060 2498 2107 et
2528 2054 2690 2108 unius
2710 2055 2932 2119 ostenti,
2957 2063 3010 2110 et
3035 2056 3207 2110 tertia:
3231 2056 3402 2125 partis
3422 2057 3583 2111 unius
3604 2067 3787 2112 osten-

2214 2145 2251 2198 ti
2282 2152 2490 2200 tantum
2510 2160 2699 2199 cursus
2720 2146 2959 2215 per-agit,
2981 2154 3246 2215 quantum
3275 2146 3355 2200 sol
3379 2146 3432 2200 in
3463 2164 3620 2201 xxuu
3642 2148 3789 2202 horis

2212 2243 2265 2289 et
2290 2250 2397 2290 xxx
2426 2241 2481 2290 et
2506 2250 2613 2288 uno
2645 2233 2848 2306 [Γονιά
2882 2252 2951 2289 xx
2977 2244 3031 2290 et
3069 2234 3197 2307 uno]
3228 2238 3472 2292 ostentis.

2607 2348 2634 2388 δ
2668 2348 2778 2407 DE
2818 2348 3071 2411 SALTU
3114 2349 3367 2409 LUNzE.

2650 2454 3011 2511 PROBLEMA
3052 2456 3341 2513 PRIMUM.

2284 2543 2522 2602 Desaltu
2546 2544 2684 2602 lunm
2726 2562 2896 2616 pauca
2931 2548 3191 2602 dicamus.
3240 2548 3316 2601 De
3356 2547 3458 2601 hoc
3480 2547 3617 2604 saltu
3650 2548 3787 2604 inme

2208 2638 2442 2707 primum
2466 2637 2907 2707 interrogandum
2936 2647 3039 2701 est,
3069 2637 3163 2692 ubi
3194 2637 3246 2691 in
3279 2638 3557 2708 Scriptura
3590 2640 3659 2693 de
3679 2641 3785 2693 sal-

2214 2736 2269 2781 tu
2311 2727 2454 2782 luna:
2495 2729 2989 2782 commemoratur?
3036 2728 3143 2781 Aut
3166 2744 3335 2797 quare
3364 2729 3532 2783 saltus
3559 2730 3784 2793 dicitur;

2213 2826 2266 2870 et
2297 2817 2348 2870 in
2389 2832 2496 2884 quo
2523 2816 2661 2881 loco,
2693 2825 2749 2871 et
2776 2817 2827 2871 in
2854 2832 2962 2885 quo
2983 2817 3067 2871 die
3096 2817 3343 2874 datarqu
3389 2819 3441 2872 in
3469 2835 3616 2875 anno
3635 2821 3789 2875 debet

2215 2908 2331 2963 ﬁeri
2354 2909 2377 2960 ?
2420 2909 2483 2961 Et
2508 2924 2603 2979 per
2625 2917 2758 2978 quot
2777 2924 2947 2963 annos
2969 2909 3137 2963 saltus
3167 2910 3307 2963 luna:
3330 2912 3703 2981 praeparatur?
3727 2911 3788 2964 Et

2137 3008 2189 3070 ο
2216 2999 2483 3069 quomodo
2507 3002 2745 3066 crescit,
2792 3008 2847 3055 et
2891 3010 3124 3069 quantus
3169 3000 3221 3054 in
3256 3016 3582 3071 unoquoque
3617 3017 3787 3065 anno,

2216 3098 2270 3144 et
2298 3091 2351 3144 in
2380 3106 2704 3161 unoquoque
2745 3104 2962 3155 mense,
3008 3091 3315 3162 diligentius
3363 3094 3786 3164 investigandum

2214 3191 2318 3244 est,
2350 3189 2406 3235 et
2434 3182 2692 3252 exemplis
2715 3182 3052 3253 probandum

2284 3271 2360 3326 De
2399 3272 2537 3327 saltu
2582 3272 2722 3327 lunae
2768 3272 3055 3342 Dionysius
3092 3279 3486 3327 commemorat
3512 3273 3698 3328 dicens
3720 3284 3741 3311 ε
3771 3286 3788 3325 :

2222 3383 2241 3416 ι
2270 3365 2500 3421 Ultimus
2527 3380 2699 3421 annus
2726 3364 3173 3420 decennovenalis
3196 3365 3332 3435 cycli
3374 3373 3592 3434 epactas
3636 3362 3789 3434 [.lls.,

2214 3464 2448 3525 tepactas
2474 3457 2548 3510 ita
2574 3454 2819 3528 semper},
2859 3456 2911 3511 id
2939 3464 3042 3519 est,
3068 3456 3392 3526 adjectioucs
3411 3455 3633 3510 lunares
3658 3471 3789 3510 xvru

2216 3557 2342 3602 tunc
2362 3547 2557 3602 retinet
2610 3546 2762 3618 [Ms.,
2816 3546 3101 3609 retinens],
3152 3546 3329 3615 primo
3373 3560 3513 3599 anno
3570 3560 3682 3599 non
3730 3560 3782 3598 xl

2216 3638 2349 3702 dies,
2376 3645 2434 3691 ut
2465 3638 2516 3691 in
2539 3637 2748 3702 caeteris
2776 3637 2931 3691 annis
2964 3638 3121 3702 solet,
3149 3637 3242 3691 sed
3268 3636 3474 3690 xudies
3489 3651 3793 3691 accommo-

2215 3729 2327 3785 dat.
2368 3730 2434 3784 Et
2455 3732 2579 3799 quia
2618 3746 2726 3785 xxx
2775 3729 2985 3784 dierum
3025 3729 3130 3784 line
3158 3729 3466 3794 volvuntur,
3500 3728 3646 3781 nulla
3670 3744 3794 3797 epa-

2215 3829 2302 3875 cta
2329 3819 2383 3873 in
2402 3820 2668 3889 principio
2696 3820 2866 3889 ipsius
2894 3820 3031 3890 cycli
3066 3821 3288 3890 imbitur
3316 3819 3447 3890 [Al.,
3480 3820 3641 3874 rudia:
3670 3837 3793 3889 epa-

2215 3920 2406 3967 ct:e....
2440 3911 2753 3984 ponuntur].
2784 3932 2803 3964 ι
2850 3912 3002 3966 lllum
3024 3927 3152 3980 ergo
3184 3912 3326 3966 diem
3352 3927 3458 3975 xu,
3485 3927 3646 3980 quem
3674 3912 3793 3964 Dio-

2215 4006 2401 4076 nysius
2450 4004 2633 4073 adjicit
2678 4020 2841 4075 super
2882 4013 3133 4075 cpactam
3174 4022 3253 4075 xl,
3297 4006 3437 4061 diem
3484 4007 3655 4060 saltus
3680 4007 3793 4059 sine

2215 4100 2378 4154 dubio
2401 4098 2758 4163 demonstrat;
2783 4107 2837 4152 et
2859 4105 3143 4168 propterea
3166 4097 3420 4152 dicuntur
3446 4097 3501 4150 in
3538 4097 3628 4149 illo
3652 4113 3793 4150 anno

2214 4189 2375 4259 nulla:
2402 4194 2624 4258 epactm,
2657 4188 2781 4257 quia
2808 4204 2913 4243 non
2946 4195 3071 4242 sunt
3094 4202 3364 4258 congruae,
3389 4187 3481 4241 sed
3514 4186 3794 4256 superﬂua)

2215 4286 2358 4331 sunt.
2387 4277 2492 4331 Per
2539 4294 2570 4330 x
2618 4278 2762 4333 enim
2805 4285 2860 4332 et
2902 4293 2997 4332 \‘lll
3026 4292 3216 4340 annos,
3259 4292 3313 4330 xl
3339 4285 3544 4347 epactaz
3575 4291 3792 4346 semper

2215 4369 2407 4433 addita:
2434 4368 2711 4434 videntur;
2756 4369 2808 4423 in
2837 4369 2927 4424 illo
2958 4379 3136 4424 autem
3168 4385 3338 4433 anno,
3390 4369 3444 4423 in
3468 4383 3577 4438 quo
3604 4383 3665 4424 se
3690 4369 3793 4422 sal-

2215 4466 2302 4515 tus
2340 4460 2651 4526 interserit,
2702 4475 2807 4513 non
2852 4476 2905 4513 xl
2956 4461 3049 4514 sed
3099 4476 3172 4515 xu
3202 4468 3405 4530 epactm
3428 4461 3790 4528 reperiuntur,

2213 4550 2360 4605 verbi
2387 4549 2579 4620 gratia,
2632 4550 2698 4605 de
2744 4565 2876 4603 xvtu
2921 4550 2973 4603 in
3020 4548 3125 4603 line
3169 4550 3302 4620 cycli
3347 4550 3794 4605 deccunovcnalis

2211 4655 2317 4694 non
2349 4641 2401 4694 in
2435 4656 2622 4696 xxvuu
2650 4641 2946 4707 ascendunt
2974 4648 3195 4708 epactze,
3222 4640 3315 4694 sed
3346 4640 3397 4693 iu
3427 4656 3557 4693 xxx.

2284 4728 2383 4797 Qui
2410 4738 2533 4786 sunt
2559 4746 2687 4801 ergo
2709 4772 2723 4796 ,
2770 4730 2860 4799 qui
2887 4730 3116 4800 primum
3151 4730 3313 4784 istum
3348 4730 3489 4785 diem
3521 4738 3690 4784 saltus
3714 4731 3793 4784 iu-

2213 4825 2477 4873 venerunt
2521 4825 2576 4872 et
2621 4802 2976 4883 addiderunt?
3016 4819 3254 4889 Αιῖεγριίἰ
3288 4820 3404 4874 sine
3442 4821 3626 4874 dubio.
3668 4820 3793 4874 Inde

2214 4908 2500 4979 Dionysius
2529 4907 2658 4962 dicit
2685 4928 2695 4960 :
2725 4907 2769 4961 A
2794 4909 2972 4977 primo
3001 4924 3174 4972 anno,
3201 4914 3292 4978 qui
3330 4925 3436 4963 non
3466 4910 3633 4964 habet
3660 4924 3789 4978 epa-

2213 5006 2329 5053 ctas
2373 4998 2587 5053 lunares
2605 5040 2618 5063 ,
2665 4998 2766 5052 hoc
2793 5007 2908 5061 est,
2965 5014 3238 5074 congruas
3258 5016 3354 5071 pro
3383 5017 3469 5065 eo,
3498 5002 3643 5072 quod
3668 5018 3787 5057 cum

2213 5090 2321 5144 sint
2349 5089 2559 5144 numeri
2586 5088 2778 5143 decimi
2817 5088 2989 5159 [Leg.,
3019 5106 3140 5144 cum
3177 5078 3286 5163 sint
3308 5092 3432 5144 noui
3458 5092 3678 5161 decimi]
3710 5094 3789 5146 iu-

2212 5180 2430 5234 ferioris
2452 5180 2577 5232 anni
2605 5195 2641 5233 x
2668 5187 2722 5232 et
2749 5194 2843 5232 vui
2873 5188 3103 5256 epactac,
3133 5181 3313 5234 addito
3337 5182 3501 5245 etiam
3526 5183 3595 5235 ab
3624 5181 3789 5252 Δίες-

2212 5272 2339 5341 ptiis
2363 5287 2470 5325 uno
2493 5271 2577 5325 die
2601 5312 2616 5336 ,
2661 5271 2796 5325 ﬁunt
2833 5288 2936 5326 xxx
2972 5273 3022 5326 id
3062 5281 3179 5337 est,
3214 5273 3337 5326 luna
3378 5274 3581 5345 mensis
3630 5276 3787 5327 unius

2216 5360 2443 5430 integra.
2484 5360 2633 5415 illum
2676 5375 2806 5428 ergo
2845 5378 3008 5415 unum
3035 5363 3207 5427 dicm,
3250 5378 3408 5433 quem
3430 5364 3561 5418 dicit
3589 5363 3787 5434 Diony-

2285 5505 2305 5531 τ
2349 5494 2635 5563 Dionysius
2666 5493 2918 5616 Exiguus.
2953 5495 3108 5564 epist.
3138 5495 3205 5548 ad
3236 5495 3574 5551 Bonifacium
3601 5504 3659 5550 et
3686 5495 3787 5550 Bo-

2288 5580 2360 5616 m.
2394 5574 2522 5616 tom.
2556 5560 2733 5616 LX‘ull
2804 5565 3097 5616 atroioeizc.
3121 5565 3223 5616 col.
3241 5565 3329 5616 Εὖ.

2213 5580 2360 5629 nunt,
2394 5560 2522 5619 toni.
2556 5560 2745 5625 LXVII
2762 5560 3103 5640 [διιίιοοιυέςίιιιιζ
3121 5565 3223 5621 col.
3241 5565 3329 5620 25.
