4038 6354
342 253 450 310 985

1057 251 1526 323 DIDASCALICA.
1567 227 1637 293 έ-
1674 253 1762 309 or;
1801 251 2035 314 cunsn
2074 253 2164 308 ET
2205 253 2430 313 SALTU
2469 254 2704 325 LUNAE,
2745 257 2896 314 ETC.

3507 264 3611 322 986
3631 289 3638 296 ι

341 372 458 427 sius
484 370 552 425 ab
604 367 875 440 Egyptiis
915 367 1154 434 additum
1179 411 1193 437 ,
1235 371 1378 431 diem
1414 371 1584 425 saltus
1615 371 1731 424 sine
1761 369 1925 424 dubio
1955 377 2004 431 Α
2029 382 2095 422 eo
2128 369 2271 440 quod
2300 369 2585 441 superﬂuae
2631 381 2785 438 sunt;
2830 382 2956 429 tunc
3005 373 3150 428 enim
3175 391 3250 430 xn
3289 386 3494 447 epactae
3523 382 3612 436 ad-

343 463 702 518 demonstrat.
740 460 841 514 llic
871 475 999 531 ergo
1028 461 1198 515 saltus
1222 461 1386 529 lunre,
1415 462 1811 516 incrementum
1838 460 1924 514 vel

341 561 693 626 augmentum
718 553 916 608 dicitur
945 554 1154 620 lunare,
1181 570 1246 610 eo
1275 556 1418 624 quod
1445 556 1642 610 crescit
1667 571 1767 625 per
1793 571 1924 609 xvtn

343 662 515 703 annos
562 661 705 716 unus
750 647 864 719 dies
913 647 963 701 in
1006 647 1152 701 luna.
1215 647 1292 702 De
1316 663 1424 716 quo
1448 647 1610 702 etiam
1637 655 1927 716 augmento

341 738 542 803 lunari,
569 738 672 792 hoc
699 747 800 803 est,
837 738 902 792 de
929 738 1014 793 die
1036 739 1202 793 saltus
1227 740 1496 794 Victorius
1526 751 1550 780 α
1583 737 1817 792 ostendit
1847 737 1928 790 di-

341 843 508 883 cens:
559 846 578 879 ι
606 827 734 883 Post
765 844 920 882 xvnn
947 843 1115 882 annos
1167 827 1540 899 Egyptiorum
1575 843 1726 882 more
1748 827 1926 882 conti-

342 928 509 974 nuato
530 919 720 974 ordine
749 919 852 974 hoc
879 928 1230 988 augmentum
1267 919 1457 973 lunare
1489 917 1769 972 accrescit.
1802 937 1820 969 ι

413 1009 855 1079 lnterrogapdum
897 1018 981 1063 est
1011 1009 1194 1077 igitur,
1238 1009 1291 1062 in
1340 1022 1446 1076 quo
1469 1008 1590 1062 loco
1628 1005 1717 1060 hic
1755 1005 1926 1060 saltus

333 1097 491 1169 juxta
519 1100 714 1155 latinos
756 1101 1021 1170 ponitur?
1074 1099 1201 1154 Sine
1232 1099 1395 1155 dubio
1425 1099 1479 1153 in
1515 1113 1582 1152 xv
1612 1095 1926 1152 Decembris

344 1191 518 1262 |Leg.,
549 1207 618 1246 xv
647 1189 767 1244 Kal.
797 1189 1156 1262 Decembris].

415 1282 618 1336 Deinde
645 1281 785 1337 scire
811 1298 909 1335 nos
937 1281 1208 1357 convenit,
1236 1281 1504 1351 quomodo
1532 1279 1619 1334 hic
1649 1278 1820 1333 saltus
1841 1292 1926 1332 se-

343 1373 578 1429 cundum
604 1370 827 1429 Latinos
861 1372 914 1426 in
943 1373 1179 1441 epactis,
1229 1385 1348 1441 qua:
1382 1378 1610 1426 currunt
1638 1370 1690 1423 in
1716 1386 1767 1422 χι
1801 1367 1918 1422 Kal.

342 1464 559 1536 Aprilis,
593 1465 914 1530 ostenditur,
961 1474 1104 1521 eteo
1133 1481 1272 1520 anno
1295 1463 1510 1536 [Forte,
1538 1471 1592 1516 et
1623 1477 1730 1532 quo
1759 1459 1920 1532 anno]

343 1555 478 1627 cycli
518 1554 822 1608 invenitur?
861 1554 918 1608 In
951 1570 1038 1608 xvn
1069 1569 1210 1608 anno
1239 1553 1486 1607 videlicet
1528 1552 1696 1606 saltus
1735 1565 1924 1604 secun-

342 1648 470 1703 dum
522 1645 743 1714 Latinos
782 1644 1092 1699 invenitur:
1139 1642 1292 1698 verbi
1320 1642 1522 1713 gratia,
1571 1641 1624 1694 in
1664 1639 1754 1693 illo
1782 1653 1924 1693 anno

2027 461 2152 516 dita:
2187 463 2536 520 inveniuntur
2563 467 2627 521 de
2657 483 2787 522 xvnt
2819 468 2873 522 in
2920 484 3070 523 xxx"
3113 467 3260 542 [Leg.
3294 487 3422 528 xxx.
3475 475 3611 532 Nam

2026 565 2168 604 anno
2184 553 2319 622 cycli
2363 555 2551 609 ultimo
2579 567 2781 625 epactaa
2807 565 2932 612 sunt
2958 575 3090 613 xvm
3111 569 3168 616 et
3195 578 3337 636 anno
3363 569 3612 635 sequenti

2023 641 2220 710 primo,
2253 652 2378 698 sunt
2411 661 2538 711 xxx,
2565 647 2678 702 sive
2703 649 2882 718 potius
2903 650 3113 723 nullm];
3148 651 3329 708 addito
3349 655 3510 722 etiam
3543 658 3611 713 ab

2025 726 2297 800 Egyptiis
2327 748 2433 787 uno
2463 734 2550 788 die
2589 736 2656 790 ad
2685 753 2808 792 suas
2835 755 2888 793 xr
2917 750 3156 809 epactas.
3234 729 3236 731 b

2096 821 2376 888 Quomodo
2407 840 2536 896 ergo
2559 827 2611 881 in
2649 828 2774 882 luna
2805 829 2894 883 hic
2921 831 3038 886 dies
3058 831 3226 887 saltus
3266 834 3609 896 demonstra-

2027 920 2144 967 tur:
2205 923 2261 969 et
2306 916 2576 984 quomodo
2625 919 2825 973 crescit
2860 920 2914 973 in
2943 937 3264 992 unaquaque
3294 924 3612 982 lunatione?

2023 1002 2131 1057 Per
2153 1020 2233 1057 ιιιι
2253 1014 2525 1061 momenta
2545 1010 2740 1064 crescit
2760 1010 2813 1063 in
2835 1026 3158 1083 unoquoque
3179 1003 3612 1084 mense,_cautius

2023 1101 2078 1147 et
2107 1095 2414 1164 diligentius
2443 1096 2982 1155 animadvertendum
3008 1111 3119 1168 est.
3149 1103 3239 1159 Sic
3265 1106 3608 1162 demonstra—

2026 1190 2147 1237 tur:
2170 1183 2303 1239 Cum
2333 1187 2478 1240 enim
2509 1187 2707 1241 dicitur
2731 1188 2856 1246 luna
2882 1205 3011 1243 xxix
3029 1190 3180 1262 [Ms.,
3207 1195 3388 1267 xvnn]
3415 1196 3530 1250 dies
3557 1205 3613 1251 et

2024 1275 2210 1342 semis,
2252 1276 2304 1331 id
2330 1287 2435 1342 est,
2466 1294 2540 1332 χιι
2570 1280 2734 1336 horas
2771 1280 2828 1342 in
2873 1297 2930 1336 se
2963 1283 3181 1350 habere,
3231 1285 3390 1355 paulo
3434 1287 3611 1342 minus

2017 1364 2205 1434 junior
2231 1366 2285 1420 in
2323 1374 2515 1422 natura
2546 1369 2793 1436 habetur,
2833 1385 2993 1440 quam
3016 1381 3266 1442 putatur;
3295 1383 3347 1428 et
3383 1375 3504 1430 ideo
3528 1376 3608 1430 ci-
3637 1401 3646 1406 -

2026 1455 2407 1524 tiorprmvenit
2431 1457 2569 1513 lunae
2589 1459 2850 1524 incensio,
2879 1470 3167 1532 antequam
3197 1465 3524 1533 xxvundies
3553 1474 3610 1520 et

2024 1548 2210 1612 semis,
2249 1548 2303 1602 id
2331 1557 2431 1613 est,
2467 1566 2544 1604 xu
2566 1552 2712 1605 horae
2740 1552 2896 1621 plene
2928 1553 3206 1608 liniantur.
3258 1555 3432 1623 Certis
3461 1557 3606 1612 enim

2025 1642 2312 1694 momentis
2335 1640 2570 1694 velocior
2589 1650 2675 1696 est
2700 1643 2838 1696 luna)
2859 1643 3146 1698 exstinctio
3169 1653 3224 1698 et
3251 1644 3492 1699 incensio
3521 1660 3610 1713 se-

342 1739 638 1796 secundum
661 1738 881 1794 Gmcos
912 1753 980 1792 xv
1009 1745 1134 1791 sunt
1159 1745 1362 1806 epactae
1385 1735 1439 1788 in
1468 1750 1522 1788 xl
1557 1732 1674 1786 Kal.
1703 1731 1920 1801 Aprilis.
1955 1721 2000 1781 Β
2028 1729 2260 1783 cundum
2283 1740 2550 1796 naturam,
2593 1747 2754 1800 quam
2785 1733 2984 1788 dicitur
3017 1743 3109 1788 aut
3135 1743 3358 1806 putatur
3413 1751 3606 1791 secun-

341 1830 412 1885 Et
441 1831 486 1884 si
529 1831 844 1900 contingat,
877 1836 938 1882 ut
968 1828 1054 1883 die
1078 1827 1356 1882 Dominica
1388 1825 1483 1879 llat
1515 1823 1604 1878 illa
1633 1831 1821 1892 epacta
1847 1822 1927 1878 lu-

341 1920 492 1974 naris
517 1934 588 1973 xv
610 1920 662 1973 in
691 1935 744 1972 x1
771 1917 891 1972 Kal.
928 1916 1100 1988 April.
1145 1916 1440 1972 secundum
1469 1914 1735 1968 rationem
1771 1913 1926 1969 Grae-

341 2025 554 2074 corum,
582 2019 637 2066 et
666 2009 962 2064 secundum
1001 2006 1348 2062 traditionem
1373 2005 1573 2060 Niczeni
1599 2003 1810 2067 concilii
1841 2018 1927 2057 sa-

341 2101 708 2168 cratissimum
728 2099 935 2154 Pascha
961 2107 1091 2153 tunc
1118 2099 1428 2153 celebratur
1451 2115 1463 2150 :
1498 2096 1792 2159 secundum
1823 2095 1928 2148 La-

343 2192 488 2246 tinos
531 2200 713 2246 autem
758 2208 864 2255 non
910 2193 1188 2248 celebrant
1228 2191 1435 2246 Pascha
1469 2192 1524 2246 in
1561 2207 1628 2257 xv
1658 2189 1802 2254 luna,
1831 2189 1928 2244 sed

345 2301 456 2339 xvr.
495 2285 563 2340 Et
591 2286 670 2340 sic
699 2294 926 2346 currunt
958 2295 1162 2357 epactm
1192 2285 1330 2356 apud
1359 2285 1478 2339 illos
1504 2285 1554 2338 ln
1583 2283 1672 2337 illo
1697 2298 1838 2336 anno
1861 2281 1928 2335 de

344 2385 538 2448 quarta
587 2376 712 2438 luna
753 2377 804 2432 in
844 2392 970 2446 xvt,
1001 2377 1141 2432 sicut
1188 2377 1242 2430 in
1292 2375 1530 2430 Victorio
1578 2373 1851 2427 invenitur
1874 2372 1924 2436 δ,

345 2468 515 2522 saltus
543 2483 707 2522 causa
728 2509 744 2534 ,
785 2469 912 2538 quia
943 2484 1050 2523 non
1082 2453 1367 2531 voluerunt
1394 2464 1571 2519 Latini
1602 2463 1808 2518 Pascha
1833 2478 1923 2517 ce-

344 2557 557 2613 lebrare
580 2558 634 2612 in
660 2557 750 2624 illa
778 2567 968 2628 epaeta
992 2557 1186 2623 Lunse,
1235 2558 1288 2612 in
1320 2573 1426 2628 qua
1469 2553 1715 2610 Christus
1737 2568 1928 2625 passus

342 2659 449 2714 est,
475 2649 577 2704 hoc
602 2657 684 2704 est
708 2648 834 2703 luna
863 2647 1093 2721 [Suppl.,
1123 2648 1239 2720 xv].

414 2735 579 2807 359
606 2736 883 2803 Quomodo
911 2753 1041 2809 ergo
1068 2737 1362 2793 secundum
1391 2737 1610 2794 Grzeeos
1636 2737 1807 2793 saltus
1835 2735 1927 2790 de-

346 2836 702 2894 monstratur,
737 2827 838 2902 [et]
877 2829 930 2883 in
953 2844 1060 2900 quo
1089 2829 1173 2884 die
1195 2829 1444 2883 datarum
1470 2827 1770 2882 invenitur?
1815 2824 1928 2879 Hoc

343 2928 448 2986 est,
481 2935 549 2973 xv
568 2919 684 2974 Kal.
710 2919 855 2975 Maii.
916 2919 1223 2975 Secundum
1253 2920 1565 2991 Dionysium
1600 2920 1678 2974 sic
1706 2920 1928 2974 demon-

344 3018 570 3065 stratur.
649 3009 786 3064 Nam
835 3013 1050 3082 quando
1089 3011 1222 3066 dixit
1270 3011 1646 3082 Diony'siuscz
1706 3028 1724 3060 ε
1772 3011 1925 3065 Anno

343 3100 520 3172 primo
539 3101 956 3156 decennovenali
983 3102 1154 3156 lunari
1175 3118 1306 3166 xvn,
1333 3119 1362 3156 a
1393 3119 1457 3155 xv
1481 3102 1598 3155 Kal.
1620 3101 1740 3155 Maii
1762 3117 1930 3170 usque

344 3191 416 3246 ad
441 3190 622 3246 Nonas
665 3189 886 3262 Aprilis,
937 3193 1064 3261 quia
1097 3193 1397 3247 communis
1443 3208 1612 3247 annus
1651 3199 1754 3258 est,
1800 3192 1934 3245 ﬁunt

345 3281 465 3337 dies
501 3271 729 3337 tecum.
767 3302 784 3334 ι
828 3283 884 3336 ln
914 3283 1004 3338 illo
1038 3284 1156 3338 loco
1185 3285 1315 3339 etin
1349 3284 1437 3338 illo
1471 3285 1556 3338 die
1593 3285 1733 3338 diem
1765 3284 1932 3338 saltus

343 3371 546 3440 posuit,
572 3373 676 3429 hoc
697 3382 799 3438 est,
839 3389 868 3426 a
897 3390 967 3426 xv
999 3374 1114 3428 Kal.
1145 3374 1338 3428 Maiid.
1391 3375 1522 3428 Nam
1568 3391 1782 3445 semper
1808 3375 1933 3428 Dio-

347 3462 534 3532 nysius
560 3477 590 3516 a
620 3479 688 3517 xv
735 3463 860 3517 luna
895 3465 1018 3518 anni
1055 3465 1277 3534 lunaris,
1339 3465 1452 3520 sive
1481 3465 1784 3520 communis
1820 3466 1933 3519 sive

345 3550 698 3606 embolismus
719 3549 858 3622 [sit],
874 3567 1042 3625 usque
1065 3555 1133 3608 ad
1161 3571 1280 3608 xnu
1310 3555 1491 3609 lunam
1519 3555 1828 3626 paschalcm
1849 3573 1934 3612 se-

347 3642 566 3710 quentis
601 3643 729 3696 anni
782 3644 861 3698 sic
892 3653 1158 3699 numerat.
1227 3646 1332 3701 Iste
1385 3662 1515 3717 ergo
1542 3647 1827 3717 Dionysius
1865 3665 1934 3703 xv

349 3731 618 3787 Kalendas
663 3731 810 3800 Maii,
867 3735 1162 3789 secundum
1213 3737 1556 3792 traditionem
1597 3737 1794 3808 angeli,
1841 3740 1934 3808 qui

347 3821 642 3878 Pacbomio
669 3826 934 3880 monacho
969 3837 992 3866 ο
1017 3827 1196 3880 divina
1237 3827 1562 3882 revelatione
1592 3830 1929 3892 monstravit,

348 3917 406 3970 in
427 3917 661 3970 termino
685 3916 934 3973 Paschali
967 3935 1083 3974 xun
1111 3918 1292 3972 lunam
1316 3919 1372 3972 in
1402 3918 1506 3973 line
1530 3921 1690 3974 totius
1706 3920 1839 3990 cycli
1869 3936 1936 3974 xv

348 4005 469 4059 Kal.
507 4006 630 4062 Maii
651 4009 862 4076 posuit;
896 4010 990 4064 sed
1023 4017 1201 4063 tamen
1231 4011 1526 4064 secundum
1550 4011 1813 4064 rationem
1842 4027 1937 4065 na-

349 4107 488 4153 tura:
514 4115 582 4152 xv
612 4099 784 4171 [Leg.,
816 4117 955 4164 xnn,
989 4117 1111 4155 nam
1141 4103 1434 4156 secundum
1459 4110 1681 4171 cpactas
1708 4102 1830 4155 luna
1855 4110 1937 4155 est

350 4205 496 4256 xnn,
524 4191 618 4244 sed
648 4205 746 4261 per
777 4191 976 4246 saltum
1021 4193 1406 4263 Dionysianum
1431 4193 1552 4246 luna
1598 4192 1658 4246 lit
1687 4189 1788 4262 xv]
1813 4191 1936 4244 luna

349 4282 642 4337 invenitur.
699 4282 806 4337 Pro
837 4285 939 4339 hoc
989 4285 1276 4356 Dionysius
1325 4285 1619 4340 secundum
1672 4284 1933 4337 rationem

348 4373 519 4428 saltus
545 4389 576 4427 a
605 4390 673 4428 xv
701 4375 818 4428 Kal.
849 4375 993 4440 Maii,
1029 4377 1128 4432 hoc
1159 4385 1261 4441 est,
1293 4392 1322 4429 a
1351 4392 1419 4430 xv
1444 4376 1569 4430 luna
1587 4375 1821 4446 primum
1845 4389 1934 4429 an-

349 4482 482 4520 num
533 4467 665 4538 rycli
709 4468 1157 4524 deeennovenalis
1201 4468 1408 4538 incipit,
1437 4467 1934 4522 etsecundnmtra-

351 4559 611 4613 ditionem
638 4560 812 4630 angeli
843 4560 895 4613 in
928 4576 997 4613 xv
1018 4559 1136 4613 Kal.
1171 4559 1291 4612 Maii
1330 4558 1506 4628 posuit
1531 4558 1842 4620 terminum,
1882 4563 1937 4610 et

352 4648 513 4702 ﬁnem
537 4648 700 4701 totius
727 4648 862 4717 cycli
896 4648 948 4701 in
981 4664 1049 4701 xv
1079 4647 1196 4701 Kal.
1225 4647 1347 4700 Maii
1381 4663 1498 4700 xmt
1528 4647 1671 4700 luna.
1700 4645 1829 4699 Item
1854 4661 1938 4700 sc-

351 4739 587 4792 cundum
602 4735 819 4793 Graecos
843 4739 894 4792 in
918 4739 1123 4808 epactis
1145 4739 1260 4792 dies
1277 4738 1447 4792 saltus
1470 4738 1524 4790 in
1556 4753 1608 4790 xl
1625 4736 1744 4790 Kal.
1763 4736 1932 4804 April.

353 4828 780 4892 demonstratur,
830 4829 956 4898 quia
989 4837 1115 4884 tunc
1135 4828 1225 4884 illo
1254 4843 1394 4882 anno
1423 4828 1474 4881 in
1507 4827 1769 4896 principio
1799 4826 1936 4897 cycli

353 4918 515 4974 nulla:
540 4927 744 4988 epactae
771 4919 1046 4985 dicuntur,
1089 4919 1214 4989 quia
1240 4935 1345 4973 non
1366 4926 1492 4972 sunt
1517 4933 1788 4988 congrua),
1842 4933 1938 4972 oro

427 5106 453 5134 ι
493 5093 1092 5168 V_i_ctorius_in_Pra:fat.
1121 5096 1398 5152 Paschalis
1428 5096 1551 5152 festi
1578 5099 1721 5168 apud
1749 5096 1938 5152 Petav.

356 5164 586 5236 tomall,
619 5181 739 5236 pag.
767 5165 893 5220 50L.

431 5236 458 5274 δ
499 5235 770 5300 Victorius
810 5237 912 5292 loc.
941 5238 1033 5292 cit.
1075 5239 1142 5292 de
1184 5253 1333 5294 more
1361 5236 1678 5291 Latinorum
1705 5237 1821 5291 inec
1851 5251 1943 5292 re-

357 5312 548 5378 censet
571 5324 583 5359 :
620 5327 638 5357 ι
670 5305 728 5361 Si
754 5316 936 5362 autem
959 5309 1044 5362 die
1071 5308 1279 5362 sabbati
1298 5307 1648 5378 plenilunium
1675 5322 1797 5360 esse
1817 5322 1945 5378 con-

358 5376 676 5450 tigerit,_et
701 5379 1053 5450 consequenti
1097 5376 1370 5450 dominico
1411 5377 1535 5450 luna
1585 5392 1654 5430 xv
1685 5376 1943 5450 reperiri,

358 5443 552 5501 eadem
595 5443 932 5515 hebdomada
964 5449 1282 5502 transmissa
1329 5448 1383 5501 in
1413 5447 1642 5501 alterum
1667 5443 1808 5500 diem
1839 5447 1946 5501 Do-

361 5515 644 5588 minicum,
677 5517 730 5571 id
755 5527 858 5587 est,
889 5519 1015 5574 luna
1044 5535 1156 5574 χιιι
1189 5518 1465 5572 transferri
1490 5517 1686 5572 debere
1721 5516 1946 5588 [Latini]

363 5585 682 5655 dixerunt.»
716 5585 989 5645 Hzec‘cum
1017 5588 1326 5645 narratione
1346 5588 1556 5643 Alcuini
1588 5603 1693 5642 non
1722 5585 1949 5643 concor;

365 5654 518 5712 dant.
561 5656 794 5716 Adverte
837 5668 1014 5716 tamen
1058 5659 1343 5715 Alcuinum
1385 5658 1474 5714 hic
1521 5659 1664 5729 loqui
1707 5659 1770 5715 de
1809 5674 1949 5714 anno

2029 1819 2156 1874 dum
2187 1829 2380 1875 artem.
2424 1821 2558 1876 Nam
2581 1839 2661 1877 nn
2704 1826 2994 1880 momentis
3023 1834 3072 1881 et
3121 1828 3431 1884 duodecima
3456 1839 3614 1900 parte

2028 1913 2330 1977 momenti,
2382 1924 2437 1968 et
2459 1915 2890 1986 quingentesima
2917 1917 3359 1986 quinquagesima
3406 1921 3614 1976 decima

2028 2011 2220 2072 quarta
2262 2014 2416 2076 parte
2449 2007 2722 2069 momenti,
2762 2009 2864 2061 hoc
2887 2017 2972 2062 est
2991 2016 3204 2074 atomo,
3232 2010 3334 2064 hoc
3360 2025 3615 2081 augmen-

2029 2099 2141 2147 tum
2174 2093 2361 2160 lunare
2391 2097 2443 2150 in
2476 2096 2581 2151 fine
2607 2097 3028 2169 uniuscujusque
3045 2099 3270 2155 ‘mensis
3295 2100 3500 2160 lunaris
3522 2117 3615 2156 ac-

2027 2184 2244 2250 crescit,
2296 2195 2583 2256 antequam
2611 2187 2828 2242 liniatur
2877 2190 3191 2246 duodecima
3225 2194 3362 2247 hora
3405 2193 3615 2248 dimidii

2026 2275 2152 2338 diei,
2171 2277 2261 2356 qui
2284 2293 2446 2348 super
2465 2295 2654 2334 xxvnn
2672 2281 2784 2335 dies
2808 2292 2908 2336 est.
2935 2278 3026 2337 Sic
3045 2299 3141 2353 per
3168 2301 3319 2340 xvuu
3345 2301 3534 2352 annos,
3559 2287 3615 2342 id

2026 2373 2130 2429 est,
2157 2381 2255 2437 per
2274 2383 2349 2428 xu
2372 2384 2686 2426 communes
2708 2379 2762 2426 et
2792 2387 2865 2426 vn
2886 2374 3252 2438 embolismos,
3300 2376 3388 2444 qui
3411 2375 3614 2436 habent

2029 2459 2473 2520 menseslunares
2496 2477 2726 2530 ccxxxv,
2753 2464 2841 2520 ille
2861 2481 2999 2520 unus
3021 2467 3136 2523 dies
3154 2485 3309 2524 xxnn
3332 2470 3613 2538 horarum,

2027 2553 2119 2622 qui
2151 2554 2346 2609 dicitur
2373 2556 2564 2623 saltus,
2607 2559 2868 2626 paulatim
2917 2562 3230 2617 adcrescere
3257 2563 3416 2629 solet,
3445 2579 3617 2634 usque

2027 2642 2156 2696 dum
2201 2644 2375 2722 prima
2399 2644 2524 2699 luna
2557 2646 2650 2700 ﬁat
2677 2647 2940 2717 completa
2994 2649 3161 2703 inilla
3183 2653 3336 2716 hora,
3389 2668 3494 2722 qua
3518 2669 3617 2722 pu-

2030 2742 2177 2788 tatur
2215 2735 2342 2788 luna
2389 2737 2698 2807 exstingui,
2743 2747 2836 2792 aut
2881 2740 3110 2795 incendi.
3168 2741 3275 2794 Aut
3302 2757 3369 2795 xv
3393 2742 3517 2797 luna
3536 2745 3616 2797 in—

2028 2830 2244 2884 venitur
2289 2831 2339 2884 in
2369 2831 2456 2886 illa
2485 2831 2571 2886 die
2593 2833 2889 2886 secundum
2915 2841 3184 2898 naturam,
3230 2835 3447 2904 quando
3475 2837 3608 2891 dici-

2031 2930 2119 2974 tur
2153 2937 2273 2976 xnn
2307 2921 2430 2974 luna
2475 2921 2769 2976 secundum
2800 2930 2972 2975 artem
3017 2931 3072 2976 et
3114 2923 3406 2977 secundum
3455 2925 3619 2980 ratio-

2033 3029 2156 3068 nem
2204 3023 2544 3084 epactarum,
2596 3015 2734 3069 sicut
2785 3015 3018 3070 diximus
3040 3015 3092 3068 in
3121 3030 3189 3067 xv
3216 3014 3331 3068 Kal.
3359 3015 3505 3079 Maii,
3561 3017 3618 3071 in

2033 3121 2139 3176 quo
2163 3107 2247 3161 die
2275 3116 2330 3162 et
2358 3107 2567 3163 decima
2605 3116 2798 3177 quarta
2865 3107 2991 3162 luna
3034 3106 3231 3162 dicitur
3290 3115 3346 3162 et
3407 3106 3619 3162 decima

2033 3198 2242 3269 quinta.
2521 3212 2528 3216 ‘

2106 3289 2164 3343 Si
2190 3305 2320 3360 ergo
2344 3306 2502 3345 nosse
2542 3290 2652 3351 vis,
2709 3297 2968 3359 quantum
2997 3289 3062 3342 de
3088 3290 3193 3344 hoc
3219 3296 3510 3360 augmento
3540 3289 3620 3342 ln-

2031 3381 2153 3435 nari
2183 3382 2380 3444 crescit
2405 3382 2457 3435 in
2475 3381 2808 3451 unoquoque
2838 3396 2978 3435 anno
3006 3396 3104 3450 per
3125 3396 3277 3434 xvnu
3314 3396 3484 3435 annos
3512 3397 3526 3445 ;
3562 3390 3619 3435 et

2032 3480 2291 3539 quantum
2323 3472 2375 3528 in
2415 3487 2740 3542 unoquoque
2796 3487 2980 3527 mense
3025 3473 3200 3526 lunari
3260 3486 3356 3541 per
3403 3487 3615 3526 ccxxxv

2032 3574 2269 3624 menses,
2298 3560 2606 3630 diligentius
2625 3561 3015 3626 animadverte,
3057 3559 3200 3630 quod
3229 3562 3281 3614 in
3305 3561 3451 3615 omni
3471 3576 3614 3615 anno

2033 3652 2304 3706 communi
2331 3652 2529 3709 crescit
2553 3668 2660 3706 una
2704 3653 2835 3706 hora
2861 3661 2915 3707 et
2938 3668 3034 3707 vn!
3064 3653 3376 3715 momentis;
3414 3667 3447 3705 x
3475 3652 3620 3706 enim

2034 3758 2248 3799 menses
2277 3760 2440 3799 unam
2464 3744 2652 3799 horam
2685 3743 2928 3810 faciunt,
2979 3747 3026 3801 si
3073 3747 3215 3801 enim
3258 3763 3290 3799 x
3320 3755 3514 3815 quater
3535 3745 3621 3800 vel

2035 3843 2270 3904 quatuor
2297 3835 2476 3889 decies
2524 3836 2990 3905 multiplicaveris,
3038 3853 3104 3890 ιι,
3135 3844 3403 3892 momenta
3471 3842 3617 3899 sunt,

2037 3925 2138 3980 hoc
2167 3934 2269 3989 est,
2299 3942 2402 3979 una
2431 3927 2596 3981 hora:
2631 3935 2687 3980 et
2717 3926 2824 3980 duo
2842 3941 3054 3980 menses
3078 3942 3170 3979 vnl
3205 3933 3475 3980 momenta
3497 3923 3621 3982 clli-

2038 4016 2216 4081 ciunt;
2243 4015 2329 4070 bis
2357 4018 2499 4070 enim
2543 4026 2774 4087 quatuor
2801 4033 2896 4070 vm
2931 4025 3200 4071 momenta
3235 4024 3377 4071 sunt.
3426 4015 3518 4069 Sic
3565 4015 3619 4068 in

2039 4121 2181 4160 anno
2213 4107 2504 4170 communi,
2555 4109 2647 4177 qui
2690 4109 2852 4163 habet
2889 4124 2963 4162 xn
2995 4122 3209 4162 menses
3241 4107 3484 4169 lunares,
3513 4120 3621 4159 una

2041 4198 2171 4252 hora
2207 4198 2272 4251 ad
2295 4198 2750 4266 praeparationem
2783 4198 2951 4252 saltus
2979 4205 3034 4251 et
3060 4212 3156 4250 vut
3207 4203 3478 4248 momenta
3501 4208 3619 4247 cre-

2040 4301 2217 4344 scunt.
2251 4287 2341 4343 Sic
2364 4303 2460 4358 per
2480 4305 2515 4342 x
2543 4297 2598 4344 et
2625 4304 2817 4344 novem
2845 4304 3035 4353 annos,
3066 4288 3219 4357 quasi
3247 4286 3476 4340 fuissent
3501 4300 3618 4338 om-

1965 4406 2015 4467 υ
2042 4395 2137 4434 nes
2162 4394 2476 4434 communes
2498 4378 2593 4451 (vn
2643 4379 2974 4433 embolismis
3017 4377 3311 4448 separatim
3359 4375 3619 4440 dimissis,

2039 4470 2105 4524 de
2133 4469 2330 4538 quibus
2357 4477 2545 4540 postea
2568 4468 2830 4540 dicemus)
2857 4476 3110 4523 crescunt
3127 4482 3224 4538 per
3244 4482 3396 4521 xvnn
3428 4481 3621 4528 annos,

2039 4574 2193 4613 xvnu
2233 4559 2402 4624 horae,
2429 4559 2535 4614 hoc
2554 4568 2659 4624 est,
2677 4560 2810 4613 hora
2829 4558 3254 4628 uniuscujusque
3283 4558 3409 4611 anni
3446 4576 3458 4610 :
3485 4556 3622 4612 ltem

2038 4661 2133 4703 vnl
2153 4656 2423 4701 momenta
2441 4649 2860 4718 uniuscujusque
2879 4649 3036 4713 anni;
3065 4649 3142 4702 sic
3157 4661 3254 4717 per
3269 4663 3422 4702 xvnn
3454 4661 3625 4701 annos

2040 4755 2145 4793 cur
2167 4725 2433 4792 momenta
2452 4738 2775 4802 elliciuntur,
2798 4738 2900 4792 hoc
2917 4746 3018 4803 est,
3038 4754 3097 4792 ιιι
3119 4739 3266 4793 horae
3280 4745 3335 4791 et
3351 4751 3497 4790 xxxn
3516 4750 3626 4791 mo-

2039 4841 2219 4888 menta
2240 4850 2254 4884 ἶ
2282 4831 2440 4888 simul
2456 4840 2634 4885 autem
2659 4831 2795 4885 ﬁunt
2823 4847 2935 4886 XXII
2957 4845 3067 4886 orte
3085 4839 3139 4884 et
3157 4845 3310 4884 XXX“
3327 4838 3620 4884 momenta.

2042 4924 2368 4996 Colligamus
2393 4939 2522 4994 ergo
2571 4929 2845 4978 momenta
2874 4923 2939 4978 de
2971 4939 3048 4979 vn
3103 4923 3456 4984 embolismis,
3489 4935 3625 4990 quos

2044 5097 2255 5152 decimo
2293 5101 2450 5178 sexto
2484 5095 2623 5178 cycli
2672 5096 3236 5178 deeennovenalis,_in
3259 5109 3384 5178 quo
3427 5091 3623 5173 saltum

2042 5181 2244 5236 ponere
2299 5166 2375 5220 ait
2416 5161 2672 5221 Latinos:
2722 5167 2788 5221 de
2822 5183 2930 5237 quo
2969 5175 3114 5223 tacet
3141 5161 3467 5237 Victorius;
3517 5161 3624 5215 nisi

2046 5232 2164 5292 haec
2183 5238 2428 5304 exceptio
2455 5253 2498 5306 ai
2511 5237 2694 5306 regula
2722 5232 2958 5306 generali
2986 5239 3039 5291 in
3065 5236 3227 5290 editis
3249 5235 3318 5288 sit
3344 5232 3566 5287 omissa.

2121 5315 2143 5376 ἦ
2185 5306 2240 5376 In
2271 5307 2428 5375 epist.
2463 5305 2526 5370 ll,
2561 5305 2690 5362 tom.
2725 5305 2908 5362 LKV’ll
2932 5306 3267 5376 Patrologiae.

2119 5374 2145 5414 ἀ
2187 5372 2438 5431 Petavius
2471 5385 2648 5432 tamen
2663 5387 2792 5432 tom.
2812 5379 2850 5441 1,
2879 5393 3001 5446 pag.
3026 5372 3400 5446 3l0,'asserit,
3431 5372 3629 5446 saltum

2053 5445 2190 5518 luna:
2215 5463 2245 5501 a
2281 5447 2534 5518 Dionysio
2569 5449 2637 5502 50
2659 5447 2782 5502 Julii
2810 5443 3094 5512 statutum,
3132 5456 3187 5499 et
3211 5447 3288 5498 sic
3338 5444 3405 5498 ad
3433 5443 3630 5497 Kalen-

2051 5517 2262 5572 darium
2284 5517 2586 5572 Romanum
2613 5533 2733 5574 esse
2756 5518 3096 5572 translatum.
3433 5529 3446 5545 ί

2055 5599 2156 5714 ..ΟΞ
2189 5587 2356 5659 Epist.
2387 5589 2529 5645 beati
2554 5588 2738 5660 Cyrilli
2760 5587 2899 5658 apud
2928 5587 3226 5650 l’ctavium,
3253 5593 3384 5640 tom.
3409 5583 3472 5649 ll,
3501 5595 3624 5652 pug.

2055 5677 2085 5713 o
2161 5697 2173 5712 .
3210 5687 3220 5714 ι
3329 5687 3334 5694 ·
3440 5675 3448 5690 ’·

2053 5675 2173 5714 DUO-
3210 5687 3220 5716 '.
3329 5687 3334 5694 ‘
3440 5675 3448 5690 ’”
