4038 6354
433 235 536 292 987

1251 225 1311 282 Β.
1353 228 1414 283 F.
1455 221 1680 279 ALBINI
1718 221 1850 276 SEU
1889 216 2168 273 ALCUlNl
2202 213 2485 271 OPERUM
2520 213 2700 268 PARS
2743 211 2846 269 VII.

3580 211 3683 270 988

430 341 723 415 separatim
753 340 1074 402 dimisimus,
1125 337 1228 392 hoc
1255 347 1355 400 est,
1383 352 1464 390 ιιιι
1512 337 1784 387 momenta
1813 327 1997 382 unius-
2027 327 2074 384 Α
2104 337 2212 386 ras,
2263 322 2396 375 ﬁunt
2420 337 2572 376 xxuu
2600 322 2769 385 home,
2824 320 2924 374 hoc
2948 326 3052 383 est,
3094 334 3232 373 unus
3286 319 3406 374 dies
3453 319 3682 386 lunaris,

430 437 694 505 cujusque
744 433 943 488 mensis
995 430 1315 485 embolismi.
1373 427 1463 482 Sic
1487 443 1551 481 ex
1579 442 1652 479 vu
1702 422 1996 481 mensibus,

431 527 538 582 hoc
562 532 666 589 est,
691 539 757 578 ex
808 530 1014 591 septem
1066 519 1395 575 embolismis
1433 533 1598 570 xxvm
1633 515 1784 584 [Ms.,
1817 511 2000 582 xxmi]

433 624 705 674 momenta
734 613 1090 682 colliguntur;
1123 625 1196 663 vn
1227 609 1372 663 enim
1420 616 1633 678 quater,
1666 605 1748 658 vel
1772 613 2004 672 quatuor

433 707 636 778 septies
665 703 808 759 ducti
863 717 1030 754 xxvut
1087 704 1358 752 momenta
1405 705 1548 752 sunt.
1587 695 1735 748 Mitte
1763 691 1922 747 simul
1950 699 2004 745 et

435 815 591 862 xxxu
618 802 914 856 momenta,
965 806 1084 861 quae
1111 799 1268 846 antea
1293 789 1552 854 habuisti,
1591 787 1727 841 ﬁunt
1750 784 1908 842 simul
1936 801 2004 838 1.x

438 895 732 950 momenta,
761 885 863 940 hoc
887 891 984 946 est,
1018 898 1124 937 una
1145 882 1279 936 hora
1307 888 1361 935 et
1383 880 1625 935 dimidia.
1667 879 1816 933 Mitte
1845 877 2006 934 simul

436 978 598 1049 360
621 984 675 1030 et
702 975 1018 1045 praedictum
1054 986 1337 1026 numerum
1382 969 1656 1034 horarum,
1687 985 1821 1039 quas
1848 974 2008 1022 antea

437 1067 700 1132 habuisti,
724 1067 828 1120 hoc
855 1073 960 1128 εει,
990 1079 1124 1127 xxu,
1153 1065 1288 1115 nunt
1335 1077 1472 1115 χχιιι
1517 1061 1665 1114 horae
1686 1067 1740 1114 et
1765 1057 2005 1122 dimidia,

437 1159 540 1214 hoc
570 1166 676 1222 est,
705 1173 777 1210 xx
805 1164 1097 1210 momenta.
1137 1151 1193 1206 Si
1217 1167 1348 1222 ergo
1373 1166 1469 1219 per
1497 1165 1653 1204 xvuu
1681 1165 1870 1212 annos,
1899 1147 2012 1202 col-

434 1245 592 1302 lectis
621 1263 704 1302 uu
753 1244 1039 1300 momentis
1089 1240 1507 1310 uniuscujusque
1551 1239 1771 1304 mensis,
1803 1253 2011 1293 ccxxxv

435 1347 628 1408 quater
653 1334 1114 1406 multiplicaveris,
1146 1333 1228 1388 vel
1255 1341 1486 1402 quatuor
1523 1322 1798 1386 ducenties
1826 1329 2011 1384 tricies

437 1427 724 1498 quinquies
739 1425 887 1479 ducti
909 1422 1130 1489 fuerint,
1145 1439 1374 1478 ncccch
1397 1421 1704 1478 efﬁciuntur
1717 1428 2008 1476 momenta.

436 1514 498 1570 Si
533 1516 678 1568 enim
728 1528 789 1567 cc
819 1521 1014 1583 quater
1065 1512 1301 1574 duxeris,
1360 1526 1486 1566 accc
1543 1509 1714 1575 ﬁunt;
1748 1509 1875 1563 item
1905 1525 2013 1562 xxx

436 1611 629 1676 quater
655 1603 801 1659 ducti
840 1618 945 1659 cxx
986 1610 1125 1666 sunt,
1177 1601 1335 1656 simul
1367 1609 1543 1655 autem
1583 1615 1816 1654 nccccxx
1838 1605 1963 1653 sunt
1991 1615 2005 1664 ;

2105 417 2196 484 qui
2218 415 2412 468 dicitur
2441 415 2630 477 saltus,
2655 413 3191 475 siveincrementum,
3215 409 3298 464 vel
3312 419 3682 480 augmentum.

2107 503 2165 559 Si
2193 520 2324 575 ergo
2347 506 2486 560 scire
2523 505 2772 570 volueris,
2821 512 3084 574 quantum
3136 504 3201 558 de
3248 501 3351 557 hoc
3387 503 3560 557 lunari
3591 520 3687 558 au-

2105 605 2322 664 gmento
2361 599 2561 652 crescit
2589 597 2644 652 in
2687 610 3009 665 unoquoque
3051 596 3272 649 mense?
3330 595 3443 649 [ioc
3471 605 3574 660 est,
3603 612 3690 650 ιιιι

2105 698 2377 743 momenta
2422 699 2478 744 et
2502 689 2810 745 duodecima
2839 704 2967 759 pars
2995 688 3274 752 momenti,
3313 697 3367 743 et
3392 689 3692 759 quadrage-

2107 779 2242 833 sima
2269 780 2492 849 septima
2517 795 2646 850 pars
2697 779 3025 834 duodecimae
3046 779 3214 849 partis
3254 779 3536 844 momenti,
3586 779 3696 834 hoc

2107 878 2190 923 est
2221 876 2434 925 atomus
2459 870 2654 927 crescit
2679 871 2734 925 in
2763 884 3088 939 unoquoque
3117 883 3318 924 mense.

2176 961 2618 1032 Interrogandum
2639 969 2722 1017 est
2749 962 2932 1032 igitur,
2955 977 3078 1016 cum
3099 960 3297 1015 dicitur
3319 961 3445 1015 luna
3469 961 3696 1017 accendi

2108 1065 2204 1123 per
2229 1068 2421 1108 xxvuu
2458 1052 2574 1106 dies
2592 1061 2646 1106 et
2668 1051 2946 1106 dimidium
2973 1051 3106 1114 diei,
3129 1051 3230 1106 hoc
3250 1051 3403 1106 estin
3429 1067 3505 1104 xu
3534 1053 3695 1114 hora,

2110 1145 2203 1198 sed
2227 1158 2334 1198 non
2365 1151 2475 1197 tota
2501 1129 2829 1198 duodecima:
2861 1142 3012 1197 ﬁnita
3043 1140 3321 1214 (praecedit
3337 1143 3484 1202 enim
3511 1142 3700 1197 incen-

2110 1237 2191 1292 sio
2213 1244 2337 1290 ante
2372 1251 2454 1290 uu
2500 1245 2770 1290 momenta
2791 1235 2858 1289 de
2881 1234 2986 1289 ﬁne
3021 1235 3168 1290 horze
3221 1235 3554 1290 duodecimae
3575 1250 3700 1304 qua:

2111 1342 2272 1381 causa
2321 1325 2516 1380 saltum
2562 1323 2767 1395 eﬁicit).
2832 1323 2926 1381 Illa
2949 1339 3079 1394 ergo
3108 1323 3350 1379 incensio
3394 1323 3502 1379 diei
3553 1339 3697 1395 quo-

2110 1417 2272 1472 modo
2298 1414 2522 1485 intelligi
2545 1423 2746 1484 potest,
2771 1422 2952 1469 utrum
2982 1414 3038 1468 in
3059 1415 3168 1477 die,
3215 1429 3282 1466 an
3311 1413 3367 1466 in
3395 1422 3554 1468 nocte
3567 1413 3698 1468 luna

2112 1506 2470 1564 accenditur?
2519 1505 2604 1560 vel
2639 1521 2744 1576 qua
2785 1505 2985 1580 [hora],
3038 1505 3124 1560 vel
3153 1521 3261 1576 quo
3283 1514 3505 1574 puncto,
3531 1505 3701 1561 immo

2113 1600 2278 1656 etiam
2301 1605 2573 1654 momento
2602 1599 2729 1654 luna
2757 1599 2979 1655 accendi
3015 1597 3264 1652 dicitur?
3286 1606 3340 1652 et
3361 1605 3547 1652 utrum
3573 1599 3698 1652 sub-

437 1689 570 1753 item
601 1711 632 1748 v
660 1703 873 1766 quater,
926 1712 997 1749 xx
1027 1694 1177 1758 ﬁunt,
1207 1693 1367 1748 simul
1414 1700 1595 1746 autem
1635 1707 1866 1747 nccccxi.
1892 1707 2012 1747 mo-
2043 1659 2088 1718 Β
2118 1690 2375 1752 incensio,
2415 1688 2501 1743 vel
2529 1688 2704 1744 media
2727 1680 2988 1752 incensio,
3013 1688 3529 1758 vel’superincensio
3551 1689 3702 1744 sita?

437 1789 640 1844 menta.
666 1786 776 1842 Hos
795 1801 923 1858 ergo
947 1786 990 1841 si
1017 1785 1207 1856 partiri
1229 1783 1463 1840 volueris
1488 1799 1586 1854 per
1617 1784 2011 1854 quadragenos,

437 1877 546 1933 hoc
571 1885 675 1940 est,
709 1891 809 1948 per
828 1877 991 1931 horas
1011 1877 1266 1946 integras,
1294 1875 1421 1944 quia
1449 1891 1514 1930 xi.
1556 1882 1826 1930 momenta
1853 1889 2014 1928 unam

437 1967 629 2022 horam
655 1965 878 2031 faciunt,
911 1965 990 2020 sic
1012 1965 1202 2036 partiri
1243 1965 1424 2020 debes.
1463 1965 1540 2020 De
1567 1979 1734 2020 acccc
1761 1965 1890 2021 tolle
1918 1981 2016 2021 no-

436 2056 552 2112 vies
576 2073 669 2122 xx,
702 2064 979 2112 remanent
1006 2073 1122 2112 vuu
1147 2056 1416 2126 octogeni,
1455 2057 1558 2111 hoc
1583 2064 1686 2122 est,
1719 2073 1856 2112 xvm
1880 2072 2017 2126 qua-

438 2146 683 2218 drageni,
713 2147 805 2218 qui
824 2147 1025 2202 habent
1049 2148 1212 2202 horas
1235 2163 1388 2202 xvm.
1427 2147 1556 2201 Item
1586 2163 1705 2201 vuu
1732 2147 1933 2216 vigeni,
1961 2147 2016 2202 in

441 2234 688 2310 [quibus]
725 2236 809 2291 bis
863 2251 1007 2292 Lxxx
1053 2235 1208 2308 [Ms.,
1259 2236 1314 2289 in
1347 2235 1432 2291 bis
1479 2252 1720 2299 Lxxxm,
1752 2235 2016 2308 mendose]

439 2343 544 2383 (ιιι
570 2335 714 2394 ειιιιι,
743 2329 848 2382 hoc
875 2335 981 2394 est,
1029 2336 1260 2398 quatuor
1307 2328 1635 2398 quadrageni
1667 2327 1821 2399 [Ms._,
1861 2345 2015 2394 xuu,

438 2430 625 2471 rursus
645 2414 906 2487 mendose]
929 2416 1021 2485 qui
1061 2416 1260 2471 habent
1291 2432 1374 2470 ιιιι
1403 2418 1596 2481 horas;
1655 2416 1811 2470 mitte
1859 2415 2020 2472 simul

440 2513 498 2561 et
526 2521 656 2560 xvm
682 2506 844 2560 horas
888 2522 999 2560 xxu
1030 2506 1193 2572 ﬁunt;
1233 2514 1512 2560 remanent
1554 2523 1625 2560 xx
1653 2505 1806 2578 [Ms.,
1844 2521 2021 2561 rema-

442 2602 577 2650 nent
615 2593 742 2667 cxx]
797 2593 1134 2666 [momenta].
1186 2595 1335 2649 Mitte
1379 2594 1468 2650 illa
1507 2594 1667 2652 simul
1700 2602 1756 2650 et
1800 2611 1866 2650 ιιι.
1905 2610 2020 2651 mo-

439 2697 646 2756 menta,
669 2705 787 2760 qua:
815 2699 940 2746 ante
976 2689 1208 2746 habuisti
1239 2705 1399 2761 super
1444 2707 1624 2757 acccc,
1661 2690 1878 2746 ﬁunth
1905 2705 2021 2744 mo.

442 2790 644 2838 menta.
693 2781 913 2838 Dimitte
935 2800 1023 2847 ιιι,
1053 2784 1156 2838 hoc
1177 2790 1280 2847 est,
1311 2798 1473 2837 unam
1501 2782 1720 2847 horam;
1760 2783 1914 2836 mitte
1932 2797 2020 2836 su-

439 2883 541 2942 per
562 2887 698 2938 xxu,
755 2872 892 2927 ﬁunt
919 2889 1053 2926 xxul
1087 2871 1302 2944 [hor.e,]
1353 2880 1408 2926 et
1430 2889 1502 2927 xx
1531 2883 1805 2928 momenta
1844 2887 2022 2927 rema-

2117 1771 2424 1836 Sccundum
2458 1781 2871 1836 aestimationem
2928 1777 3279 1835 llebrteorum
3328 1779 3454 1832 luna
3502 1779 3703 1835 dicitur

2115 1873 2336 1928 accendi
2380 1880 2504 1942 post
2520 1871 2756 1927 mediam
2782 1871 2948 1935 diem,
2973 1870 3077 1924 hoc
3097 1877 3200 1935 est,
3230 1877 3352 1940 post
3383 1885 3435 1925 γι
3463 1871 3630 1924 horas
3647 1877 3703 1924 et

2117 1964 2394 2020 dimidiam
2416 1967 2606 2020 horam
2629 1963 2890 2036 septimm.
2945 1961 3180 2016 Proinde
3214 1961 3425 2016 Hebraei
3453 1977 3486 2015 a
3521 1960 3696 2016 media

2117 2055 2203 2112 die
2225 2056 2436 2112 initium
2462 2055 2568 2111 diei
2590 2063 2830 2120 sumunt,
2881 2054 3009 2125 quia
3061 2053 3358 2110 secundum
3389 2053 3574 2109 lunam
3602 2071 3703 2109 nu-

2117 2153 2350 2213 merant,
2385 2155 2442 2202 et
2492 2145 2548 2201 in
2595 2144 2774 2200 media
2813 2144 2899 2199 die
2941 2145 3082 2202 luna:
3143 2151 3279 2201 aetas
3310 2153 3699 2199 commutatur.

2115 2235 2244 2291 Inde
2268 2235 2592 2291 Anatholius
2611 2233 3006 2289 Alexandrinus
3025 2231 3159 2287 dicit
3184 2249 3198 2286 :
3239 2250 3258 2283 ι
3276 2233 3464 2290 Omnis
3489 2232 3609 2288 dies
3647 2233 3702 2288 in

2119 2329 2257 2384 lunae
2277 2329 2678 2400 computatione
2693 2326 2845 2400 [Ms.,
2860 2326 2914 2381 in
2937 2325 3072 2380 luna
3088 2324 3563 2398 computationem]
3586 2341 3704 2380 non

2120 2422 2308 2476 eodem
2330 2436 2578 2485 numero,
2631 2435 2742 2492 quo
2791 2431 2949 2474 mane
2979 2417 3248 2483 initiatur,
3299 2418 3366 2472 ad
3410 2432 3705 2488 vesperum

2119 2512 2327 2577 ﬁnitur,
2356 2510 2483 2581 quia
2513 2510 2650 2578 dies,
2697 2509 2792 2582 qui
2836 2523 2995 2563 mane
3032 2506 3277 2563 initiatur
3319 2521 3490 2576 usque
3535 2508 3604 2562 ad
3649 2523 3701 2563 νι

2119 2603 2308 2658 horam
2329 2613 2383 2656 et
2405 2601 2704 2664 dimidiam,
2756 2615 2854 2654 xm
2882 2596 3059 2672 [Fort.
3089 2596 3286 2668 κωφή,
3323 2595 3400 2670 et]
3441 2597 3706 2653 adnume-

2119 2700 2290 2758 ratur,
2321 2691 2508 2746 eadem
2540 2690 2607 2744 ad
2636 2703 2920 2760 vesperum
2953 2703 3069 2742 xuu
3097 2687 3394 2742 invenitur.
3434 2707 3456 2740 ι
3498 2688 3558 2744 In
3599 2689 3704 2743 hoc

2120 2781 2366 2851 exemplo
2389 2781 2624 2836 ostendit
2652 2779 3001 2846 Anatholius,
3047 2779 3186 2848 quod
3218 2779 3359 2835 lunae
3391 2788 3526 2836 retas
3559 2797 3704 2837 com-

2122 2880 2366 2927 mutatur
2383 2871 2529 2928 omni
2557 2870 2644 2927 die
2663 2878 2783 2942 post
2809 2878 3016 2925 sextam
3045 2870 3236 2925 horam'
3262 2871 3368 2925 diei
3398 2870 3451 2924 in
3483 2872 3700 2927 dimidia

441 2969 598 3026 nent,
620 2961 723 3016 hoc
750 2969 854 3026 est,
905 2961 1124 3016 dimidia
1155 2963 1308 3016 hora.
1357 2961 1447 3018 Sic
1473 2977 1602 3032 ergo
1627 2977 1723 3032 per
1742 2977 1898 3016 xvuu
1931 2978 2022 3016 an-
2048 2997 2096 3062 ε
2123 2969 2272 3023 hora:
2307 2966 2575 3036 septimae;
2615 2973 2678 3020 et
2723 2965 2802 3020 sic
2824 2971 3045 3035 putatur
3067 2963 3231 3018 etiam
3262 2963 3317 3017 iu
3351 2963 3439 3017 illa
3462 2965 3599 3019 hora
3625 2965 3706 3018 lu-

441 3065 561 3112 nos,
599 3049 738 3103 sicut
761 3059 915 3104 antea
939 3050 1196 3115 diximus,
1243 3058 1493 3104 crescunt
1511 3067 1645 3104 xxul
1674 3051 1823 3104 horae
1860 3058 1916 3104 et
1944 3050 2020 3104 di-

442 3140 640 3195 midia:
674 3149 918 3196 remanet
945 3140 1162 3195 dimidia
1189 3142 1341 3206 hora,
1363 3141 1466 3196 hoc
1493 3149 1593 3206 est,
1626 3159 1695 3195 xx
1728 3150 2017 3207 momenta,

443 3245 565 3300 quae
591 3229 818 3284 efﬁcitur
843 3240 896 3286 et
923 3231 1220 3300 completur
1238 3246 1304 3286 ex
1337 3247 1409 3284 xu
1441 3242 1594 3300 parte
1622 3233 1881 3287 momenti
1927 3249 2020 3287 cu-

437 3315 636 3387 jusque
662 3318 881 3384 mensis,
917 3319 1009 3388 qui
1039 3327 1164 3372 sunt
1189 3335 1414 3374 ccxxxv.
1446 3320 1512 3373 Et
1545 3322 1616 3374 ita
1643 3321 1695 3374 in
1717 3337 1791 3376 xu
1827 3323 2025 3376 mensi-

443 3406 570 3470 bus,
601 3405 704 3460 hoc
735 3414 839 3470 est,
896 3407 950 3460 in
973 3423 1080 3460 uno
1106 3422 1246 3462 anno
1276 3409 1546 3462 communi
1582 3426 1747 3464 unum
1785 3426 2024 3465 momen-

443 3502 562 3552 tum
592 3497 878 3568 colligitur,
918 3508 972 3554 et
1018 3500 1070 3552 in
1099 3516 1253 3554 xvuu
1279 3502 1453 3566 annis,
1486 3503 1640 3570 quasi
1687 3511 1765 3558 tot
1793 3503 2024 3560 fuissent

443 3587 778 3654 cummunes,
811 3605 1056 3644 seorsum
1081 3607 1155 3645 vu
1186 3591 1531 3648 embolismos
1568 3595 1896 3660 deserentes,
1946 3595 2026 3651 sic

445 3680 778 3750 colliguntur
801 3699 954 3737 xvuu
988 3694 1279 3752 momenta,
1329 3698 1573 3743 remanet
1598 3706 1762 3744 unum
1787 3707 2026 3746 momen-

447 3779 583 3838 tum,
609 3773 749 3842 quod
773 3773 1041 3844 colligitur
1053 3791 1119 3828 ex
1133 3791 1205 3830 vu
1234 3778 1820 3835 emlzolismisetatomo
1842 3782 2028 3838 unius-

448 3862 706 3932 cujusque
745 3866 966 3921 mensis.
1018 3865 1097 3919 Ex
1123 3869 1398 3924 mensibus
1422 3871 1566 3924 enim
1592 3874 1924 3928 embolismis
1951 3891 2024 3939 γι,

449 3953 731 4010 dimidium
775 3966 1104 4013 momentum
1159 3959 1462 4030 colligitur,
1510 3963 1614 4018 hoc
1657 3973 1739 4018 cst
1779 3981 2026 4022 ccuxxxu

452 4043 659 4118 [SuppL
692 4049 900 4121 atomi].
953 4051 1086 4105 Item
1124 4066 1190 4105 ex
1219 4053 1448 4121 septimo
1497 4070 1680 4110 mense
1711 4057 2028 4115 embolismo

451 4137 725 4208 colligitur
767 4141 1086 4197 duodecima
1136 4161 1266 4214 pars
1313 4147 1592 4209 momenti,
1645 4147 1696 4202 id
1730 4159 1834 4214 est,
1884 4165 2029 4205 XLVII

453 4233 639 4286 atomi.
710 4232 768 4287 Si
816 4237 958 4289 enim
1008 4237 1215 4292 dividas
1263 4249 1595 4294 momentum
1630 4242 1680 4296 in
1720 4259 1795 4299 xu
1825 4253 2024 4315 partes,

2126 3075 2251 3112 nam
2279 3057 2516 3112 accendi.
2561 3056 2666 3112 Sed
2687 3065 2868 3111 tamen
2891 3056 3005 3110 haec
3029 3055 3166 3110 ratio
3187 3054 3484 3110 secundum
3513 3057 3707 3111 verita.

2124 3155 2230 3204 tem
2253 3158 2454 3202 natune
2481 3147 2748 3216 quomodo
2769 3146 2982 3216 probari
3010 3152 3184 3214 potest
3209 3186 3225 3211 ,
3276 3145 3704 3215 investigandum

2123 3249 2226 3295 est.
2244 3241 2400 3311 361
2424 3239 2481 3294 Si
2503 3241 2645 3294 enim
2663 3239 2786 3295 luna
2815 3255 2924 3293 xxx
2953 3253 3165 3309 semper
3186 3237 3398 3306 fuisset,
3427 3249 3520 3292 aut
3539 3238 3704 3292 etiam

2127 3349 2346 3396 xxvnu,
2394 3331 2508 3386 ﬁeri
2531 3332 2818 3401 potuisset,
2847 3332 2984 3385 utin
3019 3347 3126 3384 una
3154 3331 3310 3394 hora,
3342 3339 3396 3386 et
3424 3331 3477 3384 in
3514 3330 3703 3384 eodem

2131 3432 2334 3492 puncto
2380 3431 2435 3477 et
2465 3429 2758 3486 momento,
2802 3422 2989 3476 todcm
3036 3421 3141 3475 diei
3181 3429 3439 3491 tempore,
3467 3435 3570 3488 quo
3593 3421 3706 3489 pri—

2124 3530 2270 3568 mum
2301 3512 2443 3568 facta
2463 3521 2548 3568 est
2575 3513 2749 3578 Luna,
2781 3527 2996 3583 semper
3017 3512 3398 3566 accenderetur
3426 3510 3576 3564 ﬁnita
3605 3511 3708 3564 tri—

2126 3604 2359 3675 gesima,
2392 3603 2474 3657 vel
2513 3604 2679 3658 etiam
2723 3603 2983 3674 vigesima
3029 3618 3192 3658 noua.
3227 3601 3333 3657 Sed
3359 3617 3479 3656 cum
3509 3617 3706 3656 xxvuu

2127 3699 2244 3754 dies
2271 3707 2325 3752 et
2353 3697 2518 3752 semis
2545 3697 2672 3760 diei,
2704 3698 2808 3754 hoc
2829 3704 2932 3764 est,
2961 3713 3036 3751 xu
3073 3700 3236 3750 horas
3282 3694 3410 3748 luna
3440 3694 3494 3748 in
3523 3709 3582 3748 se
3614 3695 3711 3746 ha-

2127 3792 2257 3847 bere
2293 3797 2648 3853 monstratur,
2677 3789 2762 3842 illa
2794 3788 2900 3844 diei
2945 3787 3208 3842 medietas
3235 3786 3599 3840 incensionem
3629 3784 3710 3837 lu-

2129 3899 2212 3939 me
2249 3880 2567 3935 mutabilem
2613 3879 2744 3934 facit
2789 3885 2889 3934 :et
2916 3878 3068 3944 ideo,
3121 3878 3167 3932 si
3217 3873 3391 3931 media
3438 3876 3525 3930 die
3569 3874 3708 3929 luna:

2136 3973 2388 4029 accensio
2433 3973 2659 4034 dicatur,
2697 3979 2948 4040 computa
2994 3985 3184 4023 xxvuu
3225 3969 3395 4022 diesa
3423 3967 3600 4021 media
3624 3966 3712 4019 die
3753 4021 3760 4038 ,

2132 4066 2460 4122 incensionis
2487 4065 2646 4129 quat,
2681 4079 2850 4134 usque
2891 4063 2956 4118 ad
3006 4063 3237 4118 mediam
3268 4062 3408 4115 diem
3440 4060 3711 4130 vigesima:

2133 4175 2289 4215 noua}
2311 4158 2436 4214 diei.
2461 4157 2612 4212 Adde
2635 4173 2709 4210 xu
2741 4157 2908 4212 horas
2932 4172 2964 4210 a
2991 4155 3165 4210 media
3193 4154 3280 4209 die
3303 4168 3472 4218 usque
3504 4151 3571 4206 ad
3599 4166 3712 4205 me—

2132 4251 2274 4305 diam
2299 4256 2536 4314 noctem,
2561 4256 2688 4302 tunc
2718 4247 2772 4302 in
2798 4247 2971 4302 media
3001 4245 3269 4301 nocteilla
3299 4245 3424 4298 luna
3456 4243 3714 4298 accendi-

453 4335 598 4376 xnvu
638 4323 924 4380 duodecies
970 4327 1136 4393 ducti,
1195 4329 1284 4396 qui
1327 4327 1531 4384 faciunt
1576 4339 1786 4387 atomos
1821 4349 2026 4388 DLXllll.
2065 4353 2110 4411 ι)
2136 4349 2244 4394 tur.
2271 4339 2388 4394 Non
2417 4354 2544 4408 ergo
2597 4337 2720 4393 unis
2765 4337 3078 4408 eisdemque
3121 4335 3362 4390 articulis
3409 4343 3712 4403 temporum

454 4411 600 4466 Tene
623 4415 716 4468 tibi
746 4430 874 4485 ergo
901 4433 1045 4471 vau
1085 4425 1315 4482 atomos,
1369 4436 1502 4488 quos
1541 4423 1794 4487 diximus,
1842 4440 1906 4478 ex
1954 4440 2033 4480 se-

453 4499 623 4570 ptimo
647 4503 979 4567 embolismo,
1021 4504 1073 4558 id
1101 4513 1204 4568 εει,
1251 4522 1313 4560 ex
1357 4525 1434 4562 xu
1465 4518 1619 4579 parte
1653 4513 1938 4578 momenti;
1979 4521 2035 4568 et

455 4589 646 4660 collige
688 4599 923 4645 atomum
971 4592 1389 4665 uniuscujusque
1425 4600 1626 4654 mensis
1659 4617 1755 4670 per
1788 4618 2029 4669 ccxxxv;

455 4688 766 4736 totatomos
803 4684 1025 4755 colligis,
1060 4685 1111 4739 id
1146 4696 1248 4750 est,
1279 4705 1506 4743 ccxxxv.
1573 4689 1723 4746 Mitte
1768 4693 1926 4747 simul
1977 4703 2034 4749 et

457 4787 625 4836 vau,
658 4772 788 4826 ﬁunt
813 4789 1079 4841 CCLXXXII,
1110 4777 1210 4832 hoc
1235 4787 1338 4842 est,
1363 4779 1641 4833 dimidium
1672 4792 2024 4837 momentum.

457 4863 658 4933 Collige
707 4873 762 4919 ct
790 4865 930 4920 aliud
954 4868 1232 4922 dimidium
1258 4880 1611 4935 momentum,
1631 4874 1773 4943 quod
1795 4873 2031 4929 habuisti

458 4967 525 5008 ex
553 4970 606 5008 v1
651 4957 923 5012 mensibus
950 4959 1300 5025 embolismis,
1351 4961 1402 5016 id
1430 4970 1528 5024 est,
1574 4978 1840 5027 ccaxxxu,
1875 4965 2033 5019 simul

459 5046 596 5100 ﬁunt
623 5064 807 5101 annu
855 5050 1038 5115 atomi,
1077 5051 1169 5120 qui
1223 5053 1427 5106 faciunt
1465 5070 1628 5108 unum
1678 5063 2028 5110 momentum.

459 5137 610 5192 Mitte
651 5155 779 5210 ergo
809 5141 952 5196 istud
979 5158 1142 5196 unum
1170 5152 1501 5198 momentum
1525 5146 1590 5199 ad
1623 5145 1709 5198 illa
1736 5163 1887 5202 xvuu
1919 5163 2034 5203 mo-

459 5238 662 5293 menta,
717 5247 836 5300 quae
867 5241 1024 5286 antea
1079 5233 1312 5290 habuisti
1360 5250 1426 5290 ex
1473 5252 1547 5290 xu
1594 5247 1748 5306 parte
1777 5240 2032 5294 momenti

459 5319 879 5392 uniuscujusque
914 5323 1143 5390 mensis;
1189 5324 1269 5379 sic
1290 5321 1495 5381 faciunt
1519 5344 1584 5382 xx
1613 5339 1907 5394 momenta,
1933 5331 2035 5386 hoc

459 5413 565 5473 est,
597 5408 872 5465 dimidiam
897 5413 1110 5468 horam.
1177 5413 1328 5469 Mitte
1358 5415 1515 5470 istam
1545 5418 1820 5473 dimidiam
1846 5420 2034 5475 horam

461 5503 526 5557 ad
562 5504 787 5560 alteram
817 5505 1113 5572 dimidiam,
1143 5523 1303 5578 quam
1325 5510 1559 5564 habuisti
1591 5526 1754 5579 super
1775 5527 1908 5565 xxul
1941 5513 2042 5564 ho-

2137 4433 2222 4488 vcl
2249 4431 2370 4486 coeli
2402 4431 2708 4486 climatibus
2728 4429 2867 4485 luna:
2902 4428 3152 4484 accensio
3179 4427 3514 4490 celebratur,
3555 4435 3606 4479 et
3638 4425 3713 4478 ita

2138 4523 2459 4579 naturaliter
2479 4524 2532 4576 in
2560 4536 2878 4592 unaquaque
2904 4521 3037 4574 hora
3059 4528 3114 4574 et
3149 4519 3203 4572 in
3232 4534 3554 4588 unoquoque
3599 4533 3714 4570 mo-

2141 4623 2344 4679 mento,
2375 4622 2430 4668 et
2456 4613 2506 4668 in
2537 4613 2682 4668 omni
2712 4619 2866 4682 parte
2895 4610 3016 4666 εωιί
3043 4651 3058 4675 ,
3094 4625 3259 4679 super
3285 4621 3488 4662 terram
3518 4615 3573 4661 et
3613 4608 3716 4661 sub

2143 4711 2306 4768 terra,
2337 4720 2514 4757 annua
2549 4702 2884 4758 revolutione
2912 4702 3077 4755 immo
3103 4701 3269 4754 etiam
3301 4707 3579 4753 menstruo
3601 4699 3714 4751 cir-

2135 4793 2256 4848 culo
2281 4794 2406 4848 luna
2438 4793 2770 4848 accenditur.

2203 4883 2644 4954 lnterrogandum
2677 4891 2760 4940 est
2795 4883 2980 4953 igitur,
3004 4892 3136 4952 quot
3162 4881 3383 4937 nomina
3427 4881 3593 4935 habet
3625 4879 3715 4934 hic

2133 4976 2342 5031 saltus?
2375 4975 2488 5029 lloe
2516 4983 2629 5040 est,
2657 4976 2912 5047 quinque.
2959 4975 3168 5029 Dicitur
3213 4975 3606 5029 incrementum
3641 4971 3713 5024 lu-

2135 5080 2298 5129 nare;
2334 5065 2536 5118 dicitur
2561 5064 2723 5121 etiam
2744 5073 3094 5134 augmentum
3117 5064 3340 5128 lunare;
3367 5063 3570 5118 dicitur
3598 5077 3712 5114 mu-

2136 5155 2270 5210 tatio
2301 5155 2544 5221 lunaris;
2599 5155 2799 5214 dicitur
2837 5156 3002 5211 etiam
3034 5168 3140 5209 una
3185 5155 3309 5208 luna
3337 5169 3592 5210 crescens
3619 5167 3716 5222 per

2135 5261 2326 5300 omnes
2348 5261 2552 5312 annos;
2578 5245 2777 5302 dicitur
2803 5246 2968 5301 etiam
2991 5246 3178 5300 saltus.
3195 5245 3260 5299 Et
3286 5246 3372 5300 hic
3394 5244 3586 5307 saltus,
3611 5243 3715 5296 sic-

2136 5343 2196 5390 ut
2239 5336 2496 5398 diximus,
2531 5335 2584 5388 in
2619 5343 2850 5404 quatuor
2897 5335 3032 5390 locis
3070 5335 3307 5406 ponitur.
3339 5332 3500 5388 Juxta
3534 5332 3716 5388 Victo-

2137 5425 2278 5480 rium
2319 5432 2376 5480 et
2401 5425 2625 5479 Latinos
2663 5424 2718 5477 in
2747 5440 2815 5477 xv
2843 5424 2959 5477 lial.
2987 5425 3303 5479 Decembris
3347 5423 3585 5494 ponitur.
3618 5421 3712 5474 Se-

2139 5515 2371 5570 cundum
2402 5514 2621 5569 Grzecos
2658 5515 2711 5568 in
2756 5531 2806 5568 xl
2841 5514 2956 5568 Kal.
2991 5514 3189 5583 Aprilis
3213 5515 3334 5567 luna
3361 5555 3376 5579 ,
3423 5529 3542 5582 quae
3587 5521 3718 5566 tunc

534 5629 560 5657 ι
599 5619 672 5673 De
707 5619 1138 5682 subincensione,
1171 5621 1488 5683 ctc..vidcri
1513 5631 1687 5691 potest
1707 5623 2037 5678 Bridcl‘crtus
2069 5626 2223 5684 lie-dte
2255 5629 2571 5684 scholiastcs
2607 5629 2764 5698 Oper.
2817 5639 2944 5682 tum.
2980 5628 3041 5693 ll,
3083 5644 3203 5697 pag.
3240 5629 3354 5682 l08.
