4038 6354
356 333 461 390 995

1058 324 1524 381 DIDASCALICA.
1566 352 1635 362 —
1672 320 1761 375 DE
1797 313 2026 372 CURSU
2068 314 2154 370 ET
2196 313 2420 370 SALTU
2461 313 2695 379 LUNIE,
2734 313 2886 369 ETC.

3495 317 3602 373 99d

353 462 472 501 vIIII
501 445 645 508 dies,
673 441 766 512 qui
798 440 997 495 faciunt
1021 438 1381 493 hebdomadas
1402 437 1554 500 duas,
1570 444 1624 489 et
1646 435 1923 487 remanent
1951 429 1997 486 A
2024 402 2186 479 hodie
2213 434 2267 479 et
2289 433 2442 479 sexto
2467 425 2731 481 Kalendas
2756 439 2894 479 cras.
2925 423 3020 477 Vel
3047 430 3333 493 propterea
3381 422 3600 492 dicitur,

355 537 593 607 quinque
619 535 750 589 dies.
782 531 931 587 Adde
957 531 1056 585 has
1083 529 1218 583 duas
1243 528 1572 596 septimanas
1595 524 1663 579 ad
1690 522 1924 592 priorem

355 636 665 699 computum
692 638 740 690 α,
763 624 897 678 ﬁunt
938 621 1248 691 septimana
1272 632 1540 679 ucccchI,
1571 624 1625 670 et
1647 617 1928 668 remanent

356 720 463 776 duo
496 719 610 773 dies
631 724 687 771 et
729 716 874 770 hora:
907 728 1063 768 XVIII.
1119 711 1236 767 Una
1279 708 1614 764 bebdomada
1666 700 1930 758 accrescit

357 809 412 862 in
451 807 855 863 diminutionem
894 802 1082 866 saltus,
1128 800 1531 871 nongentesima
1581 794 1927 863 nonagesima

358 899 531 967 prima
574 912 700 966 pars
736 896 896 949 unius
942 891 1339 962 partis-solaris
1363 903 1577 951 cursus,
1606 887 1826 954 insuper
1874 890 1930 936 et

357 990 499 1043 trien
521 986 939 1057 nongentesimze
972 982 1330 1051 nonagesimte
1359 980 1546 1049 primm
1572 975 1745 1045 partis
1777 988 1925 1041 pars.

430 1078 486 1132 Si
521 1092 648 1131 vero
673 1076 738 1130 ad
764 1074 879 1129 dies
904 1073 1036 1127 velis
1061 1071 1363 1142 pervenire,
1401 1077 1457 1123 et
1492 1066 1630 1121 scire
1658 1064 1931 1119 desideras

359 1176 559 1239 quanta
585 1169 657 1223 sit
707 1182 805 1237 per
833 1165 1073 1234 singulos
1099 1164 1213 1217 dies
1243 1161 1401 1216 unius
1451 1156 1820 1213 diminutionis
1846 1169 1931 1208 ra-

359 1261 436 1316 tio
465 1300 479 1324 ,
553 1267 802 1328 computa
838 1258 981 1312 dies
1037 1271 1187 1309 XVIIII
1211 1266 1472 1306 annorum
1500 1290 1515 1315 ,
1572 1248 1663 1317 qui
1720 1253 1846 1301 sunt
1876 1243 1931 1300 vi

360 1358 797 1413 nccecxxxVII,et
827 1348 988 1416 hujus
1015 1344 1223 1399 numeri
1248 1343 1453 1398 dierum
1485 1337 1934 1394 decennovenalis

360 1441 496 1510 cycli
546 1456 672 1510 pars
717 1438 942 1508 singulis
986 1436 1174 1491 diebus
1217 1434 1285 1488 ad
1330 1432 1739 1488 diminutionem
1792 1430 1934 1485 illius

362 1534 519 1587 unius
548 1532 718 1601 partis
753 1528 1082 1604 [accrescit].

428 1624 493 1678 Et
520 1624 564 1679 si
588 1624 659 1678 ad
681 1621 1145 1678 constellatiOnem
1198 1616 1700 1673 mathematicorum
1744 1627 1934 1672 nerve-

360 1716 479 1771 nire
507 1715 628 1783 quis
661 1722 832 1779 curet,
856 1720 1131 1783 computet
1150 1713 1313 1765 horas
1344 1726 1378 1764 X
1405 1715 1460 1764 et
1484 1723 1602 1762 vIIII
1629 1720 1890 1760 annorum
1917 1744 1931 1768 ,

359 1815 415 1862 et
443 1808 738 1861 secundum
762 1812 1046 1859 numerum
1090 1804 1344 1857 horarum
1372 1801 1573 1855 dividat
1602 1798 1746 1852 illam
1773 1811 1933 1851 unam

360 1905 570 1967 partem
594 1898 783 1953 solaris
807 1910 998 1951 cursus
1024 1893 1077 1948 in
1099 1909 1208 1948 uno
1230 1894 1336 1956 die,
1364 1895 1419 1946 et
1436 1892 1503 1945 ibi
1533 1892 1638 1945 erit
1661 1898 1787 1944 tunc
1809 1905 1938 1944 con-

361 1987 596 2042 stellatio
620 1985 1001 2040 mathematica
1031 1983 1184 2047 falsa,
1217 1983 1479 2052 siquidem
1509 1982 1715 2035 ratione
1744 1981 1935 2034 inven-

361 2089 439 2144 ta,
462 2080 556 2133 sed
584 2078 821 2146 diligenti
870 2075 1213 2144 inquisitione
1256 2074 1609 2143 perscrutata.
1630 2071 1696 2125 Et
1720 2081 1923 2133 tamen,

360 2180 422 2225 ut
440 2170 572 2234 dixi,
606 2169 693 2223 illa
723 2156 1006 2223 diminutio
1058 2168 1196 2221 illius
1236 2166 1395 2221 unius
1436 2166 1602 2235 partis
1632 2166 1682 2217 in
1713 2177 1937 2218 numero

361 2262 617 2317 horarum
642 2260 928 2323 invenitur,
958 2260 1010 2312 in
1058 2274 1164 2327 quo
1193 2259 1339 2312 hora:
1380 2265 1501 2311 sunt
1554 2272 1651 2327 per
1681 2273 1709 2308 x
1737 2263 1792 2309 et
1817 2271 1933 2309 Villi

363 2366 551 2405 annos.
586 2350 613 2389 δ
645 2349 775 2403 Nam
812 2363 963 2403 vaIII
1012 2349 1136 2402 anni
1179 2348 1380 2401 habent
1424 2347 1588 2401 horas
1632 2345 1831 2402 m
1882 2353 1938 2400 et

362 2443 683 2513 quadragies
707 2441 1079 2512 quinquagies.
1112 2440 1313 2507 Quarta
1338 2456 1465 2510 pars
1494 2456 1706 2495 eccum
1730 2442 1937 2496 centies

363 2534 606 2603 sexagies
633 2534 820 2589 octies.
853 2531 1131 2586 Millesima
1177 2546 1304 2599 pars
1330 2531 1488 2585 unius
1532 2531 1701 2598 partis
1746 2531 1937 2587 solaris

360 2638 555 2681 cursus
602 2623 654 2678 in
694 2638 799 2678 una
830 2621 1129 2677 detrahitur
1158 2620 1245 2675 illa
1282 2621 1440 2675 unius
1487 2620 1678 2675 solaris
1732 2622 1934 2690 partis,

366 2722 421 2770 et
470 2730 660 2770 cursus
688 2730 785 2784 per
818 2716 959 2769 diem
1016 2713 1069 2766 in
1112 2712 1333 2767 zodiaco
1377 2711 1603 2775 circulo,
1619 2711 1757 2764 sicut
1796 2724 1938 2779 smpe

366 2807 619 2869 diximus,
652 2806 719 2859 ad
745 2804 1154 2859 diminutionem
1193 2801 1353 2856 unius
1387 2801 1489 2856 diei
1520 2801 1640 2869 plus
1666 2815 1763 2869 per
1785 2815 1937 2853 vaIII

365 2893 502 2948 solet
524 2892 793 2947 transilire
820 2891 876 2944 in
902 2891 1042 2945 luna:
1075 2905 1258 2954 cursu,
1288 2903 1447 2958 quem
1485 2890 1626 2944 diem
1654 2886 1941 2943 calculato-

366 2998 456 3037 rcs
485 2982 677 3037 saltum
704 2981 984 3037 nominare
1010 2978 1312 3034 voluerunt.

437 3072 504 3125 Et
527 3087 593 3125 ne
633 3071 790 3125 alicui
822 3070 1014 3124 falsum
1040 3069 1211 3123 videri
1243 3069 1452 3131 debeat,
1483 3069 1641 3159 quod
1678 3066 1731 3121 in
1761 3075 1940 3122 tantas
1968 3097 2012 3159 α

366 3160 658 3215 divisiones
684 3160 870 3230 partiri
898 3160 1069 3229 possit
1121 3173 1226 3212 una
1269 3174 1395 3227 pars
1443 3158 1689 3223 zodiaci,
1743 3159 1944 3229 cogitet

368 3251 790 3322 magnitudinem
819 3250 967 3315 solis,
1000 3258 1059 3305 ut
1083 3249 1282 3315 ferunt,
1308 3251 1432 3319 quia
1457 3250 1630 3320 major
1652 3257 1737 3303 est
1762 3257 1939 3313 terra;

369 3357 434 3411 ex
467 3340 829 3410 magnitudine
869 3341 1012 3396 enim
1054 3340 1182 3395 solis
1225 3339 1587 3409 conjecturam
1630 3338 1792 3394 faciat
1822 3338 1945 3393 lati-

371 3433 613 3489 tudinum
640 3431 1056 3502 uniuscujusque
1078 3418 1247 3501 partis
1269 3445 1367 3499 per
1401 3431 1581 3485 sidera
1608 3430 1814 3499 singula
1837 3464 1850 3494 ,
1892 3436 1948 3483 et

373 3524 429 3578 in
458 3538 514 3578 se
546 3537 794 3577 reversus
845 3522 1018 3593 magis
1062 3522 1288 3576 miretur
1312 3536 1446 3590 opus
1496 3521 1614 3586 Dei,
1640 3535 1802 3590 quam
1848 3535 1946 3575 suo

374 3616 637 3670 innitatur
660 3628 843 3669 sensu.

430 3764 592 3837 365
650 3778 1045 3859 INCIPIT
1104 3778 1231 3855 DE
1289 3779 1780 3858 BISSEXTO
1835 3780 1889 3856 (³.

447 3959 525 4013 De
576 3958 816 4013 bisseXto
864 3957 1096 4027 primum
1152 3957 1305 4013 nobis
1357 3958 1793 4026 interrogandum
1844 3966 1947 4024 est,

376 4066 544 4123 quare
570 4052 766 4107 dicitur
782 4051 1081 4106 bissextus?
1120 4057 1212 4103 aut
1253 4049 1381 4119 quid
1416 4049 1579 4103 efficit
1610 4050 1949 4104 Bissextum?

375 4153 471 4199 aut
489 4145 555 4199 de
575 4144 718 4215 quali
741 4145 965 4198 materia
986 4141 1245 4198 eﬂicitur?
1263 4151 1316 4197 et
1332 4144 1470 4198 unde
1492 4144 1725 4213 primum
1751 4145 1949 4214 coepit?

374 4245 432 4291 ct
452 4243 711 4304 quantum
754 4236 821 4290 de
862 4234 952 4289 illo
977 4235 1173 4290 crescit
1221 4234 1275 4288 in
1322 4249 1641 4304 unoquoque
1687 4251 1846 4299 anno,
1897 4246 1952 4290 et

374 4332 634 4397 quantum
659 4325 710 4378 in
736 4339 1057 4395 unoquoque
1085 4323 1190 4389 die,
1214 4331 1269 4378 et
1300 4325 1351 4378 in
1377 4340 1703 4395 unoquoque
1731 4326 1949 4379 mense?

2026 515 2078 569 id
2110 524 2194 570 est
2229 516 2312 571 bis
2352 525 2535 572 sextas
2573 518 2750 572 sexies
2780 533 2794 581 ι
2826 524 3005 570 sextas
3044 524 3223 570 autem
3268 516 3403 571 duas
3441 517 3611 576 horas

2026 602 2313 671 signiﬁcat.
2337 604 2462 657 Duae
2483 618 2611 672 ergo
2641 604 2788 657 hora:
2811 604 2912 665 bis,
2943 611 3173 672 quatuor
3191 612 3345 668 sunt;
3372 603 3499 659 item
3522 619 3605 659 IIII

2027 694 2203 748 sexies
2245 694 2388 748 ducti
2418 711 2571 749 XxIIII
2618 696 2762 749 hora:
2791 702 2933 757 sunt,
2959 703 3238 764 propterea
3277 695 3476 750 dicitur
3498 696 3609 752 bis-

2028 791 2231 847 sextus,
2280 784 2404 851 quia
2457 786 2540 839 bis
2593 792 2770 839 sextas
2820 784 3040 849 sexies;
3089 801 3213 839 nam
3259 794 3438 841 sextas
3485 788 3606 843 ideo

2029 872 2246 935 dicitur,
2272 873 2361 941 qui
2388 871 2500 943 [Ρη
2534 872 2681 944 quia]
2719 886 2868 929 sexta
2911 890 3036 943 pars
3076 876 3216 930 assis
3238 884 3340 942 est,
3371 878 3475 932 hoc
3499 885 3607 943 est,

2030 962 2147 1015 dua:
2168 962 2358 1024 uncite,
2387 962 2431 1015 si
2470 962 2520 1015 in
2551 963 2877 1033 ponderibus
2903 965 3341 1035 interpretantur,
3363 975 3456 1021 aut
3473 966 3608 1024 duas

2032 1051 2193 1106 horas
2220 1050 2505 1121 signiﬁcat.

2102 1143 2240 1210 Quid
2260 1159 2388 1213 ergo
2407 1141 2567 1197 allicit
2585 1144 2920 1199 bissextum?
2945 1147 3047 1202 hoc
3068 1155 3149 1201 est
3169 1149 3393 1211 tarditas
3413 1166 3606 1206 cursus

2033 1235 2189 1298 solis;
2221 1234 2345 1289 inde
2371 1234 2703 1304 Augustinus
2723 1235 2749 1273 ά
2779 1237 2944 1290 dicit:
2997 1256 3014 1287 ι
3046 1238 3301 1294 Breviore
3341 1249 3521 1296 autem
3551 1251 3606 1296 et

2033 1324 2238 1393 vulgari
2277 1324 2500 1389 ratione,
2542 1325 2833 1378 bissextum
2879 1327 3170 1380 retardatio
3201 1338 3423 1396 generat
3458 1330 3607 1395 solis,

2034 1429 2139 1467 non
2164 1414 2228 1466 ad
2254 1414 2496 1468 eamdem
2519 1414 2713 1468 lineam
2737 1414 2857 1469 coeli
2874 1430 2969 1483 per
2988 1431 3184 1471 cccuv
3206 1417 3322 1471 dies
3338 1418 3492 1485 plene
3521 1435 3608 1473 re-

2035 1504 2268 1567 deuntis,
2312 1519 2342 1557 a
2368 1519 2475 1572 qua
2513 1506 2745 1559 recurrit
2772 1524 2786 1570 ;
2810 1507 2957 1560 verbi
2988 1507 3160 1576 gratia
3186 1508 3240 1560 in
3284 1510 3608 1575 aequinoctio

2035 1592 2257 1654 vernali,
2307 1594 2451 1661 quod
2481 1592 2636 1660 juxta
2687 1594 2968 1666 Aigyptios
3011 1613 3066 1650 XI
3117 1595 3304 1668 [Beda,
3336 1598 3435 1669 ιιι]
3491 1599 3609 1653 Kal.

2037 1674 2233 1752 Aprilis
2264 1683 2349 1736 die
2375 1684 2619 1752 pervenit
2649 1683 2836 1754 [Beda,
2867 1687 3137 1758 provenit]
3187 1688 3352 1743 solem
3386 1704 3614 1760 surgen-

1969 1756 2010 1814 Β
2041 1783 2146 1827 tem
2177 1790 2206 1827 a
2230 1775 2408 1829 medio
2436 1775 2681 1840 orientis,
2705 1777 2748 1830 si
2777 1776 3057 1844 diligenter
3078 1756 3441 1845 adnotaveris,
3468 1756 3613 1837 hunc

2038 1881 2178 1918 anno
2216 1866 2483 1935 sequenti,
2534 1867 2619 1921 die
2668 1868 2916 1923 videlicet
2960 1871 3168 1933 eodem,
3216 1870 3607 1940 aliquantulum

2036 1955 2263 2011 inferius
2313 1957 2442 2011 oriri
2496 1959 2751 2027 reperies,
2804 1958 2905 2014 nisi
2955 1960 3309 2029 quadrantem
3364 1962 3607 2031 adjicias,

2036 2059 2091 2099 XI
2125 2044 2332 2117 [SuppL
2366 2046 2509 2118 Kal.]
2537 2046 2735 2117 Aprilis
2754 2048 3132 2117 aequinoctium
3162 2047 3423 2104 facturus.
3454 2049 3616 2103 Eam-

2035 2140 2157 2194 dem
2188 2140 2493 2194 tarditatem
2522 2142 2576 2194 in
2603 2142 2814 2195 caeteris
2837 2156 3050 2211 quoque
3082 2142 3236 2195 annis
3261 2146 3462 2195 servat.
3496 2160 3516 2193 ι

2108 2230 2259 2283 Unde
2279 2244 2408 2299 ergo
2427 2230 2697 2284 bissextus
2718 2229 2978 2285 edicitur?
3000 2230 3114 2284 sine
3129 2230 3288 2284 dubio
3308 2244 3373 2283 ex
3385 2239 3619 2300 quatuor

2036 2320 2448 2390 quadrantibus,
2466 2320 2607 2374 sicut
2626 2319 2821 2390 legitur
2846 2332 2900 2373 οε
2926 2320 3200 2375 Bissextus
3214 2332 3279 2373 ex
3300 2321 3618 2388 quadrantis

2036 2411 2246 2464 ratione
2273 2425 2371 2480 per
2398 2411 2812 2481 quadriennium
2849 2411 3149 2475 coniicitur,
3183 2413 3310 2466 dum
3354 2411 3430 2465 sol
3465 2413 3531 2466 ad
3562 2410 3617 2466 id

2008 2499 2276 2567 signum,
2329 2515 2397 2555 ex
2426 2515 2533 2570 quo
2579 2516 2830 2571 egressus
2870 2509 2973 2565 est,
3010 2508 3134 2570 post
3177 2515 3379 2555 cccrxv
3407 2500 3522 2555 dies
3562 2504 3621 2554 et

2039 2599 2231 2659 quarta
2257 2598 2409 2660 parte
2444 2592 2550 2647 diei
2580 2607 2703 2647 sero
2733 2592 2943 2661 adjecta
2975 2592 3281 2647 revertitur.

2109 2701 2217 2757 Iste
2262 2717 2393 2773 ergo
2441 2702 2738 2758 bissextilis
2787 2704 2903 2759 dies
2943 2710 3073 2773 qu‘ut
3113 2704 3275 2758 horas
3315 2700 3519 2757 habet?
3563 2709 3619 2757 et

2039 2802 2221 2846 utrum
2249 2792 2302 2845 in
2329 2793 2415 2846 die
2437 2800 2646 2847 tantum
2668 2802 2771 2857 est,
2798 2810 2865 2847 an
2894 2794 2946 2847 in
2989 2794 3182 2848 nocte?
3210 2808 3277 2847 an
3303 2789 3465 2848 etiam
3492 2808 3620 2848 con-

2042 2881 2176 2936 tinet
2200 2882 2341 2936 diem
2365 2889 2419 2935 et
2455 2890 2667 2937 noctem
2692 2884 2715 2936 ?
2743 2891 2797 2938 et
2839 2883 2942 2937 illa:
2969 2884 3257 2952 quadrans,
3298 2897 3360 2937 ex
3388 2897 3495 2953 quo
3525 2898 3621 2938 na-

2043 2973 2214 3027 scitur
2241 2974 2342 3028 iste
2363 2974 2657 3028 bissextilis
2684 2974 2818 3039 dies,
2843 2983 3024 3029 utrum
3051 2973 3345 3028 artiﬁcialis
3367 2988 3432 3027 an
3457 2980 3618 3028 natu-

2044 3063 2215 3118 ralis?
2240 3063 2343 3117 Alii
2374 3072 2587 3132 putant,
2615 3064 2757 3133 quod
2801 3065 2904 3119 iste
2936 3065 3051 3120 dies
3086 3063 3376 3119 bissextilis
3405 3080 3480 3118 XII
3525 3065 3623 3119 ho-

2046 3170 2137 3210 ras
2171 3155 2463 3221 habuisset,
2487 3164 2542 3210 at
2566 3156 2745 3211 caeteri
2773 3156 2889 3212 dies
2915 3155 3214 3212 artificialis
3244 3150 3336 3228 [Ρ.
3365 3156 3465 3227 leg.
3494 3165 3618 3210 ut...

2044 3244 2401 3318 artiﬁciales],
2435 3247 2558 3302 inde
2582 3248 2779 3319 legitur
2805 3247 2825 3287 ί
2859 3266 2871 3301 :
2911 3266 2928 3298 ι
2965 3247 3243 3302 BisseXtus
3271 3255 3375 3313 est,
3406 3262 3504 3317 per
3528 3264 3624 3302 an-

2043 3354 2142 3394 nos
2169 3352 2249 3392 IIII
2271 3353 2410 3392 unus
2432 3338 2547 3393 dies
2569 3340 2809 3409 adjectus
2832 3353 2845 3403 ;
2876 3338 3071 3393 crescit
3097 3339 3238 3393 enim
3264 3353 3362 3407 per
3385 3337 3625 3407 singulos

2046 3445 2214 3484 annos
2239 3436 2433 3498 quarta
2461 3445 2589 3499 pars
2630 3431 2785 3494 assis,
2824 3446 2889 3485 ac
2912 3431 3003 3484 ubi
3031 3438 3225 3499 quarto
3262 3445 3404 3484 anno
3448 3443 3622 3484 assem

2046 3516 2412 3588 compleverit,
2441 3518 2773 3591 bisseXtilem
2809 3534 3007 3571 annum
3057 3514 3203 3573 facit.
3255 3518 3441 3572 Dictus
3477 3518 3621 3572 enim

2046 3611 2338 3675 bisseXtus,
2376 3611 2502 3681 quia
2547 3610 2631 3665 bis
2677 3610 2852 3664 sexies
2879 3610 3072 3665 ductus
3096 3610 3258 3663 assim
3292 3598 3449 3673 ‘l‘acit,
3481 3608 3624 3679 quod

2050 3709 2131 3754 est
2156 3716 2296 3755 unus
2320 3701 2453 3756 dies.
2507 3699 2730 3767 Quando
2757 3714 2886 3767 ergo
2934 3700 3094 3761 dixit,
3123 3708 3369 3768 quartam
3415 3708 3623 3769 partem

2050 3789 2187 3843 assis
2208 3789 2262 3842 in
2284 3806 2390 3844 uno
2411 3802 2622 3858 quoque
2644 3801 2783 3840 anno
2804 3801 3067 3851 crescere,
3099 3796 3209 3841 tres
3248 3788 3407 3842 horas
3444 3795 3626 3841 osten-

2049 3880 2164 3945 dit;
2197 3880 2397 3935 scimus
2444 3880 2588 3933 enim
2625 3878 2749 3948 quia
2792 3877 2929 3932 assis
2958 3894 3033 3932 XII
3078 3878 3265 3932 uncias
3292 3878 3475 3943 habet,
3506 3894 3627 3947 qua:

2050 3971 2352 4041 significant
2386 3987 2461 4025 χιι
2492 3971 2672 4032 horas,
2708 3976 2901 4038 quarta
2930 3977 3105 4023 autem
3145 3984 3269 4037 pars
3297 3977 3376 4023 est
3419 3986 3492 4023 xII
3527 3969 3625 4022 bo-

2051 4077 2230 4115 rarum
2256 4070 2365 4115 tres
2386 4060 2551 4124 horae,
2584 4069 2639 4115 et
2661 4059 2739 4113 sic
2778 4057 3004 4113 ellicitur
3031 4058 3319 4113 bissexlilis
3358 4060 3471 4114 dies
3498 4059 3628 4113 artis

2052 4153 2296 4207 licialiter
2317 4168 2383 4207 ex
2420 4154 2591 4207 tribus
2622 4151 2769 4205 horis
2804 4149 3223 4220 uniuscuiusque
3262 4150 3387 4204 anni
3412 4166 3509 4220 per
3530 4166 3627 4203 an-

2052 4258 2151 4297 nos
2181 4250 2449 4310 quatuor;
2482 4249 2596 4295 tres
2626 4240 2769 4294 enim
2796 4246 2985 4308 quater
3020 4240 3179 4294 ducta
3227 4255 3301 4293 xII
3333 4239 3495 4295 horas
3518 4238 3629 4295 θαι.

2053 4334 2238 4397 ciunt;
2270 4340 2325 4385 et
2363 4333 2467 4387 hoc
2495 4331 2681 4385 volunt
2722 4331 2952 4400 probare
2988 4346 3084 4400 per
3121 4330 3280 4384 horas
3318 4330 3480 4386 totius
3504 4332 3629 4386 anni

374 4424 428 4472 et
460 4415 512 4468 in
544 4430 649 4484 quo
672 4413 792 4469 loco
811 4423 866 4469 et
893 4415 946 4468 in
973 4429 1078 4484 qua
1106 4415 1191 4469 die
1210 4414 1458 4469 datarum
1474 4416 1691 4485 ponitur
1716 4416 1817 4471 iste
1843 4417 1952 4472 bis-
1982 4454 2032 4513 Β
2056 4422 2256 4477 divisas
2292 4437 2388 4490 per
2413 4437 2487 4475 vII
2534 4428 2735 4490 partes,
2784 4428 2840 4474 et
2866 4420 3007 4488 quod
3048 4420 3388 4488 superfuerit,
3423 4421 3627 4485 dicunt,

377 4505 595 4561 sextus?
618 4513 673 4559 et
691 4504 813 4574 quis
832 4506 1035 4573 primus
1049 4504 1251 4559 invenit
1269 4505 1560 4559 bissextum
1579 4505 1603 4558 ?

449 4596 721 4650 Bissextus
742 4609 869 4664 ergo
902 4602 1182 4664 propterea
1207 4594 1405 4649 dicitur
1421 4604 1640 4666 propter
1664 4597 1747 4651 bis
1774 4606 1954 4652 sextas

378 4687 647 4743 Kalendas
667 4685 1000 4750 nominatas;
1031 4684 1109 4740 sic
1130 4684 1274 4739 enim
1300 4684 1498 4741 dicitur
1520 4695 1671 4741 sexto
1691 4686 1955 4743 Kalendas

380 4819 463 4873 rio
484 4817 623 4889 ston
644 4816 852 4871 Alcuini
883 4816 1122 4872 nonnihil
1160 4818 1381 4873 recedit.
1409 4818 1677 4876 Fortassis
1730 4821 1957 4877 alterius
1993 4796 2001 4801 ’

380 4888 662 4957 scriptoris
692 4898 978 4957 est,quem
1017 4896 1192 4942 tamen
1240 4904 1362 4943 cum
1415 4890 1536 4945 aliis
1588 4892 1653 4944 ad
1704 4890 1955 4946 Carolum

382 4959 601 5030 mittere
619 4958 930 5030 voluitrHic
956 4972 1084 5013 vero
1102 4960 1331 5030 scriptor
1358 4960 1452 5024 ait,
1468 4961 1822 5030 quantitatem
1850 4962 1954 5016 diei

382 5029 545 5083 unius
571 5043 676 5081 non
706 5029 864 5083 modo
893 5029 945 5082 in
983 5028 1227 5097 partibus
1276 5028 1562 5098 temporis,
1609 5031 1703 5086 sed
1751 5033 1915 5085 etiam
1940 5072 1955 5093 ,

384 5098 495 5152 imo
518 5098 704 5171 magis,
732 5098 785 5151 in
810 5099 1053 5171 partibus
1079 5098 1293 5171 zodiaci]
1325 5107 1379 5152 et
1410 5101 1697 5168 eccliptica:
1728 5101 1959 5171 (utrum-

384 5183 491 5239 que
515 5166 659 5239 enim
700 5166 1041 5239 confundere,
1071 5166 1304 5239 videtur)
1342 5166 1569 5238 exprimi
1614 5166 1791 5239 posse.
1823 5170 1959 5225 Cum

387 5237 553 5295 igitur
570 5238 737 5292 saltus
766 5239 836 5293 sit
860 5254 964 5291 una
994 5236 1107 5291 dies
1134 5236 1190 5290 in
1225 5236 1472 5293 aetatibus
1512 5236 1650 5293 luna:
1672 5255 1961 5295 numeran-

389 5278 473 5360 (ἥδ
500 5308 812 5388 omittenda,
843 5323 961 5361 eam
1002 5321 1097 5388 per
1131 5316 1312 5388 partes
1340 5309 1628 5388 ecelipticze
1657 5311 1960 5388 exprimere

386 5386 619 5461 conatur
637 5378 738 5461 hac
762 5393 891 5461 usus
936 5375 1222 5461 analogia:
1264 5377 1368 5431 Per
1418 5375 1683 5449 integrum
1716 5375 1828 5461 (qui
1881 5389 1964 5461 est

389 5454 506 5500 toto
552 5447 704 5516 cyclo
746 5447 1185 5515 decennovenali)
1236 5447 1830 5503 numerum'mensium
1877 5450 1961 5503 vel

390 5516 829 5585 septimanarum,
856 5517 935 5572 vel
975 5518 1203 5581 dierum,
1232 5517 1340 5571 imo
1358 5519 1520 5572 etiam
1560 5518 1815 5573 horarum
1842 5558 1856 5582 ,
1896 5521 1961 5573 ad

387 5586 832 5658 prteparationem
859 5587 1028 5641 saltus
1054 5587 1328 5656 peragitur
1350 5588 1603 5657 spatium,
1632 5589 1786 5658 quale
1816 5599 1961 5644 motu

390 5658 612 5729 proprio
632 5657 708 5712 sol
728 5673 829 5729 una
844 5659 932 5729 die
947 5657 1233 5729 describit;
1268 5673 1396 5729 ergo
1426 5674 1531 5712 uno
1546 5657 1728 5713 mense
1751 5659 1830 5714 vel
1857 5675 1962 5714 una

389 5726 793 5794 scptimana,vel
821 5728 928 5793 die,
947 5728 1054 5782 imo
1083 5727 1244 5781 etiam
1272 5726 1400 5784 hora
1428 5738 1590 5800 quota
1620 5729 1776 5804 hujus
1806 5731 1960 5801 spatii

2059 4511 2200 4580 quod
2243 4519 2329 4565 est
2366 4510 2656 4581 quadrans,
2686 4510 2774 4579 qui
2816 4508 2977 4563 ellicit
3018 4510 3348 4565 bissextilem
3378 4511 3537 4575 diem,
3575 4515 3632 4565 et

2042 4603 2161 4656 'hoc
2181 4601 2384 4663 dicunt,
2406 4599 2547 4669 quod
2572 4614 2638 4652 ex
2668 4598 2879 4653 ratione
2908 4597 3214 4653 Griecorum
3241 4600 3505 4668 provenit.
3538 4598 3631 4653 Di-

2057 4693 2301 4748 vidamus
2341 4706 2469 4762 ergo
2512 4689 2675 4745 horas
2721 4689 2886 4743 totius
2926 4689 3072 4753 anni,
3121 4697 3180 4742 ut
3208 4688 3463 4754 sciamus,
3503 4690 3631 4759 quid

2058 4842 2184 4896 pars
2203 4823 2535 4896 percurritur
2552 4822 2575 4876 ?
2592 4821 2742 4877 Unde
2758 4821 2824 4876 ad
2841 4828 3024 4896 partes
3037 4821 3630 4896 ecclipticzegadmodum

2059 4888 2280 4966 exiguas
2300 4892 2717 4966 pervenit,quas
2756 4888 3192 4966 constellationes
3225 4888 3632 4966 mathematicas

2060 4962 2310 5035 appellat,
2341 4962 2583 5035 et‘fa_lsa_s
2610 4975 2728 5035 esse
2741 4962 2837 5035 ait,
2854 4962 2977 5029 quia
2990 4963 3205 5035 ratione
3226 4962 3630 5035 inventaasunt,

2061 5029 2267 5104 nehipe.
2297 5032 2444 5086 utait
2458 5030 3045 5112 Dedadnexplorandis
3066 5032 3332 5085 hominum
3358 5029 3629 5109 genituris.

2133 5116 2158 5144 ι
2201 5105 2399 5157 Desunt
2427 5100 2603 5169 aquua
2627 5140 2640 5159 ,
2699 5108 2772 5170 Ita
2802 5100 2937 5154 forte
2964 5102 3255 5170 supplenda
3280 5117 3293 5151 :
3325 5099 3635 5170 fiunt_septr-
3676 5108 3685 5117 ‘

2062 5189 2231 5227 meum
2271 5171 2375 5225 990
2402 5188 2413 5224 :
2441 5167 2573 5223 adde
2618 5179 2663 5223 et
2687 5169 2795 5225 dies
2822 5170 2855 5224 4
2885 5167 3168 5225 ὺὶδεεὼίὶιεε
3193 5178 3241 5223 et
3281 5183 3412 5221 vaII
3450 5167 3632 5235 horas,

2064 5244 2220 5311 ﬁunt,
2252 5249 2356 5295 etc.

2134 5311 2162 5352 ι)
2201 5311 2375 5366 Locus
2396 5319 2699 5380 corruptus.

2136 5391 2158 5420 ο
2200 5375 2585 5451 Argumentum
2633 5381 2791 5450 hujus
2843 5388 3107 5451 tractatus,
3134 5378 3199 5451 in
3245 5375 3361 5444 ejus
3411 5376 3635 5451 exordio

2064 5446 2405 5520 perspicuum
2430 5460 2511 5505 est
2535 5468 2548 5516 ;
2582 5446 2770 5520 modus
2801 5450 3064 5520 tractandi
3096 5449 3235 5502 idem
3263 5462 3420 5517 quem
3448 5446 3637 5501 obser-

2063 5519 2155 5574 vat
2182 5519 2440 5576 Alcuinus
2462 5537 2621 5589 supra
2652 5519 2717 5574 de
2741 5520 2890 5574 Saltu
2912 5519 3070 5571 lunae.

2138 5591 2162 5630 ἀ
2194 5591 2378 5646 Potius
2408 5586 2549 5645 Beda
2572 5591 2637 5644 de
2664 5590 2987 5657 Temporum
3012 5586 3240 5641 ratione.

2141 5673 2163 5701 ε
2190 5661 2343 5732 Apud
2364 5661 2560 5732 Bedam
2585 5660 2713 5732 ibid.

2143 5732 2160 5770 ί
2192 5726 2343 5802 Apud
2366 5730 2561 5787 Bedam
2590 5730 2653 5783 de
2681 5728 3022 5800 Argumentis
3047 5728 3202 5795 lunae,
3232 5733 3352 5781 ante
3380 5726 3633 5780 medium.
