4038 6354
407 331 517 389 995

1223 326 1284 379 B.
1323 322 1385 378 F.
1421 320 1639 377 ALBINI
1681 315 1812 372 SEU
1852 313 2124 395 ALClTlNl
2162 310 2442 368 OPERUM
2482 309 2661 365 PARS
2699 302 2809 366 VII.

3561 310 3663 369 996

409 447 692 498 remaneat
713 454 875 509 super
911 448 1113 508 septem
1150 446 1370 506 partes;
1417 433 1618 488 scimus
1645 430 1812 492 enim,
1841 428 1983 496 quod
2011 427 2060 487 Α
2088 425 2281 479 iterum
2327 423 2380 475 in
2419 422 2642 476 exordio
2671 421 2775 475 dici
2819 420 2898 473 sol
2930 420 2983 474 in
3022 419 3141 475 loco
3170 421 3359 477 eodem
3399 431 3565 493 atque
3606 426 3663 481 in

410 536 468 590 in
493 541 606 588 toto
637 547 777 585 anno
819 532 966 585 horae
1012 537 1136 584 sunt
1170 527 1273 582 ῑιπῖ
1318 542 1508 588 ιιεεωι,
1556 524 1657 578 has
1696 537 1825 593 ergo
1854 520 1991 575 divi-

410 626 606 681 damus
631 638 728 692 per
771 638 845 675 vu
878 630 1078 689 partes,
1123 619 1277 688 quasi
1319 633 1417 687 per
1464 630 1746 672 numerum
1783 620 1989 681 septem

410 713 646 774 dierum,
691 710 784 779 qui
814 708 1233 776 multiplicantur
1259 721 1356 775 per
1399 714 1569 760 totum
1617 720 1834 763 annum,
1888 702 1990 755 hoc

414 811 501 858 est
538 818 611 855 LII
642 800 970 869 septimana,
1001 806 1057 852 et
1098 814 1238 851 unus
1268 798 1419 857 dies:
1467 797 1675 852 dimitte
1718 811 1847 865 ergo
1870 813 1943 850 vu
1971 811 1986 859 ;

413 893 544 964 quia
574 907 648 945 vn
677 900 859 959 partes
905 896 1052 950 sunt,
1098 887 1200 942 hoc
1236 897 1321 942 est
1345 904 1415 941 vn
1449 887 1661 951 millies,
1708 894 1991 941 remanent

417 982 511 1037 tibi
542 981 596 1035 in
632 996 801 1036 nccut
827 979 975 1051 [Leg.
1002 980 1025 1033 ῑ
1056 978 1271 1049 pecu],
1302 978 1510 1032 dimitte
1555 993 1672 1039 nec,
1701 978 1829 1046 quia
1869 994 1990 1047 sep-

415 1079 523 1125 tem
551 1077 731 1139 partes
766 1078 907 1130 sunt;
941 1070 1044 1124 hoc
1082 1077 1166 1123 est
1201 1068 1405 1123 centies
1451 1076 1678 1136 septem,
1710 1076 1990 1122 remanent

414 1178 526 1216 1.x:
579 1160 789 1214 dimitte
818 1176 882 1213 nc
932 1158 1016 1230 [L.
1067 1165 1346 1212 remanent
1379 1175 1396 1213 ι
1431 1174 1538 1211 Lx:
1587 1159 1796 1212 dimitte
1844 1158 1986 1227 nec],

414 1252 557 1306 sicut
615 1258 772 1304 antea
840 1248 1091 1313 diximus,
1154 1259 1431 1303 remanent
1487 1262 1707 1302 ccccx:
1778 1248 1990 1301 dimitte

414 1356 665 1405 eumn;
692 1341 821 1410 quia
842 1341 927 1394 bis
965 1347 1168 1408 septem
1199 1340 1373 1408 vigeni
1407 1348 1550 1401 sunt,
1584 1344 1864 1391 remanent
1894 1337 1989 1391 tibi

412 1448 600 1487 Lxxx:
634 1430 846 1485 dimitte
890 1427 1197 1499 um,th
1233 1445 1357 1484 vnn
1400 1428 1607 1497 septeni
1634 1436 1777 1491 sunt,
1820 1441 1994 1481 rema-

413 1528 548 1576 nent
573 1535 685 1573 xvu
711 1537 724 1573 :
753 1520 962 1573 dimitte
991 1534 1130 1581 xuu,
1153 1519 1277 1588 quia
1306 1519 1389 1573 bis
1414 1526 1621 1586 septem
1646 1524 1793 1580 sunt.
1814 1533 1992 1572 rema-

415 1618 547 1665 nent
571 1626 653 1663 ιιι.
706 1610 831 1663 Illas
857 1623 984 1679 ergo
1011 1623 1074 1663 ιιι
1115 1609 1295 1672 horas,
1341 1622 1461 1675 qua:
1506 1615 1787 1661 remanent
1829 1619 1995 1675 super

415 1701 707 1756 divisiones
731 1701 983 1755 horarum
1009 1701 1173 1755 totius
1198 1700 1343 1764 anni,
1372 1701 1556 1753 dicunt
1574 1714 1694 1755 esse
1715 1701 1990 1769 quadran-

2089 517 2275 569 eodem
2321 515 2474 583 signo
2516 514 2812 583 apparebit.
2862 512 2951 567 Sic
2993 528 3124 584 ergo
3156 513 3256 569 fuit
3299 516 3353 570 in
3398 519 3662 588 principio

2089 607 2271 663 mundi
2303 608 2389 661 ille
2415 607 2684 675 quadrans
2713 623 2743 661 a
2773 608 2947 661 media
2984 616 3144 663 nocte
3184 608 3549 677 aequinoctiali
3577 627 3663 666 us-

2090 714 2194 769 que
2221 698 2289 752 ad
2324 711 2501 760 mane,
2544 696 2619 749 illi
2646 703 2825 751 autem
2875 713 2934 750 ιιι
2966 696 3079 751 dies
3124 707 3434 768 sequentes,
3481 699 3534 754 id
3561 708 3661 768 est,

2091 809 2143 847 xi
2170 790 2289 845 Kal.
2327 790 2548 859 Aprilis,
2586 806 2620 843 x
2652 788 2769 844 Kal.
2818 788 3010 859 April.,
3041 807 3161 845 vnu
3186 792 3303 846 Kal.
3335 791 3559 863 Aprilis,
3586 792 3665 849 di-

2089 888 2217 936 cunt
2240 881 2381 949 quod
2406 880 2640 948 aequales
2663 880 2883 944 fuerint,
2906 882 2998 936 sed
3020 883 3136 936 sine
3157 898 3381 937 numero
3406 884 3664 940 horarum

2089 971 2231 1025 inter
2255 970 2369 1024 dies
2393 977 2449 1023 et
2493 977 2699 1033 noctes,
2745 971 2900 1040 quasi
2941 988 3012 1025 ιιι
3045 968 3136 1043 [Γ.
3171 972 3254 1043 ιιι]
3281 972 3396 1027 dies
3440 972 3666 1029 fuissent

2088 1060 2508 1131 :equinoctiales,
2551 1068 2836 1131 antequam
2886 1061 2965 1116 sol
3012 1061 3202 1117 fuisset
3253 1072 3491 1128 creatus,
3540 1076 3663 1119 ante

2088 1154 2218 1208 solis
2244 1154 2387 1207 enim
2414 1154 2744 1208 creationem
2789 1154 3075 1224 primitlvm
3121 1155 3256 1210 lucis
3285 1156 3516 1211 circuitu
3541 1172 3665 1228 age-

2087 1243 2265 1307 batur,
2296 1245 2438 1313 quod
2464 1259 2606 1300 nunc
2628 1260 2726 1314 per
2752 1242 2916 1299 solem
2946 1246 3142 1315 agitur.
3168 1245 3195 1285 ιι
3236 1264 3254 1296 ι
3300 1246 3435 1300 Nam
3463 1260 3666 1317 praece-

2087 1331 2221 1388 dens
2252 1335 2506 1400 triduum,
2538 1343 2599 1388 ut
2638 1334 2890 1389 omnibus
2931 1336 3105 1390 visum
3153 1344 3257 1399 est,
3290 1336 3496 1405 absque
3542 1336 3665 1392 ullis

2088 1424 2347 1479 horarum
2375 1424 2819 1489 dimensionibus,
2852 1432 2911 1479 ut
2948 1434 3075 1494 puta
3109 1440 3210 1481 nec
3248 1425 3373 1480 dum
3401 1426 3559 1481 factis
3586 1426 3664 1481 si-

2090 1512 2327 1577 deribus,
2354 1514 2549 1583 aequali
2573 1514 2727 1569 lance
2747 1515 2837 1569 lux
2864 1524 2948 1570 est
2977 1513 3158 1586 [Bed.,
3183 1517 3377 1586 aequali
3406 1516 3560 1571 lance
3583 1516 3665 1569 lu-

2091 1618 2219 1659 men
2251 1606 2608 1674 tenebrasque
2635 1605 2944 1678 pandebat],
2972 1606 3228 1676 pallidum
3267 1607 3407 1661 diem
3432 1616 3488 1661 et
3516 1616 3667 1661 tene»

2092 1694 2219 1749 bras
2245 1694 2535 1763 pandebat.
2556 1695 2683 1751 Hac
2707 1705 2886 1751 autem
2913 1697 3050 1750 ratio
3078 1712 3142 1751 ex
3161 1697 3490 1775 auctoritate
3517 1694 3667 1753 Crte-
3708 1688 3711 1691 “

414 1801 524 1845 ιειιι
556 1790 908 1856 artificialem,
939 1798 994 1847 et
1021 1792 1098 1845 sic
1122 1805 1187 1845 ex
1212 1798 1443 1859 quatuor
1465 1790 1857 1859 quadrantibus
1890 1806 1989 1861 per
2023 1778 2064 1838 Β
2093 1796 2276 1839 eorum
2300 1783 2668 1840 conﬁrmatur.
2697 1785 2921 1857 Legitur
2935 1787 3079 1842 enim
3104 1788 3158 1841 in
3176 1787 3403 1857 epistola
3434 1787 3664 1843 Maurini

414 1896 497 1935 ιιιι
524 1894 692 1934 annos
719 1896 881 1934 unum
907 1882 1047 1935 diem
1073 1881 1419 1945 bissextilem,
1451 1884 1542 1950 qui
1577 1882 1738 1938 habet
1778 1900 1854 1938 xn
1887 1884 1986 1939 ho-

415 1985 544 2034 ras;
572 1978 684 2025 tres
712 1971 854 2026 enim
877 1978 1069 2041 quater
1102 1972 1271 2038 ducti,
1303 1987 1379 2027 xu
1411 1971 1574 2028 horas
1595 1974 1848 2029 efﬁciunt.
1880 1976 1988 2032 Sed

417 2069 595 2113 tamen
627 2065 741 2115 lucc
768 2063 911 2117 ratio
941 2064 1304 2133 suprascripta
1343 2068 1482 2133 apud
1526 2074 1773 2121 auctores
1804 2083 1989 2137 repro‘

412 2151 588 2205 batur.
617 2152 674 2206 lu
695 2153 995 2222 quadrante
1020 2154 1164 2209 enim
1188 2172 1294 2210 non
1325 2156 1511 2211 dicunt
1533 2165 1640 2212 tres
1660 2159 1823 2213 horas
1845 2176 1985 2220 esse.

413 2243 508 2297 sed
533 2259 586 2297 v1
613 2251 667 2298 et
696 2244 843 2298 illum
888 2244 1029 2298 diem
1058 2245 1389 2301 bissextilem
1418 2262 1520 2302 non
1559 2250 1742 2304 dicunt
1769 2265 1887 2305 esse
1910 2265 1988 2307 xu

414 2333 692 2397 horarum,
718 2334 881 2404 366
899 2335 993 2388 sed
1008 2350 1187 2401 xxuu,
1207 2340 1474 2406 quomodo
1497 2354 1624 2409 ergo
1646 2338 1737 2411 [F.
1761 2341 1985 2395 subaud.

416 2422 556 2493 fieri]
584 2425 862 2491 potuisset,
894 2433 955 2477 ut
980 2424 1067 2479 ille
1101 2424 1218 2481 die's
1262 2428 1553 2484 bissextilis
1578 2446 1649 2484 xx
1681 2429 1773 2501 [F.
1806 2432 1986 2504 xxnu]

414 2513 671 2567 horarum
718 2521 861 2568 esset
912 2515 1027 2570 sine
1076 2517 1280 2571 nocte?
1326 2517 1453 2573 Inde
1508 2519 1836 2590 Augustinus
1891 2522 1991 2592 (De

417 2600 618 2671 Temp.,
650 2618 705 2656 ιι.
740 2602 794 2674 8)
836 2604 966 2659 dicit
998 2605 1065 2660 de
1107 2606 1209 2660 hoc
1255 2607 1554 2676 quadrante
1586 2617 1641 2663 et
1678 2609 1744 2664 de
1773 2609 1861 2663 illa
1903 2611 1991 2667 die

415 2691 714 2747 bissextili:
761 2712 779 2745 ι
836 2711 919 2750 ιιιι
971 2697 1299 2767 quadrantes
1348 2697 1554 2755 faciunt
1603 2717 1767 2755 unum
1823 2702 1987 2768 diem,

415 2798 576 2851 quem
624 2798 845 2840 necesse
897 2794 980 2841 est
1029 2785 1337 2858 intercalari
1381 2804 1447 2845 ex
1497 2804 1657 2845 cursu
1710 2790 1891 2863 [Aug.,
1921 2805 1988 2847 ex

413 2873 597 2945 curso]
633 2876 1008 2943 quadriennio,
1053 2894 1212 2947 quem
1235 2879 1377 2934 diem
1414 2881 1743 2936 bissextilem
1774 2890 1984 2945 vocant,

413 2978 482 3018 ne
516 2972 815 3034 temporum
843 2967 978 3021 ordo
1010 2966 1274 3023 turbetur.
1302 2971 1419 3039 Ipse
1441 2979 1618 3025 autem
1643 2972 1914 3041 quackans
1933 2987 1986 3027 vr

410 3048 574 3105 horas
608 3052 807 3118 habet;
850 3061 994 3110 totus
1038 3057 1181 3111 enim
1210 3059 1325 3113 dies
1368 3057 1546 3130 [Aug.,
1577 3060 1766 3114 addit:
1803 3061 1857 3115 id
1882 3061 1985 3133 εει]

2093 1877 2329 1946 episcopi
2356 1876 2701 1932 Alexandrini
2731 1878 2797 1933 de
2837 1879 2922 1932 his
2954 1878 3126 1932 tribus
3152 1878 3347 1934 diebus
3369 1879 3427 1933 in
3463 1880 3665 1949 princi-

2092 1968 2181 2037 pio
2213 1966 2420 2031 mundi,
2473 1976 2763 2037 antequam
2803 1976 2986 2023 essent
3026 1968 3333 2023 luminaria.
3374 1967 3513 2023 Hinc
3553 1969 3669 2039 ipse

2092 2059 2247 2122 dixit,
2275 2060 2460 2113 eadem
2489 2058 2762 2130 longitudo
2791 2059 2930 2115 facta
2969 2067 3051 2115 est
3078 2076 3143 2114 ex
3171 2060 3412 2130 potentia
3443 2060 3537 2115 Dei
3567 2062 3668 2115 tri-

2090 2150 2192 2205 bus
2213 2148 2402 2219 primis
2424 2151 2630 2216 diebus,
2663 2149 2817 2205 factis
2852 2151 2905 2205 in
2935 2152 3196 2221 principio
3218 2154 3429 2215 mundi,
3457 2153 3552 2208 sed
3586 2153 3665 2207 sol

2092 2240 2297 2294 addidit
2334 2257 2553 2296 cursum
2597 2242 2828 2305 dierum,
2874 2243 3089 2312 quando
3127 2243 3301 2298 illuxit
3344 2245 3397 2298 in
3427 2247 3664 2301 mundo:

2092 2340 2287 2401 quarto
2338 2329 2425 2387 die
2473 2333 2596 2387 luna
2634 2348 2665 2388 e
2710 2335 2984 2389 contrario
3024 2336 3256 2405 dempsit
3295 2352 3516 2391 cursum
3565 2354 3663 2393 no-

2092 2425 2281 2490 ctium,
2304 2426 2381 2480 sic
2405 2440 2536 2495 ergo
2552 2428 3383 2493 traduntauctores,sicutetiam
3400 2430 3455 2483 in
3470 2430 3666 2486 Genesi

2090 2511 2303 2585 legitur,
2336 2516 2477 2585 quod
2507 2526 2699 2586 quarta
2727 2519 2812 2572 die
2839 2519 2918 2574 sol
2945 2528 2999 2573 et
3042 2520 3165 2573 luna
3208 2519 3350 2574 facta
3390 2530 3533 2583 sunt,
3564 2522 3665 2575 hoc

2091 2613 2195 2671 est,
2226 2606 2278 2659 in
2304 2620 2399 2659 vm
2446 2605 2564 2661 Kal.
2614 2607 2814 2676 Aprilis
2841 2608 2894 2662 in
2925 2610 3102 2664 medio
3148 2610 3373 2664 orientis
3404 2610 3484 2665 sol
3513 2620 3665 2665 ortus

2090 2705 2191 2752 est.
2226 2697 2316 2751 Ille
2356 2714 2488 2769 ergo
2524 2714 2698 2754 anuus
2727 2700 2796 2755 ab
2833 2711 2956 2757 ortu
2998 2702 3126 2757 solis
3168 2716 3340 2771 usque
3376 2704 3446 2766 ad
3486 2712 3664 2757 ortum

2090 2789 2218 2843 solis
2243 2805 2460 2845 cursum
2490 2807 2645 2847 suum
2684 2793 2902 2863 plenum
2931 2810 3036 2849 non
3072 2795 3260 2851 habuit
3302 2811 3473 2865 usque
3518 2799 3585 2850 ad
3611 2813 3662 2851 vi

2090 2879 2252 2936 horas
2276 2882 2506 2946 additas,
2533 2884 2633 2940 hoc
2675 2894 2779 2951 est,
2822 2900 2989 2942 unum
3018 2890 3375 2959 quadrantem
3401 2907 3416 2955 ;
3450 2899 3504 2944 et
3534 2899 3658 2946 tunc

2088 2971 2276 3028 habuit
2296 2974 2455 3029 tinem
2482 2976 2569 3032 ille
2602 2978 2809 3047 primus
2842 2996 3015 3035 annus
3042 2982 3215 3037 media
3243 2983 3364 3049 die;
3417 3000 3560 3039 anno
3582 2998 3664 3038 se-

2090 3064 2273 3132 quenti
2302 3080 2548 3135 vespere,
2596 3068 2790 3125 additis
2828 3087 2879 3125 vr
2926 3073 3097 3137 horis,
3145 3074 3197 3127 id
3243 3083 3348 3141 est,
3402 3076 3665 3130 secundus

412 3154 537 3195 cum
568 3158 662 3196 sua
692 3152 846 3200 nocte
871 3162 1028 3201 xxuu
1057 3147 1204 3203 hora:
1230 3157 1378 3213 sunt,
1416 3166 1645 3219 quarum
1673 3167 1801 3221 pars
1823 3167 1989 3222 quar-
2017 3131 2062 3192 Ο
2091 3155 2360 3223 quadrans
2385 3173 2398 3221 ;
2429 3166 2483 3211 et
2511 3161 2588 3214 sic
2620 3162 2808 3215 tertius
2828 3163 3004 3217 media
3033 3172 3210 3229 nocte,
3232 3166 3350 3220 aliis
3372 3183 3423 3221 vi
3449 3167 3661 3230 additis,

410 3236 484 3293 ta,
513 3230 602 3298 qui
632 3240 716 3285 est
736 3234 1006 3300 quadrans
1037 3235 1158 3297 dici,
1186 3250 1280 3290 sex
1304 3237 1449 3291 hora:
1487 3239 1852 3295 inveniuntur.
1888 3262 1908 3294 ι

481 3320 579 3376 Hic
607 3337 736 3392 ergo
764 3325 1032 3392 quadrans
1053 3326 1193 3381 unde
1211 3324 1444 3396 primum
1466 3332 1745 3399 processit,
1772 3340 1825 3386 et
1847 3333 1988 3388 unde

409 3410 576 3466 habet
624 3414 1020 3480 auctoritatem,
1070 3417 1509 3487 interrogandum
1558 3429 1657 3491 est.
1708 3421 1806 3476 Hic
1856 3439 1987 3494 ergo

408 3501 684 3570 quadrans
708 3502 809 3557 fuit
835 3520 863 3558 a
892 3506 1155 3575 principio
1192 3509 1391 3574 saeculi,
1420 3523 1487 3564 ex
1516 3526 1623 3580 quo
1666 3510 1821 3566 factm
1863 3520 1990 3567 sunt

410 3598 693 3645 creaturae.
748 3592 823 3645 De
862 3594 962 3648 hoc
991 3597 1289 3663 quadrante
1332 3594 1690 3669 Hieronymus
1738 3601 1987 3670 exposuit

408 3680 462 3733 in
492 3688 721 3736 tractatu
746 3684 905 3752 primi
933 3686 1221 3741 testimonii
1252 3684 1497 3752 Genesis,
1542 3690 1630 3743 ubi
1658 3689 1888 3759 legitur:
1921 3689 1985 3743 1η

404 3771 659 3840 principio
690 3770 814 3827 fecit
838 3773 978 3828 Deus
1016 3768 1199 3829 calum
1220 3786 1266 3830 el
1289 3788 1482 3832 terram
1510 3778 1663 3850 (Cen.
1696 3798 1733 3843 ι,
1766 3782 1839 3851 1).
1867 3782 1988 3837 Hic-

406 3873 663 3929 ronymus
681 3876 809 3931 ergo
823 3862 956 3916 dixit
980 3904 991 3915 .
1019 3876 1043 3904 α
1068 3864 1141 3919 De
1157 3866 1260 3920 hoc
1281 3868 1543 3937 principio
1558 3869 1706 3923 multi
1724 3878 1986 3926 tractave-

410 3958 554 4009 runt,
586 3946 680 4004 sed
709 3951 810 4005 hoc
853 3954 1172 4022 principium
1201 3972 1302 4027 ego
1330 3960 1608 4027 exopinor,
1635 3960 1700 4014 de
1727 3978 1833 4031 quo
1876 3964 1985 4017 An-

409 4039 735 4095 dromachus
755 4041 1219 4114 historiographus
1248 4044 1554 4103 Iudaeorum
1582 4050 1702 4105 aliis
1727 4054 1984 4122 pervigile

407 4128 650 4184 scribens
678 4129 827 4184 illum
854 4133 1207 4201 quadrantem
1236 4135 1526 4190 mediatum
1552 4140 1725 4194 noctis
1752 4157 1830 4207 χι,
1856 4145 1981 4212 quia

408 4217 461 4271 in
486 4219 662 4273 media
691 4229 848 4276 nocte
876 4220 1051 4279 factus
1078 4232 1163 4279 est
1191 4226 1435 4290 mundus,
1470 4236 1523 4281 et
1550 4228 1601 4282 in
1630 4231 1804 4285 media
1826 4241 1983 4289 nocte

408 4306 602 4363 iterum
632 4311 957 4367 destruetur.

479 4399 756 4466 Quomodo
784 4419 913 4473 ergo
951 4405 1039 4460 hic
1079 4408 1349 4475 quadrans
1396 4413 1757 4481 cognoscitur,
1799 4423 1978 4469 utrum

2090 3243 2141 3297 id
2168 3253 2271 3309 est,
2309 3246 2466 3302 tertio
2496 3251 2838 3317 quadrante;
2883 3260 2938 3307 et
2966 3254 3017 3307 in
3065 3270 3145 3309 ιιιι
3193 3272 3353 3321 anno,
3386 3257 3581 3312 iterum
3610 3274 3660 3313 vi

2088 3330 2238 3389 horis
2265 3336 2482 3403 additis,
2515 3338 2615 3395 hoc
2644 3349 2748 3406 est,
2779 3352 2974 3410 quarto
3004 3346 3303 3414 quadrante
3329 3364 3357 3401 a
3385 3348 3511 3403 solis
3539 3360 3659 3405 ortu

2088 3425 2275 3480 habuit
2317 3443 2535 3484 cursum
2567 3447 2722 3485 suum
2771 3433 3019 3501 finitum;
3067 3446 3120 3491 et
3150 3438 3227 3493 sic
3279 3440 3522 3493 discurrit
3560 3437 3659 3509 per

2087 3521 2260 3569 totum
2290 3524 2501 3587 tempus
2537 3520 2602 3572 ab
2634 3522 2787 3576 initio
2815 3539 2986 3593 usque
3028 3527 3094 3581 ad
3122 3526 3281 3582 ﬁnem
3308 3545 3322 3594 ;
3368 3527 3654 3597 aliquando

2086 3606 2228 3659 enim
2276 3606 2437 3661 finem
2471 3610 2636 3664 totius
2678 3613 2803 3666 anni
2834 3616 3010 3669 media
3040 3618 3124 3670 die
3164 3618 3328 3683 facit;
3377 3619 3662 3688 aliquando

2084 3708 2345 3763 vespere;
2378 3696 2663 3766 aliquando
2694 3702 2868 3756 media
2914 3715 3109 3771 nocte;
3141 3707 3431 3776 aliquando
3456 3709 3662 3764 oriente

2086 3783 2220 3838 sole.
2262 3805 2281 3837 ι

2157 3914 2213 3968 Si
2256 3925 2434 3972 autem
2468 3920 2609 3976 scire
2635 3923 2889 3991 volueris,
2923 3925 2976 3980 in
3004 3943 3112 3997 quo
3154 3929 3273 3985 loco
3301 3939 3386 3986 est
3406 3932 3508 3987 iste
3534 3949 3663 4002 qua-

2084 4008 2247 4063 drans
2278 4024 2420 4065 anno
2454 4015 2724 4081 pnesenti,
2767 4018 2908 4073 scias
2946 4031 3079 4089 quot
3113 4023 3238 4077 anni
3277 4033 3403 4079 sunt
3448 4041 3480 4080 a
3510 4028 3659 4097 prin-

2083 4103 2224 4173 cipio
2267 4107 2472 4169 mundi,
2516 4108 2664 4163 verbi
2705 4112 2901 4181 gratia,
2924 4127 2975 4167 vr
3004 4131 3163 4169 xxm.
3198 4116 3309 4171 Hos
3347 4118 3526 4173 divide
3569 4135 3662 4189 per

2083 4202 2316 4265 quatuor
2339 4206 2538 4267 partes,
2567 4201 2692 4269 quia
2721 4213 2845 4272 post
2874 4221 2955 4259 ιιιι
2982 4221 3153 4261 annos
3182 4222 3396 4277 semper
3419 4212 3660 4279 pervenit

2082 4286 2170 4340 ille
2196 4288 2467 4357 quadrans
2492 4293 2756 4348 naturalis
2804 4294 2855 4348 in
2904 4295 3052 4349 illum
3096 4296 3294 4362 locum,
3343 4297 3433 4353 ubi
3470 4298 3660 4355 fuitab

2082 4374 2256 4441 initio,
2285 4377 2387 4433 hoc
2408 4387 2491 4433 est
2530 4380 2582 4434 in
2610 4382 2786 4436 media
2824 4384 2948 4450 die;
2994 4384 3206 4441 dimitte
3227 4403 3358 4458 ergo
3386 4428 3401 4453 ,
3420 4385 3513 4444 ﬁ
3533 4391 3659 4459 quia

407 4488 461 4542 in
494 4489 578 4543 die
609 4489 698 4553 sit,
723 4506 788 4544 an
825 4472 878 4546 in
916 4502 1071 4547 nocte
1097 4472 1531 4566 interroganduvm
1562 4506 1673 4565 est,
1696 4472 1787 4556 aut
1810 4504 1979 4557 varia-
2007 4480 2059 4541 ί)
2082 4473 2311 4566 (ιιξθευίέτ
2336 4477 2518 4566 parte?
2546 4472 2779 4566 mna]?
2820 4485 2962 4535 sum"
3004 4488 3287 4533 remanent
3310 4482 3347 4535 ﬁ
3373 4496 3505 4541 mu
3531 4498 3545 4544 ἶ
3580 4480 3660 4535 δί’

404 4581 531 4636 bilis
569 4581 661 4648 sit,
688 4590 742 4635 et
782 4598 877 4652 per
919 4582 1061 4638 diem
1088 4593 1144 4639 et
1173 4601 1269 4656 per
1296 4591 1553 4644 noctem?
1585 4591 1611 4630 b
1649 4612 1666 4641 ι
1716 4591 1805 4646 Sol
1832 4594 1977 4649 enim

407 4671 527 4724 caali
555 4670 814 4724 ambitum
869 4671 1035 4743 [Beda
1077 4675 1224 4727 addit
1270 4676 1528 4750 annuum]
1575 4694 1669 4747 per
1705 4697 1781 4735 xu
1824 4683 1976 4753 signa

406 4757 592 4811 circuli
623 4759 825 4813 zodiaci
849 4777 952 4814 non
980 4777 1178 4815 ccccxv
1217 4764 1403 4819 diebus
1432 4781 1647 4821 cursum
1674 4784 1829 4823 suum
1856 4787 1976 4839 per-

409 4845 541 4911 ficit,
589 4849 681 4902 sed
730 4851 1088 4919 superadditis
1131 4869 1181 4907 vr
1233 4854 1381 4910 horis
1418 4857 1709 4927 adimplere
1757 4876 1976 4917 cursum

406 4951 562 4991 suum
589 4941 930 5009 cognoscitur
954 4959 967 5006 ;
997 4943 1136 4997 unde
1159 4944 1217 4999 ﬁt
1244 4954 1303 4999 ut
1331 4947 1396 5009 si,
1426 4950 1573 5003 verbi
1604 4951 1798 5017 gratia,
1822 4962 1977 5008 nocte

407 5027 765 5095 tequiuoctiali
797 5029 974 5100 [Bed.,
999 5048 1139 5087 nunc
1165 5035 1611 5111 :equinoctialem]
1643 5042 1762 5095 caeli
1802 5042 1976 5098 locum

406 5129 565 5169 mane
592 5118 773 5172 oriens
803 5119 881 5173 sol
921 5119 1202 5176 intraverit
1229 5133 1249 5161 ο
1294 5143 1310 5175 ι
1346 5124 1397 5177 in
1439 5127 1701 5198 principio
1742 5131 1887 5196 anui,
1923 5131 1976 5186 in

406 5203 546 5258 hunc
570 5205 742 5259 locum
782 5208 1228 5275 :cquinoctialem,
1253 5227 1394 5267 anno
1417 5218 1659 5285 sequenti
1687 5234 1791 5273 non
1822 5236 1979 5277 mane

320 5320 325 5323 -
404 5296 612 5351 oriente
646 5298 757 5352 sole
783 5300 931 5353 illum
953 5317 1152 5356 annum
1184 5306 1453 5372 terminat,
1485 5310 1578 5363 sed
1600 5314 1844 5380 sequenti
1873 5330 1981 5370 me-

348 5412 355 5425 ι
404 5383 559 5449 ridie,
588 5396 640 5439 et
671 5388 750 5443 sic
779 5392 1044 5446 secundus
1066 5408 1236 5447 annus
1260 5395 1419 5449 tinem
1458 5414 1681 5468 vespere
1718 5403 1974 5471 habebit;

406 5474 460 5528 in
505 5479 663 5533 tertio
692 5490 871 5536 autem
899 5499 1039 5539 anno
1072 5486 1245 5540 media
1273 5495 1448 5551 nocte,
1498 5490 1551 5544 in
1598 5502 1791 5559 quarto
1834 5511 1977 5550 anno

475 5599 501 5664 ξι
530 5588 706 5664 hocus
724 5604 1035 5664 corruptus.

477 5656 676 5726 {Beda
705 5662 770 5716 de
792 5656 1113 5735 Temporum
1142 5668 1367 5735 ratione,
1393 5684 1511 5742 cap.
1541 5673 1628 5725 56.

2082 4557 2235 4610 mitte
2258 4557 2279 4609 ῑ
2304 4573 2388 4623 nc,
2412 4560 2536 4628 quia
2565 4577 2651 4615 xvi
2685 4561 2839 4633 [Ms.,
2866 4581 2956 4630 xv,
2977 4567 3242 4640 mendose]
3273 4571 3483 4625 centeni
3510 4580 3657 4633 sunt,

2083 4657 2363 4704 remanent
2388 4666 2674 4708 ccccxxui.
2721 4654 2941 4711 Dimitte
2974 4673 3136 4714 cccxc
3161 4659 3246 4731 [L.
3279 4662 3494 4735 cccxx],
3531 4666 3659 4734 quia

2080 4747 2312 4805 quatuor
2337 4743 2581 4811 octogeni
2613 4752 2753 4808 sunt,
2787 4755 3065 4801 remanent
3085 4765 3215 4814 CIII;
3260 4750 3466 4806 dimitte
3490 4769 3657 4816 Lux.

2080 4827 2207 4894 quia
2231 4827 2399 4899 vigics
2424 4834 2702 4899 quaternis
2728 4844 2871 4900 sunt,
2921 4849 3201 4893 remanent
3242 4857 3374 4895 xxm
3402 4859 3416 4906 ;
3446 4842 3658 4897 dimitte

2080 4932 2175 4981 xx,
2207 4918 2331 4987 quia
2357 4917 2568 4990 [Suppl.
2601 4924 2905 4997 quinquies]
2931 4929 3178 4996 quaterni
3203 4940 3347 4994 sunt,
3378 4942 3661 4988 remanent

2082 5022 2140 5062 ιιι
2169 5026 2183 5074 ;
2218 5019 2345 5065 tunc
2373 5011 2426 5065 in
2462 5014 2637 5068 media
2670 5025 2824 5072 nocte
2854 5018 2942 5073 ille
2970 5034 3142 5075 annus
3169 5022 3371 5079 ﬁnitur.

2151 5139 2312 5211 367
2334 5140 2432 5197 Hic
2475 5158 2605 5214 ergo
2632 5148 2927 5215 quadrans,
2969 5165 3128 5219 quem
3169 5152 3425 5218 diximus,
3464 5157 3517 5210 in
3549 5172 3658 5227 quo

2081 5227 2201 5285 loco
2244 5232 2296 5285 in
2340 5249 2504 5299 anno,
2534 5244 2588 5291 ει
2629 5239 2681 5292 in
2722 5255 2826 5309 qua
2856 5239 2942 5295 die
2972 5243 3173 5302 mensis
3213 5247 3421 5315 positus
3451 5248 3657 5303 inveni-

2082 5322 2203 5372 tur?
2231 5320 2382 5377 Scire
2408 5338 2508 5379 nos
2536 5337 2769 5397 oportet,
2814 5332 3107 5387 secundum
3139 5333 3357 5391 ϐιαιεοε
3396 5337 3450 5391 in
3491 5339 3657 5407 tequi-

2083 5412 2264 5467 uoctio
2310 5416 2535 5480 vernali,
2586 5418 2688 5473 hoc
2708 5429 2812 5483 est,
2841 5421 2895 5477 in
2929 5440 3003 5478 xu
3054 5425 3172 5479 Kal.
3214 5427 3433 5495 Aprilis,
3482 5430 3653 5483 sedin

2084 5498 2190 5552 ﬁne
2222 5501 2364 5556 illius
2393 5505 2498 5559 diei
2536 5509 2742 5576 positus
2771 5511 2998 5567 dicitur.
3032 5513 3136 5568 Sed
3168 5518 3437 5585 quomodo
3465 5516 3562 5571 fuit
3588 5518 3657 5573 ab

2156 5623 2177 5689 ῗ
2211 5611 2645 5689 έιίιειθτιοιιιιηιη
2675 5621 2812 5689 apud
2846 5622 3064 5680 nedum,

2153 5680 2353 5753 {Beda
2383 5686 2448 5740 de
2476 5680 2796 5759 Temporum
2821 5695 3047 5761 ratione,
3078 5713 3194 5768 cap.
3227 5700 3280 5753 ιι.
