4038 6354
283 342 385 401 997

994 332 1462 401 DIDASCALICA.
1499 377 1568 387 —-
1606 346 1693 400 DE
1731 344 1962 402 CURSU
2003 346 2090 400 ET
2133 346 2360 402 SALTU
2402 346 2631 409 LUNE,
2675 346 2825 401 ETC.

3428 344 3541 402 998

282 465 459 528 initio,
475 463 688 534 quando
713 462 915 525 dicunt,
940 464 1080 532 quod
1104 465 1157 517 in
1180 464 1267 519 illo
1291 465 1588 533 quadrante
1612 466 1848 527 noctis",
1883 470 1924 525 Λ
1956 465 2203 519 calare'nt
2234 466 2398 530 diem,
2423 480 2488 520 eo
2518 467 2727 521 scilicet
2767 478 2947 519 mense
2982 480 3041 519 ac
3068 466 3205 529 loco,
3238 478 3346 535 quo
3373 466 3537 520 etiam

281 555 499 627 quando
542 555 773 624 primum
804 555 1051 609 mundus
1090 555 1264 610 factus
1304 564 1407 619 εει,
1454 568 1736 626 propterea
1768 558 1856 612 ille

284 646 580 716 quadrans,
624 645 687 699 de
718 660 823 713 quo
858 646 1101 699 nascitur
1145 647 1440 701 ltissextilis
1481 648 1620 712 dies,
1668 648 1722 701 in
1770 648 1858 701 illo

284 734 403 788 loco
432 732 749 788 naturaliter
775 732 828 785 in
851 732 955 787 line
989 734 1114 787 anni
1143 736 1268 804 poni
1300 736 1475 790 debet.
1527 736 1860 806 Principium

284 838 415 896 ergo
442 823 566 877 anui
591 823 883 877 secundum
912 822 1127 879 Graecos
1149 842 1200 879 ιιι
1233 825 1352 879 Kal.
1380 826 1582 896 Aprilis
1607 835 1710 890 est,
1739 826 1862 882 linis

287 924 468 970 autem
538 932 613 970 xu
675 915 794 969 Kal.
850 916 1070 984 Aprilis.
1141 917 1446 973 Secundum
1510 919 1859 974 Anatholium

286 1004 707 1059 Alexandrinum
755 1005 1064 1075 episc0pum
1108 1005 1382 1059 Laudatis:
1430 1003 1522 1076 [Γ.
1570 1006 1858 1078 Laodicize]

288 1096 389 1148 iste
409 1093 683 1162 quadrans
726 1094 778 1148 in
796 1111 889 1150 vut
927 1092 1044 1148 Kal.
1076 1095 1277 1165 Aprilis
1323 1096 1529 1165 positus
1566 1097 1859 1165 invenitur,

287 1185 415 1255 quia
454 1184 541 1239 illa
568 1184 675 1249 die,
706 1193 765 1238 ut
813 1187 1033 1240 tradunt
1061 1193 1330 1250 auctores,
1374 1186 1453 1241 sol
1502 1196 1557 1242 et
1593 1187 1718 1241 luna
1756 1186 1863 1244 duo

288 1277 576 1332 luminaria
602 1277 742 1332 facta
762 1287 909 1343 sunt,
935 1286 1220 1348 propterea
1242 1296 1336 1335 vut
1368 1280 1484 1334 Kal.
1528 1281 1730 1350 Aprilis
1758 1283 1861 1336 ini-

289 1368 424 1423 tium
458 1370 600 1432 anni,
653 1376 707 1423 ct
754 1369 966 1423 initium
1012 1370 1146 1440 cycli
1186 1372 1631 1426 decennovenalis
1668 1385 1862 1426 secun-

291 1461 415 1514 dum
475 1460 818 1514 Anatholium
872 1461 1158 1516 diciturb:
1212 1481 1231 1513 ι
1267 1463 1365 1518 Est
1406 1479 1535 1533 ergo
1588 1464 1640 1516 in
1688 1465 1865 1532 primo

291 1566 433 1605 anno
462 1550 671 1604 initium
700 1550 859 1620 primi
884 1552 1107 1615 mensis,
1137 1553 1278 1621 quod
1307 1561 1389 1607 est
1414 1568 1567 1606 xvuu
1598 1568 1864 1606 annorum

291 1642 480 1698 circuli
540 1642 903 1711 principium,
970 1644 1263 1697 secundum
1315 1642 1600 1713 Egyptios
1650 1644 1867 1712 quidem

293 1731 498 1786 mensis
542 1730 840 1785 Famenoth
885 1746 1009 1784 xxvi
1056 1731 1161 1795 die,
1213 1732 1501 1786 secundum
1549 1732 1869 1787 Macedones

1957 560 2097 627 apud
2130 567 2343 612 veteres
2368 574 2579 613 menses
2616 557 3072 612 intercalabantur
3106 556 3294 626 Meda,
3330 557 3538 613 mensis

1958 646 2439 718 interealabatnr],
2474 648 2526 700 id
2570 656 2691 708 est,
2738 654 2860 700 ante
2911 646 3129 699 ultimos
3180 645 3367 715 [Beda,
3408 653 3537 701 ante

1957 738 2195 807 quinque
2223 736 2461 807 ultimos]
2502 739 2616 791 dies
2648 736 2925 791 Februarii
2968 736 3197 799 mensis,
3232 736 3390 804 idque
3425 735 3541 793 bis-

1959 834 2171 881 sextum
2199 824 2410 879 censuit
2437 825 2840 878 nominandum.
2878 844 2896 876 ι

2030 916 2086 969 In
2110 916 2213 969 hoc
2246 914 2491 983 exemplo
2512 922 2737 982 apparet
2761 916 2901 983 quod
2932 912 3105 970 Julius
3130 914 3309 970 Caesar
3329 914 3539 983 primus

1959 1008 2258 1062 bissextum
2289 1007 2429 1060 diem
2468 1006 2785 1069 nominavit,
2831 1016 2885 1059 et
2934 1015 3216 1074 propterea
3263 1005 3535 1059 bissextus

1963 1096 2015 1151 in
2036 1112 2089 1150 γι
2130 1094 2247 1148 Kal.
2280 1094 2456 1147 Martii
2492 1094 2713 1163 ponitur
2740 1094 3033 1147 secundum
3062 1093 3364 1157 Romanos,
3413 1092 3541 1161 quia

1964 1187 2193 1242 Romani
2220 1196 2433 1241 veteres
2450 1186 2771 1255 principium
2806 1185 2930 1238 anni
2965 1185 3267 1240 habuerunt
3288 1200 3315 1238 a
3348 1184 3539 1237 Martio

1964 1295 2169 1344 mense,
2205 1278 2326 1333 ﬁnis
2352 1287 2530 1331 autem
2561 1278 2684 1331 anni
2713 1278 2871 1332 estin
2912 1274 3207 1331 Februario
3254 1291 3463 1339 mense,
3487 1275 3543 1328 id

1963 1379 2066 1434 est,
2096 1371 2148 1424 in
2171 1386 2221 1423 γι
2248 1369 2364 1422 Kal.
2385 1368 2580 1422 Martii.
2609 1368 2687 1422 Illi
2717 1377 2897 1424 autem
2922 1383 2952 1420 v
2974 1368 3089 1422 dies
3110 1368 3199 1437 qui
3228 1374 3542 1436 supersunt,

1967 1461 2317 1516 intercalares
2363 1461 2478 1515 dies
2519 1460 2656 1529 apud
2705 1460 2956 1528 antiquos
3000 1467 3179 1522 eram,
3214 1458 3356 1512 sicut
3384 1457 3546 1511 modo

1966 1554 2105 1623 apud
2138 1551 2423 1622 Egyptios
2456 1559 2583 1605 sunt
2614 1566 2643 1603 a
2671 1563 2791 1605 γιιιι
2836 1549 2949 1602 Kal.
2995 1548 3332 1618 Septembris
3371 1562 3545 1617 usque

1968 1647 2022 1699 in
2053 1662 2132 1700 uu
2163 1644 2430 1697 Kalendas
2479 1641 2832 1711 Septembris.
2870 1642 2946 1696 De
2976 1641 3078 1695 hoc
3102 1640 3266 1694 etiam
3317 1638 3403 1691 die
3444 1638 3548 1691 bis-

1970 1737 2147 1792 sextili
2188 1736 2398 1791 Chorus
2429 1733 2521 1806 [ι’.
2565 1733 2762 1803 llorus]
2793 1731 3166 1803 [Egyptiorum
3218 1728 3437 1783 tradidit
3467 1726 3548 1781 di—

292 1835 422 1874 vero
452 1836 557 1874 xxv
580 1822 686 1884 die,
728 1821 780 1875 id
813 1829 928 1885 est,
962 1838 1057 1876 γιιι
1099 1821 1217 1875 Kal.
1253 1822 1489 1890 Aprilisc
1513 1863 1528 1885 ,
1558 1822 1610 1874 in
1645 1838 1749 1890 qua
1777 1822 1864 1877 die
1898 1814 1939 1871 Β
1966 1842 2095 1881 εειιε
2124 1843 2136 1879 :
2170 1843 2188 1878 ι
2222 1824 2546 1879 Inserendus
2574 1833 2655 1877 cst
2705 1824 2792 1877 hic
2840 1823 2973 1885 dies,
3013 1830 3300 1889 antequam
3329 1818 3549 1886 quintus

293 1909 569 1964 invenitur
595 1911 674 1965 sol
699 1926 806 1964 non
847 1912 1018 1965 solum
1050 1912 1425 1967 conscendisse
1468 1912 1697 1980 primam
1740 1928 1866 1982 par-

295 2008 428 2063 tem,
461 2016 648 2054 verum
693 2002 859 2055 etiam
899 2011 953 2056 et
982 2002 1333 2071 quadrantem
1363 2002 1414 2054 in
1442 2017 1504 2057 ea
1531 2002 1617 2055 die
1644 2001 1863 2067 habere,

295 2089 350 2144 id
394 2098 499 2154 est,
550 2090 599 2142 in
628 2090 801 2159 prima
848 2100 1003 2160 parte
1038 2108 1102 2145 ex
1138 2108 1210 2145 xu
1248 2091 1506 2160 partibus.
1542 2089 1664 2144 Haec
1692 2092 1865 2161 prima

294 2177 557 2248 particula
596 2193 662 2231 ex
708 2195 780 2232 xu
812 2179 1053 2248 partibus
1085 2178 1299 2233 vernale
1343 2186 1426 2233 est
1462 2180 1864 2247 :equinoctium,

295 2279 353 2322 et
381 2269 493 2339 ipse
537 2266 628 2339 [F.
678 2268 814 2339 ipsa]
848 2278 931 2323 est
963 2269 1172 2323 initium
1202 2269 1466 2323 mensium
1501 2278 1555 2321 ct
1582 2278 1742 2337 caput
1766 2269 1870 2323 cir-

296 2360 428 2423 culi,
460 2368 513 2413 et
545 2359 807 2413 absolutio
834 2376 1023 2415 cursus
1062 2360 1359 2424 stellarum,
1391 2375 1509 2429 qua:
1535 2360 1782 2428 planetae,
1817 2362 1870 2415 id

297 2462 402 2517 est,
434 2468 581 2522 vaga:
609 2453 879 2515 dicuntur,
929 2468 993 2507 ac
1022 2452 1141 2506 linis
1186 2468 1259 2506 xu
1303 2452 1581 2522 particula:
1609 2460 1665 2506 et
1704 2452 1870 2506 totius

297 2545 486 2600 circuli
538 2545 813 2598 terminus.
869 2543 1148 2598 Manifesta
1200 2559 1330 2613 ergo
1384 2544 1590 2597 ratione
1636 2542 1873 2597 Auatho-

298 2635 407 2690 lius
454 2637 787 2690 demonstrat
831 2636 990 2689 istum
1022 2636 1371 2704 quadrantem
1414 2635 1466 2687 in
1493 2635 1871 2703 aequinoctium

296 2727 539 2790 vernale,
562 2726 702 2796 quod
722 2734 805 2780 est
834 2742 929 2779 γιιι
956 2726 1072 2779 Kal.
1097 2726 1293 2796 Aprilis
1315 2725 1608 2779 secundum
1633 2724 1873 2789 Latinos,

300 2818 399 2873 sed
447 2828 621 2872 tamen
650 2818 703 2871 in
747 2817 849 2871 line
878 2833 995 2871 γιιιι
1026 2816 1143 2870 Kal.
1193 2816 1391 2887 Aprilis
1417 2816 1576 2871 debet
1605 2816 1741 2878 ﬁeri,
1774 2817 1878 2871 hoc

299 2918 408 2975 est,
446 2910 499 2963 in
532 2909 634 2963 line
665 2908 790 2962 anni
826 2908 1118 2963 secundum
1160 2907 1411 2973 Latinos,
1443 2908 1567 2976 quia
1592 2917 1877 2976 propterea

300 3002 479 3056 Latini
530 3002 741 3071 initium
770 3001 895 3054 anni
926 3000 1130 3055 faciunt
1156 3000 1225 3054 ab
1244 3016 1362 3054 vuu
1413 3000 1530 3055 Kal.
1562 3000 1782 3070 Aprilis,
1812 3014 1878 3054 eo

302 3093 452 3163 quod
482 3092 570 3147 illa
600 3092 685 3146 die
725 3090 1011 3145 luminaria
1039 3088 1179 3146 facta
1209 3098 1333 3145 sunt
1353 3090 1431 3145 sol
1465 3100 1520 3145 et
1548 3089 1691 3153 luna,
1719 3099 1774 3144 et
1799 3090 1879 3145 sie

1966 1931 2139 1971 annus
2186 1914 2424 1983 incipiat.
2462 1934 2479 1964 ι
2509 1913 2626 1979 Quo
2660 1910 2906 1981 exemplo
2949 1908 3231 1965 manifeste
3281 1906 3551 1975 colligitur

1967 2009 2108 2078 quod
2157 2008 2208 2062 in
2238 2007 2343 2060 line
2374 2006 2500 2060 anni
2540 2005 2831 2060 bissextilis
2881 2004 2996 2058 dies
3046 2002 3170 2073 poni
3200 2002 3379 2063 debet,
3425 2012 3550 2053 cum

1968 2100 2104 2154 dixit
2133 2117 2144 2151 :
2176 2108 2463 2166 antequam
2486 2098 2707 2165 quintus
2728 2096 2968 2163 incipiat.

2040 2188 2237 2241 Deinde
2277 2188 2418 2242 scire
2462 2202 2562 2241 nos
2604 2193 2817 2254 oportet
2853 2193 3111 2254 quantum
3164 2184 3230 2237 de
3269 2184 3372 2237 hoc
3412 2196 3549 2251 qua-

1969 2278 2160 2333 drante
2198 2278 2250 2331 in
2283 2292 2603 2345 unaquaque
2628 2278 2713 2331 die
2734 2292 2829 2346 per
2856 2284 3027 2329 totum
3055 2289 3276 2338 annum,
3306 2282 3362 2327 et
3382 2288 3549 2341 quan-

1972 2380 2084 2424 tum
2117 2372 2170 2425 in
2199 2386 2519 2439 unoquoque
2566 2384 2751 2424 mense
2776 2368 2992 2424 crescit.
3033 2369 3090 2422 ln
3116 2381 3438 2436 unoquoque
3466 2366 3552 2419 die

1972 2469 2228 2515 crescunt
2248 2461 2365 2515 dum
2386 2471 2568 2531 partes
2589 2460 2868 2523 momenti,
2895 2467 2949 2514 et
2977 2459 3056 2513 sic
3083 2460 3134 2512 in
3166 2459 3339 2512 tribus
3366 2458 3558 2512 diebus

1971 2553 2078 2609 duo
2107 2562 2377 2608 momenta
2394 2561 2665 2617 crescunt,
2684 2561 2737 2605 et
2761 2552 2813 2605 in
2837 2568 2889 2605 γι
2926 2551 3115 2605 diebus
3145 2566 3223 2603 ιιιι
3256 2556 3552 2612 momenta,

1973 2645 2027 2699 in
2054 2661 2131 2699 xu
2157 2645 2346 2699 diebus
2371 2660 2467 2699 γιιι
2496 2652 2788 2705 momenta,
2820 2642 2871 2695 in
2901 2657 3018 2695 xuu
3050 2636 3141 2711 [F.
3177 2638 3327 2709 xxiv]
3356 2637 3547 2691 diebus

1975 2751 2064 2792 xvt
2110 2744 2413 2800 momenta,
2466 2744 2520 2790 et
2554 2737 2626 2789 ita
2667 2735 2721 2788 in
2767 2749 2874 2786 xxx
2918 2730 3107 2786 diebus
3133 2737 3188 2783 et
3232 2730 3285 2781 in
3330 2744 3363 2781 x
3404 2726 3561 2783 horis

1978 2835 2228 2883 crescunt
2272 2844 2341 2880 xx
2386 2834 2677 2888 momenta,
2708 2825 2810 2879 hoc
2831 2830 2934 2887 est,
2967 2820 3187 2876 dimidia
3213 2821 3367 2883 hora,
3397 2828 3453 2873 et
3477 2817 3560 2874 sic

1979 2920 2033 2974 in
2067 2920 2240 2974 tribus
2267 2918 2544 2973 mensibus
2588 2915 2832 2986 trigcnis,
2862 2913 2965 2969 hoc
2988 2920 3091 2978 est,
3116 2910 3168 2965 in
3201 2925 3264 2964 xc
3293 2910 3481 2964 diebus
3508 2917 3565 2963 et

1981 3023 2090 3063 uno
2129 3008 2213 3062 die
2252 3016 2308 3061 et
2332 3024 2381 3061 γι
2421 3006 2569 3061 horis
2596 3006 2795 3060 crescit
2828 3005 2960 3058 hora
2998 3011 3053 3057 et
3087 3000 3329 3055 dimidia.
3370 3000 3429 3054 lu
3464 3014 3562 3053 sex

1984 3104 2163 3154 autem
2209 3098 2485 3153 mensibus
2531 3095 2772 3165 trigonis,
2804 3093 2908 3149 hoc
2937 3100 3039 3157 est,
3074 3091 3127 3145 in
3154 3091 3294 3145 binis
3328 3104 3565 3159 nonage-

303 3151 430 3238 tlnis
468 3181 593 3237 anni
630 3190 712 3237 est
739 3198 856 3236 vuu
889 3180 1007 3235 Kal.
1051 3181 1279 3251 Aprilis;
1330 3189 1385 3235 et
1417 3151 1703 3251 propterea
1748 3196 1878 3236 con-

1984 3191 2089 3256 nis,
2113 3198 2167 3244 et
2189 3205 2228 3243 ιι
2255 3190 2444 3243 diebus
2468 3196 2523 3242 et
2550 3202 2624 3241 xu
2655 3186 2803 3240 horis
2831 3190 3084 3239 crescunt
3108 3198 3166 3236 ιιι
3193 3182 3359 3235 home.
3394 3179 3559 3234 Simi-

301 3282 584 3333 currentes
607 3273 735 3329 solis
762 3282 817 3328 et
842 3273 1135 3329 bissextilis
1161 3274 1277 3329 dies
1302 3273 1356 3327 in
1386 3288 1503 3327 vuu
1536 3271 1656 3326 Kal.
1703 3270 1874 3341 April.

303 3365 467 3437 positi
492 3364 852 3419 inveniuntur.
867 3382 885 3414 ι

380 3454 817 3526 lnterrogandum
864 3461 949 3508 est
994 3467 1145 3526 ergo,
1194 3453 1296 3509 iste
1340 3453 1634 3524 quadrans,
1677 3452 1744 3507 de
1773 3467 1881 3523 quo

306 3547 581 3602 bissextus
617 3543 877 3607 nascitur,
908 3543 962 3596 in
991 3551 1122 3612 quot
1162 3543 1295 3598 locis
1339 3544 1464 3598 anni
1509 3543 1716 3612 positus
1744 3543 1882 3597 dici-

311 3638 433 3692 tur?
460 3637 515 3690 in
542 3651 577 3688 v
602 3634 753 3697 locis,
777 3633 1071 3687 secundum
1091 3632 1308 3688 Gnaeos
1332 3632 1384 3686 in
1412 3631 1757 3701 :cquinoctio,
1782 3631 1885 3687 hoc

308 3736 416 3793 est,
460 3726 515 3780 in
560 3741 633 3778 xu
686 3723 801 3779 Kal.
839 3723 1065 3792 Aprilis;
1117 3723 1409 3777 secundum
1448 3722 1795 3777 Anatholium
1829 3722 1882 3775 in

307 3837 431 3876 vuu
458 3819 572 3873 Kal.
603 3817 825 3889 Aprilis.
854 3815 949 3872 sed
977 3817 1029 3871 in
1065 3816 1170 3871 line
1203 3806 1343 3869 illius
1371 3816 1472 3870 diei
1493 3856 1507 3879 ,
1542 3817 1646 3869 hoc
1675 3823 1778 3879 est,
1805 3815 1886 3869 in-

313 3921 399 3965 ter
424 3925 541 3963 vuu
569 3917 623 3963 et
638 3924 731 3962 γιιι
757 3904 1111 3976 Kal.Aprilis,
1135 3905 1275 3959 sicut
1301 3904 1566 3969 diximus;
1592 3904 1885 3959 secundum

310 4003 575 4058 lsidorum
621 4000 890 4054 bissextus
932 3997 1047 4052 dies
1076 3996 1274 4052 dicitur
1312 3996 1365 4050 in
1389 4012 1441 4050 γι
1470 3986 1649 4051 Nonas
1686 3994 1884 4060 Martii,

313 4105 377 4149 ut
401 4101 683 4165 propterea
700 4092 976 4145 Bissextus
1004 4090 1296 4153 diceretur,
1315 4089 1467 4157 quasi
1497 4088 1579 4143 bis
1601 4104 1652 4141 vt
1685 4086 1885 4151 Nonas,

316 4187 372 4241 id
400 4194 485 4241 est
505 4201 557 4239 γι
582 4183 760 4239 Nonas
778 4182 954 4247 hodie,
974 4190 1027 4236 et
1054 4198 1105 4236 γι
1124 4181 1302 4235 Nonas
1330 4197 1471 4235 cras.
1495 4180 1622 4235 Inde
1654 4179 1892 4234 Isidorus

317 4277 501 4334 dicit!1
536 4295 548 4330 :
580 4296 596 4327 t
627 4275 925 4330 Bissextilis
953 4275 1068 4329 dies
1096 4290 1125 4328 a
1147 4290 1198 4328 γι
1225 4272 1401 4327 Nonas
1431 4271 1606 4326 Martii
1640 4286 1807 4340 usque
1839 4271 1892 4324 in

317 4373 465 4429 diem
499 4371 670 4441 pridie
707 4369 1067 4424 Kalendarum
1110 4366 1487 4421 Januariarum
1536 4365 1717 4420 cursui
1758 4364 1896 4417 lumc

316 4465 609 4538 opponitur
629 4463 815 4535 [Beda,
844 4462 897 4516 in
924 4461 1063 4514 luna:
1084 4476 1241 4515 cursu
1266 4458 1598 4532 apponitur].
1637 4478 1655 4510 ι
1691 4457 1893 4512 Secun-

321 4562 451 4616 dum
480 4557 759 4627 Egyptios
785 4564 963 4609 autem
988 4553 1258 4608 bissextus
1281 4553 1333 4606 in
1363 4569 1440 4606 ιιιι
1466 4551 1732 4605 Kalendas
1757 4565 1897 4603 scm-

322 4668 424 4724 per
453 4647 832 4724 [Septembris]
875 4647 1113 4715 ponitur,
1160 4644 1261 4698 hoc
1290 4651 1394 4708 est,
1429 4644 1481 4696 in
1528 4643 1631 4697 fine
1663 4640 1786 4695 anui
1815 4655 1898 4693 se-

323 4741 557 4795 cundum
587 4738 886 4809 IEgyptios.
906 4735 1144 4806 Egyptii
1168 4734 1309 4788 enim
1336 4732 1659 4803 principium
1690 4730 1813 4783 anui
1838 4746 1898 4783 ιιι

326 4835 592 4889 Kalendas
643 4832 975 4902 Septembris
1023 4830 1249 4891 habent;
1291 4825 1587 4881 secundum
1628 4823 1903 4878 Romanos

327 4937 535 4991 autem,
566 4936 620 4981 et
648 4926 940 4981 secundum
971 4924 1350 4979 auctoritatem
1375 4919 1500 4974 Julii
1528 4919 1757 4974 Caesaris
1791 4917 1903 4972 bis—

327 5033 514 5078 sextus
562 5022 614 5075 in
644 5037 697 5074 γι
734 5019 853 5073 Kal.
886 5017 1063 5072 Martii
1100 5017 1351 5087 ponitur,
1398 5014 1517 5069 inde
1549 5014 1601 5067 in
1636 5011 1904 5067 Macrobio

326 5114 530 5184 legitur
569 5126 591 5153 ο
620 5132 632 5169 :
664 5132 682 5164 ι
718 5111 889 5167 Julius
914 5111 1095 5165 Czesar
1137 5109 1327 5163 statuit
1352 5116 1411 5161 ut
1442 5122 1520 5160 ιιιι
1556 5120 1698 5158 anno
1729 5119 1907 5157 sacer-

333 5207 488 5262 dotes
512 5205 601 5275 qui
627 5204 888 5259 curabant
918 5200 1192 5256 mensibus
1220 5208 1274 5254 ct
1303 5198 1511 5261 diebus,
1544 5209 1707 5250 unum
1741 5193 1909 5248 inter—

407 5402 719 5457 ItVidentur
744 5400 919 5467 aliqua
949 5398 1139 5452 deesse
1286 5464 1297 5467 _
1343 5463 1382 5467 _
1483 5460 1497 5467 ,
1600 5457 1662 5467 --.
1705 5465 1710 5467 _
1780 5456 1811 5467 ..

410 5474 440 5513 δ
468 5471 643 5527 Verba
689 5456 957 5525 Anatholii
997 5469 1117 5521 γίιΙε
1163 5464 1301 5534 apud
1343 5460 1559 5521 Euseb,
1600 5457 1737 5512 Hist.
1780 5456 1917 5510 libro

410 5560 413 5563 ,
474 5558 562 5563 Α---
619 5540 687 5563 vr.)
734 5556 837 5563 ω...
888 5540 991 5563 eun
1045 5537 1150 5563 ,ηιει
1204 5532 1442 5563 hmani“.
1486 5530 1624 5563 1'70“

338 5560 438 5607 vn,
467 5558 587 5612 cap.
619 5540 709 5604 52,
734 5556 856 5610 pag.
888 5540 1011 5601 569,
1042 5537 1170 5591 edit.
1198 5530 1461 5589 Cantabr.
1486 5530 1643 5583 1720.

414 5626 435 5652 ε
471 5612 604 5667 Ven.
634 5611 774 5665 Beda
813 5626 865 5662 χι
894 5608 1016 5661 Kal.
1051 5604 1216 5676 April.
1243 5603 1669 5676 legendum_esse
1697 5604 1917 5652 conten-

340 5685 437 5737 dit.
472 5682 605 5806 Xiide
635 5680 930 5745 Petavium,
962 5670 1161 5741 tomfl,
1197 5670 1383 5737 libfvt,
1416 5672 1482 5726 de
1511 5670 1692 5723 Doctr.
1728 5677 1915 5737 tcmp.,

342 5769 465 5824 cap.
561 5791 576 5805 .

1980 3279 2105 3334 liter
2129 3288 2185 3333 et
2212 3278 2266 3333 in
2295 3278 2415 3332 aliis
2441 3276 2718 3331 mensibus
2747 3270 2993 3345 trigenis,
3040 3271 3194 3341 quasi
3237 3271 3463 3325 fuissent
3485 3276 3565 3324 tot

1982 3370 2180 3440 trigoni
2205 3378 2261 3425 et
2297 3369 2504 3424 duobus
2531 3368 2719 3423 diebus
2748 3374 2802 3422 et
2828 3381 2901 3419 xu
2946 3365 3116 3427 horis,
3154 3371 3405 3418 crescunt
3448 3361 3566 3416 alia:

1984 3473 2096 3519 tres
2126 3464 2294 3527 horae,
2325 3468 2380 3514 ει
2404 3460 2482 3519 sic
2510 3465 2763 3514 crescunt
2802 3470 2896 3511 sex
2922 3455 3070 3511 hora:
3090 3453 3426 3523 quadrantis,
3458 3453 3561 3505 hoc

1984 3562 2093 3619 est,
2123 3560 2315 3623 quarta
2360 3567 2486 3622 pars
2513 3548 2619 3604 diei
2657 3547 2918 3603 naturalis
2943 3545 3141 3601 crescit
3178 3558 3276 3611 per
3312 3558 3383 3595 xu
3414 3555 3567 3594 men-

1987 3661 2098 3711 ses,
2127 3646 2308 3710 idest,
2348 3658 2447 3713 per
2482 3652 2920 3709 unumquemque
2944 3651 3146 3690 annum
3184 3635 3250 3689 de
3279 3649 3359 3688 uu
3391 3631 3567 3694 anuis,

1987 3742 2041 3789 et
2080 3734 2160 3789 sic
2189 3741 2422 3802 quatuor
2442 3729 2597 3784 annis
2629 3726 2931 3797 completis,
2962 3734 3016 3781 et
3043 3731 3274 3795 quatuor
3301 3722 3572 3792 quadran-

1990 3821 2134 3878 tibus
2159 3821 2398 3878 collectis
2442 3820 2494 3875 in
2526 3819 2629 3873 line
2653 3816 2833 3886 quarti
2859 3815 3008 3879 anni,
3036 3821 3323 3881 antequam
3345 3809 3566 3879 quintus
3590 3840 3593 3843 λ

1990 3916 2233 3984 incipiat,
2262 3912 2557 3970 bissextilis
2596 3911 2712 3965 dies
2747 3908 3012 3978 pervenit.
3058 3905 3343 3974 [lucusque
3374 3901 3441 3957 de
3462 3900 3571 3956 bis.

1990 4016 2144 4063 sexto

2056 4145 2217 4206 ITEM
2255 4144 2463 4202 ALIUD
2496 4140 2985 4200 ARGUMENTUM
3025 4140 3111 4195 DE
3150 4136 3505 4194 BISSEXTO.

2068 4281 2124 4337 Si
2177 4295 2337 4337 nosse
2383 4279 2467 4333 vis
2520 4276 2788 4347 quomodo
2840 4274 2930 4329 ille
2978 4271 3252 4343 quadrans
3314 4267 3578 4324 naturalis

1999 4372 2209 4447 [SuppL
2244 4370 2319 4442 γι]
2352 4371 2629 4432 horarum,
2658 4367 2750 4436 qui
2780 4381 2876 4435 per
2906 4373 3076 4419 totum
3127 4377 3325 4416 annum
3361 4358 3579 4421 crescit,

2002 4456 2262 4533 quantum
2282 4461 2347 4515 de
2362 4473 2425 4513 eo
2448 4459 2500 4512 in
2520 4469 2844 4526 unoquoque
2866 4454 2950 4508 die
2966 4462 3021 4508 et
3042 4462 3154 4507 tum
3179 4450 3231 4504 in
3260 4462 3584 4517 unoquoque

2001 4570 2186 4611 mense
2238 4566 2482 4608 crescere
2535 4548 2867 4618 intelligitur,
2920 4546 2993 4599 ita
3032 4542 3479 4601 animadvertere,
3529 4545 3586 4592 et

2001 4648 2321 4718 investigare
2360 4644 2641 4713 diligenter
2666 4640 2849 4694 debes.
2874 4637 2939 4711 Si
2979 4636 3122 4691 enim
3156 4634 3339 4688 dicunt
3363 4629 3455 4703 [ι’.
3489 4628 3584 4683 Sic

2000 4742 2144 4797 enim
2201 4737 2498 4808 dicuntur]
2546 4746 2600 4790 ct
2639 4734 3064 4817 investigantur,
3117 4728 3260 4799 quod
3314 4727 3432 4780 dua:
3483 4731 3586 4776 ter-

2006 4832 2091 4887 ιίιε
2132 4839 2312 4900 partes
2348 4826 2606 4883 momenti
2647 4824 2699 4877 in
2743 4821 2888 4875 omni
2929 4811 3015 4874 die
3055 4819 3398 4889 colliguntur,
3430 4821 3483 4867 et
3511 4811 3586 4865 ita

2012 4924 2066 4978 in
2101 4924 2273 4977 tribus
2302 4921 2491 4974 diebus
2523 4933 2560 4970 ιι
2592 4921 2884 4977 momenta,
2920 4911 2973 4964 in
3000 4926 3051 4964 γι
3088 4910 3278 4964 diebus
3304 4921 3407 4967 ιιιι,
3432 4902 3485 4955 in
3508 4916 3586 4954 xu

2010 5030 2128 5078 γιιι,
2159 5015 2211 5067 in
2236 5026 2392 5064 xxuu
2440 5023 2552 5067 xvi,
2600 5005 2652 5058 in
2696 5019 2802 5057 xxx
2832 5009 3007 5056 autem
3037 4999 3241 5055 diebus,
3272 5002 3327 5049 et
3352 4993 3405 5045 in
3428 5006 3459 5043 x
3488 4990 3587 5041 ho—

2010 5104 2088 5157 ris
2117 5076 2187 5156 xx
2216 5107 2483 5155 momenta
2503 5095 2847 5165 colliguntur,
2875 5091 2929 5146 id
2954 5098 3056 5153 est,
3085 5085 3303 5142 dimidia
3332 5083 3483 5136 hora.
3515 5076 3586 5130 Et

2012 5193 2094 5249 sic
2123 5192 2176 5245 in
2207 5190 2378 5244 tribus
2402 5185 2679 5242 mensibus
2708 5182 2928 5252 trigenis
2954 5188 3009 5234 et
3035 5192 3139 5231 una
3162 5174 3247 5229 die
3278 5179 3333 5225 et
3352 5184 3406 5223 γι
3440 5165 3591 5222 horis

2085 5389 2109 5430 ἀ
2141 5388 2460 5456 Discrepant
2482 5383 2645 5456 verba
2674 5379 2859 5456 Isidor}
2892 5378 2945 5430 in
2963 5373 3199 5456 editione
3228 5363 3589 5456 [λὲἰιιηβιξιξξς

2016 5461 2112 5517 ubi
2131 5434 2477 5527 iiﬁégliiiidr
2497 5434 2568 5509 ’δέ
2579 5434 2790 5527 suum
2814 5450 3113 5527 ιιρνηρςψ.
3146 5443 3200 5527 ε,
3222 5456 3290 5527 ρ3
3300 5436 3450 5527 aliis:
3474 5434 3594 5527 εξ-

2486 5505 2786 5578 εξῷιγοηΚαΙ.
2822 5505 2999 5586 ΜαιήΙῆ
3031 5505 3193 5586 usque
3223 5505 3290 5560 nd
3316 5505 3453 5559 diem
3484 5505 3594 5575 pri-

2019 5581 2536 5656 die—Kalendarum
2591 5592 2874 5647 Iuniarum
2926 5585 2977 5638 in
3027 5581 3165 5635 lunw
3220 5593 3375 5632 cursu
3428 5590 3591 5645 appo-

2022 5673 2182 5727 nitur.

2097 5753 2119 5779 ο
2150 5739 2301 5809 Apud
2330 5736 2547 5791 Bcdam.
2594 5774 2605 5783 .
