4038 6354
378 289 487 351 999

1242 283 1300 336 Β.
1342 281 1404 336 F.
1443 274 1670 333 ALBINI
1706 272 1840 330 SEU
1878 265 2153 326 ALCUlNl
2188 263 2473 322 OPERUM
2507 259 2687 318 PARS
2725 256 2834 313 VII.

3519 249 3660 307 l000

382 401 710 472 colliguntur
735 395 872 452 hora
905 411 1013 451 una
1034 402 1090 449 et
1113 392 1352 456 dimidia,
1375 391 1428 446 id
1455 399 1556 454 est,
1583 404 1652 444 ιι
1671 391 1966 442 momenta.
1997 383 2050 442 Α
2076 378 2254 472 divide
2279 392 2378 447 per
2401 363 3033 472 septinarium,-et.'quod
3061 363 3407 472 remanserit,
3435 365 3550 472 ipsa
3573 375 3665 422 est

383 493 441 546 In
471 459 539 544 vi
555 497 738 544 autem
767 488 1064 551 mensibus,
1093 493 1148 539 et
1171 484 1382 538 duobus
1408 479 1616 541 diebus,
1658 485 1713 532 et
1747 492 1799 529 ιιι
1825 475 1974 529 horae
2072 473 2208 527 feria
2230 471 2370 526 luna:
2395 485 2540 532 xuu,
2562 476 2620 522 et
2655 465 2735 521 sic
2777 462 3032 518 facillime
3057 460 3124 514 ad
3151 459 3294 513 diem
3319 459 3664 514 Dominicum

386 577 482 652 μ’.
512 595 590 634 xu
616 576 790 650 horis]
819 571 1145 645 colliguntur
1187 589 1290 628 cxx
1337 575 1632 632 momenta,
1663 567 1768 622 hoc
1797 573 1882 620 est
1908 578 1971 617 ιιι
2071 562 2374 636 pervenies.
2411 560 2592 614 Mense
2613 554 3006 652 autemhlartio
3031 562 3152 652 tene
3175 552 3454 652 regulares
3475 569 3666 652 xxxv-1,

384 670 536 724 horae
577 667 632 723 in
675 673 987 737 augmento,
1029 671 1085 720 et
1118 665 1453 718 incremento
1500 661 1663 723 lueis,
1713 673 1809 728 per
1861 657 1978 710 dies

387 773 604 812 cexxxu
634 765 689 814 et
716 773 793 811 xu
839 755 1006 827 368
1023 755 1224 818 horas;
1251 762 1305 807 et
1347 753 1422 806 ita
1450 751 1613 806 simili
1663 749 1894 813 ratione,
1924 755 1981 801 et

389 849 804 920 investigatione
846 846 966 902 alite
996 863 1055 901 ιιι
1086 846 1254 910 horae,
1305 842 1398 916 [F.
1439 841 1610 913 suppl.
1652 837 1818 911 unde]
1840 854 1978 908 qua-

391 939 556 993 drans
603 936 864 992 naturalis
915 935 1166 1001 eliicitur,
1215 941 1270 988 et
1309 932 1388 1005 [et
1420 932 1627 986 videtur
1663 927 1978 1000 redundare]

389 1028 717 1099 colliguntur
752 1027 808 1082 in
842 1035 1153 1098 augmento,
1208 1034 1266 1079 et
1311 1025 1648 1079 incremento
1692 1022 1888 1085 noctis,
1931 1028 1985 1075 ct

391 1121 742 1176 tenebrarum
779 1136 810 1174 a
856 1120 1089 1176 solstitio
1129 1118 1318 1173 aestivo
1362 1132 1533 1185 usque
1582 1117 1650 1170 ad
1693 1115 1984 1170 solstitium

391 1213 626 1266 hiemale
651 1227 746 1281 per
777 1212 1010 1268 medium
1036 1226 1259 1275 annum,
1293 1211 1395 1264 hoc
1433 1215 1537 1272 est,
1564 1223 1663 1276 per
1687 1223 1740 1260 vr
1772 1218 1986 1260 menses

395 1306 575 1379 (quasi
597 1303 826 1358 fuissent
852 1318 1042 1357 omnes
1069 1302 1306 1371 :equaies
1333 1299 1569 1369 trigeni),
1601 1306 1653 1352 et
1683 1298 1819 1352 duos
1847 1297 1983 1360 dies,

395 1404 450 1450 et
488 1412 564 1450 xu
614 1396 808 1460 horas;
856 1402 912 1448 et
939 1393 1014 1447 ita
1062 1393 1117 1447 in
1161 1405 1484 1462 unoquoque
1520 1389 1607 1444 die
1646 1390 1764 1444 dum
1807 1396 1990 1458 partes

395 1485 680 1548 momenti,
712 1485 767 1538 in
796 1499 904 1538 xxx
951 1483 1144 1538 diebus
1172 1491 1226 1536 et
1251 1499 1284 1536 x
1314 1483 1465 1536 horis
1504 1496 1572 1534 xx
1605 1487 1902 1534 momenta.
1932 1478 1989 1531 in

403 1589 473 1628 cx
516 1573 664 1645 [Leg.
698 1574 787 1645 xc]
819 1574 1029 1639 diebus,
1074 1583 1129 1628 et
1157 1573 1212 1627 in
1255 1589 1364 1627 uno
1391 1572 1476 1627 die
1502 1579 1558 1626 et
1585 1586 1638 1624 vi
1667 1570 1817 1624 horis
1847 1567 1993 1622 colli;

399 1674 601 1734 guntur
647 1679 716 1718 ιιι
751 1671 1042 1726 momenta,
1095 1665 1200 1718 hoc
1234 1674 1318 1717 est
1351 1663 1509 1726 hora,
1560 1668 1614 1715 et
1652 1659 1903 1722 dimidia;
1937 1667 1992 1712 et

2076 653 2334 708 subtrahe
2361 657 2584 720 epactas
2629 647 2754 701 anni
2801 646 2968 708 illius,
2993 641 3142 696 verbi
3189 643 3388 713 gratia,
3430 643 3670 700 secundo

2077 756 2218 796 anno
2243 739 2433 796 circuli
2471 735 2918 792 decenuovenalis
2945 749 3021 797 xi,
3051 730 3186 785 liunt
3229 747 3355 786 xxv.
3395 731 3672 787 Vicesima

2078 833 2267 903 quinta
2295 831 2382 884 die
2410 827 2613 884 mensis
2650 827 2890 896 ejusdem
2933 839 3052 878 xuu
3086 811 3212 878 luna
3240 822 3437 886 aderit,
3474 821 3528 876 id
3561 833 3673 889 est,

2083 939 2175 978 vm
2208 921 2325 976 Kal.
2356 919 2574 990 Aprilis.
2611 916 2667 971 Si
2697 929 2826 971 vero
2856 915 3046 970 feriam
3077 914 3322 984 ejuSdem
3356 912 3464 968 diei
3492 912 3679 982 requi—

2084 1030 2193 1078 ras,
2245 1013 2382 1066 adde
2411 1023 2634 1064 numero
2669 1005 2985 1076 [ιι-περιήιιο
3015 1011 3408 1076 concurrentes
3445 1003 3573 1056 anni
3608 1001 3682 1055 ii-

2084 1104 2188 1157 iius
2209 1110 2263 1155 et
2295 1100 2570 1170 regulares
2599 1113 2683 1151 ιιιι
2713 1097 2766 1150 in
2809 1093 3022 1148 Martio.
3057 1093 3258 1163 Hisque
3287 1094 3340 1146 in
3371 1107 3540 1145 unum
3567 1091 3686 1146 coi-

2087 1193 2257 1255 ieetis,
2289 1190 2596 1260 partitoque
2630 1202 2730 1256 per
2755 1171 3122 1254 septenari'um
3144 1225 3157 1249 ,
3191 1192 3245 1237 et
3272 1181 3418 1252 quod
3458 1197 3683 1236 reman-

2091 1285 2242 1347 serit,
2281 1285 2396 1352 ipse
2443 1289 2526 1336 est
2561 1281 2678 1335 dies
2721 1281 2862 1334 luna:
2895 1295 3038 1343 xuu,
3085 1279 3129 1331 si
3161 1274 3293 1331 nihil
3329 1275 3685 1340 remanserit,

2089 1392 2164 1428 vn
2211 1375 2346 1428 leria
2377 1382 2476 1427 est.
2505 1373 2672 1443 igitur
2711 1373 2754 1426 si
2793 1371 3050 1426 detractis
3087 1370 3327 1439 epactis,
3361 1381 3472 1422 xxx
3503 1384 3689 1423 rema-

2091 1474 2258 1530 nent,
2316 1474 2496 1519 tamen
2540 1463 2900 1533 quodcunque
2947 1471 3228 1532 superest,
3276 1461 3390 1530 ipse
3433 1465 3521 1516 est
3572 1460 3693 1515 dies

2093 1556 2329 1622 mensis,
2372 1557 2426 1610 in
2460 1569 2566 1625 quo
2596 1566 2846 1626 quartam
2883 1554 3147 1609 decimam
3189 1554 3377 1608 lunam
3420 1554 3691 1622 reperies.

2098 1649 2166 1703 Ut
2205 1663 2272 1703 eo
2303 1662 2464 1711 anno,
2493 1661 2602 1717 quo
2648 1663 2730 1701 ιιιι
2775 1654 2978 1716 epactu:
3028 1644 3182 1709 fiunt,
3225 1640 3452 1700 absume
3495 1657 3580 1698 ιιιι
3623 1644 3694 1699 de

399 1755 480 1809 sic
508 1754 562 1808 in
608 1769 801 1817 eLxxx,
828 1761 885 1808 et
919 1753 1128 1808 duobus
1157 1753 1370 1817 diebus,
1411 1759 1467 1806 et
1494 1768 1570 1805 xu
1606 1751 1756 1804 horis
1787 1749 1906 1804 aliae
1929 1765 1990 1802 ιιι

2116 1753 2264 1804 rxxv,
2305 1744 2367 1790 et
2407 1745 2690 1791 remanent
2727 1751 2892 1800 xxxi;
2944 1734 3069 1790 tolle
3111 1748 3219 1789 xxx
3267 1743 3322 1789 et
3375 1742 3623 1790 remanet
3647 1748 3690 1788 ι.

400 1841 550 1897 horae
571 1842 624 1896 in
649 1850 938 1912 augmento
959 1843 1135 1898 noctis
1156 1842 1449 1913 coliiguntu
1459 1857 1503 1906 r,
1533 1850 1588 1895 et
1611 1841 1682 1894 ita
1703 1855 1800 1910 per
1823 1847 1995 1894 totum

401 1949 607 1990 annum
649 1934 926 2004 quadrans
975 1935 1239 1990 naturalis
1280 1952 1330 1988 vI
1365 1936 1636 1992 .horarum
1685 1943 2000 1988 accrescere

401 2026 634 2080 videtur.
679 2026 814 2081 Tres
844 2026 992 2081 horae
1023 2026 1076 2080 in
1117 2035 1407 2096 augmento
1449 2025 1672 2080 luminis
1705 2039 1734 2077 a
1767 2023 1999 2078 solstitio

407 2116 632 2172 hiemali
683 2131 856 2184 usque
898 2117 968 2170 ad
1018 2116 1310 2171 solstitium
1361 2115 1630 2170 aestivum.
1681 2114 1750 2168 Et
1793 2114 2000 2168 alitem

404 2207 554 2262 hora:
576 2207 632 2261 in
661 2216 956 2277 augmento
980 2208 1158 2261 noctis
1183 2222 1214 2259 a
1245 2205 1476 2261 solstitio
1514 2205 1704 2260 mstivo
1733 2220 1908 2273 usque
1935 2203 2002 2258 ad

406 2298 698 2354 solstitium
727 2299 977 2353 hiemale.
1019 2299 1084 2352 Et
1116 2300 1190 2352 ita
1215 2314 1268 2350 vi
1297 2298 1447 2351 bone
1479 2297 1643 2362 ﬁunt,
1667 2312 1790 2366 quae
1816 2312 2006 2366 super-

409 2398 559 2455 sunt,
597 2397 653 2443 et
695 2399 979 2444 remanent
1019 2390 1086 2444 de
1108 2405 1271 2444 cursu
1299 2388 1430 2443 solis
1453 2403 1627 2458 usque
1655 2388 1782 2442 dum
1813 2402 2007 2457 perve-

411 2482 493 2536 nit
533 2482 601 2536 ad
629 2481 873 2536 eamdem
919 2481 1140 2546 lineam,
1172 2490 1225 2534 et
1266 2480 1334 2534 ad
1374 2480 1626 2534 eumdem
1653 2479 1830 2533 locum
1861 2477 2004 2541 cmli,

412 2589 482 2630 ex
509 2589 617 2644 quo
643 2587 902 2644 egressus
927 2583 1029 2636 est,
1054 2581 1110 2626 et
1149 2572 1410 2626 ambitum
1441 2571 1648 2638 zodiaci
1686 2570 1871 2624 circuli
1913 2576 2010 2639 per

413 2680 617 2720 ecetxv
641 2664 758 2721 dies
779 2671 836 2720 et
860 2679 914 2720 v1
943 2665 1128 2719 horas.
1161 2663 1452 2732 [lucusque
1479 2662 1545 2717 de
1575 2661 1814 2716 bissexto
1834 2673 2011 2729 pauca

416 2755 671 2812 diximus.

659 2885 688 2914 ι
717 2871 1152 2929 CALCULATIO
1178 2871 1406 2926 ALBINI
1438 2866 1787 2925 MAGISTRI.

424 2985 702 3052 Quomodo
735 2983 898 3054 possit
917 2982 1144 3054 reperiri
1171 3000 1272 3052 quo
1302 2982 1384 3036 die
1414 2979 1602 3054 mensis
1638 2981 1716 3036 rel
1747 2991 1902 3052 quota
1940 2979 2019 3050 fc-

489 3059 570 3109 ria
596 3069 717 3110 xuu
735 3049 876 3108 'luna
909 3049 1132 3107 Pdsclue
1163 3049 1404 3106 occurrat
1430 3063 1523 3119 per
1551 3053 1727 3106 decem
1760 3049 1806 3105 et
1834 3065 2016 3104 norem
2045 3071 2094 3133 α

493 3139 683 3180 annos.

491 3234 718 3290 Martius
751 3233 916 3290 habet
956 3231 1238 3306 regulares
1273 3246 1466 3296 xxxvi,
1514 3242 1567 3288 et
1608 3227 1660 3287 in
1700 3231 1863 3287 linem
1896 3247 2016 3288 vuu

427 3322 623 3396 [Beda,
651 3332 707 3379 et
731 3324 970 3379 minores
988 3320 1335 3396 uu].Aprilis
1360 3323 1522 3377 habet
1550 3322 1824 3393 regulares
1852 3337 2016 3387 xxxv,

424 3422 483 3471 et
513 3414 568 3469 in
597 3414 762 3470 tinem
792 3431 865 3468 vu
897 3414 1091 3486 [Beda,
1118 3422 1176 3470 et
1200 3413 1439 3469 minores
1467 3411 1588 3485 vn].

499 3504 684 3562 Primo
729 3521 872 3562 anno
911 3506 1102 3563 circuli
1134 3506 1582 3562 decennovenaiis
1619 3521 1724 3559 xxx
1772 3512 1860 3559 est
1893 3503 2021 3558 luna

427 3597 484 3653 in
504 3615 562 3654 χι
591 3595 712 3654 Kal.
735 3599 967 3670 Aprilis;
1016 3600 1316 3670 eodemque
1343 3615 1484 3654 anno
1512 3599 1636 3654 luna
1682 3608 1802 3653 xuu
1832 3598 2022 3667 quinto

431 3689 519 3745 die
539 3689 910 3746 Kalendarum
931 3691 1148 3762 Aprilis,
1178 3689 1234 3747 id
1259 3699 1362 3756 est,
1393 3691 1573 3746 Nonas
1603 3689 1822 3759 Aprilis.
1847 3685 2024 3756 Junge

432 3795 468 3832 v
489 3779 556 3833 ad
582 3795 708 3843 xxx,
741 3788 795 3836 ct
824 3796 978 3836 sume
1006 3797 1106 3850 pro
1137 3780 1477 3851 regularibus
1507 3780 1707 3834 mensis
1733 3777 1933 3848 Aprilis
1960 3790 2045 3844 eo,

431 3885 598 3935 anno,
622 3887 730 3942 quo
753 3887 872 3927 xuu
901 3872 1027 3926 luna
1057 3873 1109 3926 in
1139 3888 1381 3927 mensem
1410 3871 1644 3942 Aprilem
1669 3868 1917 3924 incurrit.
1951 3869 2026 3924 Eo

435 3975 568 4016 vero
611 3977 772 4028 anno,
820 3979 928 4032 quo
965 3979 1149 4018 mense
1202 3963 1397 4017 Martio
1444 3979 1568 4016 xuu
1611 3961 1734 4014 luna
1776 3961 2023 4024 incurrit,

437 4049 595 4106 trade
625 4051 818 4108 Martio
853 4053 1126 4123 regulares
1171 4069 1359 4108 xxxvr.
1387 4052 1466 4106 Ex
1495 4051 1699 4121 epactis
1733 4052 1919 4119 utique
1951 4051 2029 4104 i'a-

437 4141 643 4196 cillime
669 4144 935 4215 agnoscis,
969 4155 1150 4200 utrum
1179 4146 1230 4198 in
1262 4143 1510 4198 Martium
1539 4159 1605 4196 an
1634 4141 1874 4213 Aprilem
1905 4158 2026 4196 xuu

440 4231 569 4286 luna
611 4234 849 4288 eveniat.
897 4233 953 4288 Si
988 4236 1134 4290 enim
1177 4235 1298 4305 plus
1339 4250 1405 4288 xv
1444 4242 1535 4287 aut
1562 4234 1740 4287 minus
1766 4248 1798 4284 v
1823 4233 2030 4301 epaclis

439 4323 628 4388 habes,
658 4325 864 4395 Aprilio
895 4326 1073 4400 [Apud
1115 4327 1314 4381 Bedam
1344 4325 1537 4398 Aprili]
1581 4341 1698 4379 xuu
1725 4324 1850 4378 luna
1884 4340 2030 4378 com-

2098 1828 2284 1884 Prima
2321 1827 2410 1882 die
2441 1827 2643 1882 mensis
2685 1843 2805 1881 XIIII
2831 1827 2954 1880 luna
2982 1826 3240 1890 occurrit,
3273 1825 3324 1880 id
3353 1833 3460 1889 est,
3499 1825 3697 1880 Kalen.

2101 1918 2186 1974 dis
2212 1918 2431 1988 Aprilis.
2463 1917 2520 1972 Si
2549 1932 2680 1971 vero
2705 1917 2949 1972 deductis
2971 1917 3199 1986 epactis,
3229 1930 3336 1969 xxx
3370 1923 3578 1969 tantum
3607 1931 3694 1970 re-

2101 2016 2365 2073 manent,
2417 2007 2690 2079 trigesima
2741 2008 2827 2062 die
2881 2007 3084 2062 mensis
3131 2022 3250 2061 xuu
3310 2006 3438 2061 luna
3489 2007 3695 2071 evenit,

2102 2102 2248 2172 quod
2300 2101 2468 2156 semel
2521 2102 2661 2155 intra
2713 2117 2868 2154 xvml
2921 2101 3114 2155 accidit
3148 2110 3354 2162 annos,
3405 2098 3623 2169 quando
3643 2113 3696 2154 vl

2105 2207 2309 2270 epa‘ctm
2353 2185 2722 2263 ascribuntur,
2749 2207 2805 2252 et
2842 2197 2894 2252 in
2942 2213 3002 2251 ιιι
3031 2195 3149 2250 Kal.
3191 2194 3393 2265 Aprilis
3423 2204 3545 2249 xuu
3575 2194 3698 2248 luna

2104 2295 2374 2365 provenit.
2419 2293 2492 2348 Ut
2519 2300 2573 2348 te
2600 2293 2860 2362 exemplis
2902 2293 2970 2347 ad
3019 2292 3398 2347 inveniendam
3431 2282 3700 2346 instruam

2108 2386 2321 2452 feriam,
2368 2401 2474 2456 qua
2518 2403 2640 2442 xuu
2668 2385 2794 2440 luna
2823 2393 3095 2448 occurrat,
3137 2389 3198 2440 ut
3227 2385 3355 2456 puta
3385 2401 3529 2440 anno
3563 2402 3704 2456 pne-

2109 2477 2250 2531 senti
2297 2475 2591 2531 Dominicze
2633 2474 3021 2531 incarnationis
3063 2475 3167 2529 776
3197 2477 3244 2542 ιδ,
3291 2491 3446 2531 sume
3485 2485 3703 2547 epactas

2111 2566 2270 2633 hujus
2291 2565 2418 2620 anni
2447 2582 2594 2630 xxvr,
2643 2565 3011 2636 detractisque
3038 2566 3246 2621 eisdem
3273 2566 3340 2621 de
3369 2571 3518 2620 ‘xxxv
3550 2580 3705 2636 regu-

2112 2655 2340 2720 laribus,
2370 2664 2424 2710 et
2467 2665 2748 2712 remanent
2777 2655 2907 2711 ‘vml
2949 2666 3004 2711 et
3044 2663 3171 2711 ccee
3213 2671 3354 2710 nona
3382 2656 3471 2710 die
3502 2656 3706 2710 mensis

2114 2762 2236 2800 xuu
2283 2745 2409 2800 luna
2440 2747 2564 2812 erit,
2612 2747 2663 2801 id
2703 2757 2804 2812 est,
2833 2763 2866 2799 v
2891 2747 3016 2803 libis
3052 2745 3282 2817 Aprilis;
3325 2738 3494 2818 iunge
3539 2747 3705 2802 etiam

2115 2845 2502 2894 concurrentes
2551 2837 2679 2893 anni
2732 2839 3046 2909 pne‘sentis‘,
3099 2840 3154 2894 id
3186 2840 3270 2894 est
3317 2857 3334 2895 ι
3384 2839 3452 2895 ad
3493 2855 3612 2894 mu
3653 2846 3710 2895 et

2118 2929 2256 2984 ﬁunt
2279 2947 2333 2984 x.
2383 2930 2480 2984 His
2521 2931 2660 2986 adde
2677 2947 2775 2996 vu,
2802 2938 2858 2986 et
2879 2931 3012 2986 ﬁunt
3047 2937 3179 2997 xv‘u,
3233 2933 3335 2988 hos
3373 2933 3582 3004 partire
3614 2947 3711 3003 per

2120 3039 2195 3076 vn
2221 3039 2236 3085 ;
2269 3021 2354 3076 bis
2377 3030 2582 3091 septem
2613 3038 2736 3078 xuu
2763 3031 2818 3078 et
2842 3033 3123 3079 remanent
3144 3031 3228 3090 iu,
3258 3021 3428 3080 tertia
3452 3021 3586 3080 feria
3607 3025 3713 3081 erit

2123 3115 2250 3170 luna
2271 3131 2423 3181 xuu;
2448 3124 2661 3186 quarta,
2689 3127 2787 3183 xv;
2819 3118 3029 3188 quinta,
3059 3129 3182 3186 xvi;
3210 3123 3383 3186 sexta,
3411 3137 3558 3188 xvu;
3584 3136 3711 3192 sep-

2119 3207 2274 3272 tima,
2299 3223 2435 3262 xvm
2453 3225 2467 3272 ;
2485 3209 2680 3276 prima,
2707 3219 2887 3275 xvllu,
2916 3211 3008 3281 qui
3035 3220 3120 3266 est
3151 3207 3266 3267 dies
3291 3208 3534 3278 Paschn,
3565 3215 3716 3270 vide-

2121 3299 2247 3354 licet
2287 3309 2481 3370 quarta
2519 3301 2729 3356 decima
2761 3300 2952 3373 [Beda,
2980 3319 3014 3356 v
3039 3302 3162 3358 ldus
3188 3297 3409 3375 Aprilis]
3434 3305 3591 3370 luna;
3628 3323 3713 3361 ιιιι

2121 3391 2243 3447 ldus
2282 3393 2503 3462 quinta;
2548 3409 2612 3448 ιιι
2649 3381 2774 3449 idus
2819 3403 2970 3450 sexta
3009 3392 3304 3462 decima;u
3330 3396 3449 3451 ldus
3475 3398 3716 3468 septima

2123 3483 2330 3539 decima
2356 3501 2370 3550 ;
2399 3484 2521 3540 ldus
2547 3492 2680 3540 xviu
2705 3483 2893 3558 [Beda,
2937 3483 3027 3559 xv]
3061 3503 3194 3542 xvm
3227 3487 3344 3542 Kal.
3366 3486 3537 3543 Maias
3565 3504 3716 3544 nona

2125 3573 2354 3628 decima.

2197 3687 2446 3744 Secundo
2467 3704 2608 3744 anno
2635 3699 2758 3761 post
2778 3691 2940 3754 hunc,
2964 3708 3038 3747 vu
3070 3690 3304 3764 [Subint.
3331 3702 3460 3748 sunt
3478 3692 3704 3765 epactze]

2127 3777 2253 3848 quia
2298 3777 2419 3847 plus
2445 3795 2476 3831 v
2504 3788 2710 3836 suntet
2737 3781 2916 3836 minus
2958 3799 3045 3846 xv,
3079 3785 3146 3837 ad
3187 3783 3440 3838 Martium
3483 3789 3720 3854 pertinet

2128 3885 2251 3923 xuu
2277 3868 2424 3934 luna,
2450 3886 2614 3940 quam
2637 3865 2718 3926 sic
2745 3873 2992 3942 requires
3017 3888 3031 3926 :
3063 3889 3213 3928 sume
3246 3876 3522 3945 regulares
3543 3875 3718 3932 Martii

2132 3958 2338 4013 mensis
2391 3975 2585 4024 xxxvi,
2640 3961 2867 4016 detrahe
2915 3963 2984 4017 ab
3033 3963 3114 4018 eis
3167 3979 3281 4019 vu.
3335 3974 3390 4019 et
3441 3975 3721 4023 remanent

2130 4066 2321 4104 xxvuu
2349 4092 2364 4116 ,
2411 4052 2668 4108 vicesima
2711 4070 2852 4110 nona
2883 4055 2985 4146 .die
3021 4057 3226 4112 mensis
3276 4057 3488 4126 Martii,
3533 4060 3586 4114 id
3620 4069 3721 4126 est,

2131 4154 2215 4193 nu
2240 4133 2358 4193 Kal.
2388 4135 2591 4209 Aprilis
2619 4152 2813 4211 quarta
2841 4133 3046 4199 decima
3071 4145 3196 4200 luna
3231 4148 3326 4203 tibi
3355 4151 3621 4205 occurrit.
3643 4151 3724 4206 Ad

2133 4229 2510 4285 inveniendam
2557 4230 2750 4287 feriam
2791 4250 2943 4290 sume
2983 4238 3204 4294 easdem
3250 4255 3466 4304 xxvuu,
3493 4250 3552 4295 et
3591 4241 3728 4298 adde

2132 4319 2213 4378 eis
2242 4333 2630 4380 concurrentes
2651 4327 2776 4381 anni
2809 4327 2972 4394 illius,
3017 4330 3070 4385 id
3096 4341 3182 4387 est
3209 4349 3268 4396 ιι,
3301 4333 3436 4386 ﬁunt
3465 4349 3596 4388 xxxi
3624 4352 3638 4388 ;
3673 4335 3726 4388 in

441 4420 681 4481 putatur,
737 4415 780 4468 si
811 4431 942 4470 vero
983 4417 1104 4486 plus
1133 4432 1165 4468 v
1192 4426 1248 4470 et
1279 4419 1454 4470 minus
1496 4433 1563 4470 xv
1591 4415 1794 4486 epactis
1838 4415 2028 4480 habes,
2065 4444 2113 4504 υ
2137 4415 2222 4470 his
2244 4431 2458 4486 quoque
2481 4417 2653 4488 adjice
2677 4420 2954 4489 regulares
2977 4439 3083 4487 ιιιι,
3112 4432 3167 4478 et
3186 4425 3293 4479 erit
3311 4425 3490 4480 omnis
3517 4441 3729 4482 summa

444 4501 643 4558 Martio
686 4522 807 4562 xuu
851 4505 978 4561 luna
1003 4508 1312 4576 deputatur.
1345 4508 1491 4563 Tene
1519 4524 1648 4579 ergo
1678 4508 1952 4578 regulares
1979 4508 2032 4562 in

444 4594 653 4665 Apriiio
682 4613 845 4662 xxxv,
885 4606 940 4652 et
969 4599 1226 4655 subtrahe
1251 4607 1469 4670 epactas
1489 4613 1702 4668 semper
1729 4599 1845 4668 ejus
1883 4599 2032 4666 anni,

444 4693 500 4740 et
528 4687 668 4755 quod
697 4689 1041 4752 remanserit,
1070 4689 1182 4762 ipsa
1204 4699 1288 4746 est
1316 4689 1431 4745 dies
1447 4705 1564 4744 xuu
1589 4689 1729 4745 luna:
1759 4707 1770 4743 :
1801 4698 1858 4744 ut
1885 4696 2032 4759 puta;

446 4775 610 4830 tertio
639 4793 783 4833 anno
809 4778 996 4834 circuli
1024 4780 1496 4846 decennovenalis,
1527 4797 1603 4836 xu
1627 4789 1788 4835 erunt
1809 4791 2035 4850 epactm;

449 4865 579 4920 tolle
609 4883 723 4921 xxu
757 4869 824 4923 de
854 4885 1015 4935 xxxv,
1041 4879 1096 4925 et
1137 4879 1422 4926 remanent
1455 4887 1552 4926 xm
1587 4889 1600 4925 :
1630 4871 1788 4925 tertia
1828 4871 2035 4926 decima

447 4959 535 5013 die
565 4959 770 5015 mensis
792 4960 1014 5030 Aprilis,
1052 4963 1104 5018 id
1131 4971 1238 5032 est,
1269 4964 1395 5020 ldus
1419 4963 1619 5034 Aprilis
1641 4979 1764 5018 xuu
1795 4963 1920 5018 luna
1945 4977 2038 5019 oc-

448 5049 640 5104 currit.
674 5047 730 5106 Si
758 5067 886 5109 vero
911 5054 1103 5109 feriam
1126 5067 1340 5125 qumras
1373 5064 1581 5126 quarta:
1607 5056 1830 5111 decima:
1869 5055 2032 5122 iunm,

451 5139 589 5195 adde
623 5153 1010 5200 concurrentes
1055 5147 1181 5202 anni
1219 5146 1364 5202 illius
1402 5161 1652 5213 numero,
1699 5146 1790 5216 qui
1819 5147 2038 5202 relictus

446 5239 555 5297 est,
589 5242 649 5288 ut
674 5243 803 5304 puta
836 5238 952 5292 istis
981 5254 1102 5301 xm,
1125 5239 1218 5308 qui
1240 5239 1293 5293 in
1320 5239 1572 5308 przesenti
1602 5246 1725 5293 sunt
1751 5255 1763 5291 :
1791 5237 1849 5292 in
1873 5236 2039 5306 Apri-

445 5326 519 5382 iio
547 5343 764 5398 quoque
790 5345 862 5383 vu
893 5325 1168 5401 regulares
1197 5349 1210 5385 :
1243 5333 1358 5387 inec
1384 5333 1562 5386 omnia
1591 5332 1803 5404 collige,
1831 5339 1885 5386 et
1913 5336 2038 5400 post

523 5482 649 5536 IEx
693 5485 811 5538 cod.
864 5501 966 5538 ms.
1021 5480 1268 5540 Palatino
1317 5486 1435 5540 Vat.
1493 5502 1546 5539 ιι.
1599 5484 1757 5549 1449,
1801 5483 1927 5538 folio
1971 5483 2031 5536 ll

449 5554 854 5638 verso.hExsltat
882 5557 1022 5638 apud
1053 5555 1467 5638 [ledam_tom.l
1489 5555 1899 5638 Operum,‘_pag_.
1935 5551 2040 5638 ΨΒ

451 5622 583 5674 edit.
634 5621 961 5680 Basileensis
987 5627 1112 5681 anui
1147 5628 1310 5692 1565,
1345 5621 1608 5681 insertum
1638 5621 1816 5680 libello
1846 5621 1911 5680 de
1941 5623 2040 5676 Ar-

451 5695 722 5763 gumentis
745 5694 882 5749 inme
911 5706 964 5752 et
995 5707 1236 5752 assutum
1269 5698 1508 5756 enistoll:
1537 5696 1603 5752 de
1635 5696 1858 5751 Pascha:
1885 5693 2041 5751 Cele-

2137 4523 2314 4572 xxxv;
2362 4509 2567 4578 partire
2617 4526 2714 4580 per
2758 4526 2833 4566 vu
2872 4520 2927 4567 et
2962 4529 3035 4567 vu
3067 4527 3082 4567 :
3109 4514 3397 4584 quinquies
3457 4515 3606 4570 enim
3656 4531 3731 4571 vn

2138 4593 2278 4651 ﬁunt
2307 4613 2469 4664 xxxv,
2501 4607 2558 4654 et
2587 4599 2721 4654 nihil
2752 4611 3016 4669 remanet,
3048 4604 3174 4674 quia
3204 4606 3436 4674 septima
3466 4606 3600 4662 feria
3631 4608 3738 4665 erit

2136 4685 2266 4743 luna
2295 4698 2487 4759 quarta
2525 4691 2758 4758 decima,
2807 4709 2890 4750 uu
2938 4694 3056 4748 Kal.
3096 4695 3297 4765 Aprilis
3334 4715 3347 4750 :
3381 4706 3437 4753 et
3463 4699 3737 4768 quintam

2139 4779 2261 4835 Kal.
2290 4781 2490 4850 Aprilis
2534 4783 2648 4853 ipse
2677 4793 2762 4838 est
2791 4784 2907 4841 dies
2935 4787 3250 4844 Dominicus
3279 4788 3524 4845 Pasehre.
3557 4791 3736 4846 Etiam

2138 4873 2220 4929 sic
2256 4888 2354 4943 per
2397 4873 2638 4944 singulos
2663 4876 2850 4931 circuli
2883 4877 3334 4936 decennovenalis
3375 4897 3550 4943 annos
3595 4897 3739 4937 sem-

2138 4975 2237 5030 per
2263 4961 2348 5016 his
2370 4961 2725 5033 regularibus,
2749 4973 2804 5020 et
2825 4967 2926 5022 hac
2953 4968 3164 5023 ratione
3192 4970 3386 5024 annuis
3412 4980 3733 5041 epaetarum

2141 5053 2403 5109 detractis
2425 5055 2634 5120 diebus,
2659 5057 2926 5114 de‘cimam
2955 5071 3204 5132 quartam
3230 5064 3350 5119 sine
3372 5080 3562 5121 errore
3589 5082 3740 5138 repe-

2146 5143 2255 5199 ries
2279 5142 2464 5199 lunam
2495 5153 2550 5199 et
2577 5146 2682 5203 illis
2715 5149 3054 5218 regularibus
3079 5167 3200 5206 cum
3226 5163 3482 5209 currente
3513 5170 3739 5210 numero

2141 5235 2464 5306 per-scripto
2495 5235 2717 5304 junctis,
2772 5238 2962 5294 feriam
3012 5257 3226 5312 quoque
3267 5243 3494 5300 decima:
3532 5257 3740 5316 quarta

2143 5327 2284 5382 luna:
2334 5327 2454 5382 sine
2496 5329 2750 5399 scrupulo
2789 5331 3161 5404 investigabis,
3196 5343 3250 5390 et
3297 5336 3377 5391 sic
3413 5339 3739 5408 computatis

2143 5480 2524 5561 hiationehad
2565 5481 2924 5561 chlgredam
2961 5488 3166 5561 presb.,
3199 5499 3346 5561 tom.
3377 5491 3439 5554 li,
3473 5507 3599 5561 pag.
3640 5492 3739 5545 545

2147 5549 2494 5624 (Patrologite
2525 5561 2672 5609 tomo
2701 5553 2810 5624 XC,
2844 5549 3086 5613 coi.'605
3111 5549 3166 5613 et
3197 5559 3345 5624 710).

2222 5621 2250 5661 ι»
2281 5620 2358 5674 ita
2381 5621 2544 5676 etiam
2573 5625 2713 5693 apud
2735 5623 2958 5694 Bedam,
2987 5626 3076 5698 qui
3120 5620 3412 5687 tamen-diu
3444 5642 3574 5689 ante
3601 5634 3740 5689 hunc

2149 5707 2352 5747 annum
2381 5701 2625 5749 mortuus
2644 5703 2746 5750 cst.
