4038 6354
279 308 419 367 1001

1443 314 1593 372 ΟΡΡ.
1637 308 1866 368 DUBlA.
1906 338 1975 350 -—
2005 308 2343 372 MONITUM.

3400 317 3537 372 1002

270 425 428 482 feriis
458 441 578 497 qua:
620 428 892 499 supersint
919 432 1233 504 septimanae
1270 432 1430 498 illius,
1476 433 1615 487 lunae
1644 447 1857 502 quoque
1884 435 1937 496 Α
2029 429 2177 497 Haec,
2206 433 2402 489 dilecte
2432 447 2632 500 comes,
2654 433 2874 505 proprio
2904 440 3221 503 argumenta
3248 431 3436 489 labore

272 525 489 571 aetatem
529 521 824 574 crescentis
869 522 1092 592 singulis
1136 539 1345 594 appone
1383 523 1591 587 diebus,
1644 530 1701 577 et
1727 529 1855 577 tunc

242 686 246 691 '
274 609 437 663 simul
465 610 642 665 locum
668 610 806 667 lunas
831 623 885 668 et
902 622 1118 670 aetatem
1140 608 1398 671 citissime
1423 616 1685 671 invenies.

242 698 249 739 ἵ

244 746 249 779 i

2031 524 2301 595 Descripsi
2330 527 2560 592 tibimet,
2584 536 2641 581 tu
2664 528 2751 582 dic
2774 542 2880 597 quo
2906 542 3129 582 munere
3156 541 3369 583 mecum

2034 615 2286 673 Certares
2312 619 2487 683 hodie,
2519 621 2588 675 do
2617 619 2741 675 talia
2766 620 2892 675 dum
2917 620 3012 675 tibi
3037 618 3231 677 fessus.

276 749 3527 793 ψ

896 895 1462 1011 ΒΕΔΤῙ
1544 896 1867 1010 ΓΒΔ

1971 895 2188 1009 ΞΟῙ
2260 896 2912 1011 ALBINI

1842 1102 1978 1165 SEU

1361 1236 2355 1458 .ALCUINI

1276 1573 1654 1637 CAROLI
1717 1571 2024 1632 MAGNI
2084 1568 2545 1630 MAGISTRI

690 1750 992 1909 rus
1096 1746 1577 1906 octava.
2038 1742 2610 1899 ornum
2715 1744 3109 1899 DUBIA.

1243 2070 1407 2141 369
1481 2082 1974 2161 MONITUM
2035 2078 2546 2160 PIUEVIUM.

342 2307 546 2364 Praeter
593 2324 756 2379 opera
808 2324 928 2382 quae
962 2309 1134 2382 certis
1180 2309 1514 2380 argumentis
1557 2307 1716 2362 beato
1760 2306 1853 2360 ΑΙ·
1884 2310 1930 2370 Β
1957 2307 2019 2361 D.
2052 2308 2357 2382 iChiftletius
2381 2308 2442 2382 _S.
2480 2309 2536 2382 Ι,
2573 2308 2641 2382 Et
2679 2317 2826 2364 certe
2863 2319 2989 2365 sunt
3025 2312 3264 2382 nonnulli
3303 2314 3545 2373 celebres

271 2382 465 2443 euino,
513 2388 770 2451 tauquam
817 2379 1045 2452 genuini
1081 2379 1461 2452 ejus‘partus,
1510 2385 1850 2452 asseruntur,

270 2453 551 2519 hucusque
597 2448 643 2506 a'
677 2448 841 2507 nobis
872 2451 1131 2515 exhibita,
1176 2448 1278 2504 alia
1324 2448 1578 2504 nonnulla
1623 2448 1855 2503 circum-

268 2521 521 2577 feruntur
547 2523 743 2591 partim
776 2521 889 2590 jam
918 2523 1199 2591 impressa,
1226 2523 1424 2590 partim
1450 2521 1504 2573 in
1531 2520 1687 2573 codd.
1720 2534 1849 2574 mss.

269 2592 569 2663 etiamnum
612 2601 895 2658 contenta,
933 2608 1053 2663 qua:
1094 2592 1309 2661 quidem
1353 2591 1601 2663 eumdem
1638 2591 1855 2644 beatum

267 2662 450 2717 virum
479 2672 753 2719 auctorem
780 2662 980 2718 habere
1013 2678 1119 2717 non
1150 2663 1423 2716 immerito
1454 2662 1736 2726 videntur;
1771 2675 1857 2714 ra-

269 2734 452 2787 tiones
482 2740 662 2788 tamen
691 2735 885 2805 quibus
925 2734 1001 2787 illi
1032 2734 1219 2787 eadem
1249 2732 1511 2787 vindicari
1553 2732 1726 2805 solent
1764 2738 1856 2785 aut

267 2814 519 2929 gossunt,
561 2821 666 2858 non
697 2802 830 2860 adeo
870 2807 1165 2876 perspicum
1191 2812 1336 2866 sunt,
1378 2812 1439 2857 ut
1476 2818 1583 2856 non
1622 2802 1856 2870 aliquem

310 2892 342 2929 e
372 2890 499 2929 vero
542 2884 761 2929 auctore
791 2875 1067 2929 dubitandi
1112 2875 1286 2929 locum
1317 2874 1625 2929 relinquant
1653 2873 1856 2927 criticis

310 2892 342 2932 e
372 2890 499 2930 vero
542 2884 761 2930 auctore
791 2873 1067 2929 dubitandi
1112 2875 1286 2929 locum
1317 2874 1625 2942 relinquant
1653 2873 1858 2942 criticis

267 2947 654 3001 severioribus.
696 2946 760 3000 Et
789 2956 936 3001 certe
971 2946 1104 3000 nihil
1135 2944 1342 3000 facilius
1370 2941 1643 3013 estquam
1685 2943 1739 2997 in
1772 2941 1860 3010 ju-

267 3017 417 3072 dicio
461 3018 527 3071 de
571 3027 788 3073 auctore
832 3017 953 3072 libri
1003 3015 1280 3084 cujusdam
1330 3016 1619 3071 recondita:
1660 3014 1856 3077 aetatis,

269 3087 521 3158 genuinis
564 3088 806 3157 parentis
850 3088 933 3143 sui
979 3086 1383 3142 characteribus
1420 3086 1691 3158 destituti,
1747 3084 1859 3158 falli

268 3156 368 3212 aut
403 3156 701 3213 allucinari.
743 3158 880 3213 Sunt
906 3170 960 3213 et
987 3159 1089 3213 alia
1121 3173 1239 3228 qua:
1266 3158 1331 3212 ad
1367 3157 1655 3212 Alcuinum
1695 3156 1860 3227 perti-

267 3244 404 3284 nere
445 3230 534 3284 diu
581 3230 785 3285 credita
827 3230 999 3301 fuere,
1046 3230 1272 3301 posthac
1306 3239 1504 3301 tamen,
1527 3228 1859 3301 deprehensa

268 3308 431 3365 sunt,
474 3310 656 3369 partus
693 3301 811 3357 illos
836 3298 1064 3355 alioruni
1092 3314 1212 3354 esse
1247 3299 1330 3353 vel
1356 3298 1582 3355 Alcuino
1617 3298 1862 3367 supposi-

270 3378 380 3441 tos.
406 3371 744 3441 Quapropter
772 3387 894 3425 cum
917 3371 1160 3425 veritatis
1191 3370 1403 3424 intersit
1428 3378 1488 3423 ut
1518 3369 1746 3439 genuina
1775 3383 1861 3441 ce-

271 3439 886 3521 lebrium’rscriptorum
931 3456 1095 3521 opera
1122 3458 1170 3521 .a
1219 3441 1396 3521 dubiis
1444 3454 1506 3494 ac
1568 3439 1861 3521 suppositis

269 3510 690 3583 semirnantur,'
718 3510 981 3583 religioni
1012 3512 1167 3583 nobis
1202 3512 1472 3583 duximus
1517 3525 1580 3564 ea
1632 3510 1860 3583 invicem

267 3582 607 3637 confundere
635 3597 698 3636 ac
724 3580 1092 3636 commiscere.
1122 3582 1179 3634 in
1202 3581 1302 3635 hac
1330 3582 1495 3651 igitur
1516 3580 1681 3649 parte
1698 3580 1861 3634 dubia

271 3652 417 3707 beati
457 3652 669 3706 Alcuini
699 3652 955 3720 opuscula
992 3651 1271 3715 dabimus;
1306 3652 1358 3703 in
1390 3658 1701 3720 sequentem
1732 3664 1859 3703 vero

269 3722 554 3792 supposita
595 3722 970 3783 amandamus,
1014 3720 1203 3777 ordine
1249 3722 1598 3775 materiarum
1639 3720 1857 3785 eodem,

270 3809 385 3865 quo
414 3794 469 3847 in
500 3793 746 3865 genuinis
776 3793 859 3865 usi
890 3792 1104 3856 fuimus,
1138 3800 1369 3845 servato.

348 3859 694 3935 later—dubia
736 3864 899 3935 igitur
939 3878 1282 3935 recensemus
1319 3863 1513 3935 primo,
1553 3859 1861 3935 Confessio-

271 3951 404 3990 nem
429 3933 551 3988 ﬁdei
580 3950 609 3988 a
634 3930 1123 3989 viro'celeberrimo
1148 3933 1209 3986 D.
1236 3930 1397 3987 Petro
1423 3932 1615 3985 Franc.
1645 3930 1862 3986 Chime-

277 4006 357 4060 tio
388 4004 445 4059 S.
483 4001 532 4057 J.
573 4006 673 4059 sub
707 4005 921 4058 nomine
958 4003 1168 4058 Alcuini
1198 4018 1264 4057 ex
1295 4010 1507 4056 vetusto
1539 4003 1721 4056 codice
1759 4018 1861 4056 ms.

270 4073 512 4139 editam;
535 4076 616 4129 cui
645 4076 1023 4144 prmmittimus
1043 4074 1220 4144 magni
1243 4074 1411 4127 nostri
1436 4072 1727 4144 Mabillonii
1756 4073 1866 4126 dis-

272 4145 631 4227 quisitionem
649 4143 1035 4227 ipereruditam
1064 4144 1132 4198 de
1148 4143 1303 4227 illius
1315 4143 1738 4227 oanl‘iquitateiet
1768 4158 1865 4196 au—

276 4212 453 4279 ctore,
484 4231 645 4283 quam
667 4212 723 4270 in
750 4214 1049 4283 subjunctis
1073 4215 1216 4269 notis
1242 4212 1581 4283 defendimus
1608 4213 1867 4268 adversus

280 4288 456 4341 crises
500 4281 798 4341 levissimas
830 4281 892 4339 D.
934 4284 1120 4339 Jacobi
1162 4283 1433 4355 Basnagii.
1469 4281 1717 4355 Secundo
1751 4283 1868 4337 loco

282 4372 629 4412 recensemus
670 4357 1085 4426 disputationem
1128 4354 1421 4423 puerorum
1468 4369 1591 4426 cum
1639 4354 1871 4426 interro-

280 4428 593 4496 gationibus
627 4436 683 4481 et
716 4425 1153 4496 responsionibus
1190 4426 1332 4496 circa
1372 4425 1868 4496 variasmmaterias;

280 4494 451 4552 veluti
488 4497 552 4552 de
580 4512 742 4566 opere
778 4494 873 4552 sex
911 4498 1151 4560 dierum,
1191 4495 1257 4566 de
1292 4495 1386 4549 Dei
1425 4494 1771 4566 Nominibus;
1807 4497 1875 4550 de

282 4584 379 4624 sex
400 4565 648 4621 aetatibus
675 4567 879 4632 mundi,
903 4576 1032 4632 etc.,
1056 4565 1380 4635 descriptam
1403 4581 1471 4620 ex
1494 4565 1873 4633 antiquissimo

282 4639 472 4694 codice
498 4654 599 4692 ms.
628 4636 979 4693 illustrissimi
1005 4634 1581 4705 capituli’cathedralis
1610 4634 1875 4691 Salisbur-

283 4708 487 4779 gensis.
535 4707 637 4763 Ubi
678 4710 733 4763 in
780 4708 981 4763 Monito
1020 4707 1220 4779 praevio
1266 4706 1505 4760 rationes
1548 4705 1875 4779 proferimus

283 4776 386 4833 cur
416 4779 560 4833 idem
596 4780 913 4848 opusculum
950 4776 1341 4848 ad’Alcuinum
1376 4786 1648 4845 pertinere
1670 4777 1872 4848 possit.

285 4848 475 4904 Tertio
522 4846 867 4905 recensemus
910 4847 1312 4918 Propositiones
1359 4848 1430 4918 ad
1476 4847 1746 4901 acuendos
1789 4846 1877 4918 jus

284 4934 477 4983 venes,
523 4919 590 4973 ad
637 4920 796 4974 fidem
845 4919 964 4975 cod.
1014 4917 1115 4972 ins.
1164 4917 1514 4972 illustrissimi
1562 4917 1878 4971 monasterii

287 4990 699 5045 Einsiedlensis.
731 4991 934 5057 Quarto
970 4988 1187 5043 demum
1218 4988 1463 5041 addimus
1492 5002 1680 5041 versus
1710 5002 1876 5056 quos-

289 5061 415 5115 dam
446 5075 540 5114 seu
567 5062 810 5116 carmina
839 5075 907 5115 ex
932 5060 1096 5114 variis
1120 5058 1448 5113 editionibus
1475 5065 1532 5112 et
1555 5058 1880 5126 quibusdam

290 5131 701 5201 manuscriptis.

365 5197 768 5271 Exspectabam
812 5198 1059 5255 fortassis
1076 5198 1195 5271 _viri
1233 5197 1577 5271 erudi_ti,_si_
1595 5211 1704 5271 non
1742 5197 1884 5271 inter

293 5268 578 5353 genuinas
620 5272 763 5353 inter
808 5269 1205 5353 dubiasaltem
1256 5268 1499 5353 exhiberi
1548 5268 1883 5353 Breviarium

295 5338 428 5396 illud
456 5341 581 5396 fidei
612 5342 870 5397 adversus
903 5340 1154 5408 Arianos,
1187 5340 1331 5408 quod
1360 5338 1534 5407 primo
1552 5338 1764 5408 absque
1783 5352 1887 5408 no-

295 5413 445 5466 mine
474 5413 710 5468 auctoris
738 5411 935 5483 publici
960 5409 1100 5477 juris
1130 5406 1257 5463 fec'it
1278 5406 1513 5483 Iacobus
1542 5406 1885 5483 Sirmondus,

296 5488 354 5538 et
394 5490 574 5538 exstat
599 5477 753 5537 Tom:
797 5483 818 5536 l
858 5482 1021 5550 Oper.
1061 5496 1201 5545 var.,
1242 5496 1362 5550 pag.
1408 5477 1531 5542 224,
1578 5479 1721 5548 quod
1760 5493 1889 5550 vero

298 5554 529 5624 posthac
570 5554 669 5608 sub
711 5549 928 5624 nomine
971 5551 1184 5606 Alcuini
1223 5549 1435 5624 diaconi
1478 5549 1891 5624 in_perant_iquo

301 5620 492 5679 codice
544 5624 832 5680 carthusite
890 5623 1180 5679 Portarum
1235 5620 1589 5690 deprehendit
1645 5620 1893 5677 laudatus

379 5751 408 5779 ι
443 5740 579 5797 Vide
604 5739 745 5795 Hist.
777 5737 859 5793 lit.
885 5737 1093 5803 Gallia,
1122 5746 1254 5795 tom.
1283 5735 1373 5805 IV,
1401 5751 1455 5806 p.
1483 5735 1607 5793 526.

632 5831 906 5896 Pnaon.
952 5826 1055 5891 Cl.

1958 2381 2271 2449 scriptores,
2302 2380 2393 2449 qui
2422 2380 2594 2436 codici
2626 2388 2735 2433 tam
2769 2389 2981 2436 vetusto
3009 2381 3169 2435 fidem
3206 2384 3351 2439 haud
3380 2387 3542 2441 dene-

1958 2452 2185 2525 gantiam
2226 2460 2480 2525 censeant
2515 2463 2562 2504 α.
2608 2451 3268 2525 Verumtamen__editores
3307 2454 3546 2525 Operum

1958 2520 2130 2593 sancti
2156 2520 2350 2593 Leonis
2376 2521 2395 2575 l
2426 2537 2575 2593 papa:
2596 2530 2730 2593 tom.
2767 2521 2809 2586 l,
2847 2540 2901 2593 p.
2926 2523 3051 2588 285,
3078 2537 3298 2578 monent
3317 2520 3546 2581 A'lcnino

1958 2591 2062 2665 hoc
2094 2592 2411 2665 opusculum
2438 2591 2747 2665 adjudicari
2777 2591 2882 2647 non
2914 2609 3071 2663 posse
3105 2613 3117 2647 :
3150 2603 3262 2649 tum
3298 2598 3441 2665 quod
3477 2598 3548 2651 ab

1959 2660 2251 2735 ejusstylo
2289 2662 2677 2735 alienissimum
2695 2672 2821 2735 est;
2844 2660 2978 2735 tum
3008 2665 3151 2733 quod
3191 2660 3548 2735 rebaptizatio

1959 2736 2027 2786 ab
2070 2733 2289 2788 Arianis
2340 2742 2594 2804 usurpata
2644 2733 2856 2787 Alcuini
2904 2736 3050 2789 aetati
3103 2750 3209 2789 non
3258 2733 3544 2802 convenit;

1961 2804 2101 2857 sicut
2139 2821 2238 2859 nec
2269 2806 2518 2858 convenit
2561 2806 2933 2872 interpretatio
2969 2815 3127 2860 vetus
3169 2807 3548 2861 nonnullorum

1960 2873 2199 2946 locorum
2244 2890 2414 2931 sacrm
2453 2876 2765 2944 Scripturae,
2808 2891 2928 2944 qua:
2966 2876 3019 2929 in
3060 2876 3247 2931 eodem
3288 2878 3550 2946 opusculo

1961 2944 2265 3018 adhibetur.
2299 2946 2520 3018 Accedit
2545 2954 2612 3018 et
2632 2947 2736 2999 alia
2769 2948 2926 3018 ratio,
2958 2962 3079 3017 qua:
3105 2944 3378 3018 nosgpene
3408 2949 3554 3018 cogit

1962 3032 2029 3069 ne
2056 3016 2107 3069 in
2136 3016 2378 3072 favorem
2408 3016 2619 3071 Alcuini
2648 3017 2818 3072 nostri
2852 3016 3175 3071 sententiam
3205 3016 3464 3083 feramus,
3480 3016 3553 3073 “et

1961 3086 2224 3171 miramur
2246 3103 2363 3171 eam
2396 3088 2665 3170 neminem
2692 3087 3333 3171 eruditorumnhucusque
3364 3090 3554 3143 obser-

1960 3172 2135 3216 vasse.
2166 3159 2332 3213 Totus
2355 3158 2609 3213 nimirum
2635 3166 2814 3213 textus
2840 3158 3286 3225 hoins-Breviarii
3316 3160 3557 3214 insertus

1961 3241 2045 3287 est
2086 3229 2325 3300 epistola:
2364 3229 2537 3284 sancti
2576 3229 2847 3284 Benedicti
2879 3230 3091 3284 abbatis
3124 3228 3450 3285 Anianensis
3485 3230 3555 3284 ad

1961 3301 2323 3359 Guarnarium
2354 3300 2551 3370 filium,
2572 3300 2660 3370 cui
2692 3301 2792 3355 hoc
2819 3301 3137 3370 opusculum
3166 3301 3333 3354 mittit
3358 3302 3458 3355 sub
3488 3301 3553 3355 ti-

1962 3374 2076 3427 tulo
2101 3391 2114 3426 ε
2147 3370 2315 3425 Nabis
2340 3369 2478 3442 [Seu
2502 3368 2552 3422 Ν
2559 3369 2811 3442 ιώεευιίιν]
2839 3368 3253 3442 testimoniorum
3280 3371 3443 3441 370
3467 3389 3557 3425 ca-

1963 3444 2169 3497 tholica:
2198 3442 2323 3510 ﬁdei
2344 3440 2415 3495 de
2454 3440 2827 3495 lncarnatione
2856 3441 3066 3494 Domini
3102 3450 3148 3493 et
3184 3440 3368 3494 sancta
3397 3452 3444 3494 et
3476 3442 3557 3494 in-

1962 3514 2181 3567 dividua
2220 3510 2507 3573 Trinitate;
2547 3520 2595 3563 et
2634 3510 2698 3564 de
2735 3512 3010 3564 iteratione
3049 3510 3376 3579 baptismatis
3418 3512 3559 3564 devi—

1963 3585 2145 3637 tanda.
2199 3581 2351 3647 Quod
2402 3581 2787 3634 celeberrimus
2830 3580 3080 3634 Baluzius
3130 3594 3197 3632 ex
3247 3580 3366 3633 cod.
3415 3579 3557 3634 4510

1932 3654 2305 3720 Γ1)ἱι›1ἰοιι]‹ε(;ξ1>
2330 3650 2653 3720 Colbertinae
2690 3651 2858 3705 edidit
2894 3650 3034 3705 libro
3070 3667 3104 3702 v
3144 3649 3387 3720 liiiscell.,
3429 3666 3555 3720 pag.

1966 3724 2018 3788 1,
2051 3732 2154 3777 etc.
2188 3721 2285 3777 Vel
2318 3737 2446 3790 ergo
2482 3721 2583 3773 hoc
2610 3719 2941 3775 Breviarium
2972 3721 3039 3774 ad
3075 3721 3295 3774 beatum
3333 3719 3561 3776 Benedi-

1966 3802 2114 3849 ctum
2147 3793 2340 3847 Auian.
2379 3790 2642 3862 pertinet,
2681 3792 2768 3845 cui
2804 3800 2984 3862 tamen
3024 3805 3176 3862 aeque
3217 3791 3433 3862 obstant
3474 3805 3561 3844 ra—

1966 3866 2142 3919 tiones
2190 3860 2549 3931 superiusex
2591 3860 2968 3917 observatione
3007 3861 3276 3915 editorum
3323 3860 3558 3931 Operum

1969 3935 2142 3990 sancti
2179 3930 2376 3988 Leonis
2410 3930 2617 3993 allata;
2660 3932 2742 3985 vel
2777 3939 2924 3985 certe
2959 3931 3189 3984 Aleuino
3236 3930 3401 3985 tribui
3450 3946 3559 3985 non

1965 4012 2174 4076 potest,
2202 4018 2434 4076 quocum
2470 4001 2556 4054 ille
2588 4000 2841 4056 familiari
2871 4002 3107 4076 amicitia
3136 4016 3265 4076 usus
3295 4009 3407 4065 est,
3439 4002 3563 4076 qui-

1968 4072 2075 4146 que
2102 4072 2375 4146 auctorem
2408 4073 2656 4146 ignorare
2692 4087 2798 4146 non
2829 4074 3124 4146 potuisset,
3163 4072 3256 4146 sed
3295 4088 3433 4146 cum
3461 4072 3561 4125 ho-

1967 4141 2102 4200 ﬂore
2130 4145 2481 4199 nominasset.
2508 4141 2672 4197 Nobis
2704 4142 2917 4197 videtur
2942 4143 3277 4195 Breviarium
3307 4141 3436 4197 illud
3467 4157 3562 4196 seu

1969 4215 2290 4271 nubeculam
2328 4214 2759 4268 testimoniorum
2794 4213 3104 4268 vetustioris
3133 4211 3413 4280 cujusdam
3444 4226 3565 4266 esse

1970 4286 2209 4340 auctoris
2257 4300 2287 4339 a
2348 4285 2504 4338 beato
2556 4282 2844 4338 Benedicto
2899 4284 2967 4337 ad
3024 4282 3346 4352 discipulum
3405 4295 3561 4336 suum

1971 4356 2331 4411 Guarnarium
2358 4355 2609 4417 missum,
2648 4363 2707 4407 ut
2741 4352 2889 4407 illum
2925 4354 3275 4422 praemuniret
3305 4353 3567 4407 adversus

1970 4442 2185 4481 errores
2216 4437 2343 4481 tunc
2373 4425 2426 4477 in
2455 4423 2710 4493 Hispania
2741 4432 2960 4478 exortos
2991 4432 3084 4478 aut
3112 4423 3418 4493 gliscentes.

2044 4496 2271 4551 Domum
2297 4496 2460 4550 etiam
2484 4492 2679 4550 abiboc
2706 4494 2822 4550 loco
2850 4492 3202 4549 amandamus
3232 4492 3469 4547 libellum
3499 4494 3567 4549 de

1972 4568 2226 4622 Partibus
2255 4566 2545 4647 orationis,
2570 4567 2891 4647 .quem‘vsu'b
2928 4565 3170 4647 nomine“
3183 4563 3356 4647 ulbini
3401 4564 3568 4647 habe:

1974 4653 2095 4692 mus
2140 4653 2204 4691 ex
2246 4637 2363 4691 cod.
2418 4652 2521 4690 ms.
2570 4633 2701 4691 bibl.
2748 4634 3021 4690 Vaticana:
3070 4634 3236 4700 “9!;
3288 4649 3450 4702 quem
3498 4633 3567 4688 ad

1975 4708 2232 4777 opuscula
2273 4707 2432 4761 dubia
2466 4706 2679 4777 Alcuini
2718 4705 3005 4777 aliquando
3040 4704 3247 4777 referre
3274 4703 3567 4758 voluimus.

1956 4775 2226 4858 rgodicem
2250 4778 2394 4858 enim
2416 4776 2700 4858 prmfatum
2729 4775 2920 4829 falsum
2946 4776 3186 4858 auctoris
3212 4789 3405 4830 nomen
3433 4788 3571 4858 pra!-

1978 4849 2120 4905 ferre
2160 4865 2257 4903 nos
2284 4845 2467 4902 docuit
2497 4862 2621 4901 rara
2641 4888 2653 4910 ,
2686 4860 2805 4968 quae
2834 4862 3003 4917 nuper
3030 4845 3098 4900 ad
3134 4861 3326 4901 manus
3356 4850 3572 4898 nostras

1980 4920 2155 4968 delata
2191 4926 2309 4968 est.
2351 4917 2590 4968 Putscbii
2625 4918 2700 4968 Co
2723 4916 2880 4968 lectio
2924 4917 3399 4968 grammaticorum
3432 4913 3572 4967 anti-

1980 4920 2156 4974 delata
2191 4926 2309 4982 est,
2351 4917 2590 4972 Putscbii
2625 4913 2880 4971 Collectio
2908 4913 3399 4982 grammaticorum
3432 4913 3573 4967 anti-

1907 5026 1959 5087 n
1983 5006 2236 5087 erae:
2266 4986 3162 5087 «ξίὲίξι.υξρενέἓέὲίὶδνρξιὶίλάείυ
3193 4988 3574 5087 exeam;

1984 5053 2093 5115 s'tat
2126 5076 2247 5130 pag.
2280 5058 2437 5121 1858,
2480 5059 2581 5130 sub
2609 5058 2827 5130 nomine
2863 5058 3038 5130 Sergii
3074 5053 3489 5114 commentantis
3514 5053 3573 5109 in

1984 5128 2274 5185 editionem
2301 5128 2589 5182 secundam
2617 5128 2830 5182 Donati.

2057 5200 2240 5254 Primo
2270 5213 2407 5270 ergo
2438 5198 2558 5270 loco
2582 5198 2771 5254 damus
2809 5200 3035 5255 solidam
3065 5208 3121 5253 et
3156 5196 3423 5252 eruditam
3455 5193 3577 5270 Dis-

2028 5263 2673 5333 uisitionem‘Mabillonii,
2701 5286 2819 5339 quae
2841 5279 3018 5326 exstat
3052 5271 3192 5324 inter
3222 5274 3404 5321 vetera
3433 5263 3576 5339 ejus-

2028 5288 2333 5326 lllSltlonem
2360 5288 2673 5333 mabtttomt,
2701 5288 2819 5339 quae
2841 5288 3018 5326 exsrat
3052 5288 3192 5324 inter
3222 5288 3404 5321 V‘Ctera
3433 5288 3576 5333 ejus-

1988 5288 2113 5397 gem
2157 5340 2411 5412 Analecta
2451 5340 2580 5394 edit.
2625 5341 2786 5412 1725,
2827 5358 2949 5412 pag.
2987 5341 3110 5395 490.
3157 5340 3282 5412 Duo_
3309 5351 3440 5390 vero
3484 5334 3577 5389 hic

1989 5412 2101 5483 egit
2124 5412 2207 5465 vir
2235 5411 2595 5483 doctissimus.
2623 5410 2806 5466 Primo
2829 5407 3164 5483 demonstrat
3185 5407 3303 5483 cod.
3339 5421 3438 5483 nis.
3468 5418 3576 5475 quo

1994 5476 2273 5539 Confessio
2318 5481 2406 5535 illa
2454 5482 2575 5538 fidei
2619 5484 2719 5537 sub
2765 5483 2982 5537 nomine
3022 5480 3202 5536 Albini
3245 5476 3576 5539 continetur,

1998 5554 2131 5609 adeo
2158 5554 2437 5619 antiquum
2466 5569 2605 5617 esse,
2637 5561 2697 5606 ut
2722 5567 2891 5605 aevum
2922 5552 3098 5606 Caroli
3127 5550 3301 5619 Magni
3330 5545 3579 5619 proxime

1998 5626 2242 5698 attingat.
2287 5614 2536 5682 Secundo
2572 5614 2807 5679 ostendit
2857 5621 3006 5676 illam
3046 5614 3453 5679 Confessionem
3510 5614 3578 5674 ad

2941 5824 3021 5883 32
