4038 6354
504 245 642 304 i005

498 358 785 431 Alcuinhm
813 358 1016 431 magis,
1051 358 1203 431 cujus
1228 361 1391 415 etiam
1418 377 1612 415 nomen
1637 360 1883 431 prmt‘ert,
1916 377 2076 431 quam

498 426 767 501 ad_alium
807 426 1041 498 aliquem
1084 426 1228 486 illius
1269 431 1367 486 aevi
1414 426 1729 500 scriptorem
1769 426 2069 501 pertiriere;

499 499 809 569 nullamque
830 515 1049 573 causam
1087 517 1181 556 seu
1226 503 1489 556 rationem
1527 499 1755 571 proferri
1771 499 1958 573 posse,
2004 499 2074 561 ob

497 586 657 645 quam
688 578 897 624 vetusto
925 572 1127 627 codicis
1156 574 1431 645 scriptori,
1458 576 1549 645 qui
1573 572 1827 628 Albinum
1852 592 1946 631 seu
1976 576 2073 630 Αι-

497 642 716 714 cuinum
761 644 1355 714 auctoremmominat,
1405 642 1539 697 ﬁdes
1585 645 1895 714 denegetur.
1946 646 2072 713 Quae

497 711 604 765 duo
633 720 900 767 momenta
927 712 992 765 D.
1022 712 1360 769 Mabillonius
1398 723 1508 769 tam
1536 716 1688 787 gravi
1723 711 2071 789 argumento-

1350 247 1411 302 B.
1451 247 1513 302 F.
1549 246 1781 303 ALBINI
1819 246 1950 305 SEU
1988 246 2262 305 ALCUINI
2300 250 2591 313 OPERUM.
2618 257 2799 317 PARS
2833 259 2961 318 VIII.

3618 270 3769 327 10015

2102 386 2158 459 Α
2181 369 2843 459 rumfctes‘timoniorum
2866 375 3101 459 pondere
3121 376 3355 459 libravit,
3380 388 3442 437 ut
3464 382 3759 459 mirum-psit

2181 438 2357 523 virum
2387 439 2519 494 alias
2546 442 2763 524 doctum
2789 438 3153 524 sel-eruditum
3182 450 3241 503 D.
3258 438 3757 524 ABa'snagiumade-o

2252 510 2419 587 tuisse
2442 512 2680 587 partium
2719 516 2897 571 studio
2925 517 3129 587 abripi,
3169 529 3226 575 ut
3254 522 3341 575 illa
3370 510 3516 578 ιοιὶἱο
3545 526 3585 579 ιι
3617 510 3752 584 nisi

2226 581 2412 656 ccl_es.,
2442 581 2539 635 lib.
2568 599 2659 647 xv,
2690 601 2811 656 cap.
2843 587 2897 651 7,
2930 581 3181 646 alleviane
3207 602 3497 647 conaretur
3529 581 3747 656 respon:

2177 650 2419 776 minus
2446 661 2594 709 certe
2619 650 2826 712 levibus
2853 650 3013 730 atque
3042 661 3292 729 inﬁrmis,
3322 679 3459 734 quas
3486 667 3598 723 suis
3619 650 3754 728 locis

2288 737 2461 776 emus.

2288 737 2461 779 emus.

1237 960 1417 1071 DE
1502 960 2473 1080 CONFESSIONE
2553 876 3037 1119 FIDE:

898 1184 1033 1270 ID.
1083 1193 1272 1273 EST
1346 1195 1479 1271 DE
1552 1195 1795 1272 EJUS
1870 1197 2089 1274 ANT'

2160 1196 2589 1292 QUITATE
2666 1204 2796 1279 ΕΤ
2870 1203 3345 1292 AUCTOBE

1046 1387 1434 1536 quit.
1529 1371 2317 1534 mdbﬁlonii
2401 1382 3183 1568 Bisquisitio.

553 1741 865 1799 Ann01656
886 1742 1078 1797 Petrus
1116 1739 1439 1842 Franciscus
1456 1737 1768 1844 [Chit’ﬂetius
1808 1737 1865 1794 S.
1896 1736 1947 1794 Ι.
1980 1739 2068 1794 vir
2096 1743 2151 1807 Β
2437 1749 2726 1844 recentiori
2775 1767 2943 1811 manu
2987 1766 3041 1815 et
3080 1768 3382 1825 atramento
3416 1776 3751 1844 suppositum

484 1838 695 1902 doctus,
727 1835 948 1889 Divione
977 1833 1121 1904 typis
1154 1832 1428 1887 mandavit.
1456 1829 1794 1902 Scriptorum
1822 1842 2068 1886 veterum

481 1933 549 1987 de
582 1931 712 1987 Fide
749 1929 1011 2006 catholica
1040 1927 1298 1999 opuscula
1337 1926 1595 1996 quinque,
1641 1927 1695 1980 in
1728 1925 1922 1995 quibus
1949 1923 2064 1995 pri-

479 2041 631 2080 mum
676 2025 854 2080 locum
898 2028 1042 2076 tenet
1081 2020 1291 2075 Alcuini
1331 2017 1599 2088 Confessio
1640 2016 1797 2071 Fidei
1835 2034 1964 2071 sum.
2006 2014 2065 2069 In

476 2117 581 2171 hoc
608 2128 771 2187 opere
812 2121 1001 2168 auctor
1027 2111 1244 2181 scriptis
1284 2110 1451 2164 tradit
1477 2110 1605 2178 quid
1631 2109 1829 2163 sentiat
1862 2108 1927 2163 de
1953 2107 2064 2161 Deo

476 2222 585 2261 uno
612 2214 667 2261 et
691 2205 854 2271 trino,
887 2204 953 2258 de
979 2202 1357 2257 Incarnatione
1379 2215 1442 2253 ac
1471 2200 1536 2254 de
1562 2198 1937 2263 sacramentis,
1969 2198 2063 2252 de—

475 2314 582 2370 que
605 2297 728 2353 aliis
748 2294 1026 2368 religionis
1050 2301 1250 2348 nostrae
1280 2290 1583 2362 principiis,
1609 2297 1666 2343 et
1688 2290 1920 2343 maxime
1944 2288 2063 2358 qui-

474 2390 597 2445 dem
633 2389 699 2445 de
742 2386 1107 2451 Eucharistia,
1153 2384 1246 2439 ubi
1288 2382 1449 2439 ﬁdem
1487 2381 1743 2437 Ecclesiae
1785 2377 2062 2435 catholica:

474 2479 779 2536 clarissime
803 2472 1057 2548 explicat.

539 2575 622 2630 Ex
657 2575 760 2629 hoc
796 2585 959 2643 opere
996 2568 1356 2640 fragmentum
1393 2565 1459 2621 de
1491 2564 1833 2621 Eucharistia
1865 2578 2057 2619 excer-

466 2665 598 2737 psit,
648 2664 740 2735 qui
779 2660 1015 2717 cilicium
1048 2657 1375 2715 sanctissimi
1414 2655 1738 2711 sacramenti
1776 2654 2061 2709 adornavit

467 2774 611 2814 anno
642 2756 799 2823 1659,
837 2756 1000 2825 idque
1032 2752 1246 2808 Alcuini
1285 2751 1501 2807 nomine
1538 2748 1889 2821 praetitulavit
1917 2765 1929 2801 :
1963 2747 2059 2803 scd

466 2858 648 2906 tamen
679 2850 741 2904 in:
762 2848 907 2903 notis
937 2847 1050 2903 suis
1076 2846 1256 2900 varias
1284 2843 1508 2916 protulit
1533 2840 1895 2910 conjecturas,
1932 2841 2055 2910 qui—

463 2942 570 2999 bus
598 2942 812 2997 sincere
838 2939 1127 2995 conﬁtetur
1164 2938 1369 2993 moveri
1399 2952 1488 3002 ser,
1536 2943 1597 2990 ut
1635 2951 1705 2991 ne
1740 2951 1876 3007 opus
1912 2934 2057 2990 istud

463 3034 695 3091 Alcuino
724 3039 1038 3089 constanter
1064 3030 1321 3085 ascribat.

2167 1832 2335 1891 fuisse
2363 1837 2419 1891 in
2443 1838 2622 1895 locum
2664 1843 2907 1914 alterius,
2935 1852 3029 1921 qui
3066 1856 3234 1912 minio
3280 1832 3586 1934 descriptus
3609 1881 3749 1937 erat,

2166 1928 2493 2024 uti-vestigia
2522 1933 2709 1991 relicta
2737 1944 3024 1998 testantur.
3058 1946 3322 2019 Tertium,
3360 1928 3523 2024 hujus
3551 1928 3751 2018 codicis

2166 2017 2489 2122 scripturam
2529 2026 2791 2084 accedere
2827 2032 2895 2085 ad
2931 2049 3103 2090 aevum
3133 2017 3315 2097 Caroli
3340 2017 3541 2117 Magni,
3570 2065 3744 2122 neque

2164 2111 2362 2166 sarculo
2400 2129 2541 2171 nono
2564 2122 2922 2186 posteriorem
2956 2127 3156 2197 videri;
3184 2148 3414 2207 eamque
3430 2111 3550 2209 iper
3573 2111 3747 2199 totum

2163 2216 2299 2272 opus
2319 2208 2581 2276 aequalem
2623 2228 2760 2278 esse,
2789 2226 2986 2285 przeter
3014 2211 3294 2281 duodecim
3319 2208 3595 2289 extremos
3624 2251 3746 2292 ver-

2162 2297 2393 2395 suquui
2421 2297 2660 2356 dilutiori
2690 2312 2994 2365 atramento
3020 2315 3229 2371 exarati
3271 2328 3415 2374 sunt.
3462 2323 3745 2395 Quartum,

2161 2384 2413 2442 Chiﬁlctii
2431 2390 2720 2450 editionem
2742 2399 2945 2468 optime
2972 2418 3094 2458 cum
3114 2410 3410 2481 exemplari
3432 2384 3749 2486 convenire,

2160 2492 2211 2580 si
2239 2480 2455 2579 minuta
2481 2485 2729 2553 quaedam
2758 2500 2942 2548 errata
2966 2498 3231 2568 excipias,
3408 2507 3465 2560 in
3498 2480 3749 2580 typogra;

2159 2568 2507 2641 pbicaoopera
2534 2578 2728 2635 cadere
2754 2596 2976 2642 necesse
3000 2597 3103 2644 est.
3131 2591 3230 2648 Hic
3260 2568 3391 2652 satis
3418 2568 3747 2661 ωίιῖίῆιέι-ίι

2159 2665 2427 2765 ρεαδ-θρα
2470 2667 2626 2724 titulo
2668 2685 2733 2727 ac
2772 2675 2838 2729 de
2878 2680 3201 2752 antiquitate
3242 2689 3452 2758 operis,
3481 2710 3602 2765 quae
3642 2698 3747 2755 duo

2156 2756 2499 2826 potissimum
2534 2761 2590 2816 in
2620 2772 3045 2829 controversiam
3070 2756 3314 2834 veniunt.
3343 2756 3751 2855 Antiquitaten

2158 2850 2403 2996 Etiam
2421 2855 2671 2925 expedio,
2699 2860 3037 2922 derauetcris
3062 2870 3278 2928 nomine
3302 2850 3596 2944 posteriori
3626 2880 3744 2938 loco

2197 2956 2245 2996 ic
2311 2958 2421 2996 rus.

2197 2949 2421 2998 icturus.

2929 3024 2954 3081 Ι

538 3126 691 3180 Hanc
714 3123 1107 3178 dubitationem
1132 3137 1232 3191 pro
1260 3136 1390 3176 vera
1414 3128 1583 3191 atque
1598 3121 1899 3177 indubitata
1929 3135 2052 3177 sen-
2082 3102 2130 3167 ο
2164 3198 2197 3209 ῃ
2229 3107 2363 3209 Eam
2608 3108 2876 3209 imprimis
2902 3119 3281 3184 charactetum
3300 3130 3587 3202 elegantia,
3612 3152 3744 3209 qua.

464 3217 637 3272 tentia
677 3222 1005 3285 exceperunt
1050 3213 1361 3268 Calvinistae
1404 3230 1431 3266 εν
1462 3227 1600 3282 quos
1640 3213 1783 3267 inter
1822 3212 2058 3269 Joannes

464 3304 704 3361 Dallaaus
728 3303 1115 3358 Dissertatione
1151 3303 1409 3373 singulari
1436 3302 1668 3373 probare
1697 3312 1922 3359 conatus
1951 3313 2054 3371 est,

464 3397 610 3453 hanc
652 3393 1058 3451 Confessionem
1099 3410 1205 3449 non
1251 3409 1372 3451 esse
1415 3394 1647 3460 Alcuini,
1692 3395 1788 3450 sed
1834 3395 2057 3453 alterius

463 3486 703 3541 auctoris
728 3493 916 3540 sancto
943 3484 1200 3539 Anselmo
1224 3485 1560 3555 posterioris,
1590 3501 1709 3554 qua:
1738 3485 2055 3541 Dissertatio

461 3580 751 3651 posthuma
778 3579 881 3633 hoc
902 3577 1019 3647 ipso
1042 3592 1183 3651 anno
1204 3576 1523 3647 Rothomagi
1548 3578 1750 3647 prodiit
1771 3578 1827 3631 in
1854 3578 2049 3632 lucem.

530 3669 712 3725 Lectis
739 3670 1072 3740 argumentis
1103 3684 1223 3740 quae
1266 3684 1387 3723 cum
1428 3670 1483 3722 in
1514 3668 1885 3725 notationibus
1916 3685 2053 3740 prm-

465 3759 645 3825 dictis,
683 3767 797 3813 tum
839 3758 896 3813 in
928 3757 1111 3813 Dalltei
1149 3758 1566 3823 Dissertatione,
1595 3773 1661 3812 ea
1690 3759 1755 3813 de
1790 3774 1849 3812 re
1875 3758 2055 3829 profe—

458 3860 680 3916 runtur,
710 3850 889 3904 visum
917 3857 1000 3905 est
1025 3849 1246 3904 mihiea
1284 3849 1467 3903 omnia
1500 3848 1645 3902 facili
1676 3849 1894 3919 negotio
1921 3850 2057 3904 dilui

459 3960 525 3999 ac
565 3944 768 3999 revinci
808 3958 990 4014 posse,
1033 3941 1291 3996 nimirum
1329 3941 1441 3995 sola
1485 3940 1815 4010 inspectione
1852 3941 2051 3996 veteris

457 4037 664 4093 codicis
700 4036 793 4105 qui
834 4033 1104 4091 Chiflletio
1145 4034 1267 4090 usui
1307 4031 1411 4086 fuit
1443 4050 1455 4084 :
1490 4031 1758 4101 siquidem
1796 4047 1919 4087 eum
1959 4032 2050 4086 Al-

457 4128 604 4184 cuini
629 4135 789 4182 aetate
819 4126 905 4197 (ut
943 4126 1060 4197 ipse
1093 4124 1401 4180 Cbit‘ﬂetius
1436 4125 1639 4196 censet)
1668 4140 1831 4179 manu
1859 4140 2050 4180 exara-

456 4230 600 4287 tum,
640 4222 883 4292 adeoque
923 4220 1095 4290 ipsius
1131 4218 1347 4273 Alcuini
1384 4218 1601 4273 nomine
1630 4219 1886 4289 primitus
1919 4218 2051 4273 insi-

2162 3198 2230 3299 lis
2270 3199 2671 3299 Caroli-Magni
2719 3223 2835 3264 aevo
2872 3223 3092 3283 recepta
3128 3227 3285 3274 erat:
3313 3198 3426 3278 tum
3461 3198 3743 3299 scriptura

2159 3288 2334 3346 forma
2362 3294 2741 3368 scribendique
2768 3301 2976 3369 modus,
3002 3307 3145 3376 quod
3168 3318 3458 3385 utrumque
3483 3288 3745 3378 saeculum

2158 3397 2359 3437 nonum
2391 3386 2533 3455 sapit
2558 3386 2633 3460 (a)
2656 3391 2695 3441 '.
2734 3389 2849 3448 Hoc
2882 3409 3281 3469 argumentum,
3319 3409 3527 3463 tametsi
3562 3427 3736 3467 unum

2153 3844 2498 3913 antiquorum
2544 3863 2644 3903 usu
2686 3857 2849 3920 atque
2895 3855 3123 3912 scientia
3172 3862 3432 3929 pendeat;
3476 3864 3539 3920 ﬁt
3584 3874 3644 3921 ut
3687 3868 3737 3925 ei

2152 3936 2314 3991 ﬁdem
2338 3952 2479 4009 aegre
2507 3944 2917 4001 accommodent
2961 3949 3075 4004 sive
3101 3953 3180 4006 rei
3208 3955 3529 4026 antiquaria:
3554 3962 3739 4031 periti,

2151 4030 2197 4083 si
2228 4030 2471 4088 codicem
2513 4050 2621 4089 non
2647 4036 2914 4107 viderint;
2949 4042 3061 4097 sive
3087 4047 3178 4114 qui
3210 4047 3264 4101 in
3286 4030 3736 4119 ejusmodirebus

2149 4126 2350 4179 versati
2392 4142 2497 4182 non
2543 4138 2686 4197 sunt,
2718 4132 2933 4189 etiamsi
2976 4136 3227 4194 viderint.
3268 4140 3368 4197 Cui
3413 4145 3614 4215 duplici
3655 4148 3735 4202 in-

2150 4218 2431 4275 commodo
2478 4230 2539 4276 ut
2586 4237 2892 4293 occurram,
2924 4231 3047 4287 unis
3094 4224 3337 4291 codicem
3383 4236 3731 4310 Boerianum,

456 4312 669 4382 snitum
712 4312 881 4368 fuisse
924 4318 1155 4383 cons/tet.
1201 4311 1559 4381 Quapropter,
1602 4312 1730 4382 quia
1768 4310 2048 4369 Confessio
2147 4309 2240 4379 qui
2264 4312 2423 4368 modo
2449 4328 2615 4384 penes
2635 4332 2737 4373 nos
2762 4327 2864 4386 est,
2886 4320 3205 4381 intuendum
3228 4338 3284 4383 et
3310 4309 3732 4391 examinandum

456 4403 561 4458 ista
590 4405 771 4474 magni
809 4403 1070 4459 momenti
1107 4409 1199 4457 est»
1223 4404 1291 4458 ad
1319 4402 1667 4458 illustrandas
1694 4404 2047 4461 Eucharistim
2075 4465 2123 4483 n
2148 4400 2316 4458 Odero
2340 4421 2353 4458 :
2377 4405 2564 4463 alteris
2606 4410 2841 4467 exhibeo
2866 4415 3165 4482 peritorum
3200 4418 3442 4477 virorum
3485 4427 3729 4483 testimo-

455 4465 879 4559 controversias,
920 4493 1044 4549 dedi
1082 4509 1303 4564 cperam
1345 4504 1413 4550 ut-
1445 4496 1762 4568 praedictum
1804 4465 2126 4555 codicem”
2148 4493 2298 4549 nium
2344 4496 2435 4567 qui
2481 4496 2548 4553 de
2594 4499 2764 4572 ipsius
2803 4465 3006 4561 codicis
3054 4508 3373 4580 antiquitate
3413 4465 3731 4589 δυσιαθείιέ

453 4585 701 4641 nancisci
734 4594 788 4641 et
828 4584 1099 4657 inspicere
1138 4585 1270 4641 mihi
1300 4586 1489 4642 liceret
1522 4606 1535 4641 :
1576 4588 1901 4658 tandemque
1929 4588 2048 4646 dili-
2149 4587 2319 4644 tulere
2341 4608 2355 4644 ε
2378 4600 2651 4664 quatenus
2670 4595 2748 4652 illi
2772 4598 2997 4656 credant
3017 4603 3191 4661 oculis
3214 4606 3358 4674 suis;
3383 4608 3441 4669 hi
3468 4584 3731 4681 gravissi-

454 4677 645 4749 geutia
663 4676 737 4730 Β.
765 4675 828 4731 Ρ.
860 4676 1065 4732 domini
1095 4676 1308 4734 Claudii
1334 4677 1631 4750 Bretagne,
1651 4681 1705 4736 in
1734 4680 2049 4739 Divionensi
2146 4693 2373 4737 morum
2400 4685 2643 4742 virorum
2686 4691 3000 4747 auctoritati
3030 4696 3395 4767 acquiescant.
3446 4675 3586 4757 Pium
3611 4706 3730 4759 uni-

454 4766 632 4822 saneti
672 4765 1176 4839 Benigni‘ctenobic
1200 4770 1421 4840 prioris,
1466 4780 1713 4843 repertus
1741 4781 1824 4829 est
1864 4774 1922 4829 in
1964 4776 2044 4830 in-
2144 4773 2341 4844 cuique
2380 4775 2436 4831 in
2478 4793 2572 4833 sua
2600 4788 2714 4837 arte
2741 4765 3223 4845 credendumesse
3238 4788 3397 4848 facile
3430 4796 3733 4851 concedent

453 4856 599 4929 signi
640 4856 970 4915 bibliotheca
1018 4858 1372 4919 illuStrissimi
1420 4862 1637 4931 Boerii,
1690 4865 1743 4918 in
1790 4881 2041 4936 supremo
2142 4867 2282 4936 asqui
2324 4883 2506 4924 rerum
2548 4871 2924 4942 aestimatores,
2955 4878 3155 4947 quibus
3194 4879 3327 4938 solis
3366 4882 3485 4940 haec
3523 4887 3727 4943 scribo.

452 4956 646 5005 senatu
670 4949 983 5007 Divieneusi
1019 4952 1287 5021 praesidis,
1317 4970 1437 5025 quae
1466 4956 1789 5025 praeclarum
1812 4958 1917 5015 hoc
1945 4975 2045 5016 an-
2145 4957 2401 5031 Utrisque
2428 4976 2559 5019 vero
2579 4965 2800 5036 insuper
2819 4967 2911 5023 hie
2933 4984 3145 5041 appono
3166 4975 3728 5051 quasdam-conjecta.

452 5040 999 5115 tiquitatis-mprihw
1022 5044 1181 5100 nobis
1205 5044 1501 5102 liberaliter
1525 5050 1906 5105 commodavit.
2137 5060 2232 5106 ras
2276 5052 2695 5126 probabilesque
2738 5040 3019 5127 rationes,
3041 5040 3251 5133 quibus;
3545 5040 3725 5143 operis

520 5131 680 5203 371
727 5131 965 5205 Accepto
994 5133 1099 5190 hoc
1122 5136 1423 5206 exemplari
1444 5151 1509 5193 ac
1545 5138 1830 5212 diligenter
1855 5141 2037 5211 inspe-
2139 5143 2436 5214 antiquitas
2465 5148 2640 5219 magis
2668 5148 2931 5208 illustrari
2958 5131 3150 5225 possit.

452 5232 561 5290 etc,
588 5232 819 5327 quatuor
866 5225 1074 5282 adverti
1104 5226 1239 5282 mihi
1280 5229 1501 5299 penitus
1544 5231 1833 5300 conspicua
1876 5240 2041 5303 atque
2209 5236 2476 5295 Nimirum
2518 5240 2683 5299 istius
2727 5245 2971 5314 opusculi
3023 5249 3254 5320 scriptor
3301 5250 3520 5310 vivebat
3566 5254 3721 5327 hace

448 5315 695 5384 probata.
721 5314 967 5371 Primum
989 5320 1335 5383 est,tltulum
1358 5335 1451 5375 seu
1475 5321 1887 5392 inscriptionem
1914 5340 2040 5395 ope-
2136 5335 2263 5382 ante
2312 5328 2767 5388 scholasticorum:
2808 5341 3041 5403 atatem,
3088 5314 3151 5393 ut
3199 5341 3437 5410 probam
3474 5314 3719 5415 quaedam

451 5406 549 5473 ris,
578 5415 691 5461 tum
717 5407 772 5460 in
799 5410 978 5477 primo
1003 5407 1133 5463 folio
1157 5425 1350 5472 vacuo,
1378 5418 1493 5465 tum
1523 5411 1577 5467 in
1608 5411 1785 5469 fronte
1805 5414 1931 5469 libri
1953 5416 2035 5472 sic
2138 5420 2298 5477 istius
2341 5425 2623 5481 sententiae
2644 5442 2754 5482 non
2779 5430 2913 5486 satis
2943 5445 3043 5500 pro
3084 5406 3531 5492 scholasticorum
3558 5446 3718 5508 captu

452 5513 517 5557 se
558 5502 757 5556 habere
780 5518 794 5557 :
820 5503 997 5559 Albini
1041 5501 1314 5575 Confessio
1354 5502 1529 5561 Fidei.
1586 5507 1857 5582 Alterum,
1890 5511 2035 5567 hunc
2140 5525 2423 5572 accuratas.
2471 5518 2660 5585 Qualis
2687 5530 2769 5578 est
2802 5523 2857 5579 in
2888 5526 3059 5595 partis
3086 5528 3276 5597 primae
3302 5544 3420 5600 cap.
3450 5530 3486 5584 3
3526 5531 3585 5586 in

521 5612 541 5633 θ
579 5612 674 5667 His
702 5616 1106 5695 adnotationum
1124 5621 1295 5702 signis
1318 5629 1605 5676 revocatur
1623 5622 1792 5679 lector
1818 5624 1884 5679 ad
1906 5624 2033 5679 Ani-
2215 5645 2302 5685 am
2349 5633 2416 5690 ad
2464 5633 2664 5691 calcem
2715 5636 2875 5709 hujus
2921 5638 3321 5713 Disquisitionis
3374 5643 3710 5701 exhibemus.

521 5682 882 5742 adversuonem
908 5690 1158 5745 Frobenn
1184 5693 1441 5747 adversus
1471 5695 1740 5751 Ccnsuras
1758 5697 2028 5761 Basnagii,
2138 5640 2295 5761 glria”.

455 5682 882 5761 madversionem
908 5690 1158 5745 Frobenii
1176 5682 1441 5747 adversus
1471 5695 1740 5751 Ccnsuras
1758 5697 2028 5767 Basnagii,
2138 5682 2295 5767 EBG.
