4038 6354
293 256 435 316 ιοοδ
536 229 540 232 ’

860 257 1008 314 ΟΡΡ.
1042 259 1274 318 DUBIA.
1309 292 1380 304 -—
1415 263 1506 320 DE
1538 262 1720 320 FlDEl
1757 261 2089 324 CONFESS.
2131 261 2522 322 MABILLONII
2556 263 2985 334 DlSQUlSlTlO.

3415 268 3553 328 1006

287 376 496 433 verba:
524 372 670 446 Rogo
716 369 930 428 Patrem
975 392 1068 446 per
1115 375 1334 446 Filium,
1379 396 1503 450 rogo
1539 377 1870 449 Filiumper
1895 376 2161 454 Avelint,
2189 392 2314 432 cum
2350 376 2496 434 omni
2529 361 2888 454 detestatione
2915 376 3199 442 anathema
3226 377 3333 443 illis
3358 377 3499 436 dico.
3525 400 3545 435 ι

290 467 530 531 Patrem,
550 484 672 537 rogo
697 465 950 538 Spiritum
973 481 1209 526 sanctum
1229 491 1320 543 per
1337 469 1549 528 Patrem
1573 484 1620 528 et
1644 471 1864 538 Filium,

287 560 436 634 quod
459 574 618 613 nemo
640 559 1081 614 scholasticorum
1108 571 1265 617 :etate
1294 563 1536 618 dixisset.
1566 563 1702 617 Tum
1725 563 1868 633 quod

287 651 536 728 ὅμούσιος
578 651 742 706 vertit
781 653 1173 720 wessentialis;
1210 655 1516 711 scholastici
1563 654 1866 720 dixissent,

288 733 786 823 Consubstantialis.

357 835 564 891 Deinde
591 836 637 890 si
663 837 887 892 vixisset
923 846 1114 894 auctor
1138 848 1260 916 post
1283 849 1526 898 exortam
1557 840 1868 911 Berengarii

286 928 538 994 bteresin,
567 929 797 984 cavisset
818 931 1005 1001 procul
1035 925 1196 988 dubio
1227 935 1293 989 ab
1319 937 1403 990 his
1433 935 1708 992 erroribus
1733 948 1867 1004 quos

285 1021 674 1092 Berengariani
714 1019 1159 1094 propugnabant:
1184 1042 1249 1080 ex
1289 1028 1482 1100 quibus
1513 1026 1757 1081 nonnulli
1781 1041 1868 1080 as-

284 1117 562 1180 serebant,
590 1114 744 1185 panis
772 1124 826 1170 et
853 1115 962 1169 vini
987 1126 1197 1185 partem
1224 1117 1278 1172 in
1307 1134 1525 1173 carnem
1567 1126 1622 1172 et
1645 1117 1864 1186 sangui-

285 1221 410 1260 nem
435 1205 646 1260 Domini
687 1207 1037 1262 transmutari
1065 1217 1287 1278 propter
1313 1209 1502 1279 dignos
1531 1207 1628 1282 (b),
1657 1216 1868 1280 partem

284 1313 415 1353 vero
448 1307 668 1369 propter
694 1299 943 1370 indignos
973 1301 1361 1360 immutabilem
1389 1301 1634 1368 retineri,
1661 1311 1863 1356 testan-

284 1391 428 1446 tibus
471 1392 802 1448 Gnitmundo
850 1394 903 1448 in
939 1394 1033 1448 lib.
1063 1412 1123 1450 Ill
1169 1396 1235 1450 de
1281 1396 1632 1451 Eucharistite
1675 1395 1867 1451 Sacra-

285 1494 500 1552 mento,
526 1493 581 1541 et
604 1485 798 1558 Algero
825 1487 880 1541 in
911 1487 1003 1543 lib.
1035 1505 1073 1551 ι,
1108 1479 1230 1559 cap.
1273 1488 1362 1542 2-1.
1407 1487 1542 1543 Cum
1569 1503 1696 1559 ergo
1726 1487 1866 1543 Con-

283 1575 534 1634 fessionis
575 1587 765 1634 auctor
791 1577 955 1650 (quod
982 1579 1145 1634 etiam
1180 1578 1489 1634 Calvinistre
1517 1579 1864 1650 conﬁtentur)

283 1683 405 1724 eam
431 1668 714 1740 professus
734 1671 803 1726 sit
831 1673 896 1726 de
931 1671 1272 1726 Eueharistia
1311 1670 1493 1737 ﬁdem,
1519 1686 1680 1740 quam
1707 1670 1865 1724 hodie

1970 467 2140 539 Hujus
2175 451 2557 526 controversiae
2584 468 2824 524 fomitem
2856 470 3062 540 primus
3105 470 3364 526 excitavit
3408 470 3549 527 Min-

1970 562 2182 634 gcntius
2211 562 2430 631 quidam
2465 562 2520 615 i‘n
2546 561 2836 632 Hispania;
2875 571 2988 616 tum
3015 555 3164 631 Egila
3197 562 3366 633 ipsius
3390 563 3554 620 disci-

1967 654 2147 726 pulus,
2199 657 2462 725 regnante
2509 653 2704 711 Carolo
2764 653 2955 724 Magno
2982 696 2996 720 ,
3043 653 3270 710 Alcuino
3315 655 3550 713 vivente.

1970 743 2146 801 Testis
2163 743 2433 801 Adrianus
2450 761 2587 817 papa
2615 747 2669 801 in
2697 747 2902 801 duabus
2922 745 3184 816 epistolis,
3207 762 3315 802 una
3337 765 3356 798 ς
3385 747 3554 820 Εείιω

1968 838 2244 910 episcopo,
2268 853 2362 893 seu
2381 836 2575 892 Joanni
2601 838 2934 908 presbytero.
2961 857 2978 889 ›
2995 835 3178 891 Altera
3197 835 3359 908 372
3387 856 3404 888 ‹
3432 853 3552 893 om-

1967 929 2127 985 nibus
2156 929 2469 986 orthodoxis
2508 931 2774 1001 episc0pis
2802 947 2898 1002 per
2928 931 3182 1002 Spaniam
3212 925 3551 989 commoran-

1968 1021 2114 1075 tibus
2142 1042 2160 1074 ι
2213 1021 2435 1078 directa.
2503 1020 2560 1075 In
2605 1035 2835 1091 quarum
2879 1023 3047 1092 priori
3095 1023 3212 1079 hate
3253 1023 3546 1093 leguntur:

1973 1131 1992 1164 ι
2027 1111 2161 1167 lllud
2192 1114 2371 1168 autem
2415 1113 2558 1184 quod
2592 1114 2683 1168 alii
2722 1130 2788 1169 ex
2817 1115 2949 1184 ipsis
2980 1115 3193 1183 dicunt,
3222 1119 3366 1186 quod
3410 1133 3552 1188 prte-

1967 1193 2257 1262 destinatio
2293 1206 2360 1260 ad
2407 1207 2596 1272 vitam,
2625 1206 2738 1261 sive
2780 1207 2848 1261 ad
2877 1214 3109 1262 mortem
3136 1209 3191 1262 in
3216 1209 3313 1264 Dei
3343 1209 3413 1265 sit
3454 1226 3552 1282 po-

1967 1309 2181 1358 testate.
2227 1301 2332 1356 Alii
2362 1303 2559 1360 iterum
2589 1303 2774 1358 dicunt
2799 1318 2814 1356 ε
2837 1311 2897 1356 ιιι
2923 1303 3053 1374 quid
3075 1321 3328 1378 rogamus
3356 1307 3550 1375 Deum,

1965 1387 2035 1471 ne
2056 1394 2338 1448 vincamur
2359 1394 2678 1460 tentatione,
2703 1395 2845 1466 quod
2868 1395 2922 1450 in
2943 1403 3127 1452 nostra
3155 1405 3240 1453 est
3259 1407 3558 1470 potestate,

1967 1483 2123 1554 quasi
2156 1483 2406 1539 libertate
2448 1485 2690 1540 arbitrii?
2719 1505 2740 1538 ι
2770 1485 2972 1542 Eadem
3001 1487 3167 1543 verba
3213 1489 3466 1560 leguntur
3495 1491 3552 1546 in

1965 1575 2251 1648 posteriori
2298 1575 2556 1646 epistola,
2588 1577 2683 1632 sed
2729 1593 2854 1632 cum
2895 1579 3261 1636 additamento
3307 1581 3362 1637 in
3407 1581 3554 1638 hunc

1965 1659 2222 1721 modum:
2253 1685 2271 1718 ι
2300 1665 2438 1721 Illud
2459 1667 2604 1738 quod
2629 1667 2722 1722 alii
2743 1683 2812 1724 ex
2840 1669 2974 1740 ipsis
3003 1670 3210 1738 dicunt,
3241 1671 3384 1742 quod
3412 1685 3553 1744 prae-
3589 1719 3592 1722 .

281 1773 383 1815 nos
410 1759 660 1816 catholici
700 1759 1008 1830 sequimur;
1037 1761 1264 1815 multum
1314 1759 1686 1820 abborruisset
1712 1761 1777 1814 ab
1803 1775 1866 1814 ea
1894 1760 1946 1822 Β
1969 1758 2258 1814 destinatio
2295 1755 2366 1812 ad
2399 1759 2566 1814 vitam
2608 1761 2722 1816 sive
2747 1763 2814 1816 ad
2841 1768 3070 1818 mortem
3110 1765 3168 1820 in
3211 1765 3308 1821 Dei
3342 1766 3415 1822 sit
3456 1781 3553 1838 po-

279 1851 533 1908 doctrina
570 1867 688 1922 quae
731 1852 788 1906 in
839 1851 1251 1923 Berengarianis
1297 1851 1567 1907 nonnullis
1612 1852 1864 1906 damnata

275 1951 368 1997 est
391 1957 406 1995 :
430 1958 494 1998 ac
513 1942 738 2012 proinde
760 1950 1113 2012 temperasset
1137 1943 1252 1998 haec
1275 1943 1439 1998 verba
1459 1957 1580 2013 quae
1599 1942 1866 1998 habentur

277 2032 339 2089 in
365 2032 730 2090 Confessionis
763 2044 918 2104 parte
952 2051 1027 2100 tv,
1057 2050 1177 2106 cap.
1209 2036 1278 2089 7:
1308 2054 1326 2086 ‹
1362 2035 1535 2090 Tanta
1574 2042 1659 2090 est
1693 2036 1866 2091 virtus

277 2122 441 2193 huius
469 2124 746 2190 sacriﬁcii,
779 2135 838 2180 ut
884 2125 1012 2180 solis
1049 2123 1235 2194 justis,
1281 2124 1434 2197 [non]
1465 2125 1862 2196 peccatoribus,

277 2231 476 2286 corpus
501 2215 572 2270 sit
600 2224 654 2271 et
676 2217 890 2288 sanguis
917 2216 1140 2272 Christi.
1163 2238 1182 2270 ι
1207 2217 1335 2285 Quae
1363 2218 1527 2272 verba
1548 2226 1865 2287 argumento

279 2315 427 2372 sunt,
453 2313 731 2362 auctorem
747 2315 874 2360 ante
899 2307 1000 2362 bos
1030 2307 1341 2378 Berengarii
1357 2315 1570 2363 errores
1595 2307 1870 2374 ﬂoruisse,

276 2397 494 2454 tametsi
523 2395 628 2452 alio
655 2397 712 2452 in
739 2397 858 2452 loco
882 2405 1118 2453 mentem
1147 2413 1300 2452 suam
1331 2406 1475 2454 recte
1499 2397 1752 2469 explicat.

348 2489 433 2544 Ad
472 2490 608 2555 hate,
633 2487 868 2546 Joannes
915 2490 1083 2546 abbas
1111 2490 1166 2546 in
1197 2491 1376 2547 libello
1405 2485 1658 2562 precum,
1701 2508 1866 2562 quem

276 2579 336 2636 in
378 2582 610 2653 gratiam
657 2579 881 2653 Agnetis
928 2580 1214 2654 Augustae,
1251 2583 1464 2642 vivente
1515 2583 1862 2653 Berengario,

275 2673 540 2739 condidit,
569 2679 624 2728 et
661 2689 728 2728 ex
772 2672 1011 2728 Patrum.
1030 2675 1312 2738 sententiis
1338 2674 1640 2740 deﬁoravit,
1669 2691 1860 2746 quam-

273 2762 435 2833 plura
455 2762 747 2818 multorum
767 2779 1020 2820 versuum
1047 2763 1348 2836 fragmenta
1376 2765 1544 2822 refert
1564 2783 1631 2821 ex
1652 2765 1866 2822 Chilile-
1887 2821 1892 2826 .

273 2856 426 2912 tiana
474 2855 839 2912 Confessione.
893 2857 1070 2913 Unum
1102 2859 1350 2928 superius
1389 2861 1592 2932 protuli
1617 2877 1686 2916 ex
1710 2877 1776 2916 eo
1801 2861 1866 2915 li-

272 2946 440 3014 bello,
469 2949 618 3018 quod.
660 2947 1021 3022 fragmentum
1060 2950 1297 3022 Joannes
1335 2969 1403 3010 ex
1445 2953 1552 3009 ﬁne
1592 2955 1782 3025 prima:
1811 2961 1866 3009 et

275 3039 436 3096 initio
479 3041 724 3098 secundae
752 3043 926 3113 partis
965 3043 1328 3101 Confessionis
1371 3047 1529 3103 istius
1563 3047 1862 3114 deﬂoravit,

1967 1856 2184 1914 testate,
2209 1856 2262 1902 et
2307 1865 2416 1905 non
2443 1847 2497 1904 in
2529 1857 2733 1906 nostra.
2775 1850 2870 1906 Isti
2897 1851 3084 1908 dicunt
3108 1871 3122 1908 :
3145 1863 3205 1910 ut
3235 1856 3364 1928 quid
3388 1871 3553 1913 cona-

1966 1953 2090 1992 mur
2113 1938 2318 2006 vivere,
2345 1939 2488 2010 quod
2534 1939 2589 1996 in
2619 1939 2716 1994 Dei
2743 1941 2816 1996 sit
2859 1945 3158 2012 potestate!
3203 1944 3310 2002 Alii
3351 1947 3552 2003 iterum

1966 2017 2154 2086 dicunt
2180 2049 2193 2085 :
2221 2040 2281 2087 ut
2309 2033 2439 2103 quid
2465 2048 2720 2104 rogamus
2748 2033 2945 2104 Deum,
2969 2047 3039 2091 ne
3061 2037 3348 2094 vincamur
3370 2048 3552 2096 tenta-

1965 2122 2133 2191 tione,
2161 2124 2305 2193 quod
2349 2125 2407 2180 in
2438 2134 2640 2180 nostra.
2671 2133 2755 2181 est
2797 2135 3084 2197 potestate,
3115 2131 3270 2202 quasi
3299 2131 3554 2190 libertate

1965 2214 2210 2270 arbitrii?
2235 2235 2254 2266 ι
2291 2213 2426 2271 Hinc
2454 2223 2602 2286 patet
2626 2218 2767 2288 apud
2787 2213 3055 2290 Hispanos
3081 2229 3196 2276 tum
3217 2221 3386 2279 fuisse
3414 2225 3551 2282 duas

1965 2306 2260 2362 factionum
2297 2316 2502 2377 partes,
2544 2308 2665 2364 aliis
2705 2311 3071 2368 statuentibus
3113 2313 3379 2384 duplicem
3421 2330 3555 2386 pne-

1966 2393 2405 2468 destinationem,
2437 2402 2758 2472 negantibus
2797 2403 2949 2458 aliis:
2974 2403 3097 2460 aliis
3136 2405 3264 2462 item
3289 2406 3462 2462 bonos
3498 2415 3556 2462 et

1965 2485 2138 2546 malos
2165 2505 2343 2547 mores
2369 2492 2423 2546 in
2449 2493 2687 2549 humana
2723 2493 2972 2551 libertate
2997 2495 3138 2551 citra
3168 2497 3430 2554 auxilium
3455 2498 3554 2554 Dei

1964 2582 2380 2652 reponentibus;
2435 2583 2552 2639 aliis
2580 2599 2689 2640 non
2719 2584 2782 2640 in.
2801 2595 3013 2654 nostra,
3041 2587 3137 2642 sed
3177 2589 3234 2643 in
3275 2588 3373 2644 Dei
3415 2604 3556 2659 pra:-

1967 2673 2289 2730 destinantis
2335 2683 2603 2744 potestate
2639 2694 2652 2730 :
2689 2676 2803 2733 sive
2847 2678 2924 2732 ita
2979 2679 3243 2734 sentirent
3285 2680 3553 2752 nonnulli,

1967 2767 2082 2823 sive
2107 2768 2180 2822 ita
2208 2768 2411 2824 sentire
2436 2769 2808 2824 crederentur.
2831 2768 2990 2826 Certe
3013 2769 3255 2826 Adriano
3272 2787 3423 2842 papa:
3450 2773 3556 2830 hoc

1966 2872 2284 2928 persuasum
2324 2847 2510 2924 fuisse,
2542 2861 2752 2916 scilicet
2796 2875 2920 2916 esse
2962 2861 3248 2917 nonnullos
3273 2863 3367 2933 qui
3409 2863 3549 2920 dice-

1967 2963 2092 3008 rent
2127 2953 2374 3009 homines
2407 2969 2436 3008 a
2465 2953 2574 3008 Deo
2604 2955 2978 3024 praedestinari
3008 2956 3064 3012 in
3090 2957 3316 3024 malum,
3339 2973 3448 3014 non
3469 2975 3549 3015 so-

1967 3040 2078 3096 lum
2110 3057 2177 3097 ex
2201 3043 2570 3114 superioribus
2601 3043 2782 3102 verbis
2825 3046 3130 3113 conﬁcitur,
3159 3049 3257 3104 sed
3293 3050 3460 3105 etiam
3487 3065 3556 3108 ex

274 3133 420 3188 utin
445 3136 896 3205 consequentibus
942 3137 1171 3209 amplius
1208 3139 1518 3196 declarabo.
1544 3140 1712 3212 Atqui
1753 3157 1862 3196 non

1969 3133 2209 3188 antidoto
2236 3133 2378 3204 quod
2403 3135 2626 3204 opponit
2643 3134 2932 3201 Adrianus,
2963 3138 3193 3194 adducta
3223 3140 3400 3195 sancti
3423 3140 3552 3196 Ful-

276 3216 648 3285 Confessionis
677 3240 862 3288 auctor
887 3248 951 3287 ex
982 3231 1208 3298 Joanne,
1233 3234 1327 3290 sed
1355 3233 1591 3290 Joannes
1619 3249 1686 3288 ex
1716 3233 1861 3290 Con-

275 3321 514 3378 fessione
541 3325 655 3381 111130
676 3335 951 3381 mutuatus
979 3335 1068 3382 est
1091 3345 1102 3380 :
1133 3334 1243 3381 tum
1266 3327 1392 3396 quia
1417 3327 1650 3383 Joannes
1675 3343 1864 3382 omnes

275 3414 448 3471 libelli
474 3417 555 3471 sui
583 3419 880 3474 sententias
906 3420 1114 3474 derivat
1155 3434 1224 3474 ex
1251 3420 1524 3487 Patribus,
1568 3422 1708 3476 sicut
1750 3421 1866 3490 ipse

276 3506 595 3578 proﬁtetur;
626 3516 739 3563 tum
769 3509 892 3577 quia
924 3510 1222 3565 Boerianus
1254 3512 1425 3566 codex
1451 3519 1674 3580 supcrat
1697 3510 1863 3565 Joan-

277 3599 366 3654 nis
389 3607 623 3665 aetatem,
657 3607 712 3654 et
731 3601 948 3668 quidem
974 3603 1130 3656 annis
1151 3603 1289 3658 bene
1311 3601 1579 3657 ducentis.

349 3692 594 3761 Denique
665 3693 1046 3763 antiquitatem
1131 3694 1406 3766 pratdictte
1497 3693 1868 3752 Confessionis

279 3797 531 3844 astruunt
559 3789 838 3844 sententiae
883 3804 976 3843 seu
1021 3789 1272 3860 dogmata
1319 3783 1583 3859 quaedam,
1611 3805 1732 3859 qua:
1757 3805 1864 3846 non

277 3883 389 3942 nisi
417 3882 612 3939 saeculo
636 3898 779 3940 nono
809 3884 1068 3940 ventilata
1098 3891 1225 3940 sunt
1249 3881 1346 3956 (ε).
1373 3883 1650 3942 Nimirum
1677 3891 1866 3940 auctor

278 3982 470 4036 censet
513 3975 566 4029 in
605 3982 750 4045 part.
788 3992 869 4040 ιιι,
900 3991 1018 4048 cap.
1055 3974 1147 4042 $8,
1190 3977 1630 4043 catechumenos,
1659 3976 1706 4031 si
1744 3983 1870 4030 ante

279 4055 610 4136 baptismum
630 4066 982 4136 decesserint,
1006 4085 1114 4125 non
1137 4069 1420 4140 pervenire
1439 4070 1507 4125 ad
1527 4071 1696 4126 vitam
1717 4078 1878 4125 meri

279 4173 432 4216 nam.
498 4157 864 4214 Confessionis
908 4159 1256 4217 Chillletiante
1306 4163 1424 4218 haec
1474 4163 1639 4218 verba
1695 4171 1865 4218 sunt:

288 4267 320 4306 ι,
343 4248 561 4306 Nullum
597 4251 816 4322 quidem
844 4254 1314 4320 catechumenum,
1341 4255 1590 4324 quamvis
1618 4255 1674 4309 in
1712 4254 1872 4312 bonis

281 4341 540 4414 operibus
565 4341 896 4408 defunctum,
919 4343 1086 4398 vitam
1108 4351 1371 4398 atternaui
1391 4344 1591 4400 habere
1616 4343 1866 4408 dicimus,

281 4441 512 4504 excepto
531 4434 810 4505 martyrio,
834 4435 927 4490 ubi
947 4442 1064 4492 tota
1081 4435 1338 4507 baptismi
1361 4443 1702 4492 sacramenta
1726 4450 1872 4492 com-
1894 4477 1954 4542 Β
1973 4426 2242 4498 agendum
2267 4433 2372 4482 est.

278 4522 520 4596 plentur.
570 4522 843 4594 Sanguine
879 4525 1046 4593 enim,
1086 4525 1175 4580 vel
1201 4525 1347 4596 igne,
1392 4525 1478 4582 vel
1525 4526 1703 4597 plenis
1747 4525 1872 4583 aliis

280 4603 631 4689 baptizantur
660 4617 1020 4674 eonfessores.
1046 4636 1066 4670 ι
1108 4616 1367 4674 Eamdem
1394 4631 1522 4671 vero
1547 4617 1872 4674 sententiam

285 4708 482 4766 iisdem
520 4707 740 4766 omnino
767 4707 947 4763 verbis
976 4707 1210 4764 asseruit
1235 4707 1496 4762 Rabanus
1517 4707 1570 4762 in
1598 4706 1692 4762 lib.
1726 4725 1784 4763 ιν
1803 4709 1872 4764 de

288 4801 556 4860 Universo
571 4841 594 4868 ,
617 4817 736 4872 cap.
766 4799 856 4867 10,
885 4815 1049 4871 quam
1069 4815 1138 4858 ex
1163 4799 1391 4856 Alcuino
1417 4808 1750 4872 praeceptore
1771 4816 1872 4860 suo

287 4897 562 4969 accepisse
586 4911 695 4952 non
721 4895 993 4950 immerito
1013 4895 1188 4950 videri
1213 4893 1403 4964 possit.

358 4983 493 5040 Item
523 4985 594 5046 ad
625 5000 800 5042 aevum
829 4984 1009 5042 Caroli
1037 4983 1214 5056 Magni
1243 4984 1480 5055 pertinet
1503 4983 1874 5041 controversia

289 5074 359 5134 de
405 5074 608 5147 duplici
649 5076 1144 5148 praedestinatione,
1170 5091 1278 5132 una
1309 5076 1378 5132 ad
1425 5076 1677 5146 gloriam,
1700 5063 1876 5132 altera

290 5169 362 5226 ad
387 5183 635 5240 poenam:
659 5184 766 5240 quo
791 5183 861 5222 ex
887 5169 1138 5248 dogmate
1182 5168 1479 5224 adversarii
1507 5169 1763 5238 consequi
1793 5168 1877 5223 af-

291 5257 606 5323 ﬁrmabant,
627 5264 688 5312 ut
712 5258 960 5313 homines
980 5259 1048 5313 ad
1069 5257 1272 5332 malum
1297 5273 1388 5314 seu
1409 5265 1688 5328 peccatum
1709 5274 1741 5312 a
1763 5260 1882 5315 Deo-

289 5347 808 5420 praadestinarentur
835 5347 933 5421 (d).
964 5345 1284 5406 Naseeutem
1324 5347 1484 5422 hujus
1523 5349 1728 5403 erroris
1759 5349 1876 5418 opi-

290 5440 513 5496 nionem
559 5440 842 5512 designare
875 5440 1085 5496 videtur
1131 5438 1468 5494 Chiﬂletiana
1509 5438 1788 5495 Confessio
1818 5440 1875 5494 in

291 5529 414 5589 loco
439 5548 565 5587 mox
591 5533 754 5587 citato
782 5533 866 5589 his
895 5532 1076 5588 verbis
1103 5550 1115 5584 :
1141 5550 1158 5580 ‹
1187 5528 1411 5600 Aliquos
1436 5545 1562 5584 vero
1585 5530 1652 5584 ad
1673 5530 1870 5586 malum

293 5627 482 5684 divina
523 5634 788 5696 potestate
814 5625 1223 5698 prmdestinatos
1262 5639 1401 5689 eSse,
1430 5639 1536 5678 non
1564 5622 1736 5678 solum
1767 5638 1874 5677 non

296 5716 490 5784 Credo,
522 5717 618 5774 sed
645 5717 828 5788 etiam,
873 5716 919 5773 si
945 5723 1086 5784 sunt,
1119 5715 1210 5786 qui
1238 5723 1446 5772 tantum
1484 5715 1610 5771 mali
1655 5715 1874 5772 credere

1965 3227 2133 3297 gentii
2181 3226 2505 3282 auctoritate
2543 3227 2596 3281 in
2628 3229 2744 3283 haec
2789 3230 2995 3286 verba:
3027 3247 3046 3280 ‹
3074 3230 3332 3298 Adverte,
3357 3231 3555 3303 quibus

1965 3321 2257 3392 impietatis
2283 3336 2341 3378 se
2366 3323 2591 3377 nexibus
2623 3323 2809 3394 ligant,
2841 3324 2888 3379 si
2917 3323 2986 3379 ad
3026 3324 3230 3381 bonum
3266 3319 3551 3396 praedesti-

1963 3419 2126 3470 natus’
2143 3430 2282 3480 sum,
2307 3424 2494 3470 contra
2523 3415 2726 3472 malum
2751 3418 3005 3472 resistere
3033 3433 3257 3475 necesse
3280 3420 3416 3476 mihi
3441 3433 3555 3478 non

1966 3507 2072 3562 erit
2105 3525 2117 3559 :
2145 3507 2190 3561 si
2214 3522 2344 3562 vero
2366 3508 2434 3564 ad
2461 3507 2664 3562 malum
2684 3519 2870 3572 natus,
2899 3509 3103 3564 bonum
3131 3509 3266 3564 mihi
3295 3524 3554 3566 exercere

1965 3598 2101 3654 nihil
2141 3598 2400 3668 proderit.
2434 3617 2452 3650 ι
2487 3597 2689 3652 Eadem
2731 3597 2847 3653 fere
2873 3597 3245 3654 controversia
3285 3598 3555 3670 quinqua-

1966 3689 2116 3761 ginta
2142 3695 2264 3759 post
2283 3687 2440 3746 annis
2463 3688 2744 3744 recruduit
2761 3689 3044 3747 occasione
3063 3687 3434 3748 Gothescalci:
3461 3691 3566 3748 sed.

1967 3780 2036 3836 ab
2064 3794 2130 3834 eo
2161 3788 2401 3849 tempore
2425 3778 2642 3849 penitus
2667 3778 2933 3835 exstincta
2962 3783 3064 3835 est.
3086 3779 3231 3852 Ergo
3250 3777 3556 3858 Confessio-

1965 3870 2052 3926 nis
2080 3869 2432 3926 Chitlletianze
2451 3870 2684 3942 scriptor
2707 3870 2924 3928 vivebat
2951 3877 3194 3941 tempore
3217 3869 3306 3926 vel
3327 3870 3562 3930 Adriani

1965 3978 2140 4034 papae,
2190 3963 2277 4017 vel
2323 3970 2472 4028 certe
2518 3960 2880 4029 Gotbescalci,
2921 3975 3052 4018 sane
3093 3961 3276 4034 potius
3311 3968 3556 4033 tempore

1966 4054 2192 4112 Adriani
2217 4073 2229 4108 :
2254 4070 2376 4111 eum
2395 4055 2694 4112 Boerianus
2715 4055 2905 4134 codex,
2931 4056 3026 4130 qui
3049 4056 3418 4128 autograplms
3440 4069 3562 4114 non.

1968 4155 2075 4212 est,
2105 4148 2174 4204 ad
2196 4145 2376 4204 Caroli
2399 4147 2578 4222 Magni
2601 4156 2814 4219 tempus
2838 4147 3084 4224 proxime
3108 4148 3354 4206 accedat.

2039 4239 2170 4307 Quae
2214 4241 2478 4296 hactenus
2522 4239 2635 4296 disi
2657 4280 2674 4307 ,
2713 4238 3002 4318 manifeste
3023 4280 3042 4308 ,
3075 4239 3136 4296 ni
3171 4238 3352 4308 fallor,
3393 4237 3554 4294 istius

1969 4331 2149 4404 operis
2168 4333 2550 4402 antiquitatem
2570 4333 2944 4392 demonstrant
2956 4349 2970 4362 ·
3001 4346 3146 4390 nunc
3161 4331 3279 4406 iam
3298 4330 3368 4390 do
3395 4328 3553 4390 titulo

2045 4611 2254 4668 Nomen
2277 4608 2514 4667 auctoris
2541 4616 2698 4667 vetus
2723 4608 2895 4666 codex
2912 4607 3216 4666 Boerianus
3236 4607 3462 4681 prafert
3484 4609 3558 4668 in.

1975 4703 2122 4760 hunc
2168 4702 2388 4758 modum
2413 4719 2426 4754 :
2450 4701 2629 4755 Albini
2669 4697 2938 4771 Confessio
2986 4698 3164 4758 Fidei.
3205 4699 3310 4770 Qui
3349 4701 3548 4764 titulus

1975 4803 2094 4851 tum
2114 4795 2270 4851 initio
2296 4794 2496 4850 codicis
2517 4794 2574 4848 in
2596 4792 2725 4847 folio
2750 4807 2941 4860 vacuo,
2966 4801 3078 4850 tum
3098 4794 3153 4850 iu
3175 4792 3354 4850 fronte
3371 4793 3576 4866 operis;

1973 4887 2228 4960 praeﬁxos
2254 4893 2358 4942 est.
2396 4885 2760 4940 Posteriorem
2791 4892 2998 4944 tantum
3021 4887 3283 4960 expendo,
3310 4903 3377 4944 eo
3402 4883 3551 4957 quod

1969 4980 2126 5052 prius
2167 4979 2339 5034 altero
2379 4977 2616 5048 scriptus
2658 4976 2926 5043 videatur,
2956 4977 3094 5036 alter
3121 4995 3252 5050 vero
3277 4979 3348 5036 ad
3371 4985 3555 5048 poste-

1972 5075 2136 5134 rioris
2182 5073 2538 5130 imitationem
2565 5079 2626 5128 et
2644 5073 2807 5129 ﬁdem
2840 5071 3169 5139 eﬁ'ormatus.
3200 5072 3301 5128 Hie
3329 5086 3459 5142 ergo
3483 5068 3556 5127 ti-

1973 5166 2122 5222 tulus
2145 5165 2200 5220 in
2229 5163 2408 5220 fronte
2431 5163 2612 5234 operis
2637 5165 2926 5230 recentiori
2952 5181 3119 5226 manu
3142 5172 3198 5220 et
3220 5170 3552 5230 atramento,

1973 5267 2036 5314 ut
2071 5255 2186 5327 jam
2212 5255 2346 5322 dixi,
2373 5255 2694 5314 substitutus
2733 5264 2818 5313 est
2861 5258 2916 5313 in
2961 5257 3139 5314 locum
3186 5251 3552 5322 alterius,qu

1977 5347 2148 5404 minio
2196 5345 2430 5416 scriptus
2455 5355 2591 5401 erat.
2629 5345 2698 5401 At
2739 5348 2862 5418 quis
2889 5346 3109 5417 ejus-rei
3137 5352 3348 5410 auctor,
3378 5357 3572 5414 quove»

1979 5448 2221 5510 tempore
2251 5439 2303 5493 id
2330 5438 2529 5494 factum
2559 5440 2656 5506 sit,
2687 5456 2795 5495 non
2819 5439 2976 5496 facile
3005 5446 3088 5494 est
3110 5438 3351 5501 divinare

2049 5529 2161 5585 Hac
2189 5529 2256 5584 de
2286 5544 2344 5584 re
2377 5529 2570 5585 litteris
2595 5530 2838 5602 pulsatus
2862 5547 2892 5584 a
2919 5545 3004 5584 me
3033 5529 3350 5593 Chiﬁletius,
3377 5525 3470 5596 qui
3494 5525 3551 5580 in

1979 5621 2266 5678 editionem
2313 5636 2466 5692 suam
2507 5623 2610 5678 hoc
2653 5621 2947 5691 exemplari
2980 5635 3114 5676 usus
3136 5627 3237 5684 est,
3275 5615 3564 5688 respondit-

1979 5730 2036 5773 se
2089 5722 2214 5770 ante
2259 5729 2425 5786 annos
2472 5713 2856 5786 quinquaginta
2909 5713 3186 5770 inventum
3232 5710 3472 5778 codicem
3519 5722 3550 5766 a
