4038 6354
448 296 583 354 1007

1262 290 1326 346 Β.
1362 288 1427 347 F.
1462 283 1690 345 ALBINI
1729 282 1862 341 SEU
1896 277 2174 362 ALCUINI
2205 272 2491 337 OPERUM
2524 272 2705 333 PARS
2738 270 2873 330 VIII.

3572 267 3725 330 1008

441 398 786 485 Lugdunensi
829 376 1524 480 bibliopolaocomparasse,
1559 417 1626 457 ac
1650 401 1791 456 bona
1835 397 1941 455 lide
1974 403 2031 451 et
2056 399 2104 457 Α
2130 392 2287 485 quasi
2332 390 2626 485 naufragus
2672 389 2783 445 Deo
2816 386 3111 442 miserante
3134 382 3202 440 ad
3224 391 3443 454 portum
3473 377 3727 452 dejbctns

442 507 659 563 titulum
685 512 738 561 et
766 512 1077 560 contextum
1104 500 1305 571 operis,
1332 504 1495 569 prout
1534 499 1589 550 in
1616 508 1681 549 eo
1704 492 1887 548 codice
1933 489 2030 543 ba-

438 597 750 665 bebantur,
779 599 835 651 in
884 596 1058 651 editos
1100 594 1269 649 libros
1314 590 1582 646 retulisse.
1632 586 1774 642 Sane
1814 596 2030 641 omnem

446 689 553 746 doli
602 688 730 743 mali
777 692 872 741 aut
915 684 1119 738 fraudis
1166 680 1527 752 suSpicionem
1552 692 1583 732 a
1609 676 1862 746 religioso
1889 672 2027 736 viro,

443 782 649 856 optime
691 779 759 835 de
802 776 1077 839 republica
1124 772 1385 829 litteraria
1437 768 1651 833 merito,
1694 764 1904 821 amoliri
1932 778 2033 833 par

442 853 548 929 est.
596 871 734 927 Nam
777 870 919 941 quod
964 883 1065 939 pro
1106 865 1282 920 Albini
1330 860 1609 918 substituit
1640 857 1870 922 Alcuini,
1898 853 2032 909 nihil

445 966 675 1021 interest
700 962 764 1017 ad
796 975 1084 1034 personam
1103 1000 1117 1025 ,
1144 973 1266 1029 quae
1288 952 1579 1011 binominis
1604 950 1723 1006 fuit.
1755 947 2033 1019 Siquidem

445 1059 623 1129 patrio
648 1057 865 1112 nomine
890 1053 1223 1116 Alchwinus,
1246 1050 1439 1104 Latino
1460 1056 1515 1103 et
1548 1045 1784 1101 ascititio
1808 1042 2035 1097 Albinus

445 1150 676 1207 Flaccus
720 1147 895 1203 dictus
924 1152 1025 1200 est.
1073 1144 1186 1197 lmo
1215 1156 1344 1196 vero
1374 1141 1477 1195 hoc
1504 1138 1637 1193 facit
1660 1137 1728 1191 ad
1754 1148 2036 1191 removen-

444 1242 573 1296 dam
603 1238 985 1309 suspicionem.
1022 1232 1080 1289 Si
1111 1232 1255 1288 enim
1284 1230 1460 1286 editor
1487 1228 1700 1283 titulum
1727 1224 2036 1296 supposuis-

441 1339 551 1398 set,
575 1330 820 1386 eamdem
865 1326 1153 1395 utrobique
1191 1322 1564 1393 supposuisset
1606 1317 2032 1388 inscriptionem.

444 1422 637 1479 Fuerit
663 1436 791 1493 ergo
823 1418 1018 1489 aliquis
1045 1417 1202 1480 alius,
1228 1415 1320 1485 qui
1348 1415 1553 1468 incerto
1582 1420 1827 1481 tempore
1850 1422 2039 1464 recen-

447 1515 642 1570 tiorem
670 1513 884 1567 titulum
910 1510 1081 1566 veteri
1117 1508 1254 1562 libro
1288 1505 1541 1576 prmﬁx-it,
1572 1503 1713 1573 quod
1756 1518 1863 1557 non
1898 1499 2038 1554 mala

448 1605 576 1669 fide,
603 1604 695 1659 sed
726 1618 793 1657 ex
828 1618 983 1671 aequo
1020 1602 1267 1668 bonoque
1303 1596 1503 1651 factum
1536 1593 1850 1649 existimare
1889 1590 2035 1644 licet.

448 1692 587 1751 Nam
611 1710 708 1750 cur
730 1695 786 1748 in
806 1695 908 1749 hac
920 1708 977 1747 re
989 1691 1247 1746 mentitus
1279 1690 1349 1744 sit
1374 1688 1684 1757 quisquam,
1709 1682 1855 1737 nulla
1877 1695 2039 1737 causa

2130 481 2295 554 (sum)
2321 482 2538 552 quietis.

2200 575 2254 629 5.
2288 573 2573 629 Postremo
2599 568 2815 626 easdem
2836 568 3037 640 passim
3071 566 3387 632 sententias,
3418 568 3727 637 eademque

2130 664 2295 719 verba
2333 663 2573 734 reperias
2605 663 2659 717 in
2685 662 2791 716 hac
2830 658 3203 724 Confessione,
3234 674 3355 728 quae
3396 658 3451 712 in
3480 658 3729 730 genuino

2132 756 2301 827 ipsius
2345 754 2558 810 Alcuini
2604 754 2743 810 libro
2781 753 2848 809 de
2886 751 3021 807 Fide
3048 758 3249 807 sanctae
3290 750 3575 805 Trinitatis
3614 748 3726 820 (ε).

2132 847 2538 906 Confessionem
2567 855 2971 902 controversam
3001 843 3215 899 orditur
3237 842 3398 913 373
3424 851 3613 897 auctor
3652 842 3730 897 ab

2132 942 2219 997 his
2238 940 2419 996 verbis
2444 958 2457 993 :
2485 957 2504 990 ι
2538 938 2742 994 Adesto
2758 938 2914 1004 mihi,
2938 952 3127 992 verum
3156 935 3359 999 lumen,
3384 935 3527 989 Deus
3554 933 3732 989 Pater

2135 1034 2505 1104 omnipotens,
2534 1034 2721 1088 adesto
2760 1032 2912 1094 mihi,
2944 1045 3132 1086 verum
3172 1029 3353 1084 lumen
3380 1029 3447 1084 de
3475 1027 3688 1083 lumine
3710 1065 3729 1092 ,

2136 1134 2272 1182 etc.»
2304 1126 2504 1181 Eadem
2531 1125 2750 1181 omnino
2773 1123 2938 1179 verba
2953 1124 3116 1179 habet
3141 1122 3402 1178 Alcuinus
3428 1122 3484 1177 in
3510 1121 3732 1177 invoca-

2136 1219 2283 1275 tione
2304 1218 2371 1273 ad
2398 1217 2793 1273 sanctissimam
2819 1216 3139 1271 Trinitatem
3162 1215 3216 1269 in
3238 1213 3471 1285 Operum
3494 1228 3732 1268 suorum

2138 1312 2386 1368 columna
2431 1310 2533 1365 756
2573 1309 2915 1384 (Patrologite
2955 1317 3102 1364 tomo
3137 1307 3225 1372 CI,
3271 1305 3375 1363 col.
3404 1305 3516 1375 54).
3568 1304 3734 1360 Mitto

2138 1404 2243 1459 alia
2268 1404 2530 1473 ejusmodi
2559 1402 2897 1472 quamplura.

2209 1495 2305 1550 His
2334 1494 2468 1550 adde
2494 1494 2873 1562 antiquitatem
2906 1492 3088 1563 operis
3124 1491 3374 1563 superius
3412 1499 3686 1545 assertam
3714 1506 3729 1541 :

2143 1586 2285 1658 quod
2310 1601 2433 1641 cum
2456 1584 2634 1641 Caroli
2661 1584 2840 1656 Magni
2876 1593 3118 1655 tempore
3152 1583 3428 1640 conditum
3456 1582 3557 1648 sit,
3590 1582 3732 1637 nulli

2142 1679 2322 1750 potius
2352 1694 2512 1748 quam
2538 1677 2799 1743 Alcuino,
2825 1686 2885 1732 ut
2916 1678 3032 1749 jam
3062 1677 3205 1736 dixi.
3231 1675 3493 1747 assignari
3522 1683 3734 1746 potest.

452 1786 579 1858 tingi
619 1793 817 1857 potest.
866 1785 1007 1855 Ergo
1032 1783 1086 1837 id
1115 1781 1308 1837 fecisse
1346 1780 1591 1841 videtur,
1619 1776 1927 1846 quicunque
1957 1778 2041 1828 est
2067 1785 2119 1848 Β
2142 1768 2200 1823 Id
2232 1783 2360 1822 vero
2396 1767 2625 1838 amplius
2661 1768 2931 1823 elucescet
2957 1784 3023 1823 ex
3067 1768 3334 1824 solutione
3377 1775 3733 1838 argumento-

451 1877 561 1943 ille,
580 1878 647 1932 ad
672 1879 831 1933 ﬁdem
854 1876 1084 1947 alicujus
1108 1874 1308 1929 veteris
1328 1873 1545 1932 codicis,
1565 1876 1658 1924 aut
1684 1868 1823 1923 forte
1845 1866 2041 1938 ipsius-

452 1976 564 2023 met
604 1967 949 2038 exemplaris,
978 1966 1132 2036 cujus
1171 1965 1438 2035 fugientes
1476 1963 1686 2017 litteras
1713 1974 1853 2015 novo
1898 1966 2044 2014 atra-

450 2069 633 2116 mento
660 2060 977 2117 restituerit.
1006 2056 1077 2112 At
1103 2058 1217 2113 sive
1239 2059 1362 2122 hoc,
1378 2056 1492 2111 sive
1514 2054 1619 2109 alio
1640 2053 1800 2109 modo
1822 2051 1875 2107 id
1896 2066 2045 2106 com-

450 2152 678 2208 missum
707 2153 779 2207 sit
810 2149 976 2223 (quod
1015 2156 1165 2205 certe
1213 2148 1563 2204 commissum
1606 2143 1824 2215 nollem)
1874 2142 2046 2197 multa

452 2252 578 2300 sunt
606 2243 661 2297 in
688 2258 751 2297 ea
777 2240 1127 2296 Confessione
1147 2254 1267 2308 qum
1290 2238 1356 2292 ad
1382 2252 1518 2307 opus
1545 2236 1689 2292 istud
1710 2234 1939 2289 Alcuitto
1957 2232 2046 2287 tri-

453 2332 728 2387 buendum
756 2331 1030 2384 inducant.
1078 2327 1456 2398 Supponamus
1477 2325 1623 2379 enim
1668 2322 1873 2378 nullum
1894 2322 2045 2391 operi

452 2423 736 2496 prrellxum
781 2422 1027 2486 titulum;
1077 2435 1207 2475 sane
1258 2419 1484 2490 probata
1539 2415 1656 2484 ejus
1697 2416 2042 2484 antiquitate,

454 2513 661 2568 nullum
678 2512 854 2568 Caroli
872 2511 1046 2582 Magni
1070 2519 1311 2579 tempore
1333 2519 1608 2564 auctorem
1626 2506 1865 2572 invenio,
1880 2520 2046 2575 quam

455 2602 763 2670 Alcuinum,
780 2604 865 2660 cui
889 2604 1005 2659 haec
1028 2601 1309 2657 Confessio
1332 2599 1525 2655 merito
1546 2599 1745 2654 ascribi
1770 2599 1962 2669 possit.
1987 2597 2047 2653 In

453 2710 578 2751 eum
600 2695 862 2765 siquidem
890 2693 1133 2765 apprime
1156 2691 1483 2747 conveniunt
1503 2690 1700 2746 indicia
1724 2689 1903 2745 omnia
1926 2704 2047 2760 quae

455 2786 524 2842 de
548 2795 765 2842 auctore
787 2784 843 2841 in
869 2786 983 2856 ipsa
1010 2781 1363 2840 Confessione
1396 2783 1665 2853 leguntur.

486 2892 489 2895 λ
528 2880 581 2934 1.
611 2879 669 2934 In
690 2879 883 2949 primis
906 2887 1097 2934 auctor
1114 2877 1285 2933 Deum
1306 2886 1580 2947 precatur,
1601 2885 1661 2931 ut
1685 2894 1704 2927 ς
1726 2875 2048 2931 necessariis

454 2970 833 3025 famulantium
862 2968 1135 3037 obsequiis
1155 3007 1170 3032 ,
1203 2976 1259 3022 et
1285 2967 1526 3037 impensa
1554 2982 1585 3021 a
1613 2964 1874 3021 fratribus
1898 2979 2051 3020 reve-

456 3061 631 3116 rentia
662 3080 680 3112 ι
710 3073 985 3128 nunquam
1015 3058 1327 3113 extollatur.
1379 3056 1533 3123 Quod
1563 3057 1780 3125 quidem
1806 3054 2051 3125 apprime

2143 1876 2294 1925 rum,
2330 1875 2449 1930 qua:
2493 1867 2604 1913 tum
2653 1860 2913 1915 adversus
2954 1860 3135 1931 operis
3170 1858 3584 1930 antiquitatem,
3614 1866 3734 1914 tum

2145 1953 2406 2009 adversus
2433 1950 2720 2006 Alcuinum
2756 1950 3120 2007 adducuntur.

2214 2137 2455 2192 Primum
2486 2144 2863 2207 argumentum
2892 2136 2946 2191 in
2972 2134 3128 2191 Notis
3155 2136 3224 2191 ad
3243 2135 3476 2191 oﬂicium
3502 2138 3736 2192 sanctis-

2145 2228 2266 2283 simi
2296 2228 2652 2293 sacramenti,
2696 2242 2846 2281 num.
2875 2226 2961 2291 70,
2994 2227 3315 2298 proponitur
3340 2227 3399 2282 in
3445 2228 3590 2283 hunc
3621 2227 3739 2285 fere

2146 2320 2361 2375 modum
2388 2338 2400 2371 :
2434 2338 2451 2369 ι
2480 2318 2605 2374 Hzec
2627 2316 2907 2375 Confessio
2927 2320 3162 2375 maxima
3184 2335 3249 2375 ex
3274 2328 3429 2392 parte
3449 2322 3737 2391 desumpta

2144 2417 2228 2465 est
2255 2425 2320 2464 ex
2345 2407 2547 2478 Pelagii
2573 2407 2924 2465 Confessione
2954 2409 3101 2477 fidei,
3126 2419 3181 2466 et
3202 2427 3265 2465 ex
3298 2412 3439 2468 libro
3464 2411 3737 2470 Gennadii

2146 2502 2211 2557 de
2237 2502 2586 2573 Dogmatibus
2612 2501 3034 2569 ecclesiasticis,
3066 2504 3281 2559 tametsi
3326 2504 3445 2560 loca
3486 2506 3580 2560 illa
3617 2522 3740 2577 qua

2144 2590 2490 2661 Pelagianam
2518 2600 2612 2646 aut
2634 2591 3126 2664 Semipelagia'nam
3153 2595 3459 2651 doctrinam
3498 2597 3735 2667 sapiunt,

2146 2690 2391 2737 correcta
2418 2682 2918 2752 deprehenduntur.
2950 2684 3152 2741 Deinde
3174 2687 3385 2757 priores
3407 2689 3528 2744 dua:
3551 2700 3737 2759 partes

2145 2776 2421 2847 praeclara:
2467 2786 2594 2831 sunt
2634 2785 2690 2832 et
2722 2776 2858 2847 piae;
2889 2783 2947 2831 at
2976 2778 3139 2833 tertia
3183 2794 3313 2848 pars
3345 2796 3455 2835 non
3502 2783 3738 2838 conteret

2149 2882 2273 2921 cum
2301 2867 2508 2922 dua‘bus
2537 2866 2835 2938 prioribus,
2881 2883 2951 2923 ex
2999 2869 3196 2938 quibus
3236 2871 3409 2927 multa
3441 2875 3639 2943 repetit
3674 2875 3741 2932 ad

2147 2957 2392 3021 verbum,
2422 2958 2569 3028 quod
2595 2959 2650 3013 in
2685 2975 2793 3014 uno
2823 2960 3123 3031 eodemque
3152 2977 3314 3032 opere
3343 2964 3527 3019 nullus
3555 2976 3743 3023 auctor

2151 3046 2363 3103 fecerit.
2403 3067 2422 3101 ι
2455 3048 2572 3103 Huc
2606 3048 2720 3104 fere
2756 3049 3084 3121 conjectura:
3114 3051 3258 3107 illius
3298 3056 3556 3127 anonymi
3594 3057 3739 3113 redi-

456 3149 977 3221 competitAlcuino,
1010 3148 1097 3203 cui
1123 3147 1417 3216 Elipandus
1445 3145 1737 3201 Toletanus
1762 3145 2047 3214 episcopus
2073 3148 2121 3213 ο
2150 3146 2368 3209 guntur.
2399 3139 2488 3208 qui
2520 3139 2871 3195 nihilominus
2909 3139 3129 3208 fatetur,
3180 3144 3379 3214 stylum
3418 3145 3576 3201 istius
3598 3146 3741 3203 Con-

458 3237 806 3309 exprobravit
826 3236 969 3306 quod
993 3236 1173 3306 viginti
1204 3234 1372 3289 millia
1395 3252 1661 3289 servorum
1683 3237 1909 3291 haberet
1936 3235 2044 3307 (e):

459 3349 559 3388 nec
582 3331 844 3389 Alcuinus
869 3332 985 3400 ipse
1006 3330 1261 3386 diliitetur
1288 3330 1345 3386 in
1374 3329 1725 3400 responsione
1745 3330 1814 3386 ad
1832 3330 2049 3401 Elipan—

468 3428 618 3483 dum.

494 3519 583 3573 ‘2.
624 3503 870 3584 Deinde:
902 3532 1026 3588 pag.
1075 3515 1216 3582 I50,
1263 3515 1568 3587 ingemiscit
1611 3514 1754 3585 quod
1804 3514 2052 3571 amiserit

465 3607 694 3665 (locum
723 3608 930 3664 dilecta:
952 3607 1275 3672 solitudinis,
1294 3605 1530 3661 amicum
1560 3606 1835 3671 maeroris,
1852 3605 2051 3675 quietis

460 3698 913 3770 etpcenitudinis,
938 3718 956 3751 ι
988 3714 1149 3768 quem
1179 3698 1246 3752 ab
1272 3697 1492 3753 ineunte
1526 3703 1685 3752 aetate
1729 3710 1943 3766 semper
1976 3695 2053 3750 di-

460 3792 688 3849 lexerat.
721 3811 740 3844 t
774 3792 1000 3857 Idcirco,
1051 3792 1254 3862 inquit,
1302 3792 1356 3845 in
1408 3790 1656 3862 angustia
1712 3797 1767 3845 et
1815 3805 2054 3846 mmrore

462 3874 632 3939 multo
659 3884 834 3953 posita
855 3893 938 3939 est
966 3884 1145 3938 anima
1174 3898 1314 3948 mea,
1341 3892 1493 3938 tuum
1520 3898 1681 3954 super
1706 3898 1765 3938 se
1796 3883 2053 3955 ignorans

458 3972 719 4045 judicium
747 3993 759 4028 :
789 3975 914 4045 quia
944 3982 1211 4030 secretum
1234 3974 1404 4030 solita:
1431 3973 1629 4042 quietis
1656 3982 1711 4031 et
1736 3981 2054 4044 opportunae

464 4067 534 4121 ad
563 4073 615 4120 te
642 4065 959 4129 vacationis,
993 4065 1135 4134 quod
1176 4064 1343 4121 semel
1384 4064 1637 4119 incautus
1665 4064 1843 4130 amisi,
1877 4064 2053 4119 denuo

464 4157 708 4212 invenire
748 4172 854 4211 non
885 4156 1056 4226 potui.
1089 4155 1204 4212 Hoc
1247 4162 1429 4210 autem
1450 4163 1580 4226 Opto
1608 4156 1805 4221 adhuc,
1838 4157 2053 4226 suspiro

465 4257 752 4321 et'quzero;
786 4252 879 4305 sed
909 4248 1361 4320 prtepedientibus
1384 4249 1628 4318 peccatis
1656 4248 1791 4304 meis
1812 4248 2054 4319 reperire

466 4340 769 4397 non-valeo
796 4340 880 4410 (f).
914 4360 931 4392 ι
961 4339 1219 4394 Eamdem
1265 4340 1431 4394 animi
1477 4340 1558 4395 sui
1590 4339 1941 4411 agitationem
1966 4355 2056 4396 ex-

2148 3230 2398 3287 fessionis
2448 3232 2707 3288 accedere
2751 3234 2822 3289 ad
2872 3235 3074 3307 stylum
3124 3230 3372 3303 Alcuini,
3419 3248 3585 3310 atque
3630 3240 3746 3309 ejus

2149 3326 2482 3382 conditorem
2509 3325 2710 3382 vixisse
2736 3336 2863 3384 ante
2908 3328 3360 3386 scholasticorum
3386 3342 3607 3388 aetatem
3628 3375 3645 3400 ,
3680 3351 3746 3391 ac

2148 3419 2374 3488 proinde
2405 3419 2539 3474 nihil
2566 3421 2700 3475 certi
2735 3436 2802 3476 ex
2832 3422 2918 3477 his
2956 3424 3288 3493 conjecturis
3318 3423 3505 3479 conﬁci
3548 3440 3739 3495 posse.

2222 3510 2336 3565 Etsi
2366 3511 2481 3566 haec
2505 3510 2778 3583 Anonymi
2809 3511 3090 3570 Confessio
3128 3513 3243 3571 fere
3268 3514 3493 3571 sufﬁciat
3527 3517 3598 3572 ad
3634 3518 3747 3573 sol-

2151 3601 2355 3657 vendas
2399 3599 2743 3670 conjecturas
2792 3620 2928 3675 quas
2970 3606 3219 3674 adduxit,
3270 3608 3527 3663 nonnulla
3563 3616 3746 3666 tamen

2154 3709 2418 3764 reponere
2462 3694 2618 3767 juvat
2664 3697 2734 3752 ad
2779 3698 3100 3769 ampliorem
3151 3702 3400 3759 veritatis
3452 3703 3745 3759 confirma-

2153 3787 2381 3842 tionem.

2226 3879 2277 3932 l.
2306 3878 2498 3936 Nullus
2535 3882 2742 3938 moveri
2774 3882 2933 3940 debet
2976 3885 3123 3956 quod
3150 3883 3523 3942 Confessionis
3558 3895 3746 3942 auctor

2154 3982 2285 4023 usus
2313 3969 2385 4023 sit
2410 3968 2764 4027 Confessione
2790 3971 2994 4045 Pelagii
3032 3973 3131 4047 (h).
3179 3972 3464 4044 Siquidem
3502 3984 3748 4046 tempore

2153 4059 2369 4116 Alcuini
2394 4077 2495 4132 pro
2518 4077 2649 4119 vero
2672 4065 2848 4121 sancti
2887 4065 3204 4138 Hieronymi
3252 4065 3364 4122 fetu
3412 4071 3745 4138 agnosceba-

2155 4155 2263 4204 tur.
2293 4149 2351 4205 ld
2376 4158 2548 4220 patet,
2584 4159 2699 4208 tum
2723 4168 2791 4210 ex
2817 4154 2941 4211 libri
2970 4156 3119 4212 tertii
3148 4155 3389 4212 Carolini
3413 4173 3538 4228 cap.
3574 4159 3625 4225 1,
3654 4158 3746 4214 ubi

2155 4242 2273 4298 haec
2312 4240 2596 4302 Confessio
2647 4248 2747 4304 sub
2791 4248 3012 4306 nomine
3058 4248 3376 4322 Hieronymi
3420 4250 3743 4314 adducitur;

2155 4343 2274 4392 tum
2298 4351 2366 4394 ex
2389 4354 2493 4394 ms.
2522 4339 2720 4397 Codice
2748 4340 3010 4399 Caesarea:
3052 4342 3422 4408 bibliothecae,
3452 4344 3545 4413 qui
3576 4344 3746 4399 codex

466 4431 654 4502 primit
702 4430 961 4485 Alcuinus
998 4430 1242 4500 pluribus
1278 4430 1335 4484 in
1380 4431 1536 4496 locis,
1568 4432 1804 4487 maxime
1842 4446 1971 4487 vero
1997 4432 2052 4487 in
2081 4499 2115 4503 _
2155 4427 2394 4497 psalmos
2422 4436 2477 4483 et
2506 4431 2746 4498 cantica,
2773 4433 3065 4503 variasque
3109 4433 3483 4489 confessiones
3507 4433 3747 4503 comple-

467 4499 693 4591 epistola
744 4520 868 4584 199,
897 4520 952 4573 in
994 4499 1101 4590 qua
1144 4519 1258 4574 haec
1307 4521 1511 4575 verba:
1542 4540 1560 4570 ‹
1598 4520 1736 4578 Fere
1776 4530 1901 4578 ante
1948 4524 2051 4579 hoc
2079 4499 2133 4562 D
2157 4524 2333 4583 Cleos,
2355 4515 2511 4585 jussu
2538 4519 2718 4575 Caroli
2744 4521 2922 4594 Magni
2950 4499 3228 4596 a—Dagulfo
3250 4524 3467 4580 notario
3490 4499 3745 4595 scriptus,

467 4611 895 4684 quinquennium
929 4612 1342 4680 occupationes,
1370 4612 1538 4667 Deum
1568 4620 1751 4678 testor,
1778 4628 1886 4670 non
1924 4615 2052 4671 ficto

468 4704 631 4760 corde
661 4704 930 4761 declinare
959 4705 1210 4777 cogitavi,
1237 4705 1330 4760 sed
1359 4713 1552 4761 vestra:
1572 4707 1675 4777 pia:
1701 4709 2052 4777 providentiae

470 4795 693 4851 consilio
722 4796 1015 4851 translatus
1047 4811 1165 4851 sum
1198 4796 1254 4850 in
1282 4796 1563 4852 servitium
1603 4799 1777 4853 sancti
1805 4798 2049 4865 Martini,

471 4885 597 4940 ﬁdei
643 4884 918 4941 catholicae
963 4894 1018 4940 et
1062 4885 1446 4943 ecclesiasticae
1489 4887 1757 4943 sanctioni
1818 4889 2052 4947 donante

470 4974 599 5039 Deo,
633 4973 951 5045 proficuum.
1003 4975 1121 5031 Non
1167 4977 1395 5034 recessit
1435 4986 1616 5033 tamen
1643 4979 1710 5035 de
1737 4979 1901 5034 corde
1929 4994 2051 5036 meo

470 5065 667 5133 prioris
694 5065 989 5121 voluntatis
1016 5065 1243 5124 affectus
1260 5109 1277 5135 ,
1302 5069 1442 5125 sicut
1474 5077 1751 5127 transacto
1778 5085 1921 5126 anno
1960 5086 2054 5127 ve-

471 5163 600 5211 strae
642 5155 831 5227 pietati
870 5155 985 5226 jam
1029 5158 1275 5227 praedixi.
1310 5178 1329 5212 ι
1363 5158 1491 5216 Haec
1531 5159 1600 5215 ad
1648 5159 1901 5218 Carolum
1929 5163 2054 5219 :cui

472 5246 636 5302 aliam
679 5248 895 5320 scripsit
941 5249 1255 5321 epistolam,
1285 5251 1545 5307 nimirum
1586 5252 1708 5317 152,
1756 5255 1822 5309 de
1863 5255 2054 5312 eodem

475 5347 811 5411 argumento.
862 5341 986 5396 Voti
1014 5356 1234 5412 compos
1278 5341 1481 5407 factus,
1514 5342 1647 5402 alias
1673 5344 1822 5400 misit
1847 5344 2056 5402 litteras

474 5428 545 5484 ad
569 5428 765 5483 fratres
793 5430 849 5485 in
872 5429 1082 5487 Gothiae
1118 5432 1364 5501 partibus
1392 5432 1503 5487 Deo
1537 5433 1833 5489 servientes
1859 5432 2053 5504 (Epist.

479 5517 602 5591 135)
630 5536 643 5573 :
673 5537 691 5571 ι
722 5519 837 5591 Ego
853 5535 1003 5587 vero,
1026 5522 1124 5588 ait,
1147 5522 1329 5578 saeculi
1350 5523 1763 5594 tempestatibus
1783 5525 2056 5593 turbatus,

480 5623 637 5665 casso
674 5610 860 5668 multis
906 5611 963 5667 in
1006 5612 1142 5669 locis
1179 5613 1365 5669 labore
1405 5612 1664 5670 desudavi
1701 5630 1715 5669 :
1753 5613 1849 5670 sed
1896 5616 2057 5673 modo

2157 4616 2321 4678 atque
2345 4608 2584 4666 Adriano
2611 4626 2764 4683 papa:
2788 4613 3003 4670 oblatus
3028 4623 3112 4671 est
3136 4655 3151 4681 ,
3186 4623 3417 4671 testante
3454 4614 3749 4672 Lambecio

2155 4698 2213 4753 in
2238 4697 2499 4755 Cmsareaa
2513 4702 2851 4760 bibliothecae
2876 4712 3009 4760 tom.
3025 4705 3089 4771 II,
3104 4708 3454 4779 continetque
3476 4708 3623 4763 inter
3642 4708 3747 4762 alia

2156 4790 2488 4860 ipsissimam
2533 4791 2735 4865 Pelagii
2784 4794 3190 4853 Confessionem
3229 4813 3356 4853 cum
3402 4798 3510 4854 hoc
3548 4798 3745 4853 titulo:

2159 4879 2430 4952 Confessio
2454 4883 2580 4953 ﬁdei
2606 4885 2878 4941 catholicae
2904 4890 3073 4943 sancti
3100 4887 3430 4960 Hieronymi.
3455 4889 3598 4945 Tum
3620 4889 3750 4945 sub-

2163 4974 2411 5044 sequitur
2430 4974 2713 5033 Confessio
2739 4977 2795 5032 in
2817 4979 2933 5035 haec
2952 4981 3118 5036 verba
3141 5000 3156 5037 :
3190 4980 3468 5037 Credimus
3491 4983 3549 5037 in
3584 4983 3749 5038 Dem

2162 5061 2379 5121 Patrem
2409 5069 2809 5139 omnipotentem
2832 5082 3140 5129 cunctorum
3170 5074 3454 5130 visibilium
3480 5084 3531 5130 et
3567 5076 3751 5131 inrisi-

2161 5158 2346 5213 bilium
2391 5162 2740 5229 conditorem,
2773 5173 2905 5233 etc.,
2944 5183 3065 5239 qua:
3103 5167 3377 5240 ipsissima
3421 5176 3509 5225 est
3546 5168 3749 5239 Pelagii

2163 5247 2443 5307 Confessio
2466 5264 2515 5306 ι.
2538 5252 2753 5310 Nemini
2779 5256 2961 5328 itaque
2988 5259 3188 5315 mirum
3214 5274 3336 5315 esse
3362 5259 3525 5315 debet
3565 5262 3615 5317 si
3643 5260 3749 5316 Pe-

2163 5342 2293 5414 lagii
2320 5343 2729 5406 Confessionem
2757 5352 3163 5424 transcripserit
3184 5352 3239 5409 in
3270 5368 3426 5408 suam
3446 5352 3714 5409 Alcuinus
3731 5394 3748 5419 ,

2161 5435 2257 5506 qui
2276 5450 2397 5491 eam
2421 5441 2705 5510 reputabat
2724 5457 2846 5499 esse
2858 5442 3193 5516 Hieronymi,
3220 5459 3384 5516 quem
3403 5446 3461 5501 in
3476 5444 3595 5500 suis
3615 5442 3751 5499 scri-

2160 5528 2270 5599 ptis
2296 5531 2497 5600 passim
2526 5534 2891 5592 transcribere
2915 5536 3074 5594 solet.

2232 5616 2419 5690 Neque
2438 5620 2640 5677 mirum
2667 5624 2811 5695 quod
2831 5626 2999 5685 etiam
3023 5643 3155 5687 usus
3173 5636 3262 5687 est
3285 5629 3601 5689 testimonio
3625 5627 3749 5686 libri

558 5734 586 5762 ι
616 5722 737 5779 Vid.
766 5732 907 5793 part.
934 5741 1021 5792 ιιι,
1042 5742 1098 5781 n.
1122 5726 1211 5791 32,
1239 5742 1359 5797 quae
1381 5744 1511 5785 sane
1532 5727 1819 5798 Pelagiana
1849 5728 1933 5786 vel
1962 5727 2393 5803 Semipelagiana
2416 5749 2523 5791 non
2546 5745 2692 5792 sunt.
