4038 6354
308 369 449 435 1009

874 372 1025 430 OPP.
1062 372 1291 433 DUBIA.
1324 405 1395 417 —
1424 372 1518 430 DE
1550 369 1734 429 FIDE]
1770 366 2103 428 CONFESS.
2149 370 2545 433 MABILLONII
2580 374 3014 446 DISQUISITIO.

3423 374 3564 446 icio

306 497 373 551 de
402 493 753 562 Dogmatibus
780 493 1185 561 ecclesiasticis,
1211 511 1372 567 quem
1395 494 1657 551 Gennadii
1686 463 1877 551 Massi;
1900 486 1953 545 Α
1977 486 2209 554 attinet.
2240 489 2285 544 si
2313 492 2436 561 quis
2461 507 2576 548 rem
2603 494 2824 565 propius
2854 494 3162 553 consideret
3184 495 3213 565 .'
3241 513 3304 555 ex
3342 500 3563 562 Chime-

304 584 510 651 liensis,
563 583 795 640 hominis
842 583 1293 657 Semipelagiani,
1344 585 1515 640 fetum
1559 600 1680 641 esse
1735 601 1877 642 nunc

304 686 520 735 constat
563 677 704 748 apud
748 679 1019 746 eruditos;
1077 689 1220 745 tum,
1270 680 1397 749 quia
1444 679 1582 735 liber
1616 680 1719 749 iste
1748 678 1878 734 olim

302 779 493 828 sancto
517 770 819 841 Augustino
845 772 1151 842 suppositus
1180 777 1279 830 est.
1307 770 1615 839 relatusque
1641 785 1672 825 a
1699 778 1879 839 poste-

302 864 382 918 ris
410 863 466 917 in
492 862 608 931 ejus
635 859 868 933 Operum
888 863 1251 934 Appendicem
1275 880 1288 915 :
1322 870 1456 925 tum,
1482 862 1606 931 quia
1628 870 1753 917 ante
1784 877 1878 915 an-

301 970 402 1010 nos
432 955 771 1025 octingentos
807 969 931 1009 cum
952 954 1251 1010 honoriﬁca
1290 955 1527 1010 auctoris
1561 952 1879 1024 prrefatione

300 1047 550 1104 laudatus
575 1056 680 1113 est,
706 1048 871 1102 etiam
891 1048 958 1101 ab
984 1048 1068 1102 his
1098 1046 1191 1117 qui
1218 1046 1338 1117 ejus
1358 1053 1637 1116 parentem
1660 1044 1878 1100 Genna-

301 1144 449 1199 dium
492 1142 871 1211 agnoscebant.
916 1139 1090 1212 Hujus
1135 1142 1213 1195 rei
1246 1140 1547 1196 luculentus
1594 1138 1751 1194 testis
1793 1143 1878 1191 est

297 1236 570 1290 Adrianus
595 1250 733 1305 papa
764 1233 1004 1304 primus,
1040 1232 1251 1288 Alcuini
1280 1232 1524 1301 aequalis,
1558 1231 1613 1286 in
1650 1226 1878 1298 epistola

299 1328 369 1383 ad
389 1326 640 1382 Carolum
666 1324 914 1395 Magnum
938 1325 1003 1379 de
1029 1325 1187 1380 Cultu
1212 1333 1521 1380 sanctarum
1542 1322 1872 1393 imaginum:

298 1416 386 1473 cui
412 1416 689 1487 probando
719 1416 863 1471 inter
892 1417 1026 1472 alias
1059 1417 1282 1472 Patrum
1326 1413 1681 1470 auctoritates
1713 1413 1877 1469 etiam

297 1507 564 1564 Gennadii
591 1508 915 1563 sententiam
945 1509 1163 1565 adducit
1188 1509 1275 1564 his
1300 1507 1518 1563 vesbis:
1559 1526 1578 1557 ι
1613 1506 1670 1561 In
1707 1505 1879 1560 sacris

295 1600 572 1670 praedictis
599 1602 844 1657 conciliis
872 1601 1332 1673 praedecessorum
1363 1616 1607 1657 meorum
1646 1598 1875 1654 sanctis-

296 1692 560 1747 simorum
587 1692 904 1761 pontiﬁcum
940 1692 1056 1746 haec
1093 1691 1273 1747 oblata
1309 1699 1436 1745 sunt
1467 1689 1798 1751 testimonia,
1823 1686 1880 1741 id

294 1784 419 1833 est:
452 1782 627 1837 sancti
654 1781 918 1837 Gennadii
958 1783 1310 1838 Massiliensis
1344 1783 1612 1853 episcopi,
1643 1779 1880 1850 qualiter

292 1871 604 1925 veneranda
631 1871 740 1927 sint
768 1888 998 1943 corpora
1033 1873 1118 1929 vel
1162 1874 1401 1946 reliquias
1433 1882 1743 1928 sanctorum
1787 1885 1878 1926 ca-

290 1961 467 2030 pitulo
490 1963 559 2018 40
590 1981 602 2018 :
638 1964 924 2021 Sacrorum
950 1984 1171 2039 corpora
1190 2010 1204 2036 ,
1237 1978 1285 2023 et
1313 1971 1575 2041 prwcipue
1604 1968 1873 2022 beatorum

289 2062 587 2123 martyrum
610 2056 876 2129 reliquias,
897 2078 958 2114 ac
975 2062 1021 2116 si
1038 2060 1232 2116 Christi
1252 2062 1505 2127 membra,
1524 2062 1873 2116 sincerissime

290 2142 623 2212 honoranda,
639 2155 745 2204 etc.
771 2148 900 2217 Quae
920 2150 1184 2208 Gennadii
1206 2153 1373 2208 verba
1388 2144 1664 2208 habentur
1683 2152 1738 2206 in
1758 2151 1874 2220 ejus

291 2233 510 2305 vulgato
538 2236 676 2293 libro
705 2240 772 2295 de
800 2241 1151 2312 Dogmatibus
1185 2243 1599 2310 ecclesiasticis,
1631 2258 1750 2313 cap.
1782 2242 1869 2297 75.

293 2318 398 2377 Ubi
444 2324 592 2380 vides
642 2342 749 2382 non
783 2337 991 2385 tantum
1031 2331 1401 2399 Gennadium,
1444 2333 1537 2389 sed
1562 2334 1726 2387 etiam
1756 2331 1873 2401 ejus

291 2410 489 2468 librum
517 2416 581 2471 de
612 2417 960 2491 Dogmatibus
990 2423 1369 2480 ecclesiasticis
1398 2426 1465 2480 ab
1489 2423 1730 2479 Adriano
1758 2423 1875 2479 lau-

291 2502 479 2561 datum
509 2525 523 2562 :
556 2524 657 2565 nec
674 2512 901 2581 proinde
928 2516 1126 2571 mirum
1151 2532 1273 2572 esse
1299 2519 1441 2588 quod
1470 2516 1539 2572 ab
1564 2517 1792 2574 Alcuino
1819 2517 1875 2571 in

290 2593 642 2656 Confessione
662 2618 760 2658 sua
789 2612 843 2659 et
876 2604 1013 2662 liber
1040 2615 1096 2662 et
1128 2616 1317 2663 auctor
1354 2609 1543 2665 itidem
1587 2608 1873 2675 laudetur;

289 2703 469 2759 neque
498 2691 620 2748 inde
649 2697 787 2751 sumi
816 2712 975 2767 posse
1003 2709 1380 2771 argumentum
1421 2710 1481 2757 ut
1507 2703 1624 2757 haec
1653 2701 1877 2759 Confes-

290 2780 376 2836 sio
400 2782 716 2842 detrahatur
736 2788 985 2856 Alcuino,
1013 2791 1121 2847 imo
1148 2793 1330 2863 potius
1349 2801 1411 2848 ut
1437 2794 1540 2864 ipsi
1569 2804 1868 2850 asseratur.

288 2869 429 2926 Nam
458 2883 577 2944 post
602 2882 996 2937 controversias
1026 2880 1368 2941 Gothescalci
1408 2888 1693 2943 occasione
1718 2903 1876 2945 exor-

288 2968 395 3027 tas,
420 2962 534 3031 jam
557 2974 670 3022 tum
694 2970 909 3026 demum
932 2984 1215 3044 suspectus
1236 2991 1301 3031 ac
1319 2976 1873 3050 Semipelagianorum

286 3057 732 3116 erroreinfectus
752 3062 1011 3132 probatus
1032 3073 1118 3121 est
1144 3067 1247 3122 iste
1268 3066 1535 3124 Gennadii
1561 3070 1789 3137 libellus,
1814 3079 1875 3128 ut

287 3154 440 3215 patet
465 3163 531 3203 ex
558 3149 702 3205 Flori
744 3160 799 3207 et
830 3153 1087 3211 Ecclesiae
1132 3157 1505 3230 Lugdunensis
1553 3162 1773 3231 scriptis
1818 3162 1874 3217 in

286 3253 456 3295 causa
492 3244 1001 3312 przedestinationis.
1027 3248 1163 3306 Cum
1205 3267 1334 3324 ergo
1372 3261 1484 3309 tam
1517 3254 1783 3312 Gennadii
1812 3256 1876 3312 li-

286 3331 494 3387 bellum
519 3350 680 3404 quam
704 3334 1041 3394 Gennadium
1084 3341 1261 3410 ipsum
1306 3344 1488 3415 magni
1528 3344 1693 3401 faciat
1728 3345 1872 3402 Con-

288 3420 543 3480 fessionis
570 3424 918 3483 Chiﬁletianse
957 3432 1209 3500 scriptor,
1250 3432 1377 3488 inde
1412 3449 1748 3505 consequens
1789 3445 1873 3493 est

287 3523 351 3571 ut
375 3517 422 3571 is
442 3527 567 3574 ante
594 3518 934 3577 Gothescalci
961 3526 1364 3580 controversias
1387 3527 1606 3582 vixerit.

361 3607 550 3679 Neque
576 3611 753 3665 obstat
782 3612 927 3681 quod
954 3614 1115 3669 tertia
1159 3632 1287 3685 pars
1328 3616 1488 3673 istius
1512 3618 1875 3680 Confessionis

288 3714 416 3757 cum
444 3700 650 3758 duabus
673 3704 945 3773 prioribus
977 3720 1083 3761 non
1108 3707 1239 3762 satis
1266 3708 1541 3765 cobmrere
1564 3712 1795 3780 dicatur,
1819 3722 1877 3770 et

287 3804 361 3847 ex
385 3792 492 3848 illis
516 3794 771 3850 nonnulla
791 3805 1019 3866 repetat.
1042 3797 1176 3852 Nam
1200 3798 1253 3852 in
1276 3799 1461 3856 codice
1475 3801 1736 3859 Boeriano
1757 3804 1876 3861 duae

285 3885 622 3956 posteriores
650 3897 833 3958 partes
862 3892 1052 3945 eadem
1085 3905 1269 3957 manu,
1312 3907 1419 3963 qua
1461 3892 1673 3962 priores
1723 3896 1870 3965 duae,

290 3975 577 4046 descriptae
599 3987 725 4034 sunt
753 3998 766 4034 :
794 3986 847 4035 et
872 3979 1124 4052 repetitio
1149 3982 1266 4037 haec
1295 3997 1404 4038 non
1429 3983 1535 4039 nisi
1558 3987 1874 4057 recapitula-

291 4068 372 4121 tio
396 4069 798 4139 praemissorum
832 4080 933 4127 est.

364 4156 419 4212 2.
448 4158 693 4215 Alterum
721 4160 1012 4230 objectum,
1041 4165 1185 4235 quod
1209 4181 1276 4222 ex
1310 4167 1597 4225 Dallaeanis
1636 4170 1873 4241 primum

290 4254 396 4317 est,
452 4251 574 4308 inde
620 4254 820 4323 petitur
862 4257 1005 4326 quod
1039 4258 1095 4313 in
1140 4258 1477 4316 Chillletiana
1521 4261 1873 4319 Confessione

287 4342 463 4398 multa
488 4344 553 4399 de
573 4348 737 4401 verbo
764 4357 1131 4420 excerpuntur
1152 4359 1263 4407 tum
1283 4368 1350 4408 ex
1377 4362 1613 4411 tractatu
1638 4356 1706 4412 de
1738 4356 1874 4425 Spe-

290 4433 438 4499 culo,
466 4435 556 4504 qui
588 4436 729 4493 inter
759 4439 923 4494 notha
949 4440 1239 4514 Augustini
1285 4459 1450 4514 opera
1500 4445 1704 4504 relatus
1752 4457 1868 4517 est,

294 4533 411 4579 tum
436 4539 502 4580 ex
528 4526 666 4584 libro
692 4529 1097 4588 Meditationum
1130 4534 1307 4591 eidem
1334 4537 1639 4610 Augustino
1675 4556 1871 4613 perpe-

292 4633 411 4675 ram
436 4620 673 4690 ascripto
697 4640 709 4676 :
739 4625 881 4692 quod
909 4631 1197 4695 utrumque
1216 4642 1350 4697 opus
1371 4631 1734 4688 recentiorum
1750 4649 1871 4691 esse

292 4717 597 4777 temporum
652 4710 881 4768 Dallasus
930 4716 1224 4772 contendit.
1271 4718 1339 4772 Et
1395 4719 1609 4790 Speculi
1654 4724 1871 4794 quidem

293 4805 583 4853 tractatum
612 4797 1043 4860 Meditationibus
1070 4808 1428 4875 posteriorem
1454 4825 1605 4879 esse;
1643 4813 1869 4871 Medita-

290 4886 502 4941 tionum
522 4903 651 4944 vero
676 4889 874 4945 librum
888 4896 1321 4951 consarcinatum
1342 4914 1463 4955 esse
1483 4910 1605 4971 post
1623 4912 1872 4961 sanctum

292 4975 638 5048 Anselmum,
686 4995 754 5038 ex
791 4980 946 5053 cujus
989 4987 1154 5041 variis
1187 4992 1462 5059 opusculis
1511 4992 1625 5050 fere
1670 4996 1873 5052 conﬁa-

295 5075 384 5120 tus
415 5076 516 5123 est.

365 5157 613 5218 Concedo
636 5164 800 5221 hosce
827 5166 961 5223 duos
988 5168 1177 5236 libros,
1207 5172 1261 5227 id
1288 5182 1371 5229 est
1416 5172 1631 5246 Speculi
1665 5187 1722 5235 et
1763 5180 1874 5237 Me-

294 5250 641 5320 ditationum,
671 5265 859 5313 sancto
880 5257 1135 5317 Anselmo
1156 5266 1483 5332 posteriores
1503 5284 1641 5325 esse.
1655 5269 1727 5325 At
1749 5272 1875 5328 inde

296 5344 636 5414 antiquitatis
688 5352 1100 5420 praerogativam
1154 5353 1253 5409 sibi
1307 5356 1544 5413 vindicat
1595 5359 1873 5418 Confessio

294 5435 653 5504 Chillletiana,
681 5455 804 5494 cum
844 5442 1013 5497 codex
1038 5443 1338 5501 Boerianus
1381 5450 1539 5504 annis
1590 5452 1873 5509 minimum

296 5528 548 5584 ducentis
585 5539 711 5587 ante
743 5532 1058 5589 Anselmum
1098 5545 1351 5595 exaratus
1384 5541 1483 5607 sit,
1516 5543 1595 5598 uti
1626 5546 1875 5615 superius

297 5620 663 5679 demonstravi
713 5625 795 5699 (i).
837 5626 999 5699 374
1032 5628 1098 5682 Et
1136 5630 1350 5698 quidem
1379 5632 1783 5694 Meditationum
1811 5639 1875 5696 li-

296 5708 456 5767 brum
493 5729 562 5769 ex
606 5714 828 5773 Joannis
856 5719 1068 5775 abbatis
1103 5724 1376 5795 opusculis
1409 5725 1521 5781 fere
1550 5722 1719 5785 totum
1745 5748 1877 5788 con-

295 5810 445 5863 stare
471 5807 634 5879 paulo
659 5816 784 5868 ante
808 5810 1094 5883 probatum
1131 5823 1232 5872 est.
1267 5815 1350 5873 Ad
1397 5816 1682 5891 Speculum
1733 5835 1875 5904 quod

1980 580 2125 635 tiana
2152 578 2501 639 Confessione
2529 586 2867 658 desumptum
2916 590 3032 645 sine
3070 590 3232 646 dubio
3271 593 3562 653 videbitur.

1978 668 2114 725 Cum
2134 672 2279 725 enim
2298 672 2386 728 hic
2412 684 2677 732 tractatus
2701 678 3070 736 Confessionis
3091 680 3413 740 Christianae
3440 701 3564 757 spe-

1980 760 2155 815 cimen
2185 763 2486 831 promittat,
2518 766 2796 837 solamque
2816 769 2883 824 de
2906 769 3169 825 Trinitate
3189 771 3380 829 Fidem
3409 789 3561 831 com-

1977 851 2277 921 plectatur;
2315 854 2690 925 imperfectum
2720 875 2850 914 sane
2875 876 3012 929 opus
3041 870 3154 928 est,
3188 861 3233 917 si
3259 878 3289 916 a
3334 862 3561 921 Confes-

1978 946 2148 1001 sionis
2195 949 2429 1002 secunda
2482 958 2655 1019 parte,
2710 968 2831 1022 qua:
2883 953 2949 1008 de
2995 953 3372 1011 lncarnatione
3409 956 3562 1028 agit,

1978 1036 2281 1092 divellatur.
2311 1037 2447 1094 Hinc
2489 1055 2826 1112 consequens
2853 1050 2938 1097 est
2971 1050 3033 1097 ut
3057 1044 3237 1113 potius
3272 1045 3563 1116 Speculum

1978 1143 2045 1183 ex
2076 1127 2446 1196 Confessione,
2474 1139 2729 1201 tanquam
2758 1134 3131 1204 imperfectum
3168 1151 3304 1205 opus
3330 1153 3399 1192 ex
3434 1152 3563 1208 per-

1976 1217 2140 1285 fecto,
2173 1236 2335 1291 quam
2362 1221 2643 1278 Confessio
2669 1238 2737 1278 ex
2767 1223 3030 1295 Speculo,
3072 1227 3374 1283 derivatum
3416 1229 3563 1285 dica-

1978 1317 2085 1363 tur.
2120 1309 2203 1365 Ad
2234 1310 2349 1366 haec
2376 1310 2610 1368 Joannes
2638 1315 2805 1369 abbas
2832 1314 3071 1370 libellum
3098 1330 3319 1385 precum
3352 1320 3564 1375 orditur
3608 1374 3627 1378 Α

1979 1415 2010 1455 a
2038 1401 2234 1470 duplici
2263 1401 2581 1474 fragmento,
2607 1422 2835 1476 quorum
2864 1424 3031 1463 unum
3062 1418 3143 1464 est
3175 1411 3230 1465 in
3254 1411 3361 1466 ﬁne
3390 1411 3564 1482 partis

1976 1492 2165 1562 primm
2191 1492 2560 1551 Confessionis
2604 1496 2921 1570 (itidemque
2965 1499 3020 1555 in
3059 1499 3165 1555 fine
3210 1500 3426 1571 Speculi
3452 1502 3563 1558 Au-

1978 1584 2313 1658 gustiniani),
2349 1587 2577 1644 alterum
2622 1590 2778 1647 initio
2824 1593 3094 1658 secundae,
3140 1593 3441 1663 iterumque
3485 1592 3564 1648 fu-

1979 1675 2092 1729 sius
2114 1676 2168 1730 in
2195 1692 2313 1745 cap.
2342 1677 2410 1731 10
2446 1689 2652 1748 quartae
2676 1682 2865 1750 partis.
2893 1680 3170 1738 Posterius
3200 1682 3567 1754 fragmentum.

1978 1765 2250 1837 decerpsit
2274 1782 2341 1823 ex
2367 1768 2748 1839 Confessione,
2778 1788 2841 1828 ac
2870 1775 3093 1844 proinde
3140 1777 3291 1845 prius
3310 1817 3325 1841 ,
3354 1792 3463 1833 non
3490 1791 3562 1832 ex

1906 1832 1955 1892 Β
1983 1832 2230 1927 Speculo.
2262 1860 2499 1930 Denique
2529 1863 2620 1932 qui
2653 1864 2719 1918 de
2736 1832 2959 1934 Speculi
2997 1832 3227 1921 tractatu
3269 1832 3565 1940 supersunt

1980 1948 2193 2003 codices
2222 1964 2353 2004 mss.
2402 1952 2741 2021 recentiores
2776 1961 2902 2008 sunt
2944 1970 3150 2011 omnes.
3188 1956 3299 2013 Nec
3340 1959 3560 2025 mirum,

1979 2055 2102 2095 cum
2148 2049 2272 2111 post
2314 2042 2630 2099 Anselmum
2681 2047 2912 2101 seorsim
2960 2048 3137 2104 editus
3178 2050 3249 2105 sit
3298 2035 3580 2109 tractatus.

1978 2131 2115 2202 ipse,
2141 2133 2220 2186 uti
2260 2134 2423 2188 etiam
2454 2135 2685 2191 Dallzeus
2722 2137 3031 2193 conﬁtetur.
3080 2138 3152 2194 At
3193 2139 3563 2199 Confessionis

1977 2219 2300 2276 Boerianum
2330 2224 2604 2293 exemplar
2636 2223 2815 2280 Caroli
2843 2226 3019 2298 Magni
3051 2237 3293 2299 tempore
3316 2230 3371 2284 in
3394 2246 3565 2287 mem-

1977 2312 2164 2368 branis
2191 2314 2542 2384 descriptum,
2575 2316 2781 2373 fontem
2805 2319 3007 2374 indicat
3025 2335 3095 2376 ex
3118 2337 3228 2391 quo
3251 2320 3562 2392 Speculum,

1977 2409 2235 2472 tanquam
2263 2404 2429 2471 rivus,
2456 2406 2713 2461 manavit.

2047 2495 2101 2550 5.
2128 2495 2288 2551 Aliud
2313 2499 2538 2569 opponit
2564 2498 2816 2568 Dallaeus,
2839 2503 3097 2559 nimirum
3122 2504 3179 2559 in
3203 2503 3437 2576 vulgatis
3468 2504 3563 2560 Al-

1976 2591 2121 2646 cuini
2152 2591 2387 2662 Operum
2417 2593 2685 2650 indicibus
2730 2596 2933 2651 nullam
2977 2597 3094 2652 ﬁeri
3128 2599 3459 2653 mentionem
3496 2597 3566 2655 de

1978 2682 2315 2740 Chiﬁletiana
2344 2684 2713 2742 Confessione.
2741 2687 2987 2757 Namque
3015 2704 3152 2760 quos
3178 2689 3386 2746 indices
3408 2687 3565 2744 Chif-

1976 2774 2154 2831 ﬂetius
2185 2778 2292 2833 huc
2320 2777 2559 2845 adducit,
2593 2780 2660 2835 de
2689 2780 2797 2835 alia
2821 2780 3171 2838 Confessione
3204 2782 3418 2838 Alcuini
3444 2797 3567 2839 esse

1978 2868 2411 2938 interpretandos
2430 2911 2446 2938 ,
2497 2885 2616 2941 qua:
2654 2872 2724 2927 ab
2767 2872 2959 2929 iisdem
3002 2874 3185 2931 verbis
3226 2874 3451 2946 incipiat
3499 2889 3565 2929 ac

1977 2957 2318 3017 Chimetiana
2344 2961 2444 3035 (lt).

2045 3050 2127 3105 lta
2157 3053 2227 3106 sit
2255 3068 2386 3108 vero
2412 3071 2426 3108 :
2460 3054 2556 3111 sed
2582 3072 2707 3128 quis
2734 3058 2946 3113 nesciat
2973 3074 3137 3129 quam
3160 3060 3340 3117 manci
3360 3070 3419 3117 et
3442 3077 3561 3116 mu-

1978 3141 2061 3198 tili
2106 3143 2215 3198 sint
2252 3152 2497 3200 veterum
2545 3148 2871 3218 scriptorum
2916 3148 3181 3221 catalogi,
3208 3151 3458 3221 quamvis
3497 3151 3564 3206 ab
3654 3172 3661 3175 τ

1897 3205 1949 3273 c
1979 3235 2292 3293 auctoribus
2318 3237 2615 3308 requalibus
2655 3205 2911 3293 ordinati.
2943 3205 3123 3311 Oper;
3170 3205 3345 3297 sancti
3386 3240 3568 3313 Augu-

1976 3329 2104 3386 stini
2130 3330 2184 3384 in
2216 3344 2501 3385 numerum
2548 3330 2733 3385 retulit
2776 3330 3090 3397 Possidius;
3129 3331 3372 3387 Anselmi
3417 3332 3564 3387 Ead-

1975 3435 2193 3486 merus;
2223 3419 2488 3475 Bernardi
2526 3419 2740 3475 abbatis
2782 3418 3196 3477 Clarevallensis
3238 3420 3561 3487 Gaufridus;

1974 3524 2163 3565 omnes
2190 3509 2502 3566 auctoribus
2524 3518 2681 3564 aetate
2708 3524 2888 3579 pares.
2914 3510 2983 3564 Et
3008 3518 3192 3565 tamen
3218 3511 3425 3566 indices
3448 3510 3560 3578 isti,

1975 3614 2139 3669 quam
2169 3599 2224 3652 in
2250 3598 2434 3653 multis
2464 3598 2749 3664 deﬁciant,
2785 3597 2899 3668 jam
2922 3598 3122 3654 dudum
3171 3599 3400 3655 eruditis
3428 3599 3564 3656 viris

1974 3705 2293 3760 persuasum
2314 3699 2419 3745 est.

2044 3781 2097 3836 4.
2130 3782 2230 3847 At,
2260 3782 2463 3852 inquit,
2492 3782 2722 3838 Dall:eus
2742 3823 2757 3850 ,
2790 3784 3026 3854 scriptor
3069 3782 3442 3839 Chillletianus
3469 3782 3562 3838 Αι-

1974 3872 2194 3929 cuinum
2246 3874 2442 3945 saepius
2484 3873 2717 3945 expilat,
2746 3877 2887 3944 quod
2935 3891 3043 3930 non
3071 3875 3435 3931 commisisset
3468 3876 3562 3930 Al-

1974 3964 2187 4020 cuinus.
2217 3964 2334 4019 Non
2364 3965 2509 4021 enim
2542 3965 2719 4022 solent
2758 3965 2984 4039 ﬂorilegi
3004 4008 3019 4034 ,
3046 3969 3132 4024 vel
3171 3966 3559 4036 deﬂoratores,

1973 4072 2042 4111 ex
2073 4056 2185 4111 suis
2214 4056 2316 4126 ipsi
2343 4056 2519 4124 libris,
2547 4056 2642 4113 sed
2666 4072 2734 4113 ex
2765 4059 2976 4126 alienis,
3019 4076 3085 4116 ea
3123 4061 3415 4132 decerpere
3440 4076 3560 4131 quas

1972 4148 2170 4203 litteris
2199 4148 2474 4204 mandant.

2042 4240 2155 4296 lmo
2180 4256 2309 4296 vero
2335 4240 2438 4296 hoc
2462 4241 2697 4296 maxime
2718 4242 2895 4314 arguit
2918 4258 3024 4298 non
3047 4244 3212 4299 alium
3232 4259 3352 4301 esse
3374 4256 3560 4302 aucto-

1972 4347 2090 4387 rem
2118 4334 2263 4388 ltunc
2286 4349 2446 4403 quam
2472 4332 2791 4400 Alcuinum,
2835 4343 2895 4389 ut
2939 4337 3033 4406 qui
3077 4337 3320 4407 pressius
3352 4346 3407 4393 et
3445 4340 3559 4398 suis

1974 4423 2143 4494 ipsius
2171 4426 2351 4480 verbis
2389 4433 2442 4480 et
2477 4427 2761 4483 sententiis
2808 4427 3053 4482 inbuerat.
3108 4428 3244 4483 Nam
3287 4430 3334 4485 si
3373 4428 3560 4486 Dallzei

1973 4516 2373 4586 argumentatio
2394 4516 2618 4584 valeret,
2646 4517 2978 4574 Tertulliano
3000 4519 3391 4589 abjudicandus
3413 4530 3560 4578 esset

1973 4606 2109 4663 liber
2137 4609 2206 4663 ad
2232 4607 2488 4665 Nationes
2512 4608 2594 4682 (l),
2626 4610 2718 4681 qui
2745 4619 2888 4667 totus
2922 4627 2989 4666 ex
3017 4612 3259 4682 ejusdem
3286 4612 3559 4684 Apologia:

1973 4700 2040 4774 (si
2072 4710 2252 4756 tamen
2277 4702 2436 4775 alius)
2469 4704 2649 4759 verbis
2696 4713 2753 4758 et
2796 4705 3097 4759 rationibus
3137 4713 3368 4762 constat.
3402 4707 3559 4775 Quod

1972 4797 2135 4853 etiam
2163 4797 2230 4853 de
2254 4797 2538 4869 Augustini
2565 4797 2837 4852 nonnullis
2867 4797 3091 4868 aliisque
3110 4798 3342 4855 aliorum
3369 4808 3558 4856 aucto-

1972 4903 2090 4943 rum
2121 4890 2378 4961 operibus
2398 4889 2683 4944 dicendum
2713 4898 2816 4945 est.

2044 4996 2151 5053 Sed
2176 4998 2333 5053 video
2359 4998 2616 5052 Dallasum
2656 4997 2968 5054 incumbere
3001 5000 3055 5054 in
3085 5018 3282 5058 nomen
3327 5002 3555 5076 ﬁorilegi

1972 5105 2069 5145 seu
2099 5088 2454 5144 deﬁoratoris.
2488 5089 2689 5144 Verum
2714 5105 2852 5163 nego
2881 5091 3260 5150 Confessorem
3289 5094 3389 5167 (sic
3405 5094 3553 5163 loqui

1972 5181 2105 5237 mihi
2131 5178 2311 5252 liceat)
2333 5194 2541 5234 merum
2567 5196 2685 5235 esse
2708 5179 3006 5254 ﬁorilegum
3030 5198 3124 5238 seu
3150 5183 3551 5248 defloratorem,

1972 5292 2097 5333 cum
2148 5276 2369 5347 propria
2416 5277 2582 5331 verba
2634 5278 2990 5348 propriaeque
3035 5279 3329 5334 sententias
3376 5276 3552 5335 fusius

1974 5366 2165 5422 alienis
2188 5366 2577 5421 intermisceat.
2609 5367 2756 5437 Opus
2779 5369 2997 5437 quidem
3020 5384 3175 5424 suum
3196 5368 3553 5438 θεραπαίνη-

1972 5459 2147 5513 cuiam
2172 5464 2361 5523 vocat;
2390 5464 2446 5511 at
2470 5458 2573 5513 hoc
2591 5459 2856 5513 vocabulo
2872 5474 2982 5529 prae
3002 5458 3264 5513 modestia
3292 5472 3424 5512 usus
3444 5468 3551 5525 est,

1974 5552 2239 5609 rationem
2265 5552 2469 5608 habens
2484 5567 2590 5607 non
2620 5561 2732 5606 tam
2759 5567 2968 5613 eorum,
2988 5566 3123 5620 quos
3140 5551 3341 5623 seligit,
3368 5557 3553 5606 aucto-

1974 5659 2116 5708 rum,
2145 5659 2305 5713 quam
2327 5644 2627 5715 argumenti
2648 5641 2792 5711 quod
2812 5642 3037 5707 delibat;
3062 5642 3153 5710 qui
3178 5657 3310 5697 sane
3334 5641 3552 5711 loquen-

1976 5738 2029 5793 di
2056 5736 2245 5791 modus
2270 5737 2373 5790 hoc
2400 5737 2453 5789 in
2488 5749 2651 5789 sensu
2674 5734 2937 5788 hactenus
2967 5732 3246 5788 familiaris
3268 5741 3373 5788 est.

2046 5829 2098 5886 5.
2129 5827 2285 5897 Quod
2313 5826 2495 5884 subdit
2523 5824 2776 5885 Dallasus.
2802 5823 3021 5884 levioris
3047 5833 3132 5883 est
3162 5823 3442 5890 momenti,
3471 5820 3555 5883 uti
