4038 6354
468 340 604 402 to“
989 381 994 386 .
1281 335 1343 392 Β.
1373 331 1448 392 εἶ’.
1472 323 1698 393 suum
1735 319 2184 396 seu-neum
2209 315 2508 413 OPERUM
2545 321 2728 386 rans
2765 325 2898 383 vui.
3594 323 3738 389 tota

607 449 1120 519 fatetur,'uiniimm
1153 449 1275 520 quae
1301 449 1479 508 habet
1500 441 1731 520 “vulgata
1769 433 2049 504 Confessio
2073 450 2122 508 Α
2151 433 2370 512 stantia,
2398 443 2645 500 refellere
2684 443 2917 498 otiosum
2953 445 3057 506 est,
3096 455 3219 497 cum
3249 439 3374 498 istic
3403 441 3737 514 agaLAlcui-

468 548 525 604 in
547 553 800 618 pan-Iv,
829 551 948 617 cap.
996 545 1061 612 7,
1101 546 1270 610 initio,
1313 547 1380 601 de
1404 546 1560 616 panis
1604 553 1659 601 et
1688 545 1874 600 calicis
1901 544 2049 600 obla-

470 641 642 707 tione,
671 639 955 709 desumpta
977 653 1097 694 esse
1119 653 1186 694 ex
1210 637 1346 694 libro
1391 638 1458 692 de
1503 638 1696 694 divinis
1733 635 1935 692 Olliciis
1959 633 2054 690 Al-

470 734 632 790 auiuo
665 746 959 803 perperam
993 731 1250 800 ascripta.
1295 730 1405 786 Cur
1451 731 1594 784 enim
1640 731 1819 799 potius
1867 728 1983 784 hrec
2011 731 2053 784 ‘a
2123 740 2132 744 ·

2127 815 2419 884 "Imprimis
2445 813 2586 884 quod
2613 813 2981 869 Confessionis
3011 813 3243 884 scriptor
3273 813 3490 868 Patrem
3520 816 3743 870 Ambro-

2131 911 2311 974 'sium,
2331 907 2546 962 Patrem
2569 907 2889 978 Gregorium
2917 907 3079 972 dicat,
3109 921 3242 976 quos
3265 909 3528 962 Alcuiuus
3542 919 3743 965 sanctos

2133 1011 2248 1058 'aut
2285 987 2478 1067 beatos,
2518 1017 2667 1056 more
2698 1009 2962 1066 veterum,
3003 1003 3167 1068 dicit;
3199 1011 3252 1056 et
3291 1003 3396 1057 alia
3427 1003 3591 1072 hujus
3636 1019 3747 1061 mo-

469 825 730 898 praidicto
751 822 890 879 libro
923 821 1257 892 deeerpsisse
1296 821 1506 877 dicatur
1528 819 1894 876 Confessionis
1919 815 2054 874 scri-

471 923 616 987 ptor,
641 929 807 985 quam
831 913 955 975 libri
982 913 1394 970 consarcinator
1413 929 1482 968 ex
1505 911 1880 980 Confessionc,
1906 911 2053 967 nulla

471 1011 640 1066 causa
665 1005 964 1079 probabilis
983 1006 1178 1063 adduci
1205 1014 1405 1078 potest.

445 1131 450 1134 -
533 1105 596 1164 6.
627 1104 899 1160 Praeterea
921 1103 1237 1174 praedictam
1261 1100 1667 1158 Confessionem
1693 1108 1856 1156 vexat
1883 1101 2056 1157 disce-

459 1207 656 1273 ptator
687 1199 792 1255 hoc
819 1205 1157 1270 argumento,
1189 1195 1331 1266 quod
1357 1195 1498 1266 apud
1522 1194 1919 1250 Chillletianum
1958 1191 2056 1245 Al-

475 1293 698 1350 euinum
733 1299 1029 1348 occurrant
1055 1289 1313 1346 nonnulla
1356 1305 1475 1358 qua:
1500 1306 1529 1343 a
1554 1286 1904 1343 veri-Alcuini
1935 1303 2058 1342 sen-

2125 547 2253 593 'nus
2279 539 2346 593 de
2381 538 2612 592 naturali
2639 552 2822 593 rerum
2853 545 3018 602 statu,
3050 536 3232 592 omnia
3256 551 3389 592 vero
3431 537 3490 592 in
3531 537 3740 594 Eucha-

2126 631 2304 686 ‘ristia
2329 638 2528 698 praeter
2547 641 2804 684 naturam
2834 628 2962 684 sint.

2220 723 2273 778 8.
2302 722 2383 779 Ad
2411 724 2525 778 haec
2569 721 2826 776 minutias
2855 719 3160 791 complures
3187 729 3444 790 congeret
3491 721 3736 778 Dallmus.

2153 1091 2319 1147 menti
2353 1077 2632 1156 nonnulla,
2667 1091 2862 1160 quibus
2895 1091 2940 1145 si
2972 1090 3251 1156 immorer,
3285 1092 3486 1146 nimius
3517 1093 3642 1147 sim.

2225 1185 2392 1241 Miror
2413 1201 2542 1240 Vero
2569 1186 2712 1254 quod
2747 1199 2812 1240 ex
2843 1193 2953 1239 tam
2995 1185 3102 1239 levi
3135 1201 3296 1239 causa
3327 1185 3412 1239 vir
3439 1186 3634 1240 doctus
3663 1199 3746 1239 ar-

2156 1283 2469 1348 gumentum
2499 1277 2767 1330 desumat.
2818 1273 2874 1328 Si
2908 1275 3051 1329 enim
3081 1290 3148 1330 ex
3185 1290 3247 1329 eo
3275 1276 3419 1344 quod
3447 1274 3750 1330 Confessio-

447 1385 666 1440 .tenms
687 1384 989 1439 discedam.
1013 1383 1221 1452 Quippe
1245 1381 1354 1446 ῃιθ,
1385 1381 1476 1435 ubi
1507 1381 1572 1435 de
1611 1397 1675 1436 eo
1715 1381 1852 1435 οωιο
1886 1379 2061 1450 philo.
2157 1370 2243 1424 nis
2286 1375 2475 1422 auctor
2519 1365 2734 1420 Patrem
2785 1366 3153 1431 Ambrosium,
3188 1365 3404 1420 Patrem
3434 1365 3752 1439 Gregorium

448 1474 738 1544 sophatur
760 1470 1134 1545 (Confessionis
1157 1489 1208 1542 p.
1233 1488 1319 1535 ιιι,
1343 1489 1396 1524 n.
1419 1471 1485 1525 57
1508 1469 1662 1541 seq.),
1681 1470 1824 1540 quod
1849 1469 2061 1540 Moyses
2159 1472 2336 1530 vocet,
2370 1463 2514 1519 aliud
2548 1463 2809 1518 dicendus
2840 1471 2922 1518 est
2952 1464 3021 1518 ab
3057 1463 3303 1528 Alcuino,
3333 1464 3425 1533 qui
3466 1465 3646 1518 beatos
3669 1481 3756 1536 ap-

451 1565 534 1623 -in
559 1566 826 1638 principio
851 1574 1093 1621 creatum
1123 1581 1152 1618 a
1180 1565 1291 1640 Deo
1321 1562 1489 1619 fuisse
1533 1579 1655 1618 cum
1701 1571 1847 1618 terra
1896 1563 2057 1628 dicit;
2141 1554 2358 1624 pellat;
2385 1553 2636 1608 conﬁciat
2661 1553 2826 1607 etiam
2859 1568 3081 1607 necesse
3108 1561 3194 1608 est
3218 1563 3498 1609 auctorem
3524 1569 3556 1607 a
3585 1555 3756 1624 seipse

475 1658 612 1714 duas
634 1658 852 1728 quidem
881 1655 1088 1726 profert
1113 1656 1430 1719 sententias,
1455 1669 1588 1724 quas
1612 1669 1775 1710 verus
1802 1653 2063 1709 Alcuinus
2163 1646 2433 1701 diversum
2453 1660 2596 1710 esse,
2629 1661 2752 1699 cum
2779 1645 2935 1701 initio
2961 1648 3136 1715 partis
3159 1654 3367 1714 quartze
3391 1648 3603 1700 beatum
3631 1643 3756 1700 Gre-

461 1748 666 1805 zitidem
693 1747 914 1803 adducit
941 1745 1224 1819 (lnterrog.
1249 1745 1318 1801 28
1343 1745 1397 1798 in
1423 1743 1580 1814 Gen.)
1609 1759 1622 1796 :
1657 1743 1750 1799 sed
1779 1758 1899 1797 eam
1927 1757 2064 1811 prte-
2095 1817 2100 1819 ἒ
2137 1737 2373 1808 ⁴εονὶυῐη
2401 1743 2805 1791 commemoret.
2837 1735 2944 1791 Sed
2971 1737 3088 1790 lucc
3111 1735 3297 1805 jejuna
3318 1745 3374 1791 et
3399 1737 3569 1790 exilia
3596 1744 3752 1790 sunt:

455 1840 584 1898 ifert
615 1855 777 1912 quam
820 1817 1080 1894 Alcuiuus
1114 1839 1229 1909 ipse
1271 1837 1506 1894 secundo
1549 1843 1762 1890 tantum
1787 1836 1924 1900 loco,
1957 1850 2065 1889 uno
2093 1817 2224 1883 Bat
2249 1828 2398 1896 illud,
2430 1827 2571 1899 quod
2611 1829 2766 1901 longe
2800 1829 3178 1901 gravissimum
3202 1837 3360 1900 putat
3387 1829 3644 1897 Delbeus,
3683 1831 3758 1884 vi-

460 1941 644 2006 cat'que
661 1935 839 1990 altero
862 1933 1031 1990 verbo
1057 1931 1300 1988 indicare
1329 1931 1463 1986 satis
1505 1929 1729 1984 habuit.
1764 1928 1868 1982 alia
1896 1927 2068 1982 fusius
2151 1923 2438 2008 -deamus.-

456 2025 742 2096 .oxposua,
2147 2023 2154 2033 ‘
2237 2013 2290 2069 9.
2313 2013 2532 2097 Quippe
2557 2012 2743 2082 objicit
2770 2013 3026 2068 nonnulla
3047 2013 3100 2068 in
3119 2013 3381 2084 praedicta
3407 2012 3757 2070 Confessione

533 2117 750 2174 Verum
785 2125 844 2174 et
889 2117 946 2172 id
989 2122 1315 2184 argumento
1363 2120 1446 2168 est
1488 2121 1778 2182 utrumque
1804 2121 1972 2165 unum
2011 2118 2072 2168 et
2149 2108 2453 2173 icontineri,
2487 2123 2606 2176 quae
2648 2108 2714 2162 ab
2758 2106 2971 2161 Alcuini
3007 2109 3342 2177 temporibus
3383 2107 3562 2163 aliena
3593 2115 3757 2163 sunt:

455 2206 726 2263 mmdcm
747 2222 872 2264 esse
900 2215 1176 2263 auctorem
1193 2247 1208 2272 ,
1236 2203 1380 2276 quod
1403 2205 1617 2260 easdem
1646 2213 1871 2274 uterque
1900 2201 2068 2258 refert
2155 2193 2327 2270 quale
2351 2205 2436 2254 est
2463 2198 2595 2253 illud
2623 2197 2764 2268 quod
2791 2197 2908 2268 ejus
2938 2209 3126 2254 auctor
3157 2199 3223 2254 de
3246 2214 3344 2254 suo
3371 2199 3594 2266 steculo,
3619 2197 3759 2254 velut

461 2298 794 2354 «sententias.
821 2296 977 2364 Quod
1002 2313 1132 2352 vero
1170 2304 1371 2350 auctor
1412 2295 1466 2349 in
1511 2293 1862 2350 Confessione
1903 2307 2068 2347 unam

477 2385 636 2442 alteri
659 2386 902 2456 prtefert,
927 2387 1339 2465 cumAlcuinus
1361 2400 1650 2458 utramque
1679 2388 1984 2460 reliquisset
2013 2389 2070 2443 in

463 2469 678 2543 medio,
709 2466 765 2531 id
797 2476 899 2548 ipsi
925 2477 1149 2548 contigit
1173 2479 1316 2548 quod
1342 2479 1462 2533 aliis
1493 2480 1805 2534 auctoribus
1828 2495 2071 2550 saepenu-

463 2583 634 2626 mero
655 2571 974 2642 contingere
1001 2572 1268 2635 videmus,
1299 2588 1422 2628 cum
1448 2571 1663 2643 aliquod
1692 2578 2070 2643 argumentum

463 2667 798 2717 retractant.
827 2661 919 2716 Fit
939 2662 1084 2716 enim
1114 2670 1176 2716 ut
1205 2677 1326 2717 cum
1351 2671 1476 2717 ante
1501 2671 1814 2717 accuratum
1849 2662 1926 2716 rei
1947 2671 2070 2732 pro-

463 2747 666 2823 positas
686 2763 917 2808 examen
937 2752 994 2807 in
1013 2751 1258 2809 diversas
1285 2752 1638 2810 lluctuassent
1649 2761 1855 2824 partes,
1875 2761 2068 2824 postea

469 2855 540 2899 re
563 2845 830 2903 maturius
859 2859 1105 2914 expensa
1132 2849 1147 2910 ,'
1176 2859 1341 2899 unam
1378 2860 1506 2916 prae.
1531 2844 1701 2899 altera
1740 2846 2068 2899 sententiam

477 2935 892 3006 amplectantur,
925 2937 1034 2992 imo
1063 2937 1353 3008 aliquando
1385 2936 1735 2992 contrariam.
1781 2936 1948 3007 Atqui
1978 2937 2070 2990 Al-

469 3025 673 3082 cuinus
697 3023 776 3081 'in
824 3015 1339 3099 interrogationibus
1383 3043 1546 3098 super
1591 3025 1828 3083 Ccncsin
1877 3025 2069 3083 leviter

2168 2290 2560 2357 infelicissimo,
2603 2290 2856 2346 flebiliter
2883 2293 3254 2362 conqueritur,
3287 2309 3352 2348 ac
3389 2309 3530 2364 pene
3557 2293 3760 2362 tragice

2163 2383 2438 2440 exclamat
2465 2383 2646 2454 (Parte
2673 2400 2755 2448 ιιι,
2787 2399 2842 2437 n.
2872 2381 2962 2454 56)
2989 2401 3002 2438 :
3043 2403 3060 2434 ‹
3085 2382 3380 2440 Oinfelicia
3402 2393 3651 2456 tempora
3674 2400 3760 2440 no-

2165 2485 2304 2543 stra,
2325 2476 2518 2546 inquit,
2539 2492 2658 2547 qua:
2683 2492 2785 2532 nec
2805 2477 2972 2532 Deum
2997 2478 3209 2544 timent,
3229 2495 3326 2535 nec
3347 2479 3456 2534 vim
3481 2495 3762 2534 sacrorum

2155 2569 2433 2627 pauonum
2480 2571 2826 2626 reverentur!
2879 2569 3069 2628 Nullus
3119 2575 3278 2629 modo
3329 2574 3633 2645 sacrilegus
3681 2573 3760 2632 vel

2151 2665 2512 2732 ‘criminosus,
2538 2680 2606 2720 ne
2634 2666 2700 2721 ad
2735 2667 2878 2721 sacri
2907 2666 3114 2722 ordinis
3141 2667 3378 2723 ofﬁcium
3406 2669 3653 2734 accedat,
3688 2670 3762 2724 in-

2161 2757 2407 2813 hibetur.
2449 2777 2468 2811 )
2494 2755 2636 2813 Tum
2662 2774 2786 2813 mox
2819 2776 2832 2812 :
2869 2777 2888 2810 ς
2927 2757 3240 2815 Ηθυνῐηὶδθν
3261 2762 3389 2831 ego!
3422 2761 3606 2832 qualia
3629 2769 3761 2816 tem-

2155 2863 2301 2920 pora
2338 2850 2468 2905 mihi
2497 2850 2724 2921 contigit
2751 2849 2975 2906 videre?
3009 2871 3026 2903 »
3063 2850 3209 2918 Haec,
3238 2850 3418 2921 inquit
3454 2849 3708 2918 Dallzeus,
3735 2867 3762 2905 a

2163 2941 2546 2998 Carolinorum
2587 2951 2891 3013 temporum
2929 2941 3188 2998 felicitate
3218 2943 3541 3006 abhorrent,
3575 2945 3764 3014 quibus

2159 3049 2226 3089 se
2251 3043 2439 3088 natum
2469 3048 2578 3088 non
2604 3033 2790 3088 dubito
2828 3035 2958 3104 quin
3001 3033 3262 3090 Aleuinus
3314 3035 3417 3089 sibi
3465 3033 3764 3104 gratulatus

470 3125 692 3174 tantum
739 3119 1048 3190 propositas
1092 3118 1435 3175 difﬁcultates
1479 3121 1712 3186 enodat,
1744 3128 1799 3176 et
1827 3121 2066 3175 maxime
2115 3193 2127 3197 δ
2162 3124 2259 3192 sit,
2299 3125 2497 3180 nedum
2539 3133 2601 3180 ut
2630 3125 2894 3195 ingratus,
2939 3133 3157 3195 tamque
3195 3126 3402 3196 optimo
3439 3127 3674 3197 principi
3705 3143 3762 3182 ac

469 3208 698 3280 quidem
717 3207 910 3275 iistam,
941 3224 1108 3279 quam
1127 3208 1507 3267 Confessionis
1539 3219 1731 3266 auctor
1759 3211 2066 3267 accuratius
2091 3193 2142 3264 Ὀ
2163 3213 2452 3271 illeceenati
2489 3229 2589 3272 suo
2627 3215 2921 3270 invidiosas
2947 3229 3110 3271 voces
3138 3217 3341 3272 chartis
3384 3233 3497 3272 suis
3529 3233 3761 3288 unquam

473 3295 790 3369 perpendit.

547 3391 603 3447 7.
637 3381 989 3463 Subsequens
1013 3396 1322 3468 oppositum
1346 3399 1587 3453 continet
1611 3411 1954 3452 communem
1987 3395 2068 3450 lo-

478 3495 603 3538 cum
632 3497 664 3537 a
683 3481 997 3540 C'alvinistis
1015 3487 1221 3542 centies
1243 3492 1606 3542 recantatum.
1631 3487 1856 3542 Fatetur
1875 3499 2068 3556 nempe

473 3574 714 3632 Donatus
733 3576 970 3649 vulgatae
997 3579 1356 3635 confessionis
1383 3580 1580 3647 verba,
1612 3579 1705 3634 ubi
1747 3580 1813 3636 de
1856 3579 2068 3635 Eucha-

479 3670 634 3726 ristia
666 3678 885 3739 tractat,
917 3673 1072 3728 valde
1111 3674 1179 3744 ad
1207 3674 1528 3729 catholicam
1572 3674 1731 3729 ﬁdem
1776 3675 2064 3742 accedere;

475 3763 585 3816 imo
612 3762 697 3818 vis:
717 3779 868 3834 posse
896 3762 1039 3836 (qua:
1075 3763 1259 3820 Dallmi
1287 3767 1558 3837 ipsissima
1581 3767 1749 3823 verba
1779 3768 1923 3840 sunt)
1956 3785 2070 3822 vere

477 3855 688 3925 quidem
714 3872 778 3910 ac
800 3855 1004 3911 sincere
1028 3856 1183 3912 aliter
1211 3859 1312 3912 nisi
1343 3873 1408 3912 ea:
1429 3875 1490 3912 ea
1515 3859 1785 3930 explicari.
1809 3859 1916 3915 Sed
1940 3859 2068 3914 hinc

477 3946 718 4003 validum
763 3957 1142 4021 argumentum
1193 3962 1410 4006 sumere
1462 3950 1566 4006 sibi
1617 3951 1866 4016 videtur,
1921 3951 2067 4007 hunc

480 4036 876 4094 Chiilletianum
905 4040 1181 4096 hominem
1203 4041 1365 4112 plane
1401 4041 1565 4096 alium
1593 4055 1714 4096 esse
1759 4058 1790 4095 a
1813 4057 1944 4097 vero
1970 4041 2064 4096 Al-

480 4131 662 4197 cuino,
711 4131 804 4202 qui
845 4131 1048 4188 Christi
1088 4149 1284 4204 corpus
1327 4133 1382 4187 in
1415 4133 1576 4188 terris
1607 4140 1721 4188 toto
1751 4133 1889 4200 hoc,
1922 4134 2068 4204 quod

480 4223 740 4288 decurrit,
773 4223 970 4279 saeculo
1013 4239 1251 4294 priesens
1273 4224 1462 4279 haberi
1495 4233 1675 4298 negat.
1703 4223 1822 4279 Huc
1852 4223 2066 4279 Alcuini

480 4314 646 4368 verba
675 4321 892 4384 torquet
930 4331 997 4369 ex
1019 4315 1422 4370 Commentario
1466 4316 1520 4370 in
1551 4315 1814 4371 Joannem
1841 4357 1856 4383 ,
1881 4315 1976 4371 lib.
2008 4333 2062 4382 v,

483 4421 604 4480 cap.
637 4410 729 4476 28,
762 4411 855 4466 ubi
883 4411 1143 4467 Alcuinus
1171 4428 1444 4482 exponens
1478 4414 1594 4469 haec
1619 4412 1782 4468 verba
1811 4431 1822 4466 :
1856 4411 2067 4482 Paupe-

482 4516 567 4556 res
592 4517 794 4572 semper
819 4501 1019 4556 habetis
1045 4502 1304 4557 vobiscum
1324 4545 1340 4569 ,
1378 4520 1460 4558 me
1500 4513 1675 4558 autem
1721 4521 1824 4558 non
1867 4519 2069 4574 semper

478 4590 759 4660 habebitis,
791 4593 1124 4648 demonstrat
1149 4609 1258 4649 non
1282 4607 1403 4650 esse
1431 4595 1727 4665 culpandos
1769 4608 1862 4649 eos
1896 4594 1987 4664 qui
2017 4595 2067 4648 ei

479 4683 630 4745 inter
657 4683 904 4741 homines
933 4685 1276 4741 conversanti
1302 4686 1368 4741 de
1395 4684 1743 4769 facultatibus
1767 4687 1882 4741 suis
1905 4685 2067 4739 mini-

482 4787 723 4838 strarent
746 4798 760 4834 :
795 4799 815 4832 ι
839 4779 974 4836 Cum
993 4788 1104 4835 tam
1122 4794 1291 4851 parvo
1319 4788 1564 4851 tempore
1585 4781 1700 4850 ipse
1722 4779 1862 4850 apud
1880 4778 2068 4834 Eccle-

480 4873 621 4929 siam
649 4872 993 4944 corporaliter
1013 4884 1329 4940 mansurus;
1355 4888 1619 4944 pauperes
1642 4879 1843 4937 autem,
1871 4871 2069 4940 quibus

479 4963 824 5036 e'leemosyna
851 4963 970 5019 fieri
995 4971 1212 5036 posset,
1244 4965 1301 5019 in
1329 4976 1394 5018 ea
1417 4977 1632 5034 semper
1655 4970 1838 5018 essent
1863 4961 2068 5016 haben-

475 5054 557 5116 di.
583 5075 604 5110 ι
627 5055 730 5112 Hic
755 5057 868 5112 vim
891 5056 1023 5114 facit
1035 5055 1269 5112 Dallaaus
1291 5056 1348 5111 in
1369 5070 1502 5111 voce
1521 5053 1884 5126 corporaliter,
1905 5068 2067 5123 quam

472 5147 778 5220 majoribus
803 5147 1000 5204 litteris
1031 5147 1268 5202 exhibet.
1295 5145 1462 5214 Quasi
1509 5143 1636 5200 vero
1676 5159 1777 5200 nos
1821 5144 1937 5216 jam
1973 5159 2066 5198 ca-

479 5239 668 5297 tholici
709 5254 898 5296 omnes
932 5239 987 5296 id
1017 5237 1194 5309 ipsum
1227 5236 1434 5309 profert
1458 5236 1716 5292 Alcuinus
1753 5237 1930 5308 palam
1958 5251 2066 5292 non

476 5331 857 5402 profiteantur,
900 5332 1221 5389 confitentes
1263 5330 1542 5387 Christum
1580 5330 1867 5385 Dominum
1900 5329 2062 5401 375

479 5422 778 5478 secundum
798 5431 1090 5480 externam
1124 5423 1357 5493 speciem
1400 5429 1456 5478 et
1492 5423 1960 5478 conversationem
2006 5423 2061 5477 in

479 5517 643 5571 terris
667 5531 792 5572 esse
821 5517 1044 5574 desiisse
1062 5558 1077 5585 ,
1113 5517 1328 5572 tametsi
1353 5531 1482 5572 vere
1515 5516 1573 5571 in
1597 5515 1939 5571 Eueharistia
1961 5516 2062 5571 sub

475 5609 634 5678 panis
662 5617 720 5664 et
741 5610 853 5665 vini
883 5610 1062 5680 specie
1088 5611 1326 5668 residere
1361 5611 1664 5666 credamus.

551 5699 704 5766 Quod
732 5700 800 5758 de
823 5701 1196 5758 accidentibus
1223 5701 1404 5768 subdit
1435 5700 1684 5768 Bulla-us,
1719 5701 1975 5756 nimirum
1995 5717 2061 5757 ex

480 5785 597 5848 veri
627 5789 845 5850 Alcuini
870 5801 1052 5854 mente
1087 5809 1153 5852 ea
1177 5811 1402 5854 necesse
1429 5810 1550 5854 esse
1575 5796 1632 5853 in
1659 5796 1900 5871 qualibet
1937 5799 2063 5857 sub-

2163 3307 2424 3362 illeverit.

2165 3425 2170 3428 -
2241 3399 2323 3453 Eu
2346 3397 2728 3468 gravissimum
2759 3397 2890 3452 illud
2917 3406 3313 3468 argumentum,
3343 3397 3495 3467 cujus
3519 3400 3767 3468 pondere

2169 3507 2390 3562 pressus
2423 3490 2684 3546 Alcuinus
2707 3489 2831 3560 jure
2861 3506 2958 3546 suo
2989 3491 3146 3544 cadat
3175 3506 3392 3546 necesse
3416 3499 3519 3555 est,
3565 3491 3612 3544 si
3643 3489 3766 3545 Dal-

2165 3567 2271 3638 iteo
2317 3581 2608 3637 credimus.
2660 3582 2862 3636 Verum
2912 3583 3016 3636 hoc
3049 3581 3378 3636 levissimum
3423 3597 3545 3636 esse
3589 3581 3765 3651 quivis

2165 3672 2329 3729 facile
2357 3671 2638 3737 concedet,
2667 3672 2758 3741 qui
2796 3680 3003 3727 natura:
3033 3674 3286 3727 humana:
3315 3680 3636 3741 corruptum
3660 3681 3764 3725 sta-

2168 3769 2285 3819 tum
2311 3764 2625 3819 attenderit.
2657 3763 3010 3831 Quantumvis
3054 3765 3200 3818 enim
3229 3780 3391 3819 aurea
3441 3762 3621 3819 Caroli
3651 3762 3762 3818 Ma-

2170 3859 2260 3930 gni
2303 3865 2546 3930 tempora
2583 3857 2804 3923 fuerint,
2847 3873 3007 3928 quam
3037 3857 3208 3912 multa
3251 3857 3606 3912 nihilominus
3634 3857 3762 3911 vitia

2170 3960 2414 4025 grassata
2441 3958 2590 4015 sunt,
2613 3965 2732 4020 quae
2756 3951 2845 4021 pio
2875 3951 3072 4020 cuique
3091 3948 3223 4018 justi
3247 3948 3451 4004 doloris
3475 3948 3759 4003 materiam

2169 4045 2410 4116 prtebere
2430 4043 2657 4113 possint.
2692 4043 2824 4112 Quis
2851 4043 2996 4098 enim
3035 4041 3244 4096 felicior
3273 4057 3514 4111 unquam
3548 4057 3759 4095 morum

2170 4144 2344 4192 status
2385 4131 2487 4189 fuit
2529 4149 2692 4203 quam
2737 4135 2790 4188 in
2846 4131 3119 4204 primitiva
3161 4131 3444 4187 Ecclesia?
3491 4131 3560 4186 Et
3582 4139 3761 4185 tamen

2169 4237 2366 4300 quanta
2383 4225 2584 4296 flagitia
2602 4227 2654 4280 in
2673 4225 2986 4298 primisillis
2999 4211 3327 4280 Christianis
3343 4224 3518 4295 carpit
3531 4223 3766 4278 Paulus?

2169 4320 2381 4386 Quanta
2410 4317 2499 4373 alii
2537 4319 2694 4374 istius
2722 4319 2822 4372 ξιξνὶ
2852 4318 3138 4374 auctores?
3160 4315 3271 4388 Age
3303 4332 3456 4381 vero,
3480 4316 3764 4370 videamus

2170 4426 2239 4466 an
2264 4409 2566 4465 Germanus
2607 4407 2866 4463 Alcuinus
2898 4408 2954 4462 in
2984 4407 3216 4462 sinceris
3247 4408 3466 4476 scriptis
3508 4406 3624 4460 suis
3667 4404 3766 4459 Ca-

2172 4503 2273 4557 roli
2310 4517 2484 4556 aevum
2513 4501 2580 4555 ab
2611 4499 2764 4554 omni”
2803 4500 2924 4554 labe
2967 4499 3206 4554 immune
3246 4498 3414 4553 fuisse
3444 4497 3759 4552 crediderit.

2094 4571 2148 4636 Ῐ)
2170 4595 2282 4652 [me
2321 4611 2453 4650 vero
2489 4595 2647 4663 longe
2677 4595 3009 4649 contrarium
3058 4595 3215 4649 docet
3262 4593 3315 4646 in
3361 4592 3594 4662 epistola
3633 4590 3758 4656 162,

2172 4688 2240 4743 ad
2268 4688 2446 4758 ipsum
2472 4685 2728 4742 Carolum
2775 4685 3023 4754 scripta:
3062 4703 3081 4736 ι
3128 4684 3395 4751 Vidimus,
3429 4684 3626 4754 inquit,
3671 4683 3765 4736 ali-

2171 4781 2368 4852 quibus
2391 4779 2442 4834 in
2471 4780 2605 4835 locis
2633 4779 2828 4834 altaria
2857 4778 2950 4832 Dei
2992 4779 3196 4849 absque
3218 4786 3381 4844 tecto,
3415 4777 3602 4831 avium
3629 4784 3766 4831 ster-

2173 4875 2414 4939 coribus,
2445 4873 2532 4928 vel
2559 4888 2757 4927 canum
2783 4872 2950 4926 mictu
2976 4869 3195 4927 foedata.
3221 4868 3376 4938 Quod
3401 4868 3564 4924 facile
3586 4878 3764 4924 vestra

2171 4967 2480 5022 veneranda
2503 4967 2558 5019 in
2578 4966 2746 5020 Deum
2775 4963 3024 5020 voluntas
3044 4979 3144 5034 per
3165 4963 3766 5034 episcopos'emendare

2170 5058 2336 5125 valet,
2365 5066 2424 5113 ut
2467 5073 2590 5112 cum
2617 5057 2825 5111 honore
2862 5057 3128 5128 condigno
3169 5065 3387 5110 maneat
3428 5072 3620 5111 mensa
3665 5055 3765 5109 Do-

2171 5151 2304 5207 mini
2333 5149 2528 5206 inloco
2554 5166 2674 5216 suo,
2695 5149 2781 5205 vel
2804 5157 3052 5221 portetur
3078 5150 3131 5205 in
3161 5150 3446 5206 ecclesiam
3475 5150 3761 5219 majorem,

2169 5243 2465 5298 secundum
2510 5249 2752 5296 sanctam
2807 5239 3148 5297 sacerdotum
3201 5243 3296 5298 Dei
3340 5243 3760 5314 providentiam.

2167 5333 2235 5391 Et
2264 5335 2560 5391 honoriﬁce
2587 5343 2854 5391 tractetur
2882 5351 2974 5390 seu
3020 5335 3192 5391 altare
3233 5336 3454 5402 Christi,
3497 5352 3594 5391 seu
3634 5352 3762 5391 con—

2168 5431 2395 5486 secratio
2424 5431 2666 5500 corporis
2697 5438 2751 5485 et
2796 5430 3074 5501 sanguinis
3120 5430 3282 5496 illius,
3329 5438 3384 5486 et
3426 5431 3760 5500 prmcipuum

2167 5530 2370 5576 nostrae
2399 5520 2592 5576 salutis
2629 5530 3026 5576 sacramentum
3069 5523 3216 5576 omni
3249 5521 3603 5576 veneratione
3635 5536 3760 5574 con-

2168 5623 2434 5678 secretur,
2483 5614 2748 5667 habeatur
2802 5621 2856 5667 et
2904 5613 3256 5668 custodiatur.
3305 5633 3324 5664 ι
3363 5611 3504 5678 Quid
3546 5626 3756 5676 censes,

2168 5708 2395 5764 Dallzee?
2428 5709 2722 5779 negabisne
2751 5709 2867 5764 haec
2911 5725 2940 5761 a
2992 5725 3120 5764 vero
3161 5707 3389 5764 Alcuino
3420 5707 3604 5761 dicta?
3639 5705 3756 5760 Non

2169 5801 2244 5856 ita
2273 5809 2620 5873 comparatus
2647 5817 2728 5870 es,
2762 5809 2823 5855 ut
2851 5797 2904 5856 id
2934 5802 3258 5858 committas.
3294 5800 3377 5855 An
3407 5799 3525 5857 haec
3551 5795 3754 5855 leviora

3989 78 3995 424 Ι
