4038 6354
309 300 454 363 1015

877 295 1029 353 ΟΡΡ.
1072 296 1300 355 DUBIA.
1330 293 1511 353 -ΒΕ
1540 291 1731 352 FIDE!
1768 289 2098 349 CONFESS.
2143 291 2536 351 MABILLONII
2574 292 3002 365 DISQUISITIO.

3432 291 3574 349 1014

304 415 502 491 putas?
519 413 702 483 Neque
726 412 781 468 id
799 412 895 468 tibi
917 414 1097 469 veniet
1122 413 1177 469 in
1198 422 1452 471 mentem.
1485 410 1723 466 Tametsi
1744 408 1888 462 enim
1912 408 1965 471 Α
1992 406 2047 461 in
2076 406 2415 467 Eucharistia
2439 412 2716 483 corporeis
2737 413 2909 469 oculis
2929 412 3195 468 viderent.
3220 409 3374 479 Quod
3398 426 3575 485 neque

302 510 370 562 de
404 505 746 562 Eucharistia
775 521 883 560 non
927 506 1192 563 catholice
1219 506 1438 569 sentias,
1473 512 1655 559 tamen
1696 500 1887 556 altaria

301 606 356 655 et
386 599 583 669 templa
615 597 866 670 religiose
897 599 1176 653 tractanda
1204 613 1325 653 esse
1352 598 1493 651 ultro
1523 597 1637 666 ipse
1685 594 1889 649 fatebe-

303 692 406 758 ris;
440 700 494 747 et
520 692 611 761 qui
642 708 706 748 eo
735 707 906 762 usque
932 692 1279 763 processerit,
1310 699 1370 746 ut
1407 706 1471 746 ea
1503 688 1780 759 impluvio,
1820 700 1888 740 ne

299 784 477 840 dicam
513 786 689 839 avium
726 785 1058 841 stercoribus
1095 786 1180 840 vel
1209 800 1407 841 canum
1435 783 1626 838 mictui
1654 780 1885 837 obnoxia

298 879 602 948 reliquerit,
625 880 836 937 violata:
860 880 1134 951 religionis
1161 895 1314 934 reum
1335 893 1472 933 esse.
1498 875 1662 946 Atqui
1686 876 1739 931 id
1768 890 1888 945 per-

296 973 613 1044 petrabatur
638 988 746 1031 non
768 990 874 1029 uno
896 974 949 1027 in
972 972 1089 1028 loco
1120 972 1337 1042 impune
1361 985 1527 1025 aureo
1549 968 1639 1023 illo
1665 966 1882 1033 saeculo,

298 1076 561 1139 regnante
590 1068 799 1124 scilicet
819 1068 1013 1123 Carolo
1038 1068 1247 1138 Magno.

370 1160 477 1217 Sed
502 1177 569 1216 ne
608 1161 749 1216 forte
788 1161 841 1216 id
881 1177 1045 1219 unum
1076 1160 1242 1215 fuisse
1267 1173 1499 1228 reponas
1528 1155 1671 1225 quod
1702 1169 1887 1223 repre-

296 1242 560 1306 henderet
588 1252 869 1317 Alcuinus,
892 1251 1014 1307 audi
1037 1268 1143 1306 non
1160 1248 1277 1319 jam
1304 1264 1495 1313 unum,
1514 1238 1613 1303 sed
1630 1246 1882 1316 plurima,

297 1358 416 1412 quae
446 1358 610 1400 aureo
640 1344 729 1399 illo
759 1343 958 1399 steculo
990 1342 1328 1398 emendanda
1365 1339 1541 1396 eidem
1570 1336 1883 1406 imperatori

298 1434 567 1506 signiﬁcat
599 1436 651 1491 in
678 1437 923 1493 carmine
947 1434 1074 1502 252,
1106 1433 1462 1491 itaCarolum
1498 1430 1727 1487 affatus:

416 1573 643 1637 Plurima
669 1586 853 1637 nempe
878 1575 1097 1625 tibi-sunt
1124 1573 1424 1625 emendanda
1442 1584 1542 1637 per
1564 1573 1759 1635 orbem,

480 1636 521 1687 Ο
547 1640 665 1687 rex!
690 1652 720 1687 ο
743 1636 906 1688 rector
922 1639 935 1688 ε
954 1652 983 1686 ο
1004 1637 1161 1687 decus
1184 1636 1450 1687 Ecclesiae!

422 1699 695 1750 SiinoniaCa
722 1701 922 1761 quidem
948 1698 1132 1761 pululat
1153 1698 1279 1747 male
1303 1701 1455 1761 pestis
1480 1697 1530 1745 in
1556 1696 1699 1760 orbe,

482 1759 769 1810 Muneribus
790 1759 967 1809 dantur
992 1764 1194 1822 mystica
1218 1759 1341 1809 dona
1365 1759 1475 1808 Dei.

421 1822 542 1884 Quae
570 1824 703 1872 Deus
728 1829 945 1872 teter-nus
967 1824 1155 1871 cunctis
1178 1824 1465 1884 impendere
1490 1822 1644 1881 gratis

481 1884 727 1946 Jnsserat,
753 1892 805 1934 ut
827 1887 982 1948 gratis
998 1887 1175 1946 accipit
1196 1886 1299 1948 ipse
1334 1884 1490 1933 dator.

422 1945 529 1997 Stat
548 1943 743 2008 quoque
768 1943 997 2007 judicium
1020 1943 1177 1995 caulae
1201 1943 1293 1995 sub
1316 1957 1525 1995 munere
1545 1943 1709 1995 dantis

482 2008 709 2069 Sportula
729 2010 965 2068 justitiam
994 2010 1146 2057 vertit
1166 2011 1213 2057 in
1235 2021 1326 2057 ore
1343 2009 1496 2057 senis.

420 2067 807 2131 Muneribusque
833 2072 957 2119 datis
981 2072 1186 2120 veniunt
1209 2072 1269 2121 ad
1293 2069 1460 2131 pocula
1489 2074 1667 2131 testes,

486 2131 639 2190 impia
661 2136 761 2180 tum
780 2138 957 2191 purgat
974 2133 1291 2193 ebrietasque
1318 2144 1476 2181 reum.

418 2191 665 2255 Opprimit
691 2199 743 2243 et
766 2195 973 2243 miseros
994 2191 1311 2255 quorumdam
1334 2205 1463 2243 saeva
1488 2195 1727 2255 potestas,

480 2253 685 2315 Impleat
711 2259 763 2303 ut
782 2267 951 2304 saccos
973 2253 1111 2305 dives
1132 2258 1193 2305 ab
1213 2269 1301 2305 ore
1327 2267 1461 2305 suos.

420 2314 627 2376 Impune
647 2316 925 2378 discurrunt
942 2316 1179 2367 facientes
1200 2318 1324 2368 furta
1351 2317 1582 2378 latr-cnes,

485 2378 683 2428 Ultores
709 2377 951 2427 scelerum
973 2386 1090 2428 sunt
1111 2381 1262 2429 etiam
1282 2380 1426 2430 socii.

417 2440 553 2505 Talia
578 2446 860 2502 compescat
883 2447 984 2505 tua,
1002 2453 1123 2505 rex,
1150 2441 1431 2505 veneranda
1458 2442 1697 2505 potestas,

480 2501 741 2553 Rectorem
761 2504 909 2564 regni
930 2510 980 2552 te
1001 2501 1139 2553 Deus
1161 2504 1392 2556 instituit.

361 2628 384 2686 Ι
413 2646 571 2696 nunc,
596 2638 651 2684 ct
678 2631 951 2700 ingratum
970 2630 1259 2688 Alcuinum
1287 2648 1490 2700 assere,
1516 2635 1562 2690 si
1589 2643 1764 2705 potes,
1793 2634 1888 2704 qui

292 2724 489 2795 optimo
519 2741 615 2778 suo
641 2724 868 2795 principi
907 2734 955 2780 et
999 2724 1277 2781 Mecamati
1300 2735 1408 2781 tam
1432 2727 1715 2781 invidiosus
1742 2744 1888 2782 voces

290 2819 542 2891 ingerere
590 2835 700 2876 non
735 2820 942 2875 veritus
992 2820 1084 2887 sit,
1139 2821 1339 2878 nedum
1392 2821 1588 2876 chartis
1632 2821 1741 2875 suis
1784 2820 1890 2875 illi-

294 2916 441 2978 nire;
470 2922 567 2969 aut
591 2915 637 2970 si
668 2929 774 2970 non
800 2914 992 2981 audes,
1020 2915 1191 2971 fatere
1219 2915 1436 2972 tandem
1468 2915 1756 2986 aliquando
1780 2930 1890 2971 non

294 3021 417 3062 esse
447 3006 681 3063 alienum
710 3023 739 3062 a
781 3021 911 3061 vero
936 3006 1185 3071 Alcuino,
1222 3007 1367 3076 quod
1410 3013 1723 3069 memoratae
1746 3004 1891 3061 Con-

1989 500 2280 568 anteriori,
2326 516 2500 573 neque
2527 502 2738 559 Alcuini
2767 512 3009 575 tempore
3036 503 3302 559 accidisse
3341 503 3578 561 Daliazus

1988 602 2262 647 asseverat
2291 612 2303 647 :
2336 595 2430 649 sed
2462 592 2621 664 hujus
2653 597 2866 668 generis
2909 596 3152 671 prodigia
3178 611 3323 653 nono
3355 596 3577 655 demult-

1990 683 2173 739 adulto
2193 685 2409 752 saeculo,
2435 687 2501 741 ad
2526 687 2897 755 Paschasiani,
2921 696 2981 743 ut
3006 695 3179 760 putat,
3202 688 3406 745 erroris
3432 703 3576 746 cour-

1988 777 2384 833 mendationem
2411 780 2592 851 spargi
2621 790 2817 852 erepta.

2061 871 2117 926 Si
2155 872 2450 928 altercandi
2494 877 2834 933 occasionem
2866 892 3120 947 quaerere
3151 887 3299 935 esset
3337 878 3566 943 animus,

1986 966 2077 1021 hic
2122 966 2336 1021 causari
2372 982 2606 1036 possem,
2653 984 2760 1023 non
2803 978 3056 1025 constare
3099 987 3167 1025 an
3198 969 3573 1027 .Confessionis

1987 1060 2221 1128 scriptor
2246 1061 2351 1115 hoc
2376 1061 2494 1116 loco
2520 1062 2586 1115 de
2616 1063 2856 1117 sensibili
2884 1065 3128 1133 corporis
3153 1064 3356 1119 Christi
3384 1065 3439 1125 in
3464 1065 3574 1123 Eu-

1986 1152 2244 1207 charislia
2272 1153 2477 1208 visione
2503 1162 2647 1224 agat,
2680 1169 2749 1208 an
2780 1155 2846 1209 de
2872 1155 3141 1222 spirituali
3164 1155 3344 1227 aliqua
3366 1157 3574 1212 revela—
3630 1162 3631 1165 “

1988 1245 2153 1311 tione,
2178 1260 2282 1316 qua
2307 1260 2438 1301 vera
2464 1245 2663 1301 Christi
2689 1246 2744 1302 in
2767 1254 3107 1303 sacramento
3133 1250 3424 1318 praesentia
3445 1264 3574 1305 con-

1986 1338 2271 1391 ﬁrmetur:
2315 1338 2500 1407 quales
2548 1353 2679 1393 sane
2730 1338 3088 1395 revelationes
3136 1339 3207 1394 ab
3260 1340 3575 1396 auctoribus

1987 1428 2214 1483 Alcuino
2240 1430 2610 1499 superioribus
2640 1432 2746 1486 huc
2773 1432 3043 1487 adducere
3074 1447 3181 1487 non
3211 1440 3357 1488 esset
3380 1447 3573 1503 opero—

1987 1535 2128 1575 sum.
2154 1520 2355 1575 Verum
2392 1521 2576 1581 Dallaei
2602 1524 3052 1579 commentarium
3088 1524 3280 1579 lubens
3305 1522 3533 1581 admitto
3559 1540 3572 1576 :

1980 1618 2044 1667 at
2068 1610 2184 1680 ejus
2217 1627 2351 1681 pace
2393 1613 2643 1680 dixerim,
2672 1614 2938 1684 ejusmodi
2967 1615 3213 1686 prodigia
3261 1614 3419 1687 longe
3451 1623 3578 1671 ante

1988 1701 2269 1760 Paschasii
2311 1714 2519 1775 tempus
2545 1706 2883 1778 legebantur,
2915 1723 3107 1777 nempe
3150 1708 3280 1763 illud
3323 1709 3467 1778 quod
3511 1710 3579 1765 de

1900 1767 1957 1833 δ
1978 1799 2217 1870 Plegislo
2253 1767 2507 1871 religioso
2546 1767 2829 1857 sacerdote
2859 1767 3127 1858 memorat
3157 1803 3297 1858 idem
3340 1767 3580 1858 l’ascha-

1984 1896 2128 1961 sius;
2161 1896 2306 1965 quod
2340 1905 2490 1951 certe
2522 1912 2629 1951 non
2673 1906 3011 1954 commentus
3044 1906 3127 1953 est
3156 1899 3239 1952 vir
3273 1898 3579 1967 religiosus,

1974 1990 2081 2045 sed
2114 2005 2179 2044 ex
2221 1990 2447 2059 antiquo
2483 1999 2706 2048 auctore
2742 1992 2973 2061 accepit.
3002 1991 3161 2047 Aliud
3192 1992 3320 2047 item
3366 1992 3581 2048 Alcuini

1987 2090 2229 2153 tempore
2261 2083 2462 2139 Paulus
2486 2083 2769 2150 diaconus,
2795 2084 3110 2141 Casinensis
3147 2086 3464 2151 monachus,
3496 2085 3584 2139 lit-

1986 2175 2120 2231 teris
2148 2176 2425 2231 mandavit
2449 2177 2504 2232 in
2531 2176 2655 2232 Vita
2685 2175 2935 2248 Gregorii
2965 2177 3161 2247 Magni,
3188 2176 3332 2248 quod
3362 2178 3410 2232 e‘i
3440 2176 3583 2233 acci-

1984 2264 2066 2320 dit
2110 2266 2165 2321 in
2192 2266 2337 2323 facto
2364 2275 2627 2324 matronae
2663 2267 2939 2324 Romanae.
2986 2267 3093 2324 Sed
3123 2276 3248 2324 ante
3292 2270 3396 2324 hoc
3435 2268 3581 2324 aliud

1978 2357 2119 2413 item
2148 2358 2203 2412 in
2226 2358 2349 2413 Vita
2379 2358 2552 2413 sancti
2578 2358 2762 2414 Basilii
2789 2358 3053 2415 Caesareae
3073 2359 3333 2429 episcopi,
3358 2358 3583 2429 Amphi-

1976 2448 2165 2509 tlochio
2186 2448 2359 2505 .lconii
2384 2450 2639 2520 episcopo
2663 2450 2918 2520 ascripta,
2950 2450 3229 2521 legebatur
3256 2450 3323 2507 de
3350 2450 3584 2506 Hebraeo

1988 2542 2246 2613 quodam,
2271 2542 2356 2597 cui
2385 2543 2910 2599 communicantibus
2934 2540 3260 2598 Christianis
3278 2541 3583 2612 infantulus

1984 2631 2320 2686 membratim
2347 2632 2511 2686 incidi
2537 2648 2594 2687 in
2624 2632 2875 2687 manibus
2912 2632 3096 2687 Basilii
3124 2632 3274 2687 visus
3300 2639 3402 2687 est.
3433 2631 3582 2697 Haec,

1982 2725 2235 2795 inquam,
2273 2724 2595 2794 legebantur
2623 2733 2747 2779 ante
2776 2722 2987 2779 Alcuini
3027 2732 3264 2788 aetatem,
3296 2738 3415 2793 qum
3457 2737 3586 2792 pro-

1984 2817 2117 2872 inde
2139 2832 2252 2888 prae
2273 2816 2466 2881 oculis,
2494 2832 2618 2871 cum
2645 2815 3050 2872 Confessionem
3064 2815 3361 2881 scriberet,
3383 2815 3585 2871 habere

2031 2913 2187 2963 otuit.

2031 2924 2187 2963 omn.

1992 2924 2029 2979 Ρ
2064 2998 2270 3065 Basilii,
2304 2998 2500 3068 inquis,
2534 2997 2659 3054 Vita
2687 2996 2897 3054 Latinis
2926 2997 3149 3053 auribus
3186 2998 3459 3069 incognita
3481 2996 3585 3053 fuit

292 3098 549 3156 fessionis
584 3101 819 3170 scriptor
850 3102 904 3155 in
928 3102 1107 3157 seaculi
1136 3103 1220 3157 sui
1250 3101 1379 3157 vitia
1427 3101 1887 3157 exclamando-in-

1993 3100 2122 3147 ante
2148 3091 2353 3147 Nicolai
2374 3091 2535 3162 primi
2563 3091 2956 3162 pontiﬁcatum,
2981 3092 3332 3153 cumscilieet
3354 3094 3421 3147 ab
3446 3093 3586 3149 Urso

290 3191 530 3246 vehitur.
572 3191 734 3249 Plura
781 3194 881 3249 hac
923 3192 991 3249 de
1029 3194 1310 3264 re‘legesis
1357 3195 1499 3264 apud
1532 3193 1888 3249 Theodulfum

192 3292 203 3303 ’
288 3281 741 3339 Aurelianensem
771 3285 1084 3355 episcopum
1119 3285 1172 3340 in
1199 3285 1469 3341 Paraznesi
1491 3286 1559 3340 ad
1582 3284 1813 3353 judices.

362 3374 529 3446 376
568 3375 653 3430 l0.
698 3376 859 3432 Aliud
888 3393 957 3433 ex
1003 3378 1218 3449 vulgata
1268 3379 1620 3438 Confessione
1666 3381 1890 3451 opponit

290 3467 548 3534 Dallteus,
575 3468 721 3538 quod
749 3469 964 3525 Alcuini
1001 3472 1202 3527 saeculo
1245 3487 1548 3543 repugnare
1571 3475 1884 3529 contendit:

291 3575 488 3629 nempe
522 3561 627 3614 hoc
649 3560 795 3629 quod
827 3562 894 3616 de
917 3560 1121 3618 Judmis
1166 3563 1361 3635 legitur
1395 3565 1451 3619 in
1496 3573 1650 3634 parte
1672 3582 1735 3631 ll,
1765 3580 1885 3635 cap.

290 3650 325 3705 ‘5
356 3670 368 3706 :
401 3670 419 3703 ‹
456 3651 664 3719 Quibus
691 3653 854 3707 etiam
902 3668 1004 3709 uec
1048 3655 1377 3710 advenarum
1400 3654 1525 3724 jure
1569 3665 1772 3712 terram
1798 3672 1890 3727 pa-

291 3743 457 3799 triam
512 3741 703 3798 saltem
753 3744 983 3816 vestigio
1028 3746 1270 3802 salutare
1317 3748 1651 3803 conceditur.
1692 3769 1711 3802 ι
1759 3748 1891 3815 Quae

290 3834 459 3890 verba
497 3834 575 3889 sic
603 3844 1000 3892 commentatur
1018 3837 1260 3893 Daliazus
1301 3857 1313 3889 :
1354 3858 1372 3889 ‹
1403 3838 1461 3893 Si
1501 3838 1587 3893 vel
1628 3839 1889 3906 Adriani,

290 3927 378 3983 vel
427 3926 794 3995 Constantini,
839 3938 895 3985 et
951 3929 1386 3986 Christianorum
1431 3931 1738 4002 principum
1797 3934 1890 4002 qui

291 4020 342 4075 ei
388 4020 442 4075 in
504 4019 724 4077 Oriente
785 4023 958 4078 tribus
1003 4031 1304 4093 quatuorve
1352 4024 1564 4079 szecuiis
1611 4038 1892 4081 successe-

294 4118 456 4173 runt,
502 4110 586 4166 vel
641 4111 955 4169 Latinorum
1008 4116 1271 4183 denique,
1318 4115 1412 4184 qui
1453 4113 1695 4171 Iudaeam
1746 4131 1891 4172 anno

295 4203 438 4259 1100
454 4204 630 4259 armis
648 4207 928 4274 quaesitam
948 4207 1267 4277 aliquandiu
1286 4215 1596 4272 tenuerunt,
1627 4208 1889 4277 tempori—

295 4298 400 4352 bus
428 4297 582 4362 vixit,
611 4299 722 4352 veri
751 4299 983 4368 speciem
1011 4300 1173 4354 habet
1193 4300 1309 4354 haec
1336 4300 1513 4355 oratio
1539 4317 1552 4353 :
1583 4300 1649 4354 ab
1676 4299 1891 4354 Alcuini

295 4405 430 4445 vero
460 4390 656 4445 sseculo
685 4392 860 4447 aliena
886 4401 989 4459 est,
1021 4408 1129 4463 quo
1156 4392 1415 4448 Saraceni
1447 4392 1500 4447 in
1523 4392 1672 4449 omni
1704 4389 1892 4447 Iudaea

300 4482 707 4551 imperitabant.
740 4504 758 4536 ι

372 4573 513 4640 Quid
563 4575 664 4630 sibi
715 4575 843 4630 velit
894 4578 996 4632 hoc
1046 4578 1442 4633 commentario
1487 4576 1738 4643 Dallzeus,
1779 4592 1888 4632 non

298 4664 475 4733 capio.
507 4662 563 4718 Si
590 4666 736 4719 enim
776 4664 1056 4721 Confessio
1084 4681 1183 4736 per
1208 4669 1427 4722 modum
1471 4667 1889 4738 improperantis

300 4764 357 4811 et
368 4754 713 4825 corripientis
726 4757 847 4811 hzec
856 4756 1121 4828 ingereret
1131 4798 1144 4823 ,
1162 4758 1401 4827 speciem
1412 4756 1649 4827 aliquam
1664 4756 1889 4812 haberet

303 4847 489 4902 Dall-aei
529 4856 927 4917 argumentum.
974 4848 1129 4903 Nunc
1155 4864 1283 4905 vero
1323 4850 1389 4905 de
1425 4850 1602 4919 pcenis
1632 4849 1890 4905 divinitus

299 4936 503 4996 Judreis
542 4938 760 4995 inflictis
805 4955 928 4996 cum
971 4949 1095 5012 agat
1134 4942 1240 4997 hoc
1281 4943 1421 5008 loco,
1468 4942 1603 4997 nihil
1648 4943 1890 4999 continet

302 5033 451 5104 quod
504 5049 612 5088 non
663 5049 927 5103 usurpare
974 5035 1254 5105 possimus
1309 5036 1412 5090 hoc
1465 5044 1727 5106 tempore,
1782 5051 1890 5106 quo

303 5124 470 5187 etiam
505 5123 745 5181 infideles
781 5124 952 5181 sacris
976 5126 1108 5181 locis
1135 5126 1499 5182 dominantur.

377 5216 465 5270 il.
514 5215 685 5271 Aiiine
729 5224 815 5273 est
846 5218 975 5273 huic
1021 5227 1340 5289 argumento
1376 5221 1519 5289 quod
1562 5221 1894 5290 disceptator

305 5308 473 5363 sumit
498 5321 565 5363 ex
582 5308 959 5366 Confessionis
985 5319 1142 5383 parte
1166 5328 1239 5376 tv,
1264 5327 1382 5383 cap.
1400 5313 1453 5379 4,
1482 5314 1574 5369 ubi
1601 5315 1888 5370 scribitur:

312 5388 331 5452 ἀ
359 5400 719 5459 Eucharistici
748 5405 992 5476 mysterii
1014 5405 1317 5470 veritatem,
1353 5405 1406 5461 id
1431 5415 1514 5462 est
1544 5407 1743 5463 realem
1773 5423 1894 5463 cor-

306 5493 456 5564 poris
484 5493 749 5552 Dominici
780 5498 1145 5567 praesentiam,
1181 5512 1566 5568 nonnunquam
1594 5499 1774 5553 divina
1809 5514 1895 5555 re-

307 5586 581 5643 velatione
623 5590 893 5661 aliquibus
947 5591 1351 5648 maniiestatam
1397 5607 1537 5648 esse.
1570 5614 1587 5646 ι
1640 5593 1893 5666 intelligit

308 5686 516 5745 autem,
544 5680 716 5752 inquit
745 5683 991 5751 Dallzeus,
1021 5684 1343 5755 quibusdam
1369 5683 1629 5741 divinitus
1668 5703 1892 5743 conces-

308 5781 435 5831 eum
454 5767 650 5843 fuisse,
677 5781 735 5831 ut
758 5789 977 5835 carnem
999 5785 1056 5836 et
1073 5776 1389 5852 sanguinem
1402 5792 1514 5851 pro
1536 5793 1674 5853 pane
1695 5791 1750 5838 et
1770 5784 1893 5840 vino

1994 3185 2053 3241 S.
2086 3185 2152 3239 It.
2198 3185 2262 3240 E.
2315 3185 2698 3241 archidiacono
2740 3185 3036 3241 Latinitate
3081 3187 3277 3242 donata
3325 3196 3426 3243 est.
3474 3189 3586 3243 lmo

1989 3295 2122 3335 vero
2148 3288 2272 3334 ante
2298 3280 2421 3335 Ursi
2443 3280 2747 3336 versionem
2775 3281 2879 3337 alia
2899 3281 3199 3353 legebatur,
3218 3297 3342 3351 qua:
3360 3281 3424 3335 in
3446 3280 3587 3336 Vitis

1986 3370 2211 3427 Patrum
2233 3371 2377 3428 edita
2399 3380 2486 3427 est
2507 3387 2538 3426 a
2559 3371 2721 3428 Surio
2740 3373 2974 3442 politiori
3001 3372 3139 3442 stylo
3168 3372 3395 3427 reddita.
3419 3370 3586 3441 Cujus

1992 3466 2072 3521 rei
2121 3466 2484 3522 certissimum
2515 3482 2671 3522 sumo
2701 3474 3079 3536 argumentum
3107 3482 3176 3521 ex
3205 3464 3394 3520 Enen:
3424 3465 3578 3519 Pari-

1993 3558 2188 3613 siensis
2212 3559 2448 3628 episcopi
2472 3558 2610 3615 libro
2634 3559 2900 3615 adversus
2918 3559 3157 3625 Graecos,
3183 3567 3373 3629 quaest.
3403 3558 3460 3623 2,
3485 3557 3579 3613 ubi

1994 3649 2118 3705 Vita
2158 3650 2331 3704 sancti
2364 3649 2551 3704 Basilii
2589 3650 2655 3705 de
2683 3648 2874 3706 Graeco
2908 3651 2964 3705 in
3001 3651 3253 3706 Latinum
3283 3668 3316 3707 a
3355 3649 3583 3721 quodam

1994 3741 2202 3807 erro,
2226 3741 2475 3797 vocabulo
2492 3741 2750 3808 Eveimio,
2774 3744 2840 3798 de
2863 3744 3015 3798 verba
3029 3742 3289 3797 translata
3313 3741 3582 3798 laudatur.

1988 3835 2138 3907 Ergo
2158 3842 2418 3905 regnante
2436 3834 2633 3891 Carolo
2649 3835 2833 3902 Calvo,
2856 3836 2963 3891 hoc
2981 3836 3265 3898 est,medio
3283 3835 3483 3891 saeculo
3504 3851 3580 3900 rx,

1996 3927 2137 3996 apud
2161 3925 2342 3982 Gallos
2376 3925 2862 3983 circumferebatur
2885 3928 3003 3984 haec
3040 3928 3178 3995 Vita,
3207 3944 3370 4000 quam
3405 3927 3585 3984 Alcui-

1992 4036 2099 4075 nus
2126 4020 2324 4091 legisse
2353 4020 2549 4090 potuit.

2064 4113 2146 4175 Ad
2196 4115 2311 4170 haec
2354 4112 2584 4170 Alcuino
2631 4115 2951 4186 suppetebat
2982 4116 3203 4186 insigne
3251 4117 3581 4185 exemplum,

1986 4207 2139 4278 quod
2168 4206 2402 4262 refertur
2430 4208 2484 4262 in
2515 4208 2609 4264 lib.
2632 4224 2666 4263 v
2690 4210 2756 4264 de
2782 4209 2919 4264 Vitis
2954 4202 3208 4277 'Patrum,
3236 4225 3353 4281 cap.
3378 4210 3466 4276 18,
3489 4211 3585 4266 ubi

1992 4298 2195 4371 legitur
2219 4299 2431 4353 Arsenii
2461 4299 2662 4354 dictum
2692 4301 2759 4355 de
2797 4300 3030 4370 quodam
3060 4316 3188 4356 sene
3218 4302 3272 4355 in
3313 4299 3447 4355 Sciti
3488 4300 3585 4355 ha-

1994 4390 2219 4454 bitante,
2252 4399 2313 4446 ut
2357 4392 2520 4446 habet
2552 4406 2655 4447 ms.
2698 4393 2870 4448 codex
2910 4391 3285 4457 Corbeiensis;
3328 4393 3420 4463 qui
3459 4407 3583 4448 cum

1914 4511 1973 4574 θ
1996 4501 2153 4541 secus
2180 4501 2344 4556 quam
2372 4486 2612 4542 Ecclesia
2639 4487 2907 4542 catholica
2928 4488 3121 4554 tradit,
3151 4488 3218 4543 de
3238 4486 3441 4543 Christi
3465 4502 3587 4543 cor-

1996 4592 2128 4647 pore
2151 4578 2207 4631 in
2239 4577 2578 4633 Eucharistia
2604 4579 2859 4644 sentiret;
2887 4578 3049 4648 idque
3074 4596 3179 4634 non
3204 4578 3447 4635 naturale
3470 4595 3588 4634 cor-

1994 4686 2093 4740 pus
2123 4669 2337 4737 Christi,
2370 4672 2465 4727 sed
2493 4680 2702 4727 tantum
2735 4673 2963 4743 ﬁguram
2999 4674 3113 4744 ejus
3154 4689 3276 4731 esse
3300 4674 3580 4739 crederet;

1987 4762 2173 4817 tribus
2219 4761 2470 4817 Patribus
2496 4763 2567 4818 ob
2605 4774 2725 4817 eam
2765 4777 2985 4817 causam
3028 4765 3363 4832 convocatis,
3391 4774 3446 4821 et
3484 4780 3585 4835 pro

1997 4856 2145 4912 senis
2171 4855 2524 4912 conversione
2551 4854 2852 4920 orantibus,
2884 4854 3028 4911 facta
3058 4872 3118 4912 re
3146 4873 3327 4924 sacra,
3366 4857 3583 4912 tandem

1998 4952 2068 5007 ad
2112 4959 2317 5007 rectam
2347 4951 2507 5006 fidem
2546 4952 2800 5007 reductus
2829 4960 2929 5007 est.
2965 4970 2985 5005 ι
3014 4952 3149 5010 Nam
3178 4956 3392 5027 quando
3420 4955 3584 5027 positi

1996 5052 2124 5100 sunt
2146 5059 2313 5115 panes
2358 5045 2413 5099 in
2439 5044 2614 5111 altari,
2642 5044 2927 5103 videbatur
2946 5049 3055 5106 illis
3085 5051 3459 5107 tantummodo
3486 5049 3585 5103 tri-

1995 5134 2100 5191 bus
2142 5141 2400 5205 tanquam
2428 5136 2685 5207 puerulus
2706 5136 2895 5207 jacens
2938 5158 3102 5216 super
3129 5144 3318 5199 altare.
3364 5144 3583 5201 Etcum

1994 5228 2327 5284 extendisset
2366 5229 2647 5301 presbyter
2675 5246 2893 5289 manum
2937 5244 2998 5291 ut
3046 5236 3322 5309 frangeret
3357 5252 3574 5310 panem,

1999 5321 2279 5377 descendit
2317 5323 2538 5394 angelus
2568 5321 2779 5380 Domini
2825 5326 2891 5382 de
2922 5328 3061 5383 emlo
3086 5329 3303 5385 habens
3342 5328 3580 5385 cultrum

1997 5414 2055 5470 in
2078 5429 2265 5479 manu,
2287 5424 2342 5471 et
2362 5416 2563 5471 secavit
2588 5418 2870 5487 puerulum
2892 5420 3075 5484 illum;
3107 5424 3423 5493 sanguinem
3447 5438 3580 5482 vero

1997 5505 2143 5561 illius
2167 5509 2468 5579 excipiebat
2497 5510 2550 5563 in
2576 5510 2761 5565 calice.
2778 5531 2795 5565 ›
2826 5510 2960 5566 Tum
2985 5514 3273 5569 accedente
3302 5530 3451 5581 sene,
3478 5535 3498 5568 ι
3521 5524 3581 5571 ut

1996 5600 2270 5671 acciperet
2303 5608 2547 5657 sanctam
2576 5604 3039 5671 communionem,
3069 5607 3192 5662 data
3221 5610 3305 5664 est
3349 5609 3449 5679 ipsi
3480 5609 3580 5667 soli

1997 5707 2126 5747 caro
2157 5693 2417 5764 sanguine
2462 5702 2773 5760 cruentata;
2812 5697 2955 5764 quod
2983 5713 3105 5753 cum
3132 5699 3374 5767 vidisset,
3405 5701 3577 5772 perti-

1996 5788 2133 5844 muit
2154 5796 2211 5844 et
2239 5788 2491 5845 clamavit
2520 5787 2705 5845 dicens
2730 5786 2961 5860 :Credo,
2992 5791 3239 5863 Domine,
3266 5794 3392 5868 quia
3419 5795 3578 5871 panis
