4038 6354
483 333 621 392 1015

1293 333 1352 387 Β.
1394 332 1455 387 Ρ.
1495 330 1721 386 ALBINI
1756 328 1886 385 SEU
1926 322 2202 383 ALCUINI
2242 325 2524 384 OPERUM
2554 326 2733 383 PARS
2779 320 2911 385 Vlll.

3604 331 3744 387 1016

482 451 572 521 qui
605 450 660 504 in
691 447 846 503 altari
872 447 1090 517 ponitur
1132 462 1326 517 corpus
1354 456 1505 501 tuum
1532 454 1634 512 est,
1661 454 1716 500 et
1744 445 1902 507 calix,
1935 451 2057 497 tuus
2087 442 2134 501 Α
2162 441 2499 498 Eucharistia
2542 444 2772 498 sancivit
2813 443 3073 498 adversus
3105 441 3399 500 hereticos
3427 447 3742 514 nonnullos,

482 551 568 597 est
611 541 852 612 sanguis.
882 540 950 594 Et
993 539 1177 594 statim
1221 538 1363 593 facta
1402 545 1485 592 est
1522 553 1648 592 caro
1688 538 1776 591 illa
1812 538 1865 590 in
1903 550 2065 588 manu

482 632 600 702 ejus
638 630 793 701 panis
837 631 1130 685 secundum
1180 631 1529 701 mysterium,
1576 637 1630 681 et
1664 628 1893 697 sumpsit
1938 627 2066 681 illud

485 739 605 779 cum
633 724 837 778 honore
875 723 1078 794 gratias
1108 738 1272 793 agens
1312 723 1439 776 Deo.
1466 742 1482 773 ι
1518 721 1784 775 Eximium
1822 721 1963 774 hunc
1990 719 2066 773 lo-

486 830 610 869 cum
639 814 834 885 legisse
869 814 1044 884 potuit
1078 814 1358 879 Alcuinus,
1390 813 1505 868 sive
1544 828 1609 867 ex
1649 812 1832 867 codice
1855 811 2062 875 Grzeco,

485 906 699 976 qualem
728 905 953 961 Photius
994 905 1204 972 laudat,
1241 906 1355 961 sive
1383 921 1450 959 ex
1490 905 1738 959 versione
1778 903 1977 972 Pelagii
2006 902 2062 957 S.

486 997 553 1051 R.
584 997 645 1052 E.
674 997 910 1064 diaconi,
938 998 1031 1067 qui
1060 998 1205 1052 hunc
1231 999 1480 1067 quintum
1506 994 1701 1050 librum
1728 995 1904 1051 Latini
1928 994 2068 1063 juris

487 1084 636 1142 fecit.

559 1177 646 1230 12.
680 1176 784 1232 Sed
814 1178 928 1248 jam
955 1177 1169 1231 demum
1211 1183 1333 1246 post
1378 1186 1626 1231 vexatam
1655 1177 1820 1231 variis
1862 1175 2069 1230 artibus

488 1277 651 1337 atque
674 1269 849 1323 modis
872 1267 1297 1334 Confessionem,
1323 1270 1601 1323 veniamus
1629 1268 1694 1321 ad
1719 1268 1957 1336 palmare
1984 1282 2071 1319 ar-

488 1368 802 1429 gumentum
830 1401 843 1423 ,
896 1374 1003 1428 quo
1051 1358 1278 1413 Dalla‘us
1325 1375 1466 1429 saepe
1503 1359 1658 1413 dicta:
1706 1357 2071 1413 Confessionis

488 1451 864 1520 antiquitatem
924 1451 1139 1520 penitus
1205 1449 1526 1505 labefactare
1591 1451 1693 1504 sibi
1744 1449 1891 1503 visus
1950 1456 2068 1513 est;

488 1557 700 1612 nempe,
734 1562 751 1593 ι
782 1543 926 1612 quod
963 1544 1104 1597 idem
1146 1542 1510 1598 Confessionis
1554 1555 1741 1597 auctor
1779 1543 1844 1597 de
1883 1557 2073 1596 eorum

489 1637 754 1691 sententia
772 1637 862 1705 qui
889 1637 1088 1691 realem
1112 1637 1375 1691 Dominici
1394 1637 1635 1706 corporis
1662 1637 1713 1690 in
1736 1635 2073 1689 Eucharistia

486 1728 831 1796 praesentiam
877 1736 1107 1798 negant,
1154 1743 1261 1781 non
1309 1728 1467 1781 aliter
1510 1728 1749 1797 loquitur
1781 1742 1959 1797 quam
2009 1728 2074 1781 de

489 1820 735 1874 doctrina
780 1821 997 1889 publico
1023 1820 1278 1876 Ecclesia:
1315 1821 1518 1891 judicio
1558 1822 1808 1875 damnata
1850 1827 1905 1874 et
1930 1821 2074 1874 inter

490 1912 723 1966 bterescs
749 1911 936 1978 relata,
964 1920 1125 1982 atque
1162 1914 1235 1967 ita
1279 1928 1402 1967 cum
1445 1913 1577 1983 ipsis
1603 1913 1715 1981 agit
1744 1922 1802 1966 ut
1829 1929 1951 1967 cum
1978 1913 2073 1967 ho-

489 2003 723 2058 minibus
766 2004 1013 2059 sectariis
1040 2014 1095 2059 et
1120 2007 1407 2061 haereticis.
1432 2026 1449 2058 ›
1489 2006 1625 2060 Tum
1656 2007 1781 2060 huic
1829 2006 1906 2060 rei
1949 2022 2075 2077 pro-

486 2092 677 2150 bandae
699 2095 918 2150 adducit
941 2096 1083 2151 hunc
1111 2097 1287 2153 locum
1313 2113 1380 2153 ex
1419 2097 1787 2153 Confessionis
1815 2108 1968 2166 parte
1996 2116 2069 2165 1v,

488 2202 605 2258 cap.
648 2187 681 2241 5
717 2176 733 2242 Ξ
770 2208 788 2240 ι
829 2189 1064 2245 Adverte
1085 2190 1199 2259 jam
1250 2192 1500 2257 tandem,
1546 2208 1579 2245 o
1630 2193 2074 2261 pravissimarum

486 2281 751 2335 mentium
796 2296 1052 2350 perversa
1097 2285 1373 2347 doctrina,
1413 2293 1469 2338 et
1508 2285 1617 2340 noli
1653 2286 1817 2340 surda
1860 2301 1989 2357 aure
2020 2296 2076 2341 et

490 2372 870 2429 incircumciso
923 2376 1085 2431 corde
1148 2379 1429 2446 praeterire
1478 2380 1620 2449 quod
1686 2381 1927 2435 dicitur:
1971 2381 2076 2447 Qui

488 2464 775 2517 manducat
799 2482 899 2529 me,
925 2482 1078 2521 suam
1103 2468 1380 2533 nimirum,
1417 2485 1525 2524 non
1549 2471 1708 2525 aliam
1740 2488 1959 2528 carnem
1989 2474 2077 2529 de-

489 2564 776 2610 monstrat.
803 2577 822 2609 ι
867 2556 989 2611 Mox
1036 2560 1222 2628 paucis
1271 2560 1610 2629 interiectis:
1651 2582 1668 2614 ι
1712 2564 1913 2619 Verum
1948 2566 2075 2635 quia

488 2645 647 2716 longe
676 2647 834 2702 aliter
861 2661 919 2701 se
951 2648 1111 2703 habet
1134 2651 1336 2706 veritas
1365 2654 1499 2707 tanti
1536 2655 1796 2725 mysterii,
1827 2672 1988 2726 quam
2018 2664 2074 2712 tu

489 2739 732 2794 hteretico
782 2740 1037 2811 deceptus
1084 2742 1280 2811 spiritu
1335 2744 1637 2809 arbitraris,
1681 2755 1826 2801 recte
1877 2747 2076 2802 dicitur

489 2832 807 2902 mysterium
842 2832 993 2897 fidei,
1019 2853 1037 2887 ι
1075 2842 1179 2889 etc.
1225 2854 1243 2886 ι
1274 2836 1481 2902 Quibus
1510 2839 1869 2907 apertissime,
1901 2840 2078 2909 inquit

489 2922 740 2990 Dallazus,
769 2925 1039 2994 significat
1068 2926 1253 2993 fuisse,
1283 2944 1389 2997 quo
1429 2930 1541 2999 ipse
1584 2939 1825 3002 tempore
1870 2933 2077 2987 scribe-

488 3013 601 3079 bat,
633 3017 725 3083 qui
761 3014 919 3070 aliter
946 3031 1108 3085 quam
1152 3018 1267 3087 ipse
1310 3019 1599 3085 sentiebat,
1629 3021 1695 3075 de
1735 3022 2074 3077 Eucharistia

488 3107 649 3177 377
670 3108 946 3173 docebant,
974 3110 1175 3180 quique
1194 3110 1447 3165 haereseos
1470 3126 1531 3167 ea
1552 3114 1617 3167 de
1646 3129 1807 3169 causa
1837 3115 2069 3170 damnati

489 3204 663 3251 erant.
697 3216 716 3249 ι
762 3198 1073 3267 Cujusmodi
1124 3202 1373 3257 homines
1413 3202 1553 3258 ullos
1582 3212 1721 3259 ante
1764 3204 2073 3277 Berengarii

491 3296 705 3358 tempus
728 3291 1002 3346 exstitisse
1028 3300 1189 3363 negat
1218 3292 1467 3349 Dallzeus.

561 3379 675 3436 Hoc
715 3392 1091 3454 argumentum
1119 3386 1353 3441 colorem
1381 3389 1599 3458 quidem
1626 3391 1788 3446 habet
1813 3409 1926 3463 prae
1955 3394 2076 3450 aliis

491 3486 525 3525 a
566 3471 765 3528 Dallzeo
815 3475 1091 3543 adductis;
1130 3478 1226 3531 sed
1265 3478 1311 3532 si
1371 3478 1552 3534 fucum
1599 3480 1875 3548 detrahas,
1918 3485 2075 3539 inane

490 3578 738 3635 prorsus,
770 3568 849 3621 uti
876 3578 1089 3634 czetera,
1131 3573 1430 3641 apparebit.
1477 3574 1631 3640 Quod
1659 3584 1718 3628 ut
1761 3592 2072 3647 assequare,

489 3670 606 3710 rem
637 3659 859 3728 propius
890 3660 1087 3716 intueri
1110 3678 1328 3718 necesse
1354 3672 1439 3719 est
1462 3681 1527 3720 ac
1564 3666 1937 3724 demonstrare
1959 3670 2076 3739 jam

491 3747 690 3802 dudum
722 3757 848 3804 ante
894 3752 1207 3807 damnatum
1238 3753 1623 3826 Berengarium
1666 3758 1950 3814 haereticos
1976 3761 2075 3816 ha-

489 3838 655 3903 bitos,
682 3854 854 3909 eoque
881 3843 1100 3898 nomine
1143 3844 1383 3911 affectos,
1421 3847 1513 3917 qui
1541 3864 1698 3903 secus
1727 3866 1888 3921 quam
1917 3852 2078 3908 modo

490 3928 757 3984 catholica
778 3930 1019 3988 Ecclesia
1044 3937 1226 4000 tradit,
1255 3936 1320 3991 de
1348 3937 1690 3994 Eucharistia
1718 3942 2001 3997 sentirent.

562 4019 700 4077 Huic
746 4024 825 4078 rei
854 4028 1145 4095 probandae
1187 4045 1327 4083 unus
1380 4030 1576 4085 sufficit
1622 4033 1950 4099 Deoduinus,
1982 4050 2077 4090 seu

493 4109 838 4171 Theoduinus
887 4118 1200 4177 Leodiensis
1229 4123 1513 4192 episcopus
1556 4122 1678 4195 (m),
1729 4125 1821 4194 qui
1869 4127 1921 4179 in
1959 4128 2077 4196 epi-

490 4203 629 4257 stola
660 4204 727 4258 ad
752 4205 1054 4277 Philippum
1098 4208 1434 4265 Francorum
1464 4227 1668 4283 regem,
1718 4215 1923 4284 scripta
1949 4230 2079 4270 con-

492 4300 575 4346 tra
626 4292 935 4365 Berengarii
983 4313 1223 4355 errorem
1268 4300 1380 4370 jam
1429 4310 1542 4356 tum
1586 4303 1823 4371 primum
1873 4308 2076 4361 exoriri

492 4390 749 4450 coeptum,
774 4395 960 4441 censet
988 4389 1371 4460 Berengarium
1400 4393 1624 4462 ejusque
1668 4409 1927 4465 sequaces
1969 4413 2077 4453 non

2102 1791 2149 1850 B

2101 3156 2150 3219 C

2164 534 2254 603 qui
2282 533 2545 589 Dominici
2573 536 2816 606 corporis
2845 543 2900 589 et
2923 536 3201 607 sanguinis
3224 547 3621 594 sacramentum
3651 556 3744 596 re-

2158 626 2437 697 jiciebant,
2478 630 2555 683 uti
2584 630 2780 698 legitur
2808 631 2861 684 in
2903 630 3107 702 synodo
3135 639 3323 686 contra
3362 647 3457 686 eos
3492 632 3745 689 Atrebati

2165 719 2365 782 habita,
2402 736 2564 789 quam
2593 722 2904 791 prOpediem
2954 722 3096 793 typis
3142 723 3387 779 editurus
3434 734 3519 779 est
3562 734 3750 780 noster

2164 809 2431 867 Acherius
2460 812 2513 866 in
2542 812 2813 883 Spicilegii
2867 823 3001 868 tom.
3042 812 3176 867 Xlll.
3225 813 3360 868 Cum
3407 815 3555 869 enim
3604 816 3751 871 idem

2167 901 2449 971 episcopus
2493 902 2547 955 in
2596 918 2660 957 ea
2688 904 2822 958 urbe
2851 904 3041 958 diebus
3086 902 3397 959 Nativitatis
3426 914 3483 959 et
3518 904 3753 975 Appari-

2169 993 2329 1047 tionis
2357 992 2569 1047 Domini
2599 994 2665 1047 de
2700 995 2859 1048 rebus
2891 994 3274 1050 ecclesiasticis
3298 1004 3581 1061 tractaret,
3616 1015 3635 1047 ι
3668 1012 3754 1051 re-

2167 1083 2334 1138 latum
2361 1091 2445 1138 est
2470 1084 2517 1140 ei
2545 1085 2805 1154 quosdam
2831 1087 2897 1140 ab
2924 1085 3089 1141 Italiae
3131 1087 3330 1143 finibus
3369 1090 3522 1144 viros
3548 1105 3612 1144 eo
3642 1089 3750 1144 loci

2171 1178 2466 1241 advenisse,
2502 1178 2613 1246 qui,
2667 1178 2957 1249 quamdam
3014 1195 3170 1235 novae
3214 1181 3489 1236 hmreseos
3544 1190 3755 1236 sectam

2171 1269 2609 1335 introducentes,
2664 1270 2989 1340 evangelicm
3040 1280 3202 1341 atque
3258 1273 3569 1343 apostolica:
3632 1290 3757 1328 san-

2171 1360 2366 1415 ctionis
2399 1359 2735 1429 disciplinam
2777 1369 3093 1430 pervertere
3123 1364 3435 1427 tentabant;
3468 1373 3524 1418 et
3565 1380 3757 1433 quam-

2172 1451 2294 1505 dam
2314 1450 2581 1520 justitiam
2602 1451 2975 1521 praeferentes,
3008 1454 3113 1509 hac
3138 1453 3251 1509 sola
3277 1454 3555 1524 purificari
3584 1457 3760 1511 homi-

2172 1558 2269 1596 nes
2299 1542 2634 1608 asserebant,
2678 1543 2989 1614 nullumque
3019 1545 3075 1599 in
3110 1554 3300 1601 sancta
3331 1545 3580 1601 Ecclesia
3610 1547 3757 1601 aliud

2175 1649 2293 1690 esse
2336 1645 2733 1691 sacramentum
2775 1652 2875 1706 per
2916 1638 3061 1707 quod
3106 1639 3173 1693 ad
3204 1638 3432 1693 salutem
3472 1640 3758 1709 pervenire

2177 1728 2497 1796 potuissent.
2526 1749 2543 1780 ι
2566 1728 2631 1782 Hi
2648 1744 2832 1783 coram
2850 1731 3103 1800 episcopo
3125 1732 3363 1795 adducti,
3391 1749 3409 1782 ‹
3434 1732 3684 1786 referunt
3704 1747 3759 1786 se

2175 1834 2294 1873 esse
2323 1819 2599 1874 auditores
2628 1820 2902 1876 Caunum
2931 1822 3211 1890 cujusdam
3233 1824 3299 1877 ab
3326 1821 3492 1877 Italiae
3515 1825 3761 1893 partibus

2175 1907 2299 1973 viri,
2329 1908 2472 1962 etab
2492 1922 2557 1962 eo
2588 1910 2916 1980 evangelicis
2948 1911 3221 1965 mandatis
3244 1922 3298 1966 et
3330 1913 3649 1981 apostolicis
3682 1912 3759 1966 in-

2172 1994 2481 2053 formatos:
2528 1999 2835 2070 nullamque
2874 2010 3073 2072 praeter
3123 2004 3262 2058 hanc
3308 2004 3656 2074 Seripturam
3705 2021 3760 2060 se

2174 2090 2436 2158 recipere,
2465 2090 2558 2144 sed
2594 2091 2735 2145 hanc
2771 2093 2938 2147 verbo
2984 2101 3039 2147 et
3082 2110 3246 2163 opere
3293 2103 3501 2150 tenere.
3545 2115 3563 2147 ι
3627 2095 3760 2150 Tum

2174 2181 2483 2235 accuratius
2510 2181 2848 2252 interrogati,
2890 2185 3035 2239 sacri
3064 2186 3407 2255 baptismatis
3438 2188 3759 2258 mysterium

2175 2280 2393 2341 negant,
2426 2272 2693 2343 simulque
2719 2274 3098 2343 Eucharistia),
3127 2277 3469 2332 Paenitentize
3496 2288 3551 2334 et
3580 2278 3764 2333 Matri-

2176 2362 2341 2416 monii
2364 2374 2724 2419 sacramenta.
2750 2364 2854 2419 Pro
2876 2367 3157 2423 erroribus
3181 2369 3409 2440 singulis
3442 2370 3657 2440 singula
3676 2386 3763 2425 ca-

2176 2456 2345 2524 pitula
2358 2458 2544 2512 condit
2568 2456 2863 2526 Gcrardus,
2887 2461 3125 2530 primum
3149 2463 3366 2533 quidem
3384 2464 3450 2517 de
3464 2465 3757 2535 baptismo,

2178 2548 2474 2603 secundum
2525 2548 2591 2603 de
2643 2565 2871 2619 corpore
2926 2560 2980 2605 et
3005 2554 3266 2623 sanguine
3292 2554 3539 2618 Domini,
3574 2555 3631 2608 in
3656 2570 3762 2625 quo

2176 2637 2461 2693 haereticos
2507 2640 2793 2709 compellat
2840 2641 2926 2695 his
2974 2643 3197 2697 verbis:
3239 2663 3255 2694 ι
3317 2642 3436 2698 lam
3490 2661 3635 2699 nunc
3684 2646 3767 2700 his

2176 2728 2394 2783 omissis
2442 2730 2727 2784 transitum
2757 2729 3022 2787 faciamus
3066 2733 3136 2787 ad
3178 2733 3308 2789 illud
3338 2750 3554 2789 sacrum
3583 2743 3638 2789 et
3667 2736 3766 2789 im-

2177 2823 2433 2879 mutabile
2466 2824 2729 2880 Dominici
2760 2827 3009 2897 corporis
3053 2836 3107 2883 et
3139 2829 3422 2899 sanguinis
3451 2844 3765 2884 sacramen-

2178 2924 2317 2982 tum,
2362 2917 2509 2986 quod
2538 2933 2633 2972 vos
2663 2917 2731 2972 ad
2759 2929 3002 2974 vestram
3046 2919 3442 2983 confusionem,
3477 2922 3583 2975 nisi
3634 2922 3767 2976 resi-

2178 3009 2427 3077 pueritis,
2453 3009 2737 3064 adversum
2764 3010 3004 3065 divinam
3033 3020 3088 3067 et
3130 3012 3483 3083 apostolicam
3521 3012 3765 3067 traditio-

2179 3117 2301 3157 nem
2350 3103 2726 3173 impugnantes
2768 3110 3015 3157 evertere
3048 3105 3289 3159 tentatis.
3331 3123 3349 3156 ι
3410 3104 3546 3158 Tum
3598 3104 3767 3174 ipsius

2178 3194 2505 3248 sacramenti
2536 3203 2784 3248 naturam
2809 3194 3091 3264 explicans
3122 3203 3245 3265 post
3282 3194 3464 3264 aliqua
3494 3194 3609 3249 haec
3646 3193 3768 3249 sub-

2176 3290 2297 3345 dit:
2332 3308 2349 3340 ‹
2405 3288 2559 3355 Quod
2608 3291 2827 3359 quidem
2863 3289 3194 3345 sacriﬁcium
3240 3292 3368 3347 dum
3417 3291 3482 3346 de
3519 3307 3660 3362 pane
3712 3299 3769 3346 et

2170 3386 2296 3440 vino
2317 3402 2441 3441 cum
2471 3401 2611 3455 aqua
2636 3386 2805 3439 mixto
2829 3385 3087 3441 ineffabili
3119 3385 3561 3447 sanctificatione,
3594 3402 3768 3442 cruce

2174 3487 2229 3533 et
2260 3479 2443 3533 verbis
2479 3477 2621 3532 illius
2668 3477 2719 3531 in
2753 3477 2910 3531 altari
2942 3486 3319 3543 consecratur,
3362 3478 3600 3547 dumque
3632 3492 3769 3547 pas-

2175 3570 2343 3625 sionis
2372 3578 2427 3625 et
2467 3570 2890 3625 resurrectionis
2935 3569 3050 3638 ejus
3077 3579 3240 3640 atque
3274 3571 3327 3625 in
3353 3569 3547 3625 ctelum
3576 3585 3771 3625 ascu-

2177 3661 2346 3717 sionis
2396 3661 2596 3715 ibidem
2626 3660 2907 3716 salutifera
2936 3662 3198 3717 memoria
3245 3663 3442 3734 agitur,
3486 3677 3675 3716 verum
3705 3677 3769 3716 ac

2175 3752 2455 3824 proprium
2482 3768 2679 3823 corpus
2702 3753 2873 3822 ipsius
2904 3754 3117 3809 Domini
3144 3752 3273 3809 Jesu
3304 3754 3530 3818 Christi,
3559 3763 3613 3809 et
3644 3770 3767 3809 san-

2177 3848 2295 3919 guis
2322 3864 2486 3907 vorus
2515 3856 2569 3901 et
2595 3849 2846 3919 pmprius
2867 3848 3120 3915 efﬁcitur,
3163 3850 3416 3919 quamvis
3458 3849 3604 3904 aliud
3649 3865 3767 3905 esse

2175 3938 2442 3994 videatur.
2472 3940 2695 3994 Videtur
2718 3954 2954 4010 namque
2975 3941 3131 4010 panis
3160 3941 3449 4006 naturalis,
3476 3942 3573 3996 sed
3600 3941 3769 3997 veris-

2178 4034 2313 4088 sime
2348 4032 2580 4088 eflicitur
2608 4049 2803 4104 corpus
2829 4034 3049 4100 Christi,
3085 4036 3224 4091 sicut
3247 4037 3361 4105 ipsa
3394 4036 3588 4090 eadem
3615 4035 3769 4089 Veri-

2177 4134 2291 4182 tate
2320 4135 2610 4183 attestante
2647 4127 2955 4182 didicimus.
2995 4148 3013 4179 ι
3064 4128 3143 4182 Ex
3170 4129 3367 4197 quibus
3411 4128 3767 4198 intelligimus

2179 4220 2460 4290 insynodo
2486 4218 2832 4275 Atrebatensi
2877 4229 3143 4275 assertam
3199 4218 3366 4274 fuisse
3412 4219 3768 4274 Eucharistia:

2178 4312 2465 4367 veritatem
2497 4314 2653 4368 annis
2682 4312 2912 4382 amplius
2942 4312 3011 4366 25
3055 4321 3181 4366 ante
3208 4311 3530 4366 damnatum
3571 4312 3770 4366 Beren-

2179 4406 2408 4475 garium.
2444 4405 2596 4461 Hunc
2642 4406 2821 4460 locum
2866 4405 3025 4475 paulo
3068 4405 3240 4460 fusius
3282 4405 3462 4468 retuli,
3497 4415 3612 4459 tum
3641 4405 3769 4475 quia

493 4487 613 4528 esse
639 4476 954 4582 audiendos,
984 4494 1159 4548 neque
1188 4488 1296 4535 tam
1342 4499 1441 4551 pro
1474 4485 1578 4539 illis
1618 4487 1906 4542 concilium
1946 4505 2076 4544 con-
2102 4521 2157 4582 ι)
2181 4497 2295 4551 hzec
2325 4498 2563 4568 synodus
2593 4500 2841 4561 antehac,
2872 4498 2915 4552 si
2961 4512 3067 4552 non
3105 4497 3287 4563 fallor,
3320 4499 3595 4568 incognita
3633 4496 3767 4561 fuit,

493 4565 815 4633 vocandum,
854 4583 1015 4638 quam
1039 4571 1103 4625 de
1132 4572 1346 4626 illorum
1368 4575 1626 4643 supplicio
1648 4579 2073 4647 exquirendum;

492 4664 801 4724 propterea,
847 4660 986 4729 quod
1028 4661 1354 4717 creberrimis
1398 4663 1500 4720 SS.
1551 4663 1775 4719 Patrum
1820 4669 2075 4736 conciliis,

493 4755 605 4799 tum
625 4747 781 4801 etiam
807 4750 1176 4804 uenerabilium
1213 4752 1483 4808 doctorum
1527 4754 1837 4810 clarissimis
1875 4768 2080 4813 senten-

496 4837 584 4890 tiis
640 4841 926 4910 proscripti
979 4843 1326 4915 damnatique
1383 4857 1563 4903 essent
1604 4864 1793 4904 eorum
1840 4865 2073 4907 errores.

492 4929 636 5001 Ergo
662 4939 786 4986 ante
813 4933 1121 5005 Berengarii
1147 4938 1458 4994 damnatum
1480 4956 1722 4996 errorem
1744 4943 2074 4999 creberrima

493 5022 719 5078 concilia
746 5025 1070 5082 catholicam
1096 5029 1160 5084 de
1183 5030 1523 5087 Eucharistia
1542 5034 1701 5089 fidem
1732 5035 2071 5103 definieram,

493 5129 557 5168 ac
590 5130 747 5169 secus
776 5118 1071 5174 sentientes
1101 5135 1200 5190 pro
1223 5122 1494 5179 haereticis
1520 5125 1795 5181 habendos
1825 5128 2077 5182 decreve-

496 5214 635 5269 rant,
668 5212 938 5263 utcenset
985 5218 1323 5280 testaturque
1369 5214 1696 5272 Deoduinus.
1748 5218 1829 5274 Ex
1878 5220 2076 5291 quibus

492 5299 757 5365 conciliis,
788 5301 889 5355 etsi
917 5318 1085 5357 unum
1117 5304 1434 5363 Toletanum
1469 5310 1711 5379 proferat
1737 5312 1788 5365 in
1812 5312 2074 5380 medium,

491 5387 644 5456 plura
688 5396 867 5445 tamen
906 5392 1011 5446 alia
1059 5394 1111 5448 in
1147 5395 1498 5454 Eucharistia:
1548 5416 1712 5457 causa
1751 5411 2075 5474 congregata

493 5474 660 5532 fuisse
700 5480 984 5537 manifeste
1010 5488 1262 5543 asseruit.

565 5566 630 5620 Et
655 5571 870 5638 quidem
914 5585 1173 5645 regnante
1217 5578 1356 5649 apud
1406 5580 1646 5637 Francos
1687 5583 1974 5650 Rotb‘erto,
2025 5585 2079 5642 id

494 5665 577 5712 est
619 5676 760 5716 anno
797 5663 953 5730 1025,
1004 5667 1191 5724 indict.
1236 5672 1290 5736 8,
1337 5672 1612 5727 Gcrardus
1666 5675 2078 5734 Cameracensis

495 5756 657 5823 atque
695 5754 1069 5817 Atrebatensis
1109 5761 1396 5843 episcopus
1445 5765 1604 5824 fidem
1656 5767 1978 5829 catholicam
2009 5771 2077 5833 de

2182 4592 2296 4638 tum
2325 4587 2450 4654 quia
2501 4587 2664 4641 rebus
2711 4587 3166 4655 subsequentibus
3215 4587 3556 4643 illustrandis
3603 4588 3770 4658 pluri-

2180 4691 2327 4729 mum
2356 4677 2629 4731 conducit.

2253 4768 2365 4823 Sub
2397 4770 2535 4823 idem
2582 4778 2816 4840 tempus,
2868 4772 2971 4828 hoc
3017 4782 3099 4829 est
3136 4790 3279 4830 anno
3329 4775 3488 4841 1017,
3537 4785 3772 4831 testante

2179 4859 2381 4915 Glabro
2412 4861 2642 4917 Rodulfo
2672 4864 2725 4917 in
2753 4864 2891 4919 Hist.
2924 4866 3019 4922 lib.
3067 4884 3160 4932 Ill,
3186 4883 3304 4937 cap.
3341 4869 3395 4933 8,
3425 4870 3478 4923 in
3502 4871 3638 4924 urbe
3662 4870 3771 4923 Au-

2181 4954 2507 5008 relianorum
2556 4955 2786 5012 flammis
2828 4958 3014 5013 traditi
3053 4968 3178 5014 sunt
3207 4959 3449 5028 ejusdem
3497 4962 3771 5017 lircreseos

2182 5056 2512 5112 assertores;
2544 5064 2771 5118 quorum
2794 5051 3051 5120 praecipui
3087 5063 3244 5107 erant
3274 5052 3575 5108 Herbertus
3607 5064 3770 5125 atque

2181 5138 2409 5195 Lisoius.
2436 5140 2639 5195 Horum
2663 5157 2879 5197 errores
2908 5141 3102 5199 fucatae
3137 5146 3445 5201 sanctitatis
3475 5147 3769 5201 simulacro

2181 5229 2431 5300 palliatos
2482 5231 2685 5284 detexit
2716 5230 3021 5298 Arefastus,
3066 5234 3159 5303 qui
3208 5244 3476 5305 praesente
3502 5237 3769 5293 Rotherto

2183 5336 2327 5391 rege,
2362 5329 2423 5375 ut
2461 5323 2648 5392 synodi
2695 5332 2815 5377 acta
2855 5326 3086 5394 probant
3120 5327 3175 5381 in
3217 5326 3494 5400 Spicilegii
3528 5340 3663 5385 tom.
3696 5330 3769 5393 ll,

2182 5415 2323 5469 inter
2349 5424 2542 5470 caetera
2582 5425 2915 5473 contestatus
2943 5429 3024 5474 est
3052 5421 3120 5475 ab
3146 5421 3226 5475 eis
3263 5438 3321 5477 se
3349 5423 3628 5487 didicisse,
3672 5443 3769 5495 pa-

2180 5522 2295 5560 nem
2321 5515 2369 5559 et
2398 5506 2592 5571 vinum,
2621 5508 2758 5577 quod
2787 5526 2942 5576 super
2968 5509 3136 5563 altare
3163 5512 3405 5564 manibus
3435 5514 3767 5566 sacerdotum

2180 5597 2349 5650 sancti
2380 5596 2609 5667 Spiritus
2637 5598 3049 5667 sanctiﬁcatione
3078 5601 3208 5670 eﬂ‘ici
3237 5602 3442 5655 videtur
3468 5620 3771 5657 sacrantes.

2180 5697 2310 5752 tum,
2352 5688 2577 5740 converti
2605 5705 2707 5741 non
2730 5704 2881 5759 posse
2908 5690 2962 5742 in
2989 5706 3176 5760 corpus
3202 5701 3250 5745 et
3277 5695 3591 5763 sanguinem
3617 5694 3768 5749 Clari-

2180 5781 2268 5837 sti.
2302 5777 2455 5848 Quod
2502 5792 2627 5847 cum
2659 5779 2738 5841 illi
2765 5781 3179 5857 confiterentur,
3225 5799 3325 5846 nec
3373 5786 3441 5847 ab
3480 5802 3549 5848 eo
3579 5801 3768 5857 errore
