4038 6354
279 285 425 345 1οη

856 264 1005 347 OPP.
1047 291 1273 349 DUBIA.
1314 323 1384 336 -
1421 293 1509 349 DE
1544 294 1724 350 FIDEI
1764 291 2093 350 CONFESS.
2139 295 2528 355 MABILLONII
2568 299 2994 369 DlSQUISITIO.

3387 309 3524 367 1018

272 401 512 476 aliisque
532 404 775 461 revocari
801 405 1123 475 potuissent,
1157 408 1381 478 juhente
1422 425 1548 480 rege
1571 419 1724 465 extra
1754 426 1843 465 ur—
1872 408 1919 469 A
1947 411 2135 467 chasio
2166 408 2373 469 diserte
2422 416 2715 486 impactum
2756 426 3011 475 est-ante
3046 419 3356 493 Berengarii
3395 437 3525 478 cen-

270 498 395 558 bem
427 499 658 557 cremati
702 507 842 553 sunt.
875 498 973 554 Hic
1019 501 1195 556 nullus
1242 519 1414 556 canon
1459 503 1733 557 nullumve
1756 502 1853 559 de-

270 600 481 651 cretum
504 591 781 647 conditum
813 589 1027 661 legitur,
1058 592 1150 646 sed
1182 601 1387 648 tantum
1407 609 1565 662 poena
1590 594 1857 648 luereticis

270 684 475 741 inﬂicta
506 702 518 714 ·
554 684 627 739 ob
670 698 789 741 eam
837 682 1088 738 videlicet
1134 700 1353 739 causam
1402 685 1545 749 quod
1586 686 1857 740 communi

270 780 532 837 Ecclesiae
560 780 839 836 catholicae
877 777 1187 848 prtejudicio
1213 779 1551 848 proscriptus
1584 787 1727 834 esset
1760 794 1854 833 eo-

271 889 399 932 rum
425 887 600 937 error,
641 873 733 943 qui
759 874 1045 927 veritatem
1085 874 1329 941 corporis
1356 881 1408 926 et
1440 873 1715 944 sanguinis
1758 874 1858 928 Do-

269 960 411 1021 mini
443 967 496 1021 in
520 966 861 1021 Eucharistia
894 973 1200 1035 negassent,
1230 976 1390 1034 atque
1434 965 1736 1034 hujusmodi
1767 967 1859 1021 ho-

269 1060 449 1112 mines
478 1059 531 1111 in
572 1057 949 1111 haereticorum
978 1058 1206 1112 classem
1252 1058 1548 1111 amandati.
1578 1056 1693 1123 Qua
1734 1072 1857 1126 per—

274 1151 529 1204 suasione
563 1150 818 1205 commoti
844 1150 1086 1219 praedicti
1130 1150 1391 1215 hzeretici,
1428 1164 1669 1204 errorem
1699 1166 1857 1204 suum

273 1242 503 1311 publicis
559 1242 907 1297 concionibus
968 1243 1305 1297 conunittere
1369 1258 1475 1297 non
1545 1242 1851 1297 audebant:

276 1334 371 1387 sed
406 1334 631 1389 occultis
672 1334 934 1389 cuniculis
981 1333 1300 1404 furtivisque
1330 1335 1610 1405 colloquiis
1636 1335 1690 1389 in
1720 1335 1856 1390 ﬁdos

274 1425 638 1494 probatosque
677 1426 1029 1495 quorumdam
1081 1426 1289 1481 animos
1332 1443 1451 1481 eum
1497 1427 1852 1495 inspirahant.

276 1517 506 1571 Tantum
555 1518 696 1587 apud
724 1532 818 1572 eos
847 1517 1173 1586 praevalebat
1217 1517 1417 1572 erroris
1448 1517 1528 1571 sui
1555 1531 1855 1586 praeconce-

274 1618 366 1680 pta
397 1611 690 1665 damnatio.

346 1703 527 1758 Mitius
554 1720 678 1758 cum
708 1703 829 1758 aliis
870 1702 1110 1771 ejusdem
1149 1702 1339 1758 farina:
1387 1702 1694 1758 hominibus
1743 1705 1855 1775 egit

1956 521 2134 561 suram
2144 546 2158 560 .

2024 597 2158 654 Cum
2194 598 2487 659 Paschasio
2528 607 2797 662 consentit
2836 606 3156 664 Hincmarus
3196 607 3528 668 Rhemorum

1955 692 2388 764 archiepiscopus
2419 696 2473 749 in
2516 698 2710 766 prioris
2760 699 3001 769 opusculi
3047 700 3113 754 de
3166 699 3527 755 Praedestina-

1955 782 2101 837 tione
2131 799 2249 852 cap.
2292 784 2383 850 51,
2408 787 2499 840 ubi
2523 790 2760 857 loquitur
2784 789 2840 843 in
2872 790 3013 845 hunc
3040 791 3258 846 modum
3285 810 3298 845 :
3343 810 3361 842 ι
3392 789 3530 847 Sunt

1954 883 2008 929 et
2033 875 2136 929 alia
2170 892 2289 945 quas
2309 892 2500 932 vocum
2526 880 2854 935 novitatibus
2878 881 3222 949 delectantes,
3258 883 3398 937 unde
3428 881 3529 936 sibi

1956 967 2140 1021 inanes
2162 977 2476 1037 comparent
2512 972 2865 1036 rumusculos,
2894 982 3083 1027 contra
3108 973 3231 1028 ﬁdei
3253 972 3531 1028 catholicae

1954 1059 2239 1113 veritatem
2278 1059 2482 1127 dicunt,
2512 1062 2810 1121 ,videlicet:
2843 1065 2986 1133 quod
3017 1066 3156 1119 trina
3197 1065 3267 1119 sit
3306 1065 3485 1119 Deitas
3513 1082 3526 1118 :

1954 1153 2095 1222 quod
2141 1162 2475 1208 sacramenta
2518 1154 2706 1209 altaris
2746 1172 2855 1210 non
2888 1172 3076 1212 verum
3119 1174 3315 1227 corpus
3358 1166 3413 1211 et
3433 1171 3529 1211 ve-

1956 1260 2048 1298 rus
2081 1246 2301 1314 sanguis
2330 1246 2399 1300 sit
2450 1246 2684 1312 Domini,
2726 1248 2821 1301 sed
2866 1255 3073 1302 tantum
3122 1248 3382 1303 memoria
3418 1246 3533 1302 veri

1954 1337 2196 1405 corporis
2228 1344 2283 1390 et
2319 1338 2594 1409 sanguinis
2628 1339 2765 1408 ejus.
2806 1358 2823 1390 ›
2862 1338 3045 1407 Itaque
3086 1339 3334 1393 censebat
3368 1339 3533 1393 Hinc-

1958 1443 2139 1482 marus
2164 1428 2465 1497 hujusmodi
2506 1430 2751 1484 homines
2779 1444 3019 1499 pugnare
3055 1438 3238 1482 contra
3274 1428 3399 1497 ﬁdei
3446 1445 3536 1482 ca-

1955 1518 2159 1573 tholij
2192 1520 2482 1585 veritatem,
2520 1536 2585 1574 ac
2613 1521 2837 1589 proinde
2862 1520 3143 1574 hmreticos
3178 1534 3296 1574 esse

2024 1611 2398 1666 Eumdemmet
2427 1627 2666 1666 errorem
2699 1612 2777 1684 (ut
2812 1612 2865 1667 id
2894 1613 3068 1667 obiter
3102 1608 3403 1681 observem)
3436 1624 3534 1664 no-

1958 1711 2101 1758 tasse
2141 1702 2271 1756 mihi
2310 1702 2521 1756 videtur
2546 1702 2865 1757 Anastasius
2905 1702 3377 1766 Bibliothecarius,
3413 1715 3535 1754 cum

272 1805 493 1851 sanctus
522 1795 635 1850 Odo
666 1795 1072 1851 Cantuariensis
1103 1795 1385 1864 episcopus
1408 1796 1625 1850 circiter
1654 1812 1853 1851 annum
1885 1766 2035 1849 Bait
2068 1795 2343 1849 Nicolaum
2376 1811 2566 1865 papam
2595 1796 2828 1863 primum
2854 1795 3045 1850 fecisse
3076 1796 3131 1849 in
3160 1795 3383 1850 basilica
3420 1792 3539 1848 Sal-

271 1887 400 1952 950,
433 1903 539 1958 quo
566 1895 805 1955 tempore
838 1905 855 1937 ι
902 1886 1117 1956 quidam
1158 1886 1361 1950 clerici,
1406 1887 1642 1955 maligno
1671 1901 1855 1940 errore

269 1979 509 2053 seducti,
539 1993 852 2034 asseverare
877 1977 1211 2033 conabantur
1238 1992 1429 2046 panem
1459 1985 1512 2031 et
1534 1978 1712 2031 vinum
1737 1992 1857 2046 quas
1888 1972 1891 1975 ’

273 2067 331 2122 in
364 2067 524 2121 altari
572 2076 866 2137 ponuntur,
917 2076 1037 2139 post
1078 2070 1538 2123 consecrationem
1585 2070 1639 2122 in
1690 2070 1857 2139 priori

271 2160 574 2215 substantia
622 2175 957 2230 permanere,
1000 2168 1051 2214 et
1079 2160 1305 2228 ﬁguram
1340 2162 1707 2215 tantummodo
1736 2175 1857 2215 esse

273 2252 518 2321 corporis
578 2258 633 2305 et
680 2250 959 2320 sanguinis
1014 2251 1235 2317 Christi,
1286 2267 1390 2305 non
1432 2267 1620 2304 verum
1658 2250 1858 2305 Christi

272 2356 473 2410 corpus
523 2348 577 2395 et
614 2341 948 2411 sanguinem.
999 2340 1237 2407 Quorum
1279 2358 1541 2395 enormem
1582 2341 1857 2411 perﬁdiam

271 2432 464 2486 beatus
490 2431 603 2487 Odo
638 2432 918 2486 destruere
954 2432 1197 2501 cupiens,
1243 2433 1369 2487 dum
1406 2434 1641 2503 quadam
1673 2434 1758 2487 die
1804 2433 1859 2487 in

271 2533 562 2593 conspectu
585 2525 746 2579 totius
768 2523 946 2593 populi
969 2525 1329 2579 sacrosanctis
1352 2526 1639 2579 missarum
1663 2525 1859 2580 solem-

273 2618 380 2673 niis
408 2617 634 2673 devotus
678 2619 1001 2685 intenderet,
1032 2621 1303 2689 expressis
1329 2620 1583 2691 laerymis
1610 2621 1704 2675 Dei
1744 2636 1859 2675 om-

270 2714 566 2784 nipotentis
609 2714 949 2770 clementiam
984 2717 1038 2769 in
1084 2732 1180 2771 suo
1226 2717 1524 2772 ministerio
1554 2716 1739 2770 adfore
1765 2732 1860 2785 po—

269 2806 513 2873 stulavit,
542 2822 662 2876 quae
693 2806 760 2861 ad
810 2806 1151 2875 depellendos
1182 2808 1459 2861 hominum
1505 2824 1706 2860 errores
1736 2808 1862 2862 sub-

270 2900 569 2953 stantivam
619 2898 923 2953 divinorum
965 2886 1347 2969 mysteriorum
1397 2898 1697 2953 declararet
1735 2912 1860 2967 pro—

267 2992 579 3062 prietatem.
619 2990 861 3061 Cumque
904 2992 969 3045 ad
1016 2990 1440 3047 confractionem
1470 2990 1669 3045 viviﬁci
1706 2990 1859 3059 panis

268 3092 492 3137 ventum
542 3081 759 3148 fuisset,
804 3082 1090 3137 confestim
1138 3085 1281 3138 inter
1330 3100 1521 3138 manus
1566 3084 1854 3153 pontiﬁcis,

262 3175 578 3251 fragmenta
625 3178 869 3248 corporis
910 3177 1109 3232 Christi
1141 3180 1391 3244 tenentis,
1432 3181 1646 3249 sanguis
1676 3182 1857 3250 gutta-

272 3268 374 3321 tim
402 3265 636 3321 defluere
683 3268 867 3338 cmpit.
904 3287 922 3318 ι
960 3266 1123 3335 Cujus
1167 3268 1242 3322 rei
1273 3268 1706 3323 consideratione
1730 3283 1857 3338 per-

270 3359 415 3414 culsi
463 3375 670 3423 omnes,
714 3360 879 3429 378
933 3361 1168 3415 maxime
1214 3377 1343 3415 vero
1391 3362 1573 3417 clerici
1621 3364 1856 3429 sectarii,

268 3462 518 3503 errorem
564 3463 721 3502 suum
778 3448 1154 3502 incunctanter
1210 3449 1473 3517 abjccere.
1510 3450 1625 3521 Ipse
1680 3460 1861 3507 autem

270 3539 515 3629 pqrjtifex
539 3555 661 3594 cum
699 3540 811 3594 suis
855 3540 907 3593 in
946 3556 1137 3611 magna
1162 3543 1457 3611 gratiarum
1489 3543 1700 3597 actione
1727 3544 1861 3597 lasti-

272 3634 407 3687 tiam
436 3632 566 3701 egit,
611 3650 630 3682 ι
662 3639 949 3700 propterea
981 3633 1123 3700 quod
1150 3634 1325 3687 omnis
1368 3648 1521 3687 error
1562 3632 1629 3687 de
1676 3634 1860 3687 Domi-

270 3725 396 3779 nieo
419 3738 643 3791 corpore
680 3723 733 3776 in
756 3730 975 3792 pectore
1004 3738 1223 3777 suorum
1247 3723 1477 3778 abolitus
1504 3723 1725 3788 fuisset,
1763 3739 1863 3778 nec

271 3814 415 3869 ultra
447 3830 643 3884 panem
689 3814 742 3867 in
776 3814 928 3868 altari
954 3815 1187 3884 positum
1218 3830 1403 3869 verum
1431 3815 1630 3869 Christi
1664 3829 1869 3884 corpus

271 3918 396 3959 esse
421 3902 740 3967 diffiderent,
788 3903 879 3972 qui
912 3918 1099 3957 verum
1136 3903 1451 3973 sanguinem
1486 3903 1608 3957 inde
1639 3916 1863 3956 manare

271 3994 708 4063 conspexissent.
746 4013 764 4044 ι
796 3993 921 4048 Ηῑρρ
944 3995 1106 4048 verba
1132 4004 1255 4048 sunt
1280 3995 1729 4065 pervetustissimi
1766 4011 1861 4048 au-

271 4086 467 4149 ctoris,
497 4085 587 4155 qui
615 4085 853 4139 libellum
899 4086 965 4139 de
1011 4086 1179 4154 ipsius
1216 4085 1417 4140 Odonis
1460 4086 1578 4139 Vita
1623 4086 1861 4140 nondum

271 4181 480 4235 editum
508 4180 808 4250 composuit
835 4198 845 4233 :
873 4195 1035 4249 quem
1070 4180 1243 4232 locum
1270 4178 1591 4233 Wilhelmus
1616 4178 1864 4233 Malmes—

272 4274 549 4330 buriensis
608 4275 906 4328 monachus
968 4271 1286 4342 compendio
1344 4271 1545 4325 retulit.
1604 4270 1746 4340 Ergo
1798 4286 1863 4325 eo

275 4377 545 4436 tempore,
569 4366 623 4421 id
645 4375 727 4421 est
760 4367 936 4422 medio
963 4382 1087 4421 saec.
1112 4383 1167 4431 x,
1197 4366 1423 4419 enormis
1450 4366 1671 4435 perﬁdia
1696 4383 1868 4419 error-

1958 1887 2180 1951 vatoris,
2209 1902 2329 1956 quae
2358 1886 2618 1940 Ctesarzea
2650 1885 2812 1951 dicta,
2860 1899 3050 1939 cruces
3088 1884 3155 1939 de
3186 1894 3410 1956 argento
3441 1899 3539 1953 pu-

1958 1981 2202 2045 rissimo,
2261 1998 2280 2029 ‹
2323 1996 2443 2048 quae
2482 1980 2718 2049 pendent
2769 1988 2893 2033 ante
2938 1978 3201 2048 ﬁguram,
3252 1978 3365 2032 sive
3422 1975 3539 2047 (uti

1959 2075 2099 2141 apud
2132 2072 2420 2126 Baronium
2451 2072 2518 2126 ad
2556 2086 2757 2126 annum
2788 2070 2892 2126 858
2936 2070 3154 2140 legitur)
3201 2079 3325 2124 ante
3359 2083 3542 2122 sacra-

1958 2174 2197 2220 mentum
2245 2167 2559 2221 substantize
2597 2169 2775 2223 carnis
2823 2168 3062 2239 ejusdem
3110 2166 3323 2223 Domini
3368 2167 3541 2223 nostri

1958 2264 2085 2320 Jesu
2108 2265 2327 2320 Christi.
2364 2286 2382 2317 ι
2423 2264 2586 2331 Quasi
2613 2265 2835 2331 diceret,
2874 2273 3000 2319 ante
3033 2264 3261 2334 ﬁguram
3286 2264 3541 2320 substan-

1958 2357 2143 2411 tialem
2183 2356 2361 2412 carnis
2403 2356 2615 2411 Domini
2652 2356 2823 2411 nostri
2875 2356 3003 2411 Jesu
3045 2356 3267 2423 Christi,
3312 2371 3435 2409 eum
3473 2355 3543 2410 ad

1959 2448 2176 2503 modum
2202 2464 2310 2517 quo
2337 2446 2584 2503 Christus
2614 2449 2667 2502 in
2702 2448 2928 2517 epistola
2954 2448 3021 2504 ad
3050 2448 3214 2503 Hebr.
3247 2448 3444 2503 dicitur
3478 2446 3544 2500 ﬁ-

1960 2557 2093 2613 gura
2121 2542 2432 2595 substantia:
2456 2542 2633 2596 Patris
2668 2561 2680 2596 :
2721 2542 2789 2596 ad
2820 2558 2981 2612 quem
3021 2542 3199 2597 locum
3225 2541 3544 2597 Anastasius

1961 2634 2049 2687 hic
2078 2632 2321 2687 allusisse
2351 2633 2580 2687 videtur.
2625 2632 2680 2686 Si
2710 2648 2840 2687 vero
2883 2631 3098 2687 Baronii
3140 2632 3423 2688 lectionem
3459 2647 3545 2686 se-

1962 2739 2149 2793 quare,
2176 2724 2301 2787 alia,
2330 2739 2490 2792 quam
2525 2722 2911 2793 praeferendam
2934 2723 3207 2788 existimo,
3240 2722 3543 2777 inconsulta

1962 2832 2067 2869 non
2111 2815 2289 2869 minus
2332 2813 2609 2868 catholicae
2635 2812 2758 2867 ﬁdei
2794 2812 2958 2867 favet.
2992 2811 3102 2865 Cur
3138 2811 3303 2876 enim,
3336 2826 3539 2880 quaeso,

1963 2907 2166 2962 addidit
2212 2906 2518 2960 substantia:
2567 2920 2773 2968 vocem,
2817 2903 2921 2958 nisi
2968 2911 3029 2956 ut
3085 2916 3205 2956 eam
3248 2909 3544 2971 opponeret

1964 2997 2147 3068 ﬁgurae
2174 2996 2454 3062 vocabulo,
2491 3011 2599 3065 quo
2640 2994 2878 3049 haeretici
2915 3004 3041 3047 tunc
3074 2994 3330 3063 temporis
3358 2993 3547 3047 abute-

1963 3091 2191 3145 bantur?
2221 3090 2483 3144 Nimirum
2508 3090 2625 3144 hate
2647 3088 2808 3143 verba
2832 3096 3215 3141 sacramentum
3239 3086 3544 3141 substantia:

1962 3183 2135 3236 carnis
2162 3180 2375 3247 Christi,
2404 3189 2746 3252 opponuntur
2768 3180 2886 3235 istis
2910 3198 2921 3233 :
2952 3189 3336 3233 sacramentum
3361 3179 3546 3248 ﬁgura:

1963 3272 2136 3327 carnis
2177 3270 2409 3337 Christi;
2449 3269 2889 3339 tantumdemque
2918 3278 3130 3334 sonant,
3160 3284 3224 3323 ac
3249 3269 3294 3324 si
3323 3269 3548 3323 dixisset

1961 3362 2296 3427 Anastasius,
2334 3370 2721 3417 sacramentum
2763 3361 3029 3414 continens
3051 3360 3399 3413 substantiam
3423 3374 3547 3413 car-

1965 3455 2043 3508 nis
2094 3452 2310 3518 Christi,
2366 3470 2468 3507 non
2519 3452 2768 3522 ﬁguram.
2815 3451 2963 3504 Alias
3004 3451 3181 3505 inanis
3219 3460 3274 3504 et
3312 3449 3544 3505 absurda

1963 3554 2106 3602 esset
2131 3546 2392 3613 ejusmodi
2426 3545 2805 3600 vocabulorum
2841 3544 3152 3615 geminatio.

2034 3641 2113 3694 Ex
2148 3641 2232 3695 his
2257 3639 2505 3694 omnibus
2531 3638 2733 3708 liquido
2774 3636 3057 3692 conﬁcitur
3109 3644 3347 3705 tempore
3384 3632 3546 3689 Hinc-

1964 3731 2102 3786 mari
2132 3748 2195 3785 ac
2222 3729 2495 3784 Paschasii
2514 3728 2791 3792 Radberti,
2812 3728 2862 3781 id
2886 3736 2968 3781 est
2988 3726 3149 3795 paulo
3174 3732 3296 3795 post
3310 3734 3543 3779 mortem

1970 3821 2201 3885 Alcuini,
2234 3820 2517 3876 haereticos
2554 3819 2727 3873 dictos
2770 3816 2935 3871 fuisse
2969 3832 3063 3872 eos
3106 3817 3196 3886 qui
3221 3816 3287 3870 de
3319 3814 3547 3869 veritate

1965 3913 2205 3983 corporis
2256 3911 2456 3966 Christi
2517 3910 2571 3964 in
2628 3910 2968 3965 Eucharistia
3037 3907 3413 3964 dubitassem:
3483 3919 3546 3959 ac

1963 4005 2188 4076 proinde
2212 4004 2484 4058 immerito
2511 4002 2768 4059 Joannem
2803 4003 3057 4058 Dallieum
3079 4001 3308 4056 Alcuino
3340 3996 3550 4067 adjudi-

1964 4113 2092 4155 care
2141 4097 2546 4155 Confessionem
2592 4098 2984 4154 Chiﬁletianam
3034 4112 3098 4152 ea
3152 4097 3358 4153 ratione
3403 4094 3548 4165 quod

1964 4194 2209 4248 haeretica
2227 4193 2416 4263 spiritu
2439 4193 2674 4262 deceptos
2698 4190 3000 4259 hujusmodi
3028 4190 3273 4245 homines
3295 4185 3547 4258 appellet.

2034 4281 2241 4350 Duplici
2276 4296 2404 4336 vero
2438 4296 2505 4335 ex
2533 4296 2695 4335 causa
2739 4296 2833 4335 eos
2867 4280 2934 4334 ab
2978 4279 3217 4350 antiquis
3259 4276 3546 4333 hzereticos

1966 4374 2138 4429 dictos
2176 4373 2446 4437 existimo,
2486 4373 2742 4426 nimirum
2794 4371 2936 4441 quod
2987 4386 3051 4425 eo
3093 4369 3311 4425 nomine
3361 4367 3552 4438 dignos

274 4478 377 4531 que
403 4460 739 4525 censebatur,
779 4460 823 4514 si
869 4461 988 4529 quis
1034 4461 1100 4515 de
1146 4458 1387 4529 corporis
1422 4458 1620 4514 Christi
1653 4458 1859 4513 Domini
1890 4499 1943 4560 Β
1964 4466 2295 4520 aestimarent
2320 4478 2412 4518 eos
2437 4463 2529 4532 qui
2560 4478 2587 4517 a
2612 4460 3238 4531 recepta'catholicorum
3264 4458 3367 4514 fide
3398 4471 3550 4511 rece-

276 4551 334 4607 in
359 4551 700 4607 Eucharistia
725 4552 952 4607 veritate
981 4550 1299 4606 dubitasset.

351 4651 559 4707 Saeculo
589 4652 909 4723 praecedenti
952 4652 1144 4706 eadem
1188 4650 1288 4705 fuit
1320 4651 1711 4706 catholicorum
1743 4665 1865 4706 sen-

274 4745 467 4808 tentia,
500 4744 591 4813 qui
637 4744 918 4798 hazreticos
959 4742 1299 4813 appellabant
1355 4743 1616 4813 ejusmodi
1664 4743 1866 4796 erroris

275 4842 595 4891 sectatores.
630 4834 807 4889 Testis
842 4834 1103 4903 imprimis
1129 4834 1447 4888 Paschasius
1480 4834 1782 4889 Radbertus
1811 4835 1865 4888 in

274 4926 417 4982 libro
442 4925 509 4981 de
536 4925 888 4981 Sacramento
927 4926 1135 4991 altaris,
1161 4941 1280 4995 cap.
1315 4926 1376 4979 21
1412 4944 1423 4979 :
1478 4945 1496 4977 ι
1540 4925 1647 4982 Nos
1684 4935 1865 4980 autem

276 5018 549 5075 catholice
607 5033 827 5074 sensum
876 5018 1041 5086 ipsius
1088 5017 1299 5071 Domini
1353 5018 1709 5087 requirentes,
1758 5032 1865 5070 non

276 5111 645 5168 htereticorum
696 5111 900 5166 necnias
950 5126 1271 5179 sequamur,
1316 5111 1411 5165 sed
1448 5108 1564 5175 ejus
1607 5110 1699 5179 qui
1741 5110 1816 5162 ait
1851 5126 1863 5161 :

276 5202 521 5271 Accipite
549 5210 604 5256 et
633 5201 899 5256 eomedite
930 5215 998 5254 ex
1026 5215 1089 5254 eo
1117 5214 1325 5253 omnes.
1357 5220 1374 5250 ›
1410 5200 1481 5253 At
1505 5206 1732 5253 novator
1752 5206 1872 5252 erat

277 5300 637 5355 Paschasius?
650 5300 760 5354 lmo
773 5314 901 5355 vero
916 5298 1035 5351 ﬁdei
1048 5296 1326 5351 catholica:
1339 5304 1574 5349 assertor
1589 5313 1601 5347 :
1622 5305 1731 5348 tum
1745 5295 1871 5363 quia

278 5393 386 5447 hoc
405 5392 619 5446 nomine
636 5407 759 5447 eum
784 5404 998 5459 semper
1014 5388 1301 5443 honoravit
1317 5386 1578 5440 catholica
1598 5385 1835 5439 Ecclesia
1855 5402 1869 5451 ;

281 5491 397 5536 tum
422 5482 546 5551 quia
566 5495 671 5534 non
686 5481 1172 5550 solent-novatores
1184 5491 1280 5531 eos
1303 5476 1394 5545 qui
1423 5491 1452 5529 a
1471 5489 1528 5529 se
1550 5474 1873 5529 dissentiunt

278 5574 565 5629 haereticos
585 5573 876 5643 appellare,
897 5572 989 5627 sed
1013 5571 1205 5642 prisca:
1228 5569 1351 5623 ﬁdei
1374 5577 1735 5639 corruptores.
1766 5567 1872 5622 Ve-

279 5680 404 5719 rum
426 5665 513 5718 hic
549 5680 653 5719 non
677 5665 886 5732 agimus
910 5664 974 5718 de
1001 5678 1059 5717 re
1083 5663 1216 5733 ipsa,
1251 5661 1343 5716 sed
1360 5662 1425 5716 de
1451 5660 1666 5714 nomine
1692 5659 1865 5713 hmre-

283 5755 415 5823 tico,
449 5757 603 5829 quod
618 5755 995 5812 eucharisticze
1023 5753 1269 5827 veritatis
1288 5740 1865 5811 inﬁciatoribusaPas-

1967 4558 2172 4621 derent,
2198 4563 2252 4609 et
2275 4555 2417 4624 quod
2441 4555 2786 4623 antiquorum
2808 4552 3027 4607 Patrum
3056 4551 3286 4606 decretis
3312 4548 3551 4605 damnati

1968 4646 2338 4701 crederentur.
2383 4642 2600 4698 Scilicet
2628 4645 2742 4698 haec
2780 4641 2881 4696 fuit
2907 4649 3149 4696 veterum
3194 4638 3552 4709 quorumdam

1968 4737 2357 4793 catholicorum
2380 4735 2679 4804 persuasio,
2709 4732 2763 4786 in
2788 4731 3016 4787 concilio
3036 4730 3308 4800 Ephesiuo
3329 4726 3407 4799 (n)
3430 4742 3556 4782 sau-

1968 4828 2130 4883 citam
2186 4826 2349 4882 fuisse
2384 4828 2449 4881 de
2505 4824 2844 4879 Eucharistia
2890 4823 3047 4877 ﬁdem
3094 4830 3356 4887 nostram,
3392 4828 3554 4888 atque

1969 4922 2099 4975 diris
2127 4920 2367 4975 addictos
2408 4918 2502 4986 qui
2546 4915 2880 4971 contrarium
2914 4915 3104 4985 dogma
3157 4913 3327 4969 secuti
3350 4916 3549 4967 essent.

1968 5014 2024 5068 ln
2056 5014 2158 5068 hac
2196 5010 2461 5066 sententia
2506 5007 2609 5062 fuit
2653 5006 3007 5074 Lanfrancus,
3041 5016 3100 5063 ut
3145 5014 3294 5078 patet
3326 5020 3391 5059 ex
3422 5004 3551 5057 Dia-

1968 5107 2090 5175 logo
2116 5106 2374 5159 adversus
2404 5100 2786 5171 Berengarium
2826 5100 2991 5164 edito,
3020 5099 3109 5153 ubi
3134 5106 3285 5153 notat
3320 5096 3553 5150 haereses

1971 5196 2105 5250 duas
2134 5192 2370 5263 antiquis
2396 5191 2729 5262 temporibus
2763 5198 2913 5244 ortas
2957 5187 3141 5253 fuisse,
3184 5184 3435 5238 omnibus
3468 5189 3556 5236 ta-

1971 5304 2093 5344 men
2160 5297 2272 5341 tum
2325 5285 2826 5348 consentientibus,
2897 5300 2915 5333 (
2972 5279 3112 5350 quod
3160 5276 3313 5348 panis
3367 5282 3420 5329 et
3473 5271 3557 5328 vi-

1980 5395 2107 5434 num
2136 5378 2192 5431 iu
2222 5392 2406 5431 veram
2443 5375 2535 5430 ﬁlii
2574 5374 2806 5429 hominis
2849 5387 3089 5437 carnem,
3115 5380 3409 5436 verumque
3434 5365 3557 5436 ejus

1978 5470 2290 5541 sanguinem
2346 5474 2822 5531 converterentur;
2878 5484 2896 5515 ι
2952 5461 3047 5516 sed
3102 5458 3221 5528 quis
3273 5464 3417 5512 esset
3465 5453 3558 5512 illo

1976 5564 2117 5619 ﬁlius
2156 5561 2407 5626 hominis,
2433 5561 2553 5615 aliis
2584 5561 2639 5614 in
2672 5558 2810 5612 alios
2847 5553 3232 5625 pugnantibus.
3271 5570 3289 5601 ι
3325 5549 3557 5617 Quidam

1973 5660 2136 5723 enim,
2186 5657 2377 5727 inquit,
2415 5653 2662 5709 arbitrati
2696 5657 2822 5705 sunt
2870 5648 3013 5702 hunc
3042 5654 3292 5716 oportere
3332 5638 3560 5716 intelligi

1973 5750 2264 5828 quemlibet
2292 5748 2584 5827 hominem.
2634 5742 2750 5801 sive
2782 5739 2989 5812 justum
3035 5739 3149 5804 sive
3185 5746 3552 5815 peccatorem,
