4038 6354
348 342 362 354 κ
458 319 600 380 1019

1245 311 1307 367 Β.
1345 309 1409 365 F.
1446 305 1672 364 ALBINI
1713 304 1843 362 SEU
1882 300 2158 360 ALCUlNI
2197 296 2484 358 OPERUM
2519 294 2702 354 PARS
2727 291 2872 353 "VIII.

3584 287 3722 345 1020

458 435 565 491 Alii
584 445 693 487 non
721 439 863 484 nunc
888 441 1008 482 esse
1033 425 1102 481 de
1123 424 1284 478 turba
1303 419 1600 493 quemlibet
1623 419 1920 483 hominem,
1945 417 2040 470 sed
2067 417 2115 475 A
2144 415 2459 481 sertionem,
2485 421 2676 470 contra
2713 409 2979 480 majorum
3013 405 3384 474 traditionem,
3416 421 3480 462 ac
3506 405 3723 462 demum

459 528 638 582 virum
671 520 898 590 justum,
931 516 1342 580 sanctiﬁcatum,
1388 529 1420 566 a
1456 511 1728 566 communi
1765 508 2043 564 hominum
2142 517 2332 564 contra
2369 519 2642 578 receptam
2669 506 2749 561 sui
2783 502 3039 573 temporis
3065 501 3226 557 ﬁdem
3269 499 3514 570 corporis
3541 499 3724 554 Domi-

462 618 574 672 vita
609 589 707 683 per
741 608 859 682 suae
899 611 1021 664 vitae
1043 606 1417 662 celsitudinem
1456 609 1814 674 segregatum.
1849 620 1867 651 ι
1906 599 2043 653 Tum
2142 600 2250 654 ‘nici
2300 615 2483 654 veram
2534 598 2586 652 in
2639 595 2976 651 Eucharistia
3029 593 3369 664 prmsentiam
3430 589 3730 663 negarent?

463 705 645 761 subdit
669 700 1002 758 Lanfrancus
1021 700 1304 754 damnatas
1330 697 1384 751 in
1407 711 1472 750 ea
1499 695 1703 765 synodo
1733 691 1758 744 ε’
1787 699 2045 760 utrasque

451 794 563 854 ‘has
598 795 825 852 lethales
861 802 1060 864 pestes,
1098 811 1118 843 ›
1158 792 1543 859 decretumque
1571 786 1820 841 Nestorio
1847 785 1900 837 in
1931 784 2048 838 haec

463 887 627 942 verba
671 885 1088 940 transmissum:
1143 901 1162 933 ι
1212 881 1295 937 Ad
1346 879 1749 936 benedictiones
1791 876 2048 948 mysticus

465 979 770 1033 accedimus
799 984 856 1031 et
885 959 1307 1038 sanetiﬁcamur,
1338 971 1628 1041 participes
1657 969 1827 1023 sancti
1855 982 2048 1036 corpo—

467 1070 543 1123 ris
580 1076 635 1122 et
681 1066 905 1138 pretiosi
959 1065 1241 1134 sanguinis
1285 1063 1482 1119 Christi
1531 1061 1771 1116 omnium
1807 1066 2050 1114 nostrum

467 1160 846 1228 Redemptoris
893 1156 1070 1212 effecti
1109 1175 1121 1210 :
1174 1172 1282 1210 non
1333 1164 1395 1210 ut
1440 1169 1780 1210 communem
1833 1167 2050 1207 carnem

464 1251 846 1323 percipientes,
873 1250 1018 1319 quod
1055 1249 1216 1314 absit,
1249 1263 1349 1302 nec
1377 1256 1438 1302 ut
1466 1247 1571 1301 viri
1613 1245 1957 1310 sanctiﬁcati,
1999 1251 2054 1298 et

468 1343 634 1398 verbo
685 1341 958 1409 conjuncti
1003 1341 1296 1396 secundum
1331 1338 1604 1408 dignitatis
1635 1337 1916 1401 unitatem,
1963 1341 2056 1390 aut

469 1435 609 1490 sicut
646 1434 879 1489 divinam
927 1432 1253 1502 possidentis
1293 1431 1681 1485 habitationem
1715 1449 1726 1484 :
1785 1430 1880 1484 sed
1927 1443 2054 1484 vere

472 1523 895 1587 viviﬁcatricem,
947 1531 1002 1576 et
1043 1522 1210 1591 ipsius
1247 1521 1405 1576 Verbi
1451 1521 1726 1590 propriam
1773 1520 1991 1575 factam.
2029 1539 2048 1572 ι

473 1616 610 1671 Tum
635 1616 783 1672 addit
821 1614 1157 1670 Lanfrancus
1190 1614 1402 1670 concilii
1431 1630 1691 1670 canonem
1741 1615 1806 1669 iis
1832 1615 2056 1669 anathe-

473 1724 562 1764 ma
589 1709 816 1764 dicentis
841 1708 933 1778 qui
970 1723 1124 1762 secus
1148 1709 1431 1763 sentirent.
1483 1707 1564 1762 Ex
1614 1707 1809 1777 quibus
1855 1706 2056 1761 nemini

2145 691 2303 747 Certe
2333 691 2424 760 qui
2469 690 2728 744 adversus
2772 686 3054 742 Claudium
3096 685 3488 738 Taurinensem
3517 684 3727 753 episco-

2147 800 2272 855 pum
2300 784 2365 838 de
2391 781 2534 838 cultu
2561 795 2838 836 sacrarum
2863 778 3153 847 imaginum
3176 776 3447 844 scripsere
3474 776 3600 828 noni
3633 791 3733 829 sae-

2147 873 2252 929 culi
2285 881 2534 927 auctores
2577 870 2875 933 Gallicani,
2913 884 3036 922 eum
3077 867 3320 922 haeretici
3367 866 3586 919 nomine
3623 863 3734 918 alli-

2151 967 2317 1028 ciunt,
2333 965 2579 1036 quamvis
2600 965 2743 1017 hunc
2759 963 2959 1018 cultum
2987 960 3128 1015 nulla
3149 959 3386 1031 synodus
3403 973 3468 1013 eo
3497 967 3732 1028 tempore

2151 1059 2452 1114 statuisset.
2505 1055 2640 1111 Nam
2671 1055 2812 1126 quod
2844 1056 2945 1109 hac
2975 1053 3042 1107 de
3074 1068 3132 1108 re
3157 1053 3403 1108 habitum
3431 1059 3518 1105 est
3558 1049 3736 1105 conci-

2151 1151 2282 1206 lium
2313 1151 2587 1204 Nicaenum
2625 1166 2685 1214 ιι,
2729 1149 2890 1203 veluti
2940 1143 3230 1218 profanum
3278 1153 3388 1199 tum
3421 1143 3740 1213 repudiabat

2154 1243 2432 1298 Gallicana
2459 1241 2721 1296 Ecclesia.
2763 1239 2852 1295 Sic
2877 1239 3202 1293 Batramnus
3225 1251 3318 1292 eos
3341 1236 3432 1304 qui
3464 1235 3738 1290 Christum

2155 1331 2440 1391 Dominum
2470 1333 2742 1390 communi
2767 1333 2854 1387 via
2884 1347 2948 1387 ex
2969 1331 3295 1386 beatissimze
3325 1325 3566 1398 Virginis
3591 1335 3744 1380 utero

2154 1427 2420 1498 prodiisse
2471 1426 2762 1496 negabant,
2817 1431 2878 1478 ut
2922 1439 3068 1476 novre
3095 1430 3143 1475 et
3181 1420 3436 1474 inaudita:
3488 1419 3744 1472 hmreseos

2159 1530 2410 1577 auctores
2437 1535 2542 1574 non
2571 1517 2738 1574 semel
2769 1516 3038 1589 suggillat,
3071 1514 3217 1570 nullo
3253 1513 3587 1583 suffragante
3616 1527 3745 1566 con-

2160 1618 2404 1673 ciliorum
2425 1617 2663 1682 decreto,
2684 1621 2968 1686 propterea
2993 1613 3135 1683 quod
3161 1611 3606 1666 adversariorum
3625 1623 3748 1662 sen-

2161 1711 2386 1765 tentiam
2413 1725 2443 1763 a
2474 1708 2768 1778 Scriptura:
2816 1721 2986 1762 sacrae
3041 1714 3097 1759 et
3128 1701 3353 1759 Patrum
3420 1701 3746 1758 auctoritate

474 1801 695 1856 dubium
723 1815 842 1856 esse
858 1775 1026 1856 debet
1063 1801 1424 1856 Lanfrancum
1466 1801 1519 1855 in
1550 1816 1614 1856 ea
1633 1775 1806 1856 fuisse
1841 1815 2062 1871 persua—
2087 1775 2136 1839 Β
2164 1805 2447 1860 deﬂectere
2496 1775 2870 1857 arbitraretur.
2923 1797 3118 1866 Quidni
3147 1796 3343 1868 potiori
3386 1794 3505 1866 iure
3529 1792 3748 1849 haereti-

477 1893 651 1958 sione,
693 1891 990 1962 Ephesinos
1039 1890 1230 1946 Patres
1260 1892 1326 1946 de
1363 1890 1716 1945 Eucharistia:
1744 1890 1848 1968 ﬁde
1877 1891 2064 1945 adver-

477 1998 569 2040 sus
601 1981 928 2054 Novatianos
971 1982 1255 2046 statuisse,
1303 1996 1505 2051 eosque
1545 1997 1644 2051 pro
1671 1981 1942 2036 haereticis
1965 1969 2064 2034 ha—

475 2071 658 2128 buisse
697 2071 792 2141 qui
839 2071 908 2126 ab
954 2085 1020 2126 ea
1065 2070 1376 2125 definitione
1429 2073 1762 2124 recederent.
1806 2069 1906 2124 Hic
1948 2067 2064 2136 jam

476 2177 586 2218 non
611 2162 824 2231 inquiro
862 2175 932 2215 an
961 2159 1302 2215 Lanfrancus
1334 2158 1549 2214 concilii
1589 2173 1808 2214 sensum
1855 2171 2067 2213 assecu-

479 2259 565 2306 tus
592 2251 683 2306 sit.
719 2251 877 2306 Certe
909 2244 1165 2320 Ephésini
1203 2250 1392 2304 Patres
1428 2250 1530 2304 hoc
1559 2249 1678 2303 loco
1707 2255 1889 2303 veram
1911 2247 2066 2302 Chri-

480 2339 548 2394 sti
602 2339 848 2408 eorporis
900 2338 955 2392 in
1025 2339 1370 2394 Eucharistia
1417 2339 1764 2409 praesentiam
1789 2379 1804 2404 ,
1859 2338 1905 2392 si
1958 2353 2066 2393 non

483 2429 766 2497 deﬁniunt,
810 2431 998 2486 saltem
1041 2431 1327 2488 manifeste
1358 2437 1683 2502 supponunt.
1718 2432 1788 2486 At
1813 2418 2067 2501 permitto

480 2517 846 2576 Lanfrancum
893 2521 948 2576 in
994 2522 1313 2592 explicando
1361 2523 1579 2578 concilii
1623 2523 1840 2578 decreto
1870 2523 2067 2577 falsum

481 2624 622 2678 esse,
663 2611 821 2681 eique
853 2613 976 2682 plus
1019 2628 1182 2682 quam
1210 2614 1378 2668 verba
1405 2612 1758 2683 prmseferant
1787 2613 2061 2668 tribuisse.

483 2699 582 2756 Hic
613 2709 816 2755 tantum
845 2703 1088 2772 expende
1113 2703 1241 2772 quid
1273 2704 1505 2759 senserit
1533 2703 1599 2758 de
1627 2712 1808 2758 mente
1833 2701 2066 2768 concilii,

483 2787 636 2858 cujus
675 2791 893 2848 decreto
926 2791 1486 2848 Sacramentariorum
1528 2807 1771 2848 errorem
1811 2793 1927 2848 sine
1969 2792 2070 2846 du-

481 2882 572 2937 bio
598 2885 908 2940 damnatum
939 2884 1106 2941 fuisse
1132 2902 1451 2956 persuasum
1479 2887 1687 2941 habuit.

553 2996 716 3067 Atqui
748 2999 802 3053 in
831 2998 1017 3054 eadem
1058 3000 1225 3053 etiam
1258 3001 1611 3070 persuasione
1639 2999 1741 3054 fuit
1779 2999 2071 3068 Herigerus

485 3084 806 3143 Laubiensis
828 3088 994 3143 abbas
1021 3089 1076 3143 in
1105 3089 1285 3143 libello
1325 3090 1390 3144 de
1418 3091 1778 3155 Eucharistia,
1821 3091 1912 3160 qui
1957 3091 2072 3145 sine

488 3177 730 3232 auctoris
766 3178 984 3232 nomine
1018 3193 1048 3231 a
1077 3177 1304 3233 Cellotio
1331 3178 1508 3233 editus
1537 3187 1621 3236 est
1666 3181 1722 3234 in
1765 3180 2073 3250 Appendice

493 3265 563 3320 ad
626 3267 912 3322 historiam
953 3266 1312 3323 Gothescalci.
1368 3267 1530 3338 Cujus
1579 3269 1745 3324 libelli
1800 3278 2076 3326 auctorem

489 3372 612 3413 esse
670 3357 988 3430 Herigerum
1035 3359 1284 3414 abbatem
1351 3359 1729 3426 Laubiensem,
1784 3361 1877 3430 qui
1931 3375 2073 3415 anno

492 3448 632 3504 £007
673 3456 920 3505 mortuus
970 3459 1076 3516 est,
1123 3451 1289 3506 certis
1325 3451 1488 3522 379
1539 3451 1672 3505 alias
1717 3451 2074 3518 documentis,

493 3540 604 3596 Deo
632 3540 810 3607 dante,
839 3541 1241 3597 demonstrabo.
1273 3542 1322 3597 ls
1346 3543 1560 3612 quippe,
1586 3543 1728 3597 inter
1753 3553 2076 3612 argumenta

492 3647 612 3702 quae
639 3631 854 3686 adducit
879 3631 945 3686 ad
969 3631 1300 3701 probandam
1330 3631 1682 3688 Eucharistia:
1707 3633 1888 3699 ﬁdem,
1912 3635 2077 3690 etiam

492 3723 637 3779 hunc
660 3723 834 3780 locum
863 3739 894 3778 a
926 3723 1230 3780 Lanfranco
1252 3725 1479 3780 relatum
1505 3725 1710 3796 profert
1741 3741 1807 3781 ex
1849 3728 2077 3782 concilio

493 3814 763 3886 Ephesino
785 3815 888 3871 sub
913 3815 1099 3886 Cyr-illi
1146 3817 1385 3882 nomine,
1418 3816 1672 3871 nimirum
1705 3817 2072 3882 Alexandrini,

493 3904 648 3974 cujus
679 3906 903 3977 epistola
926 3907 994 3962 ad
1021 3907 1348 3973 Nestorium,
1381 3923 1448 3963 ex
1479 3923 1583 3977 qua
1607 3907 1900 3978 llerigerus
1927 3908 2079 3962 testi-

495 3998 739 4054 monium
801 3999 1068 4066 adducit,
1146 4000 1290 4054 inter
1349 4007 1471 4054 acta
1541 4000 1754 4056 concilii
1821 3999 2078 4068 Ephesiai

495 4089 666 4144 relata
701 4097 812 4146 est.
867 4089 1009 4157 Quid
1054 4091 1099 4146 si
1145 4090 1494 4146 Chiﬁletianae
1539 4088 1908 4154 Confessionis
1945 4092 2080 4144 seri-

493 4187 634 4251 ptor,
665 4181 854 4237 eodem
879 4179 1194 4251 praeiudicio
1219 4181 1463 4248 affectus,
1502 4182 1692 4236 eodem
1717 4181 1876 4237 modo
1903 4180 2082 4250 Ephe-

495 4270 600 4326 sini
621 4271 834 4326 concilii
857 4271 1136 4326 decretum
1167 4271 1557 4342 interpretatus
1578 4279 1692 4336 est;
1735 4278 1899 4338 atque
1924 4269 1995 4324 ob
2025 4269 2080 4324 id

495 4361 734 4416 heretico
758 4363 944 4432 spiritu
972 4363 1210 4433 deceptos
1249 4365 1540 4435 appellavit
1576 4379 1669 4420 eos
1692 4364 1785 4434 qui
1827 4364 1892 4418 de
1920 4361 2082 4432 hujus

2162 1911 2255 1951 cos
2283 1893 2619 1950 Chifﬂetiana
2642 1890 2924 1946 Confessio
2953 1888 3149 1944 dixerit
3188 1903 3300 1950 eos,
3330 1887 3420 1955 qui
3445 1887 3514 1940 ab
3539 1885 3747 1941 Eucha—

2163 1989 2329 2042 ristiae
2352 1993 2502 2041 recta
2529 1983 2634 2040 ﬁde
2665 1983 3035 2046 recessissent,
3073 1979 3404 2035 reclamante
3440 1994 3548 2032 non
3577 1977 3746 2031 solum

2164 2092 2318 2134 sacra
2373 2073 2654 2146 Scriptura
2701 2081 2757 2128 et
2785 2073 3008 2127 Patrum
3060 2069 3392 2136 Traditione,
3450 2068 3546 2124 sed
3587 2068 3747 2122 etiam

2165 2167 2433 2223 communi
2485 2165 2873 2222 catholicorum
2927 2162 3236 2218 consensu?
3290 2161 3478 2226 Adde,
3545 2161 3600 2214 in
3647 2159 3747 2212 ista

2165 2259 2512 2314 Confessionc
2539 2255 2842 2325 hujusmodi
2871 2255 3122 2310 homines
3161 2268 3270 2308 non
3296 2252 3404 2307 dici
3446 2251 3748 2314 haereticos,

2167 2353 2260 2408 sed
2290 2359 2501 2406 tantum
2529 2350 2772 2404 lueretico
2791 2347 2999 2420 spiritu,
3034 2347 3086 2403 .d
3111 2356 3216 2412 est,
3249 2345 3451 2402 diaboli
3473 2346 3753 2401 hmreseon

2167 2445 2418 2500 Auctoris
2443 2444 2696 2499 instinctu
2719 2442 2976 2513 deceptos.
3009 2439 3126 2508 Quo
3151 2439 3367 2495 nomine
3398 2449 3592 2494 notare
3611 2439 3754 2494 vide-

2169 2546 2279 2604 tur,
2310 2552 2416 2591 non
2444 2536 2662 2606 quidem
2687 2534 2970 2592 htereticos
3009 2532 3166 2598 ullos,
3193 2532 3285 2603 qui
3330 2546 3574 2587 errorem
3601 2545 3754 2586 suum

2169 2627 2224 2683 in
2259 2626 2448 2697 vulgus
2471 2633 2808 2697 spargerent,
2851 2624 2943 2679 sed
2971 2622 3259 2678 nonnullos
3304 2621 3482 2678 dubiae
3505 2621 3632 2677 fidei
3667 2638 3755 2678 ca-

2175 2718 2404 2775 tholicos
2451 2719 2564 2789 qui,
2613 2718 2864 2772 humanis
2901 2714 3222 2771 ratiunculis
3260 2721 3316 2770 et
3343 2715 3594 2770 sensibus
3637 2712 3755 2785 plus

2174 2827 2331 2882 :cquo
2362 2812 2581 2877 addicti,
2629 2811 2694 2866 de
2737 2811 2839 2864 hoc
2885 2808 3066 2864 divino
3095 2815 3436 2862 sacramento
3483 2821 3592 2860 non
3617 2813 3756 2860 recte

2173 2904 2454 2960 sentirent.
2495 2901 2580 2956 Sit
2603 2916 2731 2973 ergo
2759 2902 2875 2956 hzec
2907 2907 3104 2955 nostrae
3139 2899 3507 2968 responsionis
3529 2913 3756 2962 summa,

2175 3011 2368 3066 nempe
2414 3004 2538 3050 ante
2577 2996 2888 3050 damnatum
2940 2993 3324 3064 Berengarium
3370 2992 3549 3057 realis,
3581 3003 3641 3047 ut
3669 3009 3760 3047 vo-

2177 3103 2384 3154 camus,
2413 3089 2464 3142 in
2487 3088 2822 3143 Eucharistia
2845 3086 3142 3162 praesentiae
3167 3085 3574 3156 impugnatores
3591 3087 3762 3142 luere-

2178 3195 2299 3235 seos
2326 3187 2451 3233 nota
2473 3179 2752 3248 poenisque
2773 3177 2992 3233 affectos
3019 3177 3182 3233 fuisse
3208 3179 3260 3232 in
3291 3179 3536 3234 conciliis
3566 3178 3758 3234 Came—

2177 3270 2388 3325 racensi
2441 3278 2493 3324 et
2523 3268 2920 3334 Aurelianensi,
2968 3269 3295 3339 eosdemque
3345 3285 3443 3340 pro
3491 3271 3763 3325 haereticis

2178 3377 2303 3416 srcc.
2332 3377 2367 3414 x
2398 3360 2613 3415 habitos
2647 3361 2714 3414 ab
2743 3359 2927 3415 Odone
2954 3359 3366 3427 Cantuariensi;
3403 3369 3513 3416 tum
3541 3378 3668 3416 stuc.
3699 3353 3764 3418 ix

2133 3492 2136 3493 ν
2178 3454 2244 3508 ab
2279 3451 2570 3506 Hinemaro
2616 3450 2908 3507 Ilhemensi
2957 3453 3407 3523 archiepiscopis;
3461 3468 3492 3506 a
3517 3451 3762 3508 Pascha-

2180 3546 2261 3601 sio
2291 3545 2564 3600 lladberto
2587 3551 2641 3599 et
2664 3545 2803 3598 aliis.
2826 3543 2907 3598 Ad
2929 3545 3045 3600 haec
3063 3545 3240 3601 visum
3253 3543 3757 3610 fuisseLanfraneu,

2177 3638 2458 3710 Ilerigero,
2493 3645 2549 3692 et
2595 3637 2963 3693 Confessionis
2996 3637 3344 3694 Chiﬁletianae
3391 3640 3625 3704 auctori,
3668 3654 3761 3694 eos

2177 3727 2366 3784 itidem
2392 3730 2445 3784 in
2468 3731 2699 3786 concilio
2725 3730 2994 3799 Ephesino
3022 3730 3156 3785 diris
3207 3731 3449 3786 addictos
3473 3749 3490 3796 ;
3523 3746 3586 3785 ac
3615 3729 3763 3786 deni—

2179 3835 2283 3890 que
2309 3822 2503 3876 merito
2541 3822 2594 3876 in
2624 3836 2687 3876 ea
2713 3819 3061 3876 Confessione
3109 3821 3353 3875 hreretico
3395 3823 3586 3893 spiritu
3620 3823 3766 3878 dece-

2177 3918 2290 3980 ptos
2339 3910 2467 3974 dici,
2515 3909 2712 3980 quippe
2743 3909 2834 3979 qui
2867 3909 2922 3964 in
2969 3909 3075 3964 ﬁde
3121 3909 3478 3966 Eucharistia:
3505 3927 3538 3965 a
3563 3921 3764 3967 saneta:

2182 3999 2482 4070 Scriptura:
2501 3999 2835 4070 Patrumque
2884 4000 3205 4056 auctoritate
3235 4001 3606 4068 deflecterent,
3637 4004 3764 4073 quin

2180 4093 2342 4148 etiam
2368 4108 2400 4146 a
2455 4101 2674 4163 recepta
2721 4092 2964 4147 omnium
3011 4099 3142 4148 tunc
3171 4092 3431 4163 temporis
3469 4093 3766 4149 catholico—

2183 4200 2300 4239 rum
2329 4184 2687 4240 confessione.

2254 4277 2340 4332 15.
2379 4277 2492 4332 Iino
2517 4293 2666 4343 vero,
2707 4277 2912 4348 inquis,
2957 4277 3153 4342 nullus,
3186 4293 3292 4334 non
3349 4286 3564 4333 tantum
3613 4292 3769 4349 supe-

2182 4368 2389 4424 riorum
2413 4378 2713 4438 temporum
2748 4379 2955 4435 auctor,
2995 4371 3088 4426 sed
3115 4387 3215 4426 nec
3254 4371 3467 4427 Alcuini
3497 4379 3762 4442 tempore,

495 4450 818 4552 sacramenti
847 4452 1077 4552 veritate
1089 4451 1437 4552 dubitarent?
1461 4453 1616 4509 Certe
1639 4454 1703 4508 ad
1729 4455 1874 4508 hunc
1901 4453 2078 4508 locum
2106 4489 2162 4552 υ
2185 4460 2326 4516 hanc
2356 4461 2422 4516 de
2453 4461 2804 4516 Eucharistia:
2833 4464 3062 4517 veritate
3107 4462 3268 4520 ﬁdem
3299 4463 3471 4518 tenuit
3496 4464 3768 4528 docuitve,

497 4537 782 4602 Mtiifeste
825 4541 1066 4597 alludere
1092 4542 1307 4597 videtur
1344 4544 1400 4597 in
1439 4545 1556 4598 haec
1601 4546 1766 4598 verba
1799 4544 1967 4617 (Part.
2002 4560 2076 4610 tv,

502 4646 653 4685 num.
683 4631 739 4703 5)
767 4651 779 4686 :
833 4650 856 4684 ι
901 4632 1137 4690 Adverte
1155 4633 1270 4702 jam
1309 4634 1543 4701 tandem,
1575 4651 1608 4690 ο
1636 4636 2080 4705 pravissimarum

496 4721 758 4777 tuentium
798 4738 1054 4795 perversa
1080 4725 1347 4791 doctrina,
1389 4734 1447 4780 et
1469 4727 1576 4782 noli
1603 4727 1766 4782 surda
1795 4741 1946 4792 aure,
1993 4727 2078 4781 in-

494 4814 735 4872 eumeiso
764 4817 926 4872 corde
949 4818 1249 4886 praeterire,
1274 4818 1419 4889 quod
1445 4819 1644 4875 dicitur
1675 4837 1688 4873 :
1725 4818 1828 4884 Qui
1849 4819 2080 4872 mandu-

495 4915 580 4960 ωε
601 4923 703 4974 me,
727 4923 879 4963 suam
901 4909 1180 4975 nimirum,
1209 4919 1263 4966 et
1288 4926 1394 4966 non
1419 4911 1582 4966 aliam
1608 4926 1827 4973 carnem
1857 4911 2078 4966 demon-

497 5003 656 5052 strat.
689 5017 710 5051 ι
753 4998 862 5054 Cur
887 4998 1031 5054 enim
1057 5000 1215 5066 dixit,
1252 5017 1404 5056 suum
1444 5009 1491 5054 et
1522 5018 1624 5055 non
1651 4999 1812 5054 aliam
1843 5015 2080 5068 carnem,

497 5084 598 5139 nisi
625 5093 685 5140 ut
713 5086 1025 5144 excluderet
1052 5102 1296 5144 errorem
1334 5088 1484 5143 illum
1511 5103 1672 5158 quem
1701 5088 1769 5142 ab
1791 5088 2082 5158 Ephesinis

496 5171 747 5232 Patribus
773 5177 1087 5234 damnatum
1128 5165 1248 5234 esse
1272 5177 1542 5247 putabat?
1590 5176 1715 5233 Haec
1746 5192 1877 5250 ergo
1917 5193 2082 5234 causa

391 5325 396 5336 ,
497 5273 582 5320 est
609 5282 706 5322 cur
735 5268 978 5324 haeretica
1007 5271 1196 5342 spiritu
1237 5269 1472 5340 deceptos
1505 5268 1738 5339 appellet
1775 5270 2082 5342 hujusmodi

499 5359 704 5414 erroris
733 5369 1051 5419 sectatores.

571 5472 772 5528 Verum
800 5475 887 5532 fac
937 5477 1256 5547 scriptorem
1311 5473 1662 5532 Chiiﬁetiante
1715 5475 2082 5532 Confessionis

502 5575 609 5617 non
645 5568 947 5634 respexisse
973 5569 1036 5622 ad
1057 5568 1388 5638 Ephesinum
1416 5567 1628 5622 aliudve
1658 5567 1961 5634 concilium,
1983 5584 2084 5623 cur

504 5665 613 5707 non
666 5657 840 5724 potuit
893 5657 1176 5714 htereticos
1227 5657 1499 5728 appellare
1529 5671 1622 5712 eos
1671 5655 1745 5727 (ο)
1773 5657 1864 5725 qui
1890 5667 2079 5713 contra

507 5739 800 5812 Scriptura
823 5763 993 5806 sacrae
1017 5761 1114 5807 seu
1137 5748 1338 5808 Christi
1367 5747 1581 5805 Domini
1623 5745 1967 5804 manifestam
1997 5764 2084 5806 as-

2183 4549 2397 4619 qualem
2423 4549 2537 4619 ipsa
2565 4549 2844 4605 Confessio
2869 4550 3172 4621 profitetur.

2252 4642 2321 4701 At
2353 4643 2494 4697 hanc
2521 4640 2878 4710 ohjectionem
2904 4641 3190 4699 manifeste
3206 4642 3406 4699 refellit
3425 4642 3627 4700 Paulus
3655 4644 3769 4698 dia-

2183 4749 2353 4790 conus
2378 4734 2432 4788 in
2463 4732 2583 4788 Vita
2608 4732 2851 4802 Gregorii
2899 4732 3100 4804 Magni,
3126 4735 3217 4804 qui
3271 4733 3601 4790 catholicam
3625 4735 3771 4789 veri-

2189 4835 2356 4883 tatem
2405 4836 2513 4881 tam
2563 4826 2760 4880 diserte
2813 4827 3054 4896 exponit,
3103 4823 3164 4882 ut
3215 4842 3374 4882 nemo
3415 4827 3614 4883 clarius
3671 4829 3774 4883 hoc

2187 4928 2428 4991 tempore
2455 4918 2723 4990 explicare
2753 4919 2943 4989 possit.
2995 4917 3085 4974 Sic
3133 4920 3278 4974 enim
3325 4922 3615 4976 occasione
3644 4921 3771 4976 facti

2186 5012 2329 5080 quod
2357 5019 2601 5066 matrona
2638 5009 2880 5064 Romana
2903 5011 2960 5064 in
2983 5009 3378 5066 Eucharistiam
3415 5013 3771 5081 perpetravit,

2185 5101 2387 5158 Paulus
2427 5099 2751 5170 Gregorium
2781 5100 3089 5170 loquentem
3143 5101 3352 5156 inducit
3382 5121 3395 5156 :
3433 5120 3453 5153 ι
3483 5102 3666 5166 Disce,
3695 5103 3774 5156 iu-

2187 5209 2371 5265 quam,
2398 5192 2614 5248 veritati
2635 5192 2749 5262 jam
2771 5192 2930 5247 modo
2956 5189 3178 5247 credere
3203 5193 3532 5247 contestanti
3561 5211 3575 5244 :
3606 5191 3772 5245 Panis

2185 5301 2337 5360 quem
2363 5301 2456 5356 ego
2481 5284 2569 5346 do,
2591 5301 2714 5338 caro
2741 5300 2858 5338 mea
2905 5293 2981 5338 est
3006 5297 3023 5336 :
3054 5293 3101 5338 et
3131 5284 3347 5353 sanguis
3376 5300 3525 5337 meus
3554 5300 3674 5337 vere
3699 5291 3773 5337 est

2182 5388 2356 5450 potus.
2401 5376 2506 5431 Sed
2531 5376 2786 5445 praescius
2805 5374 3064 5430 Conditor
3089 5383 3277 5429 uoster
3303 5373 3643 5428 inﬁrmitatis
3671 5387 3770 5427 no-

2183 5478 2331 5536 strae,
2360 5484 2422 5524 ea
2454 5474 2721 5540 potestate
2743 5483 2850 5537 qua
2881 5475 3074 5524 cuncta
3099 5466 3228 5522 fecit
3253 5481 3319 5521 ex
3349 5466 3543 5530 nihilo,
3573 5474 3628 5522 et
3653 5480 3774 5520 cor-

2181 5579 2280 5636 pus
2326 5562 2430 5618 sibi
2465 5577 2532 5617 ex
2573 5576 2736 5617 carne
2770 5575 2986 5631 semper
3029 5560 3260 5632 virginis
3283 5570 3546 5631 operante
3583 5567 3772 5614 sancto

2183 5658 2386 5728 Spiritu
2416 5655 2720 5722 fabricavit,
2771 5669 2964 5724 panem
2995 5661 3050 5709 et
3078 5653 3263 5708 vinum
3321 5667 3461 5724 aqua
3513 5653 3769 5719 mixtum,

2182 5756 2434 5807 manente
2477 5747 2699 5822 propria
2755 5747 2954 5822 specie,
3003 5747 3060 5804 in
3099 5761 3322 5806 carnem
3349 5754 3407 5804 et
3448 5747 3772 5822 sanguinem
