  <div class='ocr_page' id='page_1' title='image "/cluster/home/n/w/nwhite01/storage/ocr_20150623/101/hvd.32044004824769/516.png"; bbox 0 0 4038 6354; ppageno 0'>
   <div class='ocr_carea' id='block_1_1' title="bbox 208 4520 1913 4596">
    <p class='ocr_par' dir='ltr' id='par_1_1' title="bbox 208 4520 1913 4596">
     <span class='ocr_line' id='line_1_1' title="bbox 208 4520 1913 4596; baseline 0.001 -19"><span class='ocrx_word' id='word_1_1' title='bbox 208 4534 225 4551; x_wconf 84' lang='lat'><strong>&#39;</strong></span> <span class='ocrx_word' id='word_1_2' title='bbox 323 4523 421 4596; x_wconf 86' lang='lat' dir='ltr'><strong>qui</strong></span> <span class='ocrx_word' id='word_1_3' title='bbox 448 4520 685 4590; x_wconf 82' lang='lat' dir='ltr'><strong>ejusdem</strong></span> <span class='ocrx_word' id='word_1_4' title='bbox 722 4522 1001 4580; x_wconf 84' lang='lat' dir='ltr'><strong>Haimonis</strong></span> <span class='ocrx_word' id='word_1_5' title='bbox 1024 4525 1415 4594; x_wconf 72' lang='lat' dir='ltr'><strong>expositionem</strong></span> <span class='ocrx_word' id='word_1_6' title='bbox 1450 4525 1503 4579; x_wconf 89' lang='lat' dir='ltr'><strong>in</strong></span> <span class='ocrx_word' id='word_1_7' title='bbox 1528 4524 1792 4594; x_wconf 81' lang='lat' dir='ltr'><strong>Epistolas</strong></span> <span class='ocrx_word' id='word_1_8' title='bbox 1816 4539 1913 4593; x_wconf 89' lang='lat' dir='ltr'><strong>per</strong></span> 
     </span>
    </p>
   </div>
   <div class='ocr_carea' id='block_1_2' title="bbox 310 267 1905 341">
    <p class='ocr_par' dir='ltr' id='par_1_2' title="bbox 310 268 1905 329">
     <span class='ocr_line' id='line_1_2' title="bbox 310 268 1905 329; baseline -0.001 -1"><span class='ocrx_word' id='word_1_9' title='bbox 310 269 451 328; x_wconf 68' lang='grc'><strong>1021</strong></span> <span class='ocrx_word' id='word_1_10' title='bbox 883 268 1036 328; x_wconf 86' lang='grc' dir='ltr'><strong>ΟΡΡ.</strong></span> <span class='ocrx_word' id='word_1_11' title='bbox 1074 269 1305 329; x_wconf 72' lang='grc' dir='ltr'><strong>ΒΙῘΒΙΑ.</strong></span> <span class='ocrx_word' id='word_1_12' title='bbox 1332 300 1402 316; x_wconf 88' lang='lat'><strong>-—-</strong></span> <span class='ocrx_word' id='word_1_13' title='bbox 1424 270 1515 327; x_wconf 84' lang='lat' dir='ltr'><strong>DE</strong></span> <span class='ocrx_word' id='word_1_14' title='bbox 1551 270 1731 328; x_wconf 82' lang='lat' dir='ltr'><strong>FIDEI</strong></span> <span class='ocrx_word' id='word_1_15' title='bbox 1767 268 1905 328; x_wconf 84' lang='lat' dir='ltr'><strong>CON</strong></span> 
     </span>
    </p>
   </div>
   <div class='ocr_carea' id='block_1_3' title="bbox 1972 267 3567 341">
    <p class='ocr_par' dir='ltr' id='par_1_3' title="bbox 1972 268 3567 341">
     <span class='ocr_line' id='line_1_3' title="bbox 1972 268 3567 341; baseline 0.006 -15"><span class='ocrx_word' id='word_1_16' title='bbox 1972 269 2094 327; x_wconf 70' lang='lat' dir='ltr'><strong>ESS.</strong></span> <span class='ocrx_word' id='word_1_17' title='bbox 2138 268 2530 331; x_wconf 79' lang='lat' dir='ltr'><strong>MABILLONII</strong></span> <span class='ocrx_word' id='word_1_18' title='bbox 2567 270 2998 341; x_wconf 79' lang='lat' dir='ltr'><strong>DISQUISITIO.</strong></span> <span class='ocrx_word' id='word_1_19' title='bbox 3424 278 3567 336; x_wconf 67' lang='grc'><strong>1022</strong></span> 
     </span>
    </p>
   </div>
   <div class='ocr_carea' id='block_1_4' title="bbox 307 376 3569 467">
    <p class='ocr_par' dir='ltr' id='par_1_4' title="bbox 307 376 3569 467">
     <span class='ocr_line' id='line_1_4' title="bbox 307 376 3569 467; baseline 0.002 -23"><span class='ocrx_word' id='word_1_20' title='bbox 307 398 486 449; x_wconf 87' lang='lat' dir='ltr'><strong>suum,</strong></span> <span class='ocrx_word' id='word_1_21' title='bbox 512 382 580 443; x_wconf 80' lang='lat' dir='ltr'><strong>ad</strong></span> <span class='ocrx_word' id='word_1_22' title='bbox 606 380 926 439; x_wconf 74' lang='lat' dir='ltr'><strong>catholicam</strong></span> <span class='ocrx_word' id='word_1_23' title='bbox 961 399 1197 455; x_wconf 79' lang='lat' dir='ltr'><strong>precem,</strong></span> <span class='ocrx_word' id='word_1_24' title='bbox 1228 388 1297 442; x_wconf 86' lang='lat' dir='ltr'><strong>ob</strong></span> <span class='ocrx_word' id='word_1_25' title='bbox 1349 388 1749 456; x_wconf 79' lang='lat' dir='ltr'><strong>reparationem</strong></span> <span class='ocrx_word' id='word_1_26' title='bbox 1785 402 1884 441; x_wconf 78' lang='lat' dir='ltr'><strong>no—</strong></span> <span class='ocrx_word' id='word_1_27' title='bbox 1908 391 1961 452; x_wconf 78' lang='grc' dir='ltr'><strong>Α</strong></span> <span class='ocrx_word' id='word_1_28' title='bbox 1987 385 2326 443; x_wconf 88' lang='lat' dir='ltr'><strong>Eucharistia</strong></span> <span class='ocrx_word' id='word_1_29' title='bbox 2358 387 2506 453; x_wconf 88' lang='lat' dir='ltr'><strong>ﬁdes,</strong></span> <span class='ocrx_word' id='word_1_30' title='bbox 2533 387 2746 457; x_wconf 85' lang='lat' dir='ltr'><strong>qualem</strong></span> <span class='ocrx_word' id='word_1_31' title='bbox 2767 387 3043 459; x_wconf 88' lang='lat' dir='ltr'><strong>professus</strong></span> <span class='ocrx_word' id='word_1_32' title='bbox 3063 395 3147 445; x_wconf 86' lang='lat' dir='ltr'><strong>est</strong></span> <span class='ocrx_word' id='word_1_33' title='bbox 3172 376 3433 449; x_wconf 74' lang='lat' dir='ltr'><strong>Aleuinus</strong></span> <span class='ocrx_word' id='word_1_34' title='bbox 3455 396 3569 467; x_wconf 79' lang='lat' dir='ltr'><strong>ipso</strong></span> 
     </span>
    </p>
   </div>
   <div class='ocr_carea' id='block_1_5' title="bbox 306 472 2807 544">
    <p class='ocr_par' dir='ltr' id='par_1_5' title="bbox 306 472 2807 544">
     <span class='ocr_line' id='line_1_5' title="bbox 306 472 2807 544; baseline 0.002 -13"><span class='ocrx_word' id='word_1_35' title='bbox 306 484 479 532; x_wconf 88' lang='lat' dir='ltr'><strong>stram</strong></span> <span class='ocrx_word' id='word_1_36' title='bbox 528 472 699 529; x_wconf 89' lang='lat' dir='ltr'><strong>sancti</strong></span> <span class='ocrx_word' id='word_1_37' title='bbox 754 473 986 544; x_wconf 83' lang='lat' dir='ltr'><strong>Spiritus</strong></span> <span class='ocrx_word' id='word_1_38' title='bbox 1057 477 1481 533; x_wconf 88' lang='lat' dir='ltr'><strong>sanctiﬁcatione</strong></span> <span class='ocrx_word' id='word_1_39' title='bbox 1539 477 1822 533; x_wconf 80' lang='lat' dir='ltr'><strong>convertit.</strong></span> <span class='ocrx_word' id='word_1_40' title='bbox 1862 497 1881 531; x_wconf 88' lang='grc'><strong>›</strong></span> <span class='ocrx_word' id='word_1_41' title='bbox 1990 482 2043 536; x_wconf 89' lang='lat' dir='ltr'><strong>in</strong></span> <span class='ocrx_word' id='word_1_42' title='bbox 2065 480 2413 537; x_wconf 86' lang='lat' dir='ltr'><strong>Confessione</strong></span> <span class='ocrx_word' id='word_1_43' title='bbox 2441 490 2807 538; x_wconf 86' lang='lat' dir='ltr'><strong>controversa.</strong></span> 
     </span>
    </p>
   </div>
   <div class='ocr_carea' id='block_1_6' title="bbox 306 567 3571 651">
    <p class='ocr_par' dir='ltr' id='par_1_6' title="bbox 306 567 3571 651">
     <span class='ocr_line' id='line_1_6' title="bbox 306 567 3571 651; baseline 0.001 -28"><span class='ocrx_word' id='word_1_44' title='bbox 306 568 446 624; x_wconf 90' lang='lat' dir='ltr'><strong>Tum</strong></span> <span class='ocrx_word' id='word_1_45' title='bbox 472 568 651 623; x_wconf 88' lang='lat' dir='ltr'><strong>subdit</strong></span> <span class='ocrx_word' id='word_1_46' title='bbox 677 567 872 622; x_wconf 83' lang='lat' dir='ltr'>Paulus</span> <span class='ocrx_word' id='word_1_47' title='bbox 900 582 914 621; x_wconf 90' lang='lat'><strong>:</strong></span> <span class='ocrx_word' id='word_1_48' title='bbox 951 586 970 620; x_wconf 84' lang='lat'><strong>(</strong></span> <span class='ocrx_word' id='word_1_49' title='bbox 1004 568 1235 641; x_wconf 89' lang='lat' dir='ltr'><strong>Indeque</strong></span> <span class='ocrx_word' id='word_1_50' title='bbox 1262 572 1542 633; x_wconf 81' lang='lat' dir='ltr'><strong>universos</strong></span> <span class='ocrx_word' id='word_1_51' title='bbox 1564 570 1724 638; x_wconf 84' lang='lat' dir='ltr'><strong>jussit</strong></span> <span class='ocrx_word' id='word_1_52' title='bbox 1754 569 1888 624; x_wconf 86' lang='lat' dir='ltr'><strong>divi-</strong></span> <span class='ocrx_word' id='word_1_53' title='bbox 2064 580 2147 633; x_wconf 68' lang='grc'><strong>14,</strong></span> <span class='ocrx_word' id='word_1_54' title='bbox 2184 576 2296 635; x_wconf 67' lang='lat' dir='ltr'><strong>cur</strong></span> <span class='ocrx_word' id='word_1_55' title='bbox 2318 594 2467 649; x_wconf 64' lang='lat' dir='ltr'><strong>ergo,</strong></span> <span class='ocrx_word' id='word_1_56' title='bbox 2492 580 2691 651; x_wconf 58' lang='lat' dir='ltr'><strong>inquis,</strong></span> <span class='ocrx_word' id='word_1_57' title='bbox 2722 579 3043 636; x_wconf 61' lang='lat' dir='ltr'><strong>paschasiu;</strong></span> <span class='ocrx_word' id='word_1_58' title='bbox 3076 581 3131 636; x_wconf 79' lang='lat' dir='ltr'><strong>in</strong></span> <span class='ocrx_word' id='word_1_59' title='bbox 3158 581 3383 637; x_wconf 65' lang='lat' dir='ltr'><strong>patrum</strong></span> <span class='ocrx_word' id='word_1_60' title='bbox 3416 584 3571 639; x_wconf 61' lang='lat' dir='ltr'><strong>testi-</strong></span> 
     </span>
    </p>
   </div>
   <div class='ocr_carea' id='block_1_7' title="bbox 306 659 1901 741">
    <p class='ocr_par' dir='ltr' id='par_1_7' title="bbox 306 659 1888 733">
     <span class='ocr_line' id='line_1_7' title="bbox 306 659 1888 733; baseline -0.001 -17"><span class='ocrx_word' id='word_1_61' title='bbox 306 676 433 717; x_wconf 88' lang='lat' dir='ltr'><strong>nam</strong></span> <span class='ocrx_word' id='word_1_62' title='bbox 464 659 674 731; x_wconf 88' lang='lat' dir='ltr'><strong>precari</strong></span> <span class='ocrx_word' id='word_1_63' title='bbox 701 659 1016 730; x_wconf 81' lang='lat' dir='ltr'><strong>potentiam,</strong></span> <span class='ocrx_word' id='word_1_64' title='bbox 1048 674 1109 715; x_wconf 84' lang='lat' dir='ltr'><strong>ut</strong></span> <span class='ocrx_word' id='word_1_65' title='bbox 1132 662 1186 716; x_wconf 91' lang='lat' dir='ltr'><strong>in</strong></span> <span class='ocrx_word' id='word_1_66' title='bbox 1212 661 1445 717; x_wconf 84' lang='lat' dir='ltr'><strong>formam</strong></span> <span class='ocrx_word' id='word_1_67' title='bbox 1490 662 1772 733; x_wconf 87' lang='lat' dir='ltr'><strong>pristinam</strong></span> <span class='ocrx_word' id='word_1_68' title='bbox 1805 675 1888 715; x_wconf 89' lang='lat' dir='ltr'><strong>sa-</strong></span> 
     </span>
    </p>
   </div>
   <div class='ocr_carea' id='block_1_8' title="bbox 1974 659 3569 741">
    <p class='ocr_par' dir='ltr' id='par_1_8' title="bbox 1991 670 3569 741">
     <span class='ocr_line' id='line_1_8' title="bbox 1991 670 3569 741; baseline 0.002 -16"><span class='ocrx_word' id='word_1_69' title='bbox 1991 670 2211 736; x_wconf 88' lang='lat' dir='ltr'><strong>moniis,</strong></span> <span class='ocrx_word' id='word_1_70' title='bbox 2243 684 2363 741; x_wconf 65' lang='lat' dir='ltr'><strong>quae</strong></span> <span class='ocrx_word' id='word_1_71' title='bbox 2388 671 2455 725; x_wconf 88' lang='lat' dir='ltr'><strong>ad</strong></span> <span class='ocrx_word' id='word_1_72' title='bbox 2484 671 2805 725; x_wconf 88' lang='lat' dir='ltr'><strong>sententiam</strong></span> <span class='ocrx_word' id='word_1_73' title='bbox 2827 686 2977 727; x_wconf 88' lang='lat' dir='ltr'><strong>suam</strong></span> <span class='ocrx_word' id='word_1_74' title='bbox 3016 672 3443 728; x_wconf 86' lang='lat' dir='ltr'><strong>constituendam</strong></span> <span class='ocrx_word' id='word_1_75' title='bbox 3477 674 3569 728; x_wconf 85' lang='lat' dir='ltr'><strong>ad—</strong></span> 
     </span>
    </p>
   </div>
   <div class='ocr_carea' id='block_1_9' title="bbox 302 750 1897 833">
    <p class='ocr_par' dir='ltr' id='par_1_9' title="bbox 302 750 1891 823">
     <span class='ocr_line' id='line_1_9' title="bbox 302 750 1891 823; baseline -0.002 -15"><span class='ocrx_word' id='word_1_76' title='bbox 302 759 651 808; x_wconf 85' lang='lat' dir='ltr'><strong>crosanctum</strong></span> <span class='ocrx_word' id='word_1_77' title='bbox 676 750 995 806; x_wconf 53' lang='lat' dir='ltr'><strong>‘rel‘ormaret</strong></span> <span class='ocrx_word' id='word_1_78' title='bbox 1022 753 1361 823; x_wconf 83' lang='lat' dir='ltr'><strong>mysterium,</strong></span> <span class='ocrx_word' id='word_1_79' title='bbox 1386 762 1655 823; x_wconf 84' lang='lat' dir='ltr'><strong>quatenus</strong></span> <span class='ocrx_word' id='word_1_80' title='bbox 1678 750 1891 806; x_wconf 87' lang='lat' dir='ltr'><strong>mulieri</strong></span> 
     </span>
    </p>
   </div>
   <div class='ocr_carea' id='block_1_10' title="bbox 1972 750 3567 833">
    <p class='ocr_par' dir='ltr' id='par_1_10' title="bbox 1994 761 3567 833">
     <span class='ocr_line' id='line_1_10' title="bbox 1994 761 3567 833; baseline 0.001 -15"><span class='ocrx_word' id='word_1_81' title='bbox 1994 764 2159 827; x_wconf 80' lang='lat' dir='ltr'><strong>ducit,</strong></span> <span class='ocrx_word' id='word_1_82' title='bbox 2191 761 2473 817; x_wconf 88' lang='lat' dir='ltr'><strong>Aleuinum</strong></span> <span class='ocrx_word' id='word_1_83' title='bbox 2504 763 2766 817; x_wconf 89' lang='lat' dir='ltr'><strong>indictum</strong></span> <span class='ocrx_word' id='word_1_84' title='bbox 2795 772 2847 818; x_wconf 89' lang='lat' dir='ltr'><strong>et</strong></span> <span class='ocrx_word' id='word_1_85' title='bbox 2869 763 3179 819; x_wconf 88' lang='lat' dir='ltr'><strong>illaudatum</strong></span> <span class='ocrx_word' id='word_1_86' title='bbox 3202 764 3567 833; x_wconf 74' lang='lat' dir='ltr'><strong>praetermisit,</strong></span> 
     </span>
    </p>
   </div>
   <div class='ocr_carea' id='block_1_11' title="bbox 306 843 3251 926">
    <p class='ocr_par' dir='ltr' id='par_1_11' title="bbox 306 843 3251 926">
     <span class='ocr_line' id='line_1_11' title="bbox 306 843 3251 926; baseline -0.003 -10"><span class='ocrx_word' id='word_1_87' title='bbox 306 844 375 899; x_wconf 74' lang='lat' dir='ltr'><strong>ad</strong></span> <span class='ocrx_word' id='word_1_88' title='bbox 401 843 720 899; x_wconf 77' lang='lat' dir='ltr'><strong>sumendum</strong></span> <span class='ocrx_word' id='word_1_89' title='bbox 749 843 940 899; x_wconf 68' lang='lat' dir='ltr'><strong>fuisset</strong></span> <span class='ocrx_word' id='word_1_90' title='bbox 960 845 1254 915; x_wconf 79' lang='lat' dir='ltr'><strong>possibile;</strong></span> <span class='ocrx_word' id='word_1_91' title='bbox 1288 846 1433 915; x_wconf 79' lang='lat' dir='ltr'><strong>quod</strong></span> <span class='ocrx_word' id='word_1_92' title='bbox 1478 853 1533 899; x_wconf 70' lang='lat' dir='ltr'><strong>et</strong></span> <span class='ocrx_word' id='word_1_93' title='bbox 1560 843 1761 898; x_wconf 72' lang='lat' dir='ltr'><strong>factum</strong></span> <span class='ocrx_word' id='word_1_94' title='bbox 1788 849 1888 897; x_wconf 72' lang='lat' dir='ltr'><strong>est-</strong></span> <span class='ocrx_word' id='word_1_95' title='bbox 1996 857 2262 926; x_wconf 74' lang='lat' dir='ltr'><strong>siquidem</strong></span> <span class='ocrx_word' id='word_1_96' title='bbox 2293 855 2409 907; x_wconf 74' lang='lat' dir='ltr'><strong>hmc</strong></span> <span class='ocrx_word' id='word_1_97' title='bbox 2435 853 2712 908; x_wconf 89' lang='lat' dir='ltr'><strong>Confessio</strong></span> <span class='ocrx_word' id='word_1_98' title='bbox 2737 854 2945 909; x_wconf 83' lang='lat' dir='ltr'><strong>Alcuini</strong></span> <span class='ocrx_word' id='word_1_99' title='bbox 2976 853 3114 909; x_wconf 70' lang='lat' dir='ltr'><strong>fellis</strong></span> <span class='ocrx_word' id='word_1_100' title='bbox 3143 854 3251 907; x_wconf 86' lang='lat' dir='ltr'><strong>sit?</strong></span> 
     </span>
    </p>
   </div>
   <div class='ocr_carea' id='block_1_12' title="bbox 307 932 3571 1015">
    <p class='ocr_par' dir='ltr' id='par_1_12' title="bbox 307 932 3571 1015">
     <span class='ocr_line' id='line_1_12' title="bbox 307 932 3571 1015; baseline -0.002 -10"><span class='ocrx_word' id='word_1_101' title='bbox 307 933 463 991; x_wconf 69' lang='lat' dir='ltr'><strong>Unde</strong></span> <span class='ocrx_word' id='word_1_102' title='bbox 484 950 626 1004; x_wconf 57' lang='lat'><strong>533139</strong></span> <span class='ocrx_word' id='word_1_103' title='bbox 648 933 760 989; x_wconf 62' lang='lat' dir='ltr'><strong>fma</strong></span> <span class='ocrx_word' id='word_1_104' title='bbox 784 934 975 989; x_wconf 66' lang='lat' dir='ltr'><strong>&quot;mlier</strong></span> <span class='ocrx_word' id='word_1_105' title='bbox 996 934 1285 1005; x_wconf 65' lang='lat' dir='ltr'><strong>Plurimum</strong></span> <span class='ocrx_word' id='word_1_106' title='bbox 1317 935 1371 989; x_wconf 78' lang='grc' dir='ltr'><strong>ίη</strong></span> <span class='ocrx_word' id='word_1_107' title='bbox 1419 941 1602 988; x_wconf 60' lang='lat' dir='ltr'><strong>saneta</strong></span> <span class='ocrx_word' id='word_1_108' title='bbox 1632 932 1893 1002; x_wconf 75' lang='lat' dir='ltr'><strong>religione</strong></span> <span class='ocrx_word' id='word_1_109' title='bbox 2063 943 2265 1014; x_wconf 82' lang='lat' dir='ltr'><strong>Nempe</strong></span> <span class='ocrx_word' id='word_1_110' title='bbox 2288 946 2428 1015; x_wconf 88' lang='lat' dir='ltr'><strong>quod</strong></span> <span class='ocrx_word' id='word_1_111' title='bbox 2444 944 2767 1000; x_wconf 80' lang='lat' dir='ltr'><strong>Paschasius</strong></span> <span class='ocrx_word' id='word_1_112' title='bbox 2783 945 2849 999; x_wconf 90' lang='lat' dir='ltr'><strong>ab</strong></span> <span class='ocrx_word' id='word_1_113' title='bbox 2866 946 3100 1014; x_wconf 89' lang='lat' dir='ltr'><strong>antiquis</strong></span> <span class='ocrx_word' id='word_1_114' title='bbox 3124 934 3571 1000; x_wconf 71' lang='lat' dir='ltr'><strong>duntaxatPatri-</strong></span> 
     </span>
    </p>
   </div>
   <div class='ocr_carea' id='block_1_13' title="bbox 306 1022 1901 1101">
    <p class='ocr_par' dir='ltr' id='par_1_13' title="bbox 306 1022 1893 1096">
     <span class='ocr_line' id='line_1_13' title="bbox 306 1022 1893 1096; baseline -0.004 -13"><span class='ocrx_word' id='word_1_115' title='bbox 306 1034 363 1083; x_wconf 89' lang='lat' dir='ltr'><strong>ct</strong></span> <span class='ocrx_word' id='word_1_116' title='bbox 386 1026 492 1083; x_wconf 90' lang='lat' dir='ltr'><strong>ﬁde</strong></span> <span class='ocrx_word' id='word_1_117' title='bbox 511 1026 821 1096; x_wconf 88' lang='lat' dir='ltr'><strong>proﬁciens,</strong></span> <span class='ocrx_word' id='word_1_118' title='bbox 842 1026 1255 1096; x_wconf 80' lang='lat' dir='ltr'><strong>participatione</strong></span> <span class='ocrx_word' id='word_1_119' title='bbox 1279 1025 1541 1079; x_wconf 89' lang='lat' dir='ltr'><strong>Dominici</strong></span> <span class='ocrx_word' id='word_1_120' title='bbox 1567 1022 1893 1078; x_wconf 88' lang='lat' dir='ltr'><strong>sacramenti</strong></span> 
     </span>
    </p>
   </div>
   <div class='ocr_carea' id='block_1_14' title="bbox 1974 1022 3569 1101">
    <p class='ocr_par' dir='ltr' id='par_1_14' title="bbox 1992 1036 3569 1101">
     <span class='ocr_line' id='line_1_14' title="bbox 1992 1036 3569 1101; baseline -0.001 -11"><span class='ocrx_word' id='word_1_121' title='bbox 1992 1036 2095 1091; x_wconf 85' lang='lat' dir='ltr'><strong>bus</strong></span> <span class='ocrx_word' id='word_1_122' title='bbox 2134 1037 2509 1092; x_wconf 85' lang='lat' dir='ltr'><strong>auctoritatem</strong></span> <span class='ocrx_word' id='word_1_123' title='bbox 2548 1037 2746 1090; x_wconf 85' lang='lat' dir='ltr'><strong>sumit:</strong></span> <span class='ocrx_word' id='word_1_124' title='bbox 2802 1036 3057 1090; x_wconf 83' lang='lat' dir='ltr'><strong>Alcuinus</strong></span> <span class='ocrx_word' id='word_1_125' title='bbox 3107 1050 3235 1091; x_wconf 84' lang='lat' dir='ltr'><strong>vero</strong></span> <span class='ocrx_word' id='word_1_126' title='bbox 3266 1044 3397 1101; x_wconf 90' lang='lat' dir='ltr'><strong>tum,</strong></span> <span class='ocrx_word' id='word_1_127' title='bbox 3449 1051 3569 1089; x_wconf 90' lang='lat' dir='ltr'><strong>cum</strong></span> 
     </span>
    </p>
   </div>
   <div class='ocr_carea' id='block_1_15' title="bbox 308 1118 3572 1197">
    <p class='ocr_par' dir='ltr' id='par_1_15' title="bbox 308 1118 3572 1197">
     <span class='ocr_line' id='line_1_15' title="bbox 308 1118 3572 1197; baseline -0.002 -9"><span class='ocrx_word' id='word_1_128' title='bbox 308 1130 627 1180; x_wconf 62' lang='lat' dir='ltr'><strong>consecrata</strong></span> <span class='ocrx_word' id='word_1_129' title='bbox 682 1130 785 1188; x_wconf 70' lang='grc' dir='ltr'><strong>εει,</strong></span> <span class='ocrx_word' id='word_1_130' title='bbox 838 1130 892 1177; x_wconf 71' lang='grc' dir='ltr'>ει</span> <span class='ocrx_word' id='word_1_131' title='bbox 928 1136 1117 1176; x_wconf 74' lang='lat' dir='ltr'><strong>Omnes</strong></span> <span class='ocrx_word' id='word_1_132' title='bbox 1164 1121 1256 1189; x_wconf 78' lang='grc' dir='ltr'><strong>(ιιιὶ</strong></span> <span class='ocrx_word' id='word_1_133' title='bbox 1315 1120 1580 1179; x_wconf 52' lang='lat' dir='ltr'><strong>&quot;idenm,</strong></span> <span class='ocrx_word' id='word_1_134' title='bbox 1634 1118 1686 1172; x_wconf 72' lang='lat' dir='ltr'><strong>in</strong></span> <span class='ocrx_word' id='word_1_135' title='bbox 1712 1118 1895 1173; x_wconf 71' lang='grc' dir='ltr'><strong>ἀὶνίῐιο</strong></span> <span class='ocrx_word' id='word_1_136' title='bbox 1995 1127 2190 1184; x_wconf 91' lang='lat' dir='ltr'><strong>librum</strong></span> <span class='ocrx_word' id='word_1_137' title='bbox 2221 1129 2645 1183; x_wconf 89' lang='lat' dir='ltr'><strong>suumconderct</strong></span> <span class='ocrx_word' id='word_1_138' title='bbox 2663 1128 3007 1192; x_wconf 85' lang='lat' dir='ltr'><strong>Paschasius,</strong></span> <span class='ocrx_word' id='word_1_139' title='bbox 3032 1136 3155 1181; x_wconf 90' lang='lat' dir='ltr'><strong>ante</strong></span> <span class='ocrx_word' id='word_1_140' title='bbox 3174 1140 3374 1197; x_wconf 88' lang='lat' dir='ltr'><strong>paucos</strong></span> <span class='ocrx_word' id='word_1_141' title='bbox 3402 1141 3572 1181; x_wconf 90' lang='lat' dir='ltr'><strong>annos</strong></span> 
     </span>
    </p>
   </div>
   <div class='ocr_carea' id='block_1_16' title="bbox 310 1208 3574 1275">
    <p class='ocr_par' dir='ltr' id='par_1_16' title="bbox 310 1208 3574 1275">
     <span class='ocr_line' id='line_1_16' title="bbox 310 1208 3574 1275; baseline -0.001 -1"><span class='ocrx_word' id='word_1_142' title='bbox 310 1233 495 1273; x_wconf 82' lang='lat' dir='ltr'><strong>amore</strong></span> <span class='ocrx_word' id='word_1_143' title='bbox 523 1226 577 1272; x_wconf 89' lang='lat' dir='ltr'><strong>et</strong></span> <span class='ocrx_word' id='word_1_144' title='bbox 600 1215 903 1272; x_wconf 78' lang='lat' dir='ltr'><strong>orthodoxa</strong></span> <span class='ocrx_word' id='word_1_145' title='bbox 953 1213 1270 1269; x_wconf 73' lang='lat' dir='ltr'><strong>credulitate</strong></span> <span class='ocrx_word' id='word_1_146' title='bbox 1320 1218 1700 1268; x_wconf 70' lang='lat' dir='ltr'><strong>excrevel‘unt-</strong></span> <span class='ocrx_word' id='word_1_147' title='bbox 1735 1229 1754 1262; x_wconf 76' lang='grc' dir='ltr'><strong><em>ι</em></strong></span> <span class='ocrx_word' id='word_1_148' title='bbox 1790 1208 1897 1263; x_wconf 69' lang='grc' dir='ltr'><strong>Ηίι-</strong></span> <span class='ocrx_word' id='word_1_149' title='bbox 1996 1219 2282 1275; x_wconf 88' lang='lat' dir='ltr'><strong>defunctus</strong></span> <span class='ocrx_word' id='word_1_150' title='bbox 2308 1229 2445 1275; x_wconf 88' lang='lat' dir='ltr'><strong>erat.</strong></span> <span class='ocrx_word' id='word_1_151' title='bbox 2499 1220 2700 1274; x_wconf 78' lang='lat' dir='ltr'><strong>Deinde</strong></span> <span class='ocrx_word' id='word_1_152' title='bbox 2728 1219 2893 1273; x_wconf 89' lang='lat' dir='ltr'><strong>multa</strong></span> <span class='ocrx_word' id='word_1_153' title='bbox 2922 1219 3025 1272; x_wconf 89' lang='lat' dir='ltr'><strong>alia</strong></span> <span class='ocrx_word' id='word_1_154' title='bbox 3059 1226 3301 1273; x_wconf 86' lang='lat' dir='ltr'><strong>veterum</strong></span> <span class='ocrx_word' id='word_1_155' title='bbox 3328 1219 3574 1273; x_wconf 74' lang='lat' dir='ltr'><strong>teSIimo-</strong></span> 
     </span>
    </p>
   </div>
   <div class='ocr_carea' id='block_1_17' title="bbox 309 1304 3576 1379">
    <p class='ocr_par' dir='ltr' id='par_1_17' title="bbox 309 1304 3576 1379">
     <span class='ocr_line' id='line_1_17' title="bbox 309 1304 3576 1379; baseline -0.002 -12"><span class='ocrx_word' id='word_1_156' title='bbox 309 1320 497 1368; x_wconf 90' lang='lat' dir='ltr'><strong>etenus</strong></span> <span class='ocrx_word' id='word_1_157' title='bbox 517 1310 716 1365; x_wconf 89' lang='lat' dir='ltr'><strong>Paulus</strong></span> <span class='ocrx_word' id='word_1_158' title='bbox 738 1311 792 1363; x_wconf 90' lang='lat' dir='ltr'><strong>in</strong></span> <span class='ocrx_word' id='word_1_159' title='bbox 820 1309 941 1363; x_wconf 82' lang='lat' dir='ltr'><strong>Vita</strong></span> <span class='ocrx_word' id='word_1_160' title='bbox 971 1308 1140 1362; x_wconf 85' lang='lat' dir='ltr'><strong>sancti</strong></span> <span class='ocrx_word' id='word_1_161' title='bbox 1188 1306 1435 1377; x_wconf 81' lang='lat' dir='ltr'><strong>Gregorii</strong></span> <span class='ocrx_word' id='word_1_162' title='bbox 1465 1306 1665 1376; x_wconf 80' lang='lat' dir='ltr'><strong>Magni,</strong></span> <span class='ocrx_word' id='word_1_163' title='bbox 1696 1319 1816 1375; x_wconf 62' lang='lat' dir='ltr'><strong>quir-</strong></span> <span class='ocrx_word' id='word_1_164' title='bbox 1840 1304 1896 1358; x_wconf 78' lang='lat' dir='ltr'><strong>in</strong></span> <span class='ocrx_word' id='word_1_165' title='bbox 1996 1314 2087 1366; x_wconf 87' lang='lat' dir='ltr'><strong>nia</strong></span> <span class='ocrx_word' id='word_1_166' title='bbox 2131 1314 2314 1367; x_wconf 87' lang='lat' dir='ltr'><strong>omisit</strong></span> <span class='ocrx_word' id='word_1_167' title='bbox 2339 1312 2684 1378; x_wconf 87' lang='lat' dir='ltr'><strong>Paschasius,</strong></span> <span class='ocrx_word' id='word_1_168' title='bbox 2725 1325 2791 1366; x_wconf 72' lang='lat' dir='ltr'><strong>ex</strong></span> <span class='ocrx_word' id='word_1_169' title='bbox 2843 1311 3070 1366; x_wconf 85' lang='lat' dir='ltr'><strong>sinceris</strong></span> <span class='ocrx_word' id='word_1_170' title='bbox 3100 1325 3288 1366; x_wconf 88' lang='lat' dir='ltr'><strong>eorum</strong></span> <span class='ocrx_word' id='word_1_171' title='bbox 3324 1310 3576 1379; x_wconf 89' lang='lat' dir='ltr'><strong>operibus</strong></span> 
     </span>
    </p>
   </div>
   <div class='ocr_carea' id='block_1_18' title="bbox 309 1399 3576 1475">
    <p class='ocr_par' dir='ltr' id='par_1_18' title="bbox 309 1399 3576 1475">
     <span class='ocr_line' id='line_1_18' title="bbox 309 1399 3576 1475; baseline -0 -18"><span class='ocrx_word' id='word_1_172' title='bbox 309 1403 507 1460; x_wconf 70' lang='lat' dir='ltr'><strong>saeculo</strong></span> <span class='ocrx_word' id='word_1_173' title='bbox 534 1420 551 1458; x_wconf 90' lang='lat' dir='ltr'><strong>I</strong></span> <span class='ocrx_word' id='word_1_174' title='bbox 582 1402 930 1458; x_wconf 90' lang='lat' dir='ltr'><strong>Benedictino</strong></span> <span class='ocrx_word' id='word_1_175' title='bbox 982 1402 1124 1473; x_wconf 85' lang='lat' dir='ltr'><strong>typis</strong></span> <span class='ocrx_word' id='word_1_176' title='bbox 1159 1399 1301 1455; x_wconf 89' lang='lat' dir='ltr'><strong>edita</strong></span> <span class='ocrx_word' id='word_1_177' title='bbox 1355 1408 1477 1456; x_wconf 89' lang='lat' dir='ltr'><strong>est:</strong></span> <span class='ocrx_word' id='word_1_178' title='bbox 1519 1416 1677 1469; x_wconf 87' lang='lat' dir='ltr'><strong>quem</strong></span> <span class='ocrx_word' id='word_1_179' title='bbox 1721 1400 1899 1454; x_wconf 87' lang='lat' dir='ltr'><strong>locum</strong></span> <span class='ocrx_word' id='word_1_180' title='bbox 1999 1403 2156 1459; x_wconf 80' lang='lat' dir='ltr'><strong>facile</strong></span> <span class='ocrx_word' id='word_1_181' title='bbox 2184 1404 2500 1474; x_wconf 88' lang='lat' dir='ltr'><strong>repetenda:</strong></span> <span class='ocrx_word' id='word_1_182' title='bbox 2541 1420 2660 1475; x_wconf 87' lang='lat' dir='ltr'><strong>quae</strong></span> <span class='ocrx_word' id='word_1_183' title='bbox 2688 1404 2903 1475; x_wconf 89' lang='lat' dir='ltr'><strong>quidem</strong></span> <span class='ocrx_word' id='word_1_184' title='bbox 2935 1418 3097 1474; x_wconf 84' lang='lat' dir='ltr'><strong>opera</strong></span> <span class='ocrx_word' id='word_1_185' title='bbox 3140 1402 3327 1457; x_wconf 88' lang='lat' dir='ltr'><strong>eadem</strong></span> <span class='ocrx_word' id='word_1_186' title='bbox 3365 1402 3576 1457; x_wconf 88' lang='lat' dir='ltr'><strong>ratione</strong></span> 
     </span>
    </p>
   </div>
   <div class='ocr_carea' id='block_1_19' title="bbox 309 1490 3577 1566">
    <p class='ocr_par' dir='ltr' id='par_1_19' title="bbox 309 1490 3577 1566">
     <span class='ocr_line' id='line_1_19' title="bbox 309 1490 3577 1566; baseline -0.002 -16"><span class='ocrx_word' id='word_1_187' title='bbox 309 1495 531 1551; x_wconf 84' lang='lat' dir='ltr'><strong>adduxit</strong></span> <span class='ocrx_word' id='word_1_188' title='bbox 547 1493 818 1551; x_wconf 86' lang='lat' dir='ltr'><strong>Gerardus</strong></span> <span class='ocrx_word' id='word_1_189' title='bbox 840 1495 894 1549; x_wconf 91' lang='lat' dir='ltr'><strong>in</strong></span> <span class='ocrx_word' id='word_1_190' title='bbox 915 1493 1248 1565; x_wconf 85' lang='lat' dir='ltr'><strong>praelaudata</strong></span> <span class='ocrx_word' id='word_1_191' title='bbox 1269 1493 1474 1563; x_wconf 84' lang='lat' dir='ltr'><strong>synodo</strong></span> <span class='ocrx_word' id='word_1_192' title='bbox 1496 1490 1896 1547; x_wconf 88' lang='lat' dir='ltr'><strong>Cameracensi.</strong></span> <span class='ocrx_word' id='word_1_193' title='bbox 2000 1511 2199 1566; x_wconf 80' lang='lat' dir='ltr'><strong>negare</strong></span> <span class='ocrx_word' id='word_1_194' title='bbox 2222 1503 2404 1565; x_wconf 77' lang='lat' dir='ltr'><strong>posset</strong></span> <span class='ocrx_word' id='word_1_195' title='bbox 2436 1494 2683 1560; x_wconf 52' lang='lat' dir='ltr'><strong>Danaus,</strong></span> <span class='ocrx_word' id='word_1_196' title='bbox 2742 1496 2786 1550; x_wconf 87' lang='lat' dir='ltr'><strong>si</strong></span> <span class='ocrx_word' id='word_1_197' title='bbox 2827 1494 2992 1563; x_wconf 83' lang='lat' dir='ltr'><strong>ipsius</strong></span> <span class='ocrx_word' id='word_1_198' title='bbox 3025 1493 3422 1564; x_wconf 78' lang='lat' dir='ltr'><strong>argumentatio</strong></span> <span class='ocrx_word' id='word_1_199' title='bbox 3447 1492 3577 1561; x_wconf 87' lang='lat' dir='ltr'><strong>quid</strong></span> 
     </span>
    </p>
   </div>
   <div class='ocr_carea' id='block_1_20' title="bbox 308 1582 3579 1656">
    <p class='ocr_par' dir='ltr' id='par_1_20' title="bbox 308 1582 3579 1656">
     <span class='ocr_line' id='line_1_20' title="bbox 308 1582 3579 1656; baseline -0.002 -16"><span class='ocrx_word' id='word_1_200' title='bbox 308 1585 389 1640; x_wconf 81' lang='lat' dir='ltr'><strong>Ex</strong></span> <span class='ocrx_word' id='word_1_201' title='bbox 415 1600 522 1655; x_wconf 81' lang='lat' dir='ltr'><strong>quo</strong></span> <span class='ocrx_word' id='word_1_202' title='bbox 562 1584 909 1656; x_wconf 77' lang='lat' dir='ltr'><strong>intelligimus</strong></span> <span class='ocrx_word' id='word_1_203' title='bbox 963 1601 1082 1641; x_wconf 88' lang='lat' dir='ltr'><strong>eam</strong></span> <span class='ocrx_word' id='word_1_204' title='bbox 1113 1585 1279 1641; x_wconf 87' lang='lat' dir='ltr'><strong>fuisse</strong></span> <span class='ocrx_word' id='word_1_205' title='bbox 1304 1592 1417 1639; x_wconf 90' lang='lat' dir='ltr'><strong>tum</strong></span> <span class='ocrx_word' id='word_1_206' title='bbox 1461 1584 1528 1637; x_wconf 90' lang='lat' dir='ltr'><strong>de</strong></span> <span class='ocrx_word' id='word_1_207' title='bbox 1558 1583 1902 1638; x_wconf 89' lang='lat' dir='ltr'><strong>Eucharistia</strong></span> <span class='ocrx_word' id='word_1_208' title='bbox 2001 1587 2251 1643; x_wconf 72' lang='lat' dir='ltr'><strong>enicer-ct.</strong></span> <span class='ocrx_word' id='word_1_209' title='bbox 2335 1587 2575 1656; x_wconf 89' lang='lat' dir='ltr'><strong>Denique</strong></span> <span class='ocrx_word' id='word_1_210' title='bbox 2600 1584 3235 1641; x_wconf 85' lang='lat' dir='ltr'><strong>AlcuiniConfessionem</strong></span> <span class='ocrx_word' id='word_1_211' title='bbox 3280 1582 3579 1655; x_wconf 65' lang='lat' dir='ltr'><strong>prmtermi-</strong></span> 
     </span>
    </p>
   </div>
   <div class='ocr_carea' id='block_1_21' title="bbox 308 1674 3576 1749">
    <p class='ocr_par' dir='ltr' id='par_1_21' title="bbox 308 1674 3576 1749">
     <span class='ocr_line' id='line_1_21' title="bbox 308 1674 3576 1749; baseline -0.003 -14"><span class='ocrx_word' id='word_1_212' title='bbox 308 1686 583 1748; x_wconf 83' lang='lat' dir='ltr'><strong>receptam</strong></span> <span class='ocrx_word' id='word_1_213' title='bbox 633 1677 814 1743; x_wconf 71' lang='lat' dir='ltr'><strong>ﬁdem,</strong></span> <span class='ocrx_word' id='word_1_214' title='bbox 863 1694 1057 1748; x_wconf 88' lang='lat' dir='ltr'><strong>panem</strong></span> <span class='ocrx_word' id='word_1_215' title='bbox 1086 1679 1291 1733; x_wconf 84' lang='lat' dir='ltr'><strong>scilicet</strong></span> <span class='ocrx_word' id='word_1_216' title='bbox 1319 1676 1609 1735; x_wconf 89' lang='lat' dir='ltr'><strong>etvinum.</strong></span> <span class='ocrx_word' id='word_1_217' title='bbox 1661 1684 1902 1730; x_wconf 86' lang='lat' dir='ltr'><strong>manente</strong></span> <span class='ocrx_word' id='word_1_218' title='bbox 2003 1681 2094 1746; x_wconf 87' lang='lat' dir='ltr'><strong>sit,</strong></span> <span class='ocrx_word' id='word_1_219' title='bbox 2146 1678 2377 1735; x_wconf 84' lang='lat' dir='ltr'><strong>fortasse</strong></span> <span class='ocrx_word' id='word_1_220' title='bbox 2405 1678 2624 1749; x_wconf 89' lang='lat' dir='ltr'><strong>quodin</strong></span> <span class='ocrx_word' id='word_1_221' title='bbox 2668 1677 2834 1745; x_wconf 88' lang='lat' dir='ltr'><strong>ipsius</strong></span> <span class='ocrx_word' id='word_1_222' title='bbox 2858 1676 3105 1731; x_wconf 87' lang='lat' dir='ltr'><strong>notitiam</strong></span> <span class='ocrx_word' id='word_1_223' title='bbox 3134 1674 3274 1748; x_wconf 83' lang='lat' dir='ltr'><strong>(quae</strong></span> <span class='ocrx_word' id='word_1_224' title='bbox 3313 1675 3576 1730; x_wconf 88' lang='lat' dir='ltr'><strong>librorum</strong></span> 
     </span>
    </p>
   </div>
   <div class='ocr_carea' id='block_1_22' title="bbox 305 1764 3581 1843">
    <p class='ocr_par' dir='ltr' id='par_1_22' title="bbox 305 1764 3581 1843">
     <span class='ocr_line' id='line_1_22' title="bbox 305 1764 3581 1843; baseline -0.001 -18"><span class='ocrx_word' id='word_1_225' title='bbox 305 1773 522 1843; x_wconf 83' lang='lat' dir='ltr'><strong>propria</strong></span> <span class='ocrx_word' id='word_1_226' title='bbox 551 1771 741 1842; x_wconf 80' lang='lat' dir='ltr'><strong>specie,</strong></span> <span class='ocrx_word' id='word_1_227' title='bbox 771 1770 824 1824; x_wconf 89' lang='lat' dir='ltr'><strong>in</strong></span> <span class='ocrx_word' id='word_1_228' title='bbox 853 1786 1069 1826; x_wconf 89' lang='lat' dir='ltr'><strong>carnem</strong></span> <span class='ocrx_word' id='word_1_229' title='bbox 1100 1780 1153 1826; x_wconf 89' lang='lat' dir='ltr'><strong>et</strong></span> <span class='ocrx_word' id='word_1_230' title='bbox 1186 1771 1503 1841; x_wconf 79' lang='lat' dir='ltr'><strong>sanguinem</strong></span> <span class='ocrx_word' id='word_1_231' title='bbox 1538 1769 1748 1824; x_wconf 92' lang='lat' dir='ltr'><strong>Domini</strong></span> <span class='ocrx_word' id='word_1_232' title='bbox 1776 1783 1901 1823; x_wconf 90' lang='lat' dir='ltr'><strong>cou-</strong></span> <span class='ocrx_word' id='word_1_233' title='bbox 1930 1764 1977 1825; x_wconf 84' lang='grc' dir='ltr'>Β</span> <span class='ocrx_word' id='word_1_234' title='bbox 2003 1780 2115 1828; x_wconf 90' lang='lat' dir='ltr'><strong>tum</strong></span> <span class='ocrx_word' id='word_1_235' title='bbox 2141 1772 2321 1843; x_wconf 90' lang='lat' dir='ltr'><strong>inopia</strong></span> <span class='ocrx_word' id='word_1_236' title='bbox 2346 1778 2403 1827; x_wconf 93' lang='lat' dir='ltr'><strong>et</strong></span> <span class='ocrx_word' id='word_1_237' title='bbox 2444 1769 2675 1827; x_wconf 78' lang='lat' dir='ltr'><strong>difﬁcilis</strong></span> <span class='ocrx_word' id='word_1_238' title='bbox 2695 1769 3110 1825; x_wconf 88' lang='lat' dir='ltr'><strong>communicatio</strong></span> <span class='ocrx_word' id='word_1_239' title='bbox 3141 1769 3279 1840; x_wconf 88' lang='lat' dir='ltr'><strong>erat)</strong></span> <span class='ocrx_word' id='word_1_240' title='bbox 3327 1783 3437 1824; x_wconf 86' lang='lat' dir='ltr'><strong>non</strong></span> <span class='ocrx_word' id='word_1_241' title='bbox 3489 1781 3581 1821; x_wconf 90' lang='lat' dir='ltr'><strong>ve-</strong></span> 
     </span>
    </p>
   </div>
   <div class='ocr_carea' id='block_1_23' title="bbox 307 1859 2196 1931">
    <p class='ocr_par' dir='ltr' id='par_1_23' title="bbox 307 1859 2196 1931">
     <span class='ocr_line' id='line_1_23' title="bbox 307 1859 2196 1931; baseline -0.001 -16"><span class='ocrx_word' id='word_1_242' title='bbox 307 1861 469 1924; x_wconf 78' lang='lat' dir='ltr'><strong>verti,</strong></span> <span class='ocrx_word' id='word_1_243' title='bbox 502 1868 662 1929; x_wconf 89' lang='lat' dir='ltr'><strong>atque</strong></span> <span class='ocrx_word' id='word_1_244' title='bbox 690 1860 744 1915; x_wconf 91' lang='lat' dir='ltr'><strong>in</strong></span> <span class='ocrx_word' id='word_1_245' title='bbox 765 1874 827 1917; x_wconf 89' lang='lat' dir='ltr'><strong>ea</strong></span> <span class='ocrx_word' id='word_1_246' title='bbox 857 1862 1207 1931; x_wconf 87' lang='lat' dir='ltr'><strong>persuasione</strong></span> <span class='ocrx_word' id='word_1_247' title='bbox 1235 1860 1580 1917; x_wconf 76' lang='lat' dir='ltr'><strong>orthodoxam</strong></span> <span class='ocrx_word' id='word_1_248' title='bbox 1618 1859 1901 1915; x_wconf 81' lang='lat' dir='ltr'><strong>credulita-</strong></span> <span class='ocrx_word' id='word_1_249' title='bbox 2005 1867 2196 1922; x_wconf 73' lang='lat' dir='ltr'><strong>uisset.</strong></span> 
     </span>
    </p>
   </div>
   <div class='ocr_carea' id='block_1_24' title="bbox 309 1948 3582 2027">
    <p class='ocr_par' dir='ltr' id='par_1_24' title="bbox 309 1948 3582 2027">
     <span class='ocr_line' id='line_1_24' title="bbox 309 1948 3582 2027; baseline -0.001 -21"><span class='ocrx_word' id='word_1_250' title='bbox 309 1963 416 2008; x_wconf 79' lang='lat' dir='ltr'><strong>tem</strong></span> <span class='ocrx_word' id='word_1_251' title='bbox 446 1952 613 2009; x_wconf 82' lang='lat' dir='ltr'><strong>fuisse</strong></span> <span class='ocrx_word' id='word_1_252' title='bbox 635 1953 976 2010; x_wconf 73' lang='lat' dir='ltr'><strong>mllocatam.</strong></span> <span class='ocrx_word' id='word_1_253' title='bbox 1404 1974 1407 1975; x_wconf 48' lang='grc' dir='ltr'><em>ν</em></span> <span class='ocrx_word' id='word_1_254' title='bbox 2074 1958 2201 2012; x_wconf 83' lang='lat' dir='ltr'><strong>Haec</strong></span> <span class='ocrx_word' id='word_1_255' title='bbox 2228 1955 2343 2011; x_wconf 88' lang='lat' dir='ltr'><strong>fere</strong></span> <span class='ocrx_word' id='word_1_256' title='bbox 2368 1963 2493 2012; x_wconf 90' lang='lat' dir='ltr'><strong>sunt</strong></span> <span class='ocrx_word' id='word_1_257' title='bbox 2513 1962 2824 2027; x_wconf 82' lang='lat' dir='ltr'><strong>argumenta</strong></span> <span class='ocrx_word' id='word_1_258' title='bbox 2855 1952 3213 2023; x_wconf 62' lang='lat' dir='ltr'><strong>qumDallteus</strong></span> <span class='ocrx_word' id='word_1_259' title='bbox 3225 1950 3464 2021; x_wconf 81' lang='lat' dir='ltr'><strong>congerit</strong></span> <span class='ocrx_word' id='word_1_260' title='bbox 3487 1948 3582 2004; x_wconf 44' lang='lat' dir='ltr'><strong>add</strong></span> 
     </span>
    </p>
   </div>
   <div class='ocr_carea' id='block_1_25' title="bbox 2004 2043 3585 2114">
    <p class='ocr_par' dir='ltr' id='par_1_25' title="bbox 2004 2043 3585 2114">
     <span class='ocr_line' id='line_1_25' title="bbox 2004 2043 3585 2114; baseline -0.006 -12"><span class='ocrx_word' id='word_1_261' title='bbox 2004 2062 2192 2103; x_wconf 84' lang='lat' dir='ltr'><strong>versus</strong></span> <span class='ocrx_word' id='word_1_262' title='bbox 2210 2047 2576 2103; x_wconf 86' lang='lat' dir='ltr'><strong>Confessionis</strong></span> <span class='ocrx_word' id='word_1_263' title='bbox 2593 2056 2867 2102; x_wconf 85' lang='lat' dir='ltr'><strong>auctorem</strong></span> <span class='ocrx_word' id='word_1_264' title='bbox 2889 2053 2943 2101; x_wconf 90' lang='lat' dir='ltr'><strong>et</strong></span> <span class='ocrx_word' id='word_1_265' title='bbox 2956 2045 3354 2114; x_wconf 85' lang='lat' dir='ltr'><strong>antiquitatem.</strong></span> <span class='ocrx_word' id='word_1_266' title='bbox 3378 2043 3425 2096; x_wconf 91' lang='lat' dir='ltr'><strong>si</strong></span> <span class='ocrx_word' id='word_1_267' title='bbox 3449 2056 3585 2095; x_wconf 86' lang='lat' dir='ltr'><strong>non-</strong></span> 
     </span>
    </p>
   </div>
   <div class='ocr_carea' id='block_1_26' title="bbox 381 2129 3580 2209">
    <p class='ocr_par' dir='ltr' id='par_1_26' title="bbox 381 2129 3580 2209">
     <span class='ocr_line' id='line_1_26' title="bbox 381 2129 3580 2209; baseline -0.002 -22"><span class='ocrx_word' id='word_1_268' title='bbox 381 2131 639 2190; x_wconf 88' lang='lat' dir='ltr'><strong>Eamdem</strong></span> <span class='ocrx_word' id='word_1_269' title='bbox 666 2134 860 2190; x_wconf 89' lang='lat' dir='ltr'><strong>astruit</strong></span> <span class='ocrx_word' id='word_1_270' title='bbox 884 2134 1564 2196; x_wconf 84' lang='lat' dir='ltr'><strong>Haimo,IIalberstadensis</strong></span> <span class='ocrx_word' id='word_1_271' title='bbox 1591 2134 1899 2203; x_wconf 84' lang='lat' dir='ltr'><strong>episcopus,</strong></span> <span class='ocrx_word' id='word_1_272' title='bbox 2003 2140 2179 2195; x_wconf 88' lang='lat' dir='ltr'><strong>nullas</strong></span> <span class='ocrx_word' id='word_1_273' title='bbox 2201 2138 2479 2209; x_wconf 83' lang='lat' dir='ltr'><strong>exceperis</strong></span> <span class='ocrx_word' id='word_1_274' title='bbox 2501 2138 2780 2203; x_wconf 84' lang='lat' dir='ltr'><strong>minutias,</strong></span> <span class='ocrx_word' id='word_1_275' title='bbox 2807 2152 2943 2207; x_wconf 89' lang='lat' dir='ltr'><strong>quas</strong></span> <span class='ocrx_word' id='word_1_276' title='bbox 2968 2134 3212 2191; x_wconf 89' lang='lat' dir='ltr'><strong>consulto</strong></span> <span class='ocrx_word' id='word_1_277' title='bbox 3229 2129 3580 2202; x_wconf 85' lang='lat' dir='ltr'><strong>praetermisi;</strong></span> 
     </span>
    </p>
   </div>
   <div class='ocr_carea' id='block_1_27' title="bbox 306 2222 3586 2299">
    <p class='ocr_par' dir='ltr' id='par_1_27' title="bbox 306 2222 3586 2299">
     <span class='ocr_line' id='line_1_27' title="bbox 306 2222 3586 2299; baseline -0.002 -19"><span class='ocrx_word' id='word_1_278' title='bbox 306 2223 461 2280; x_wconf 88' lang='lat' dir='ltr'><strong>Pauli</strong></span> <span class='ocrx_word' id='word_1_279' title='bbox 493 2234 548 2280; x_wconf 90' lang='lat' dir='ltr'><strong>et</strong></span> <span class='ocrx_word' id='word_1_280' title='bbox 566 2225 781 2283; x_wconf 79' lang='lat' dir='ltr'><strong>Alcuini</strong></span> <span class='ocrx_word' id='word_1_281' title='bbox 830 2243 1051 2298; x_wconf 87' lang='lat' dir='ltr'><strong>suppar,</strong></span> <span class='ocrx_word' id='word_1_282' title='bbox 1104 2228 1159 2282; x_wconf 91' lang='lat' dir='ltr'><strong>in</strong></span> <span class='ocrx_word' id='word_1_283' title='bbox 1190 2226 1445 2282; x_wconf 87' lang='lat' dir='ltr'><strong>Tractatu</strong></span> <span class='ocrx_word' id='word_1_284' title='bbox 1496 2228 1561 2282; x_wconf 93' lang='lat' dir='ltr'><strong>de</strong></span> <span class='ocrx_word' id='word_1_285' title='bbox 1592 2240 1818 2295; x_wconf 87' lang='lat' dir='ltr'><strong>corpore</strong></span> <span class='ocrx_word' id='word_1_286' title='bbox 1846 2232 1902 2279; x_wconf 87' lang='lat' dir='ltr'><strong>et</strong></span> <span class='ocrx_word' id='word_1_287' title='bbox 2005 2227 2182 2298; x_wconf 89' lang='lat' dir='ltr'><strong>qualia</strong></span> <span class='ocrx_word' id='word_1_288' title='bbox 2202 2234 2328 2281; x_wconf 90' lang='lat' dir='ltr'><strong>sunt</strong></span> <span class='ocrx_word' id='word_1_289' title='bbox 2356 2242 2474 2296; x_wconf 81' lang='lat' dir='ltr'><strong>quae</strong></span> <span class='ocrx_word' id='word_1_290' title='bbox 2500 2224 2708 2295; x_wconf 82' lang='lat' dir='ltr'><strong>profert</strong></span> <span class='ocrx_word' id='word_1_291' title='bbox 2728 2227 2793 2299; x_wconf 87' lang='lat' dir='ltr'><strong>de</strong></span> <span class='ocrx_word' id='word_1_292' title='bbox 2813 2226 2937 2296; x_wconf 85' lang='lat' dir='ltr'><strong>styli</strong></span> <span class='ocrx_word' id='word_1_293' title='bbox 2980 2222 3412 2279; x_wconf 87' lang='lat' dir='ltr'><strong>dissimilitudine</strong></span> <span class='ocrx_word' id='word_1_294' title='bbox 3443 2236 3472 2274; x_wconf 90' lang='lat' dir='ltr'><strong>a</strong></span> <span class='ocrx_word' id='word_1_295' title='bbox 3500 2234 3586 2273; x_wconf 86' lang='lat' dir='ltr'><strong>ve-</strong></span> 
     </span>
    </p>
   </div>
   <div class='ocr_carea' id='block_1_28' title="bbox 313 2306 3582 2400">
    <p class='ocr_par' dir='ltr' id='par_1_28' title="bbox 313 2306 3582 2400">
     <span class='ocr_line' id='line_1_28' title="bbox 313 2306 3582 2400; baseline -0.005 -16"><span class='ocrx_word' id='word_1_296' title='bbox 313 2315 574 2400; x_wconf 56' lang='grc' dir='ltr'><strong>εθιξὲυίηθ</strong></span> <span class='ocrx_word' id='word_1_297' title='bbox 602 2315 839 2381; x_wconf 62' lang='lat' dir='ltr'><strong>Domini,</strong></span> <span class='ocrx_word' id='word_1_298' title='bbox 878 2332 1040 2386; x_wconf 81' lang='lat' dir='ltr'><strong>quem</strong></span> <span class='ocrx_word' id='word_1_299' title='bbox 1065 2331 1256 2373; x_wconf 69' lang='lat' dir='ltr'><strong>recens</strong></span> <span class='ocrx_word' id='word_1_300' title='bbox 1296 2318 1465 2373; x_wconf 73' lang='lat' dir='ltr'><strong>edidit</strong></span> <span class='ocrx_word' id='word_1_301' title='bbox 1505 2314 1696 2372; x_wconf 46' lang='lat' dir='ltr'><strong>noslet“</strong></span> <span class='ocrx_word' id='word_1_302' title='bbox 1730 2315 1903 2370; x_wconf 72' lang='lat' dir='ltr'><strong>Aehe-</strong></span> <span class='ocrx_word' id='word_1_303' title='bbox 2003 2323 2083 2378; x_wconf 91' lang='lat' dir='ltr'><strong>ris</strong></span> <span class='ocrx_word' id='word_1_304' title='bbox 2136 2321 2348 2376; x_wconf 81' lang='lat' dir='ltr'><strong>Alcuini</strong></span> <span class='ocrx_word' id='word_1_305' title='bbox 2397 2306 2690 2390; x_wconf 22' lang='lat' dir='ltr'><strong>operibuszl</strong></span> <span class='ocrx_word' id='word_1_306' title='bbox 2734 2335 2857 2374; x_wconf 92' lang='lat' dir='ltr'><strong>cum</strong></span> <span class='ocrx_word' id='word_1_307' title='bbox 2888 2318 2977 2373; x_wconf 90' lang='lat' dir='ltr'><strong>alii</strong></span> <span class='ocrx_word' id='word_1_308' title='bbox 3006 2318 3148 2378; x_wconf 87' lang='lat' dir='ltr'><strong>docti</strong></span> <span class='ocrx_word' id='word_1_309' title='bbox 3174 2316 3277 2370; x_wconf 90' lang='lat' dir='ltr'><strong>viri</strong></span> <span class='ocrx_word' id='word_1_310' title='bbox 3315 2315 3582 2379; x_wconf 85' lang='lat' dir='ltr'><strong>eamdem,</strong></span> 
     </span>
    </p>
   </div>
   <div class='ocr_carea' id='block_1_29' title="bbox 312 2405 3589 2481">
    <p class='ocr_par' dir='ltr' id='par_1_29' title="bbox 312 2405 3589 2481">
     <span class='ocr_line' id='line_1_29' title="bbox 312 2405 3589 2481; baseline -0.001 -18"><span class='ocrx_word' id='word_1_311' title='bbox 312 2408 430 2463; x_wconf 87' lang='lat' dir='ltr'><strong>rius</strong></span> <span class='ocrx_word' id='word_1_312' title='bbox 469 2409 524 2462; x_wconf 92' lang='lat' dir='ltr'><strong>in</strong></span> <span class='ocrx_word' id='word_1_313' title='bbox 568 2408 842 2480; x_wconf 81' lang='lat' dir='ltr'><strong>Spicilegii</strong></span> <span class='ocrx_word' id='word_1_314' title='bbox 894 2417 1038 2465; x_wconf 89' lang='lat' dir='ltr'><strong>tomo</strong></span> <span class='ocrx_word' id='word_1_315' title='bbox 1085 2410 1177 2465; x_wconf 80' lang='lat' dir='ltr'><strong>XII</strong></span> <span class='ocrx_word' id='word_1_316' title='bbox 1224 2429 1236 2464; x_wconf 90' lang='lat'><strong>:</strong></span> <span class='ocrx_word' id='word_1_317' title='bbox 1269 2410 1368 2466; x_wconf 86' lang='lat' dir='ltr'><strong>Hic</strong></span> <span class='ocrx_word' id='word_1_318' title='bbox 1396 2411 1541 2465; x_wconf 89' lang='lat' dir='ltr'><strong>enim</strong></span> <span class='ocrx_word' id='word_1_319' title='bbox 1577 2425 1749 2472; x_wconf 89' lang='lat' dir='ltr'><strong>suam,</strong></span> <span class='ocrx_word' id='word_1_320' title='bbox 1793 2409 1904 2463; x_wconf 91' lang='lat' dir='ltr'><strong>imo</strong></span> <span class='ocrx_word' id='word_1_321' title='bbox 2004 2428 2127 2468; x_wconf 86' lang='lat' dir='ltr'><strong>cum</strong></span> <span class='ocrx_word' id='word_1_322' title='bbox 2151 2411 2205 2465; x_wconf 92' lang='lat' dir='ltr'><strong>in</strong></span> <span class='ocrx_word' id='word_1_323' title='bbox 2232 2412 2345 2481; x_wconf 89' lang='lat' dir='ltr'><strong>ipsa</strong></span> <span class='ocrx_word' id='word_1_324' title='bbox 2369 2410 2737 2476; x_wconf 89' lang='lat' dir='ltr'><strong>Confessione,</strong></span> <span class='ocrx_word' id='word_1_325' title='bbox 2767 2416 2883 2463; x_wconf 90' lang='lat' dir='ltr'><strong>tum</strong></span> <span class='ocrx_word' id='word_1_326' title='bbox 2906 2408 2961 2463; x_wconf 92' lang='lat' dir='ltr'><strong>in</strong></span> <span class='ocrx_word' id='word_1_327' title='bbox 2985 2406 3210 2462; x_wconf 87' lang='lat' dir='ltr'><strong>sinceris</strong></span> <span class='ocrx_word' id='word_1_328' title='bbox 3232 2405 3444 2461; x_wconf 85' lang='lat' dir='ltr'><strong>Alcuini</strong></span> <span class='ocrx_word' id='word_1_329' title='bbox 3466 2419 3589 2475; x_wconf 90' lang='lat' dir='ltr'><strong>ope-</strong></span> 
     </span>
    </p>
   </div>
   <div class='ocr_carea' id='block_1_30' title="bbox 310 2495 3589 2573">
    <p class='ocr_par' dir='ltr' id='par_1_30' title="bbox 310 2495 3589 2573">
     <span class='ocr_line' id='line_1_30' title="bbox 310 2495 3589 2573; baseline -0.002 -18"><span class='ocrx_word' id='word_1_330' title='bbox 310 2509 370 2555; x_wconf 88' lang='lat' dir='ltr'><strong>et</strong></span> <span class='ocrx_word' id='word_1_331' title='bbox 395 2498 795 2556; x_wconf 87' lang='lat' dir='ltr'><strong>Catholicorum</strong></span> <span class='ocrx_word' id='word_1_332' title='bbox 819 2502 904 2556; x_wconf 89' lang='lat' dir='ltr'><strong>sui</strong></span> <span class='ocrx_word' id='word_1_333' title='bbox 925 2503 1184 2573; x_wconf 87' lang='lat' dir='ltr'><strong>temporis</strong></span> <span class='ocrx_word' id='word_1_334' title='bbox 1219 2503 1461 2557; x_wconf 90' lang='lat' dir='ltr'><strong>omnium</strong></span> <span class='ocrx_word' id='word_1_335' title='bbox 1490 2501 1647 2556; x_wconf 90' lang='lat' dir='ltr'><strong>ﬁdem</strong></span> <span class='ocrx_word' id='word_1_336' title='bbox 1671 2500 1905 2572; x_wconf 82' lang='lat' dir='ltr'><strong>explicat</strong></span> <span class='ocrx_word' id='word_1_337' title='bbox 2002 2504 2174 2566; x_wconf 87' lang='lat' dir='ltr'><strong>ribus,</strong></span> <span class='ocrx_word' id='word_1_338' title='bbox 2215 2501 2477 2556; x_wconf 88' lang='lat' dir='ltr'><strong>orationis</strong></span> <span class='ocrx_word' id='word_1_339' title='bbox 2518 2500 2881 2571; x_wconf 69' lang='lat' dir='ltr'><strong>(equalitatem</strong></span> <span class='ocrx_word' id='word_1_340' title='bbox 2926 2507 3238 2571; x_wconf 83' lang='lat' dir='ltr'><strong>agnoscant.</strong></span> <span class='ocrx_word' id='word_1_341' title='bbox 3314 2497 3474 2562; x_wconf 64' lang='lat' dir='ltr'><strong>Haec,</strong></span> <span class='ocrx_word' id='word_1_342' title='bbox 3506 2495 3589 2549; x_wconf 90' lang='lat' dir='ltr'><strong>in-</strong></span> 
     </span>
    </p>
   </div>
   <div class='ocr_carea' id='block_1_31' title="bbox 313 2589 3587 2667">
    <p class='ocr_par' dir='ltr' id='par_1_31' title="bbox 313 2589 3587 2667">
     <span class='ocr_line' id='line_1_31' title="bbox 313 2589 3587 2667; baseline -0.001 -24"><span class='ocrx_word' id='word_1_343' title='bbox 313 2589 371 2643; x_wconf 86' lang='lat' dir='ltr'><strong>in</strong></span> <span class='ocrx_word' id='word_1_344' title='bbox 399 2590 545 2645; x_wconf 84' lang='lat' dir='ltr'><strong>hunc</strong></span> <span class='ocrx_word' id='word_1_345' title='bbox 575 2590 797 2645; x_wconf 90' lang='lat' dir='ltr'><strong>modum</strong></span> <span class='ocrx_word' id='word_1_346' title='bbox 828 2610 841 2644; x_wconf 90' lang='lat'>:</span> <span class='ocrx_word' id='word_1_347' title='bbox 874 2610 895 2644; x_wconf 84' lang='lat'><strong>(</strong></span> <span class='ocrx_word' id='word_1_348' title='bbox 930 2593 1216 2648; x_wconf 87' lang='lat' dir='ltr'><strong>Credimus</strong></span> <span class='ocrx_word' id='word_1_349' title='bbox 1236 2594 1420 2662; x_wconf 88' lang='lat' dir='ltr'><strong>itaque</strong></span> <span class='ocrx_word' id='word_1_350' title='bbox 1446 2601 1502 2646; x_wconf 90' lang='lat' dir='ltr'><strong>et</strong></span> <span class='ocrx_word' id='word_1_351' title='bbox 1524 2592 1753 2647; x_wconf 88' lang='lat' dir='ltr'><strong>ﬁdeliter</strong></span> <span class='ocrx_word' id='word_1_352' title='bbox 1775 2606 1905 2645; x_wconf 88' lang='lat' dir='ltr'><strong>con—</strong></span> <span class='ocrx_word' id='word_1_353' title='bbox 2006 2613 2189 2667; x_wconf 89' lang='lat' dir='ltr'><strong>quam,</strong></span> <span class='ocrx_word' id='word_1_354' title='bbox 2221 2612 2339 2666; x_wconf 71' lang='lat' dir='ltr'><strong>qua:</strong></span> <span class='ocrx_word' id='word_1_355' title='bbox 2357 2598 2577 2660; x_wconf 82' lang='lat' dir='ltr'><strong>minuta,</strong></span> <span class='ocrx_word' id='word_1_356' title='bbox 2606 2612 2767 2667; x_wconf 83' lang='lat' dir='ltr'><strong>neque</strong></span> <span class='ocrx_word' id='word_1_357' title='bbox 2794 2596 2921 2649; x_wconf 84' lang='lat' dir='ltr'><strong>satis</strong></span> <span class='ocrx_word' id='word_1_358' title='bbox 2961 2603 3101 2649; x_wconf 86' lang='lat' dir='ltr'><strong>certa</strong></span> <span class='ocrx_word' id='word_1_359' title='bbox 3128 2593 3226 2664; x_wconf 88' lang='lat' dir='ltr'><strong>ipsi</strong></span> <span class='ocrx_word' id='word_1_360' title='bbox 3248 2591 3445 2645; x_wconf 71' lang='lat' dir='ltr'><strong>Dallreo</strong></span> <span class='ocrx_word' id='word_1_361' title='bbox 3473 2589 3587 2643; x_wconf 91' lang='lat' dir='ltr'><strong>visa</strong></span> 
     </span>
    </p>
   </div>
   <div class='ocr_carea' id='block_1_32' title="bbox 314 2678 3589 2756">
    <p class='ocr_par' dir='ltr' id='par_1_32' title="bbox 314 2678 3589 2756">
     <span class='ocr_line' id='line_1_32' title="bbox 314 2678 3589 2756; baseline -0.001 -22"><span class='ocrx_word' id='word_1_362' title='bbox 314 2678 534 2735; x_wconf 81' lang='lat' dir='ltr'><strong>fitemur</strong></span> <span class='ocrx_word' id='word_1_363' title='bbox 559 2688 613 2736; x_wconf 90' lang='lat' dir='ltr'><strong>et</strong></span> <span class='ocrx_word' id='word_1_364' title='bbox 644 2689 909 2749; x_wconf 87' lang='lat' dir='ltr'><strong>tenemus,</strong></span> <span class='ocrx_word' id='word_1_365' title='bbox 945 2683 1089 2753; x_wconf 87' lang='lat' dir='ltr'><strong>quod</strong></span> <span class='ocrx_word' id='word_1_366' title='bbox 1114 2684 1418 2740; x_wconf 89' lang='lat' dir='ltr'><strong>substantia</strong></span> <span class='ocrx_word' id='word_1_367' title='bbox 1448 2683 1559 2747; x_wconf 89' lang='lat' dir='ltr'><strong>illa,</strong></span> <span class='ocrx_word' id='word_1_368' title='bbox 1615 2684 1771 2753; x_wconf 88' lang='lat' dir='ltr'><strong>panis</strong></span> <span class='ocrx_word' id='word_1_369' title='bbox 1796 2683 1905 2737; x_wconf 89' lang='lat' dir='ltr'><strong>sci-</strong></span> <span class='ocrx_word' id='word_1_370' title='bbox 2007 2695 2153 2753; x_wconf 90' lang='lat' dir='ltr'><strong>sunt,</strong></span> <span class='ocrx_word' id='word_1_371' title='bbox 2172 2687 2411 2756; x_wconf 89' lang='lat' dir='ltr'><strong>prudens</strong></span> <span class='ocrx_word' id='word_1_372' title='bbox 2433 2685 2785 2751; x_wconf 84' lang='lat' dir='ltr'><strong>dissimulavi,</strong></span> <span class='ocrx_word' id='word_1_373' title='bbox 2813 2699 2881 2739; x_wconf 90' lang='lat' dir='ltr'><strong>ne</strong></span> <span class='ocrx_word' id='word_1_374' title='bbox 2902 2685 3113 2755; x_wconf 81' lang='lat' dir='ltr'><strong>longius</strong></span> <span class='ocrx_word' id='word_1_375' title='bbox 3138 2681 3589 2753; x_wconf 84' lang='lat' dir='ltr'><strong>progrederemur</strong></span> 
     </span>
    </p>
   </div>
   <div class='ocr_carea' id='block_1_33' title="bbox 308 2773 2686 2846">
    <p class='ocr_par' dir='ltr' id='par_1_33' title="bbox 308 2773 2686 2846">
     <span class='ocr_line' id='line_1_33' title="bbox 308 2773 2686 2846; baseline 0 -17"><span class='ocrx_word' id='word_1_376' title='bbox 308 2773 443 2829; x_wconf 86' lang='lat' dir='ltr'><strong>licet</strong></span> <span class='ocrx_word' id='word_1_377' title='bbox 468 2781 523 2830; x_wconf 90' lang='lat' dir='ltr'><strong>et</strong></span> <span class='ocrx_word' id='word_1_378' title='bbox 547 2775 677 2841; x_wconf 87' lang='lat' dir='ltr'><strong>vini,</strong></span> <span class='ocrx_word' id='word_1_379' title='bbox 708 2791 808 2846; x_wconf 89' lang='lat' dir='ltr'><strong>per</strong></span> <span class='ocrx_word' id='word_1_380' title='bbox 834 2777 1206 2846; x_wconf 89' lang='lat' dir='ltr'><strong>operationem</strong></span> <span class='ocrx_word' id='word_1_381' title='bbox 1232 2776 1427 2831; x_wconf 65' lang='lat' dir='ltr'><strong>divinae</strong></span> <span class='ocrx_word' id='word_1_382' title='bbox 1447 2775 1687 2840; x_wconf 86' lang='lat' dir='ltr'><strong>virtutis,</strong></span> <span class='ocrx_word' id='word_1_383' title='bbox 1713 2784 1771 2828; x_wconf 90' lang='lat' dir='ltr'><strong>ut</strong></span> <span class='ocrx_word' id='word_1_384' title='bbox 1789 2775 1905 2844; x_wconf 89' lang='lat' dir='ltr'><strong>jam</strong></span> <span class='ocrx_word' id='word_1_385' title='bbox 2007 2787 2208 2835; x_wconf 69' lang='lat' dir='ltr'><strong>nostra:</strong></span> <span class='ocrx_word' id='word_1_386' title='bbox 2237 2779 2686 2833; x_wconf 84' lang='lat' dir='ltr'><strong>concertationes.</strong></span> 
     </span>
    </p>
   </div>
   <div class='ocr_carea' id='block_1_34' title="bbox 304 2865 3587 2941">
    <p class='ocr_par' dir='ltr' id='par_1_34' title="bbox 304 2865 3587 2941">
     <span class='ocr_line' id='line_1_34' title="bbox 304 2865 3587 2941; baseline 0.002 -22"><span class='ocrx_word' id='word_1_387' title='bbox 304 2865 520 2921; x_wconf 76' lang='lat' dir='ltr'><strong>dictum</strong></span> <span class='ocrx_word' id='word_1_388' title='bbox 545 2874 647 2931; x_wconf 87' lang='lat' dir='ltr'><strong>est,</strong></span> <span class='ocrx_word' id='word_1_389' title='bbox 663 2866 717 2921; x_wconf 89' lang='lat' dir='ltr'><strong>id</strong></span> <span class='ocrx_word' id='word_1_390' title='bbox 730 2874 815 2921; x_wconf 89' lang='lat' dir='ltr'><strong>est</strong></span> <span class='ocrx_word' id='word_1_391' title='bbox 836 2875 1026 2922; x_wconf 89' lang='lat' dir='ltr'><strong>natura</strong></span> <span class='ocrx_word' id='word_1_392' title='bbox 1053 2868 1213 2938; x_wconf 87' lang='lat' dir='ltr'><strong>panis</strong></span> <span class='ocrx_word' id='word_1_393' title='bbox 1236 2876 1290 2922; x_wconf 91' lang='lat' dir='ltr'><strong>et</strong></span> <span class='ocrx_word' id='word_1_394' title='bbox 1315 2867 1447 2933; x_wconf 90' lang='lat' dir='ltr'><strong>vini,</strong></span> <span class='ocrx_word' id='word_1_395' title='bbox 1476 2865 1906 2921; x_wconf 89' lang='lat' dir='ltr'><strong>substantialiter</strong></span> <span class='ocrx_word' id='word_1_396' title='bbox 2078 2872 2205 2929; x_wconf 62' lang='lat' dir='ltr'><strong>Haec</strong></span> <span class='ocrx_word' id='word_1_397' title='bbox 2228 2888 2328 2941; x_wconf 89' lang='lat' dir='ltr'><strong>pro</strong></span> <span class='ocrx_word' id='word_1_398' title='bbox 2356 2873 2571 2927; x_wconf 88' lang='lat' dir='ltr'><strong>modulo</strong></span> <span class='ocrx_word' id='word_1_399' title='bbox 2600 2872 2741 2927; x_wconf 87' lang='lat' dir='ltr'><strong>dicta</strong></span> <span class='ocrx_word' id='word_1_400' title='bbox 2762 2872 2871 2927; x_wconf 89' lang='lat' dir='ltr'><strong>siut</strong></span> <span class='ocrx_word' id='word_1_401' title='bbox 2897 2871 2963 2927; x_wconf 90' lang='lat' dir='ltr'><strong>de</strong></span> <span class='ocrx_word' id='word_1_402' title='bbox 2985 2870 3144 2941; x_wconf 71' lang='lat' dir='ltr'><strong>hujus</strong></span> <span class='ocrx_word' id='word_1_403' title='bbox 3162 2868 3342 2938; x_wconf 86' lang='lat' dir='ltr'><strong>operis</strong></span> <span class='ocrx_word' id='word_1_404' title='bbox 3368 2872 3587 2920; x_wconf 79' lang='lat' dir='ltr'><strong>auctore</strong></span> 
     </span>
    </p>
   </div>
   <div class='ocr_carea' id='block_1_35' title="bbox 313 2958 3589 3037">
    <p class='ocr_par' dir='ltr' id='par_1_35' title="bbox 313 2958 3589 3037">
     <span class='ocr_line' id='line_1_35' title="bbox 313 2958 3589 3037; baseline -0 -26"><span class='ocrx_word' id='word_1_405' title='bbox 313 2964 665 3012; x_wconf 70' lang='lat' dir='ltr'><strong>convertatur</strong></span> <span class='ocrx_word' id='word_1_406' title='bbox 687 2958 742 3012; x_wconf 89' lang='lat' dir='ltr'><strong>in</strong></span> <span class='ocrx_word' id='word_1_407' title='bbox 759 2958 921 3014; x_wconf 90' lang='lat' dir='ltr'><strong>aliam</strong></span> <span class='ocrx_word' id='word_1_408' title='bbox 951 2959 1333 3024; x_wconf 86' lang='lat' dir='ltr'><strong>substantiam,</strong></span> <span class='ocrx_word' id='word_1_409' title='bbox 1365 2959 1419 3013; x_wconf 89' lang='lat' dir='ltr'><strong>id</strong></span> <span class='ocrx_word' id='word_1_410' title='bbox 1435 2965 1518 3013; x_wconf 89' lang='lat' dir='ltr'><strong>est</strong></span> <span class='ocrx_word' id='word_1_411' title='bbox 1536 2958 1589 3012; x_wconf 88' lang='lat' dir='ltr'><strong>in</strong></span> <span class='ocrx_word' id='word_1_412' title='bbox 1618 2972 1837 3013; x_wconf 89' lang='lat' dir='ltr'><strong>carnem</strong></span> <span class='ocrx_word' id='word_1_413' title='bbox 1852 2966 1907 3012; x_wconf 89' lang='lat' dir='ltr'><strong>et</strong></span> <span class='ocrx_word' id='word_1_414' title='bbox 2006 2973 2062 3021; x_wconf 72' lang='lat' dir='ltr'><strong>et</strong></span> <span class='ocrx_word' id='word_1_415' title='bbox 2089 2967 2441 3037; x_wconf 64' lang='lat' dir='ltr'><strong>antiquitate;</strong></span> <span class='ocrx_word' id='word_1_416' title='bbox 2466 2980 2695 3035; x_wconf 69' lang='lat' dir='ltr'><strong>quorum</strong></span> <span class='ocrx_word' id='word_1_417' title='bbox 2716 2979 2885 3019; x_wconf 79' lang='lat' dir='ltr'><strong>unum</strong></span> <span class='ocrx_word' id='word_1_418' title='bbox 2906 2964 2978 3018; x_wconf 72' lang='lat' dir='ltr'><strong>ita</strong></span> <span class='ocrx_word' id='word_1_419' title='bbox 3005 2959 3448 3033; x_wconf 79' lang='lat' dir='ltr'><strong>propugnandum</strong></span> <span class='ocrx_word' id='word_1_420' title='bbox 3476 2971 3589 3012; x_wconf 88' lang='lat' dir='ltr'><strong>sus-</strong></span> 
     </span>
    </p>
   </div>
   <div class='ocr_carea' id='block_1_36' title="bbox 310 3048 3587 3130">
    <p class='ocr_par' dir='ltr' id='par_1_36' title="bbox 310 3048 3587 3130">
     <span class='ocr_line' id='line_1_36' title="bbox 310 3048 3587 3130; baseline -0.005 -14"><span class='ocrx_word' id='word_1_421' title='bbox 310 3051 654 3120; x_wconf 71' lang='lat' dir='ltr'><strong>sanguinem.</strong></span> <span class='ocrx_word' id='word_1_422' title='bbox 694 3071 712 3104; x_wconf 73' lang='grc' dir='ltr'><strong><em>ι</em></strong></span> <span class='ocrx_word' id='word_1_423' title='bbox 750 3052 817 3106; x_wconf 75' lang='lat' dir='ltr'><strong>El</strong></span> <span class='ocrx_word' id='word_1_424' title='bbox 847 3052 986 3106; x_wconf 66' lang='lat' dir='ltr'><strong>illl&#39;l‘a</strong></span> <span class='ocrx_word' id='word_1_425' title='bbox 1018 3070 1030 3107; x_wconf 77' lang='grc' dir='ltr'>ε</span> <span class='ocrx_word' id='word_1_426' title='bbox 1068 3071 1087 3102; x_wconf 82' lang='grc'><strong>(</strong></span> <span class='ocrx_word' id='word_1_427' title='bbox 1125 3052 1433 3108; x_wconf 69' lang='lat' dir='ltr'><strong>Commulat</strong></span> <span class='ocrx_word' id='word_1_428' title='bbox 1461 3067 1591 3122; x_wconf 70' lang='lat' dir='ltr'><strong>ergO</strong></span> <span class='ocrx_word' id='word_1_429' title='bbox 1616 3051 1901 3105; x_wconf 72' lang='lat' dir='ltr'><strong>inViSihiliS</strong></span> <span class='ocrx_word' id='word_1_430' title='bbox 1937 3120 1975 3130; x_wconf 80' lang='lat'><strong>_</strong></span> <span class='ocrx_word' id='word_1_431' title='bbox 2008 3060 2148 3130; x_wconf 84' lang='lat' dir='ltr'><strong>cepi,</strong></span> <span class='ocrx_word' id='word_1_432' title='bbox 2180 3068 2241 3117; x_wconf 91' lang='lat' dir='ltr'><strong>ut</strong></span> <span class='ocrx_word' id='word_1_433' title='bbox 2270 3059 2501 3115; x_wconf 91' lang='lat' dir='ltr'><strong>alterum</strong></span> <span class='ocrx_word' id='word_1_434' title='bbox 2531 3067 2789 3127; x_wconf 88' lang='lat' dir='ltr'><strong>tanquam</strong></span> <span class='ocrx_word' id='word_1_435' title='bbox 2828 3057 3190 3112; x_wconf 89' lang='lat' dir='ltr'><strong>certissimum</strong></span> <span class='ocrx_word' id='word_1_436' title='bbox 3230 3048 3587 3107; x_wconf 87' lang='lat' dir='ltr'><strong>demonstrari</strong></span> 
     </span>
    </p>
   </div>
   <div class='ocr_carea' id='block_1_37' title="bbox 306 3120 3588 3225">
    <p class='ocr_par' dir='ltr' id='par_1_37' title="bbox 306 3120 3588 3225">
     <span class='ocr_line' id='line_1_37' title="bbox 306 3120 3588 3225; baseline 0 -28"><span class='ocrx_word' id='word_1_437' title='bbox 306 3144 571 3198; x_wconf 82' lang='lat' dir='ltr'><strong>sacerdos</strong></span> <span class='ocrx_word' id='word_1_438' title='bbox 591 3159 718 3199; x_wconf 89' lang='lat' dir='ltr'><strong>suas</strong></span> <span class='ocrx_word' id='word_1_439' title='bbox 743 3145 983 3201; x_wconf 82' lang='lat' dir='ltr'><strong>visibiles</strong></span> <span class='ocrx_word' id='word_1_440' title='bbox 1011 3154 1286 3200; x_wconf 87' lang='lat' dir='ltr'><strong>creaturas</strong></span> <span class='ocrx_word' id='word_1_441' title='bbox 1324 3145 1377 3199; x_wconf 93' lang='lat' dir='ltr'><strong>in</strong></span> <span class='ocrx_word' id='word_1_442' title='bbox 1412 3145 1770 3200; x_wconf 87' lang='lat' dir='ltr'><strong>substantiam</strong></span> <span class='ocrx_word' id='word_1_443' title='bbox 1791 3160 1902 3199; x_wconf 64' lang='lat' dir='ltr'><strong>suae</strong></span> <span class='ocrx_word' id='word_1_444' title='bbox 1929 3120 1976 3186; x_wconf 70' lang='grc' dir='ltr'>ο</span> <span class='ocrx_word' id='word_1_445' title='bbox 2004 3168 2162 3225; x_wconf 84' lang='lat' dir='ltr'><strong>posse</strong></span> <span class='ocrx_word' id='word_1_446' title='bbox 2195 3152 2481 3208; x_wconf 78' lang='lat' dir='ltr'><strong>conﬁdam.</strong></span> <span class='ocrx_word' id='word_1_447' title='bbox 2535 3149 2688 3217; x_wconf 89' lang='lat' dir='ltr'><strong>Quod</strong></span> <span class='ocrx_word' id='word_1_448' title='bbox 2715 3150 2762 3204; x_wconf 85' lang='lat' dir='ltr'><strong>si</strong></span> <span class='ocrx_word' id='word_1_449' title='bbox 2788 3165 2894 3204; x_wconf 89' lang='lat' dir='ltr'><strong>non</strong></span> <span class='ocrx_word' id='word_1_450' title='bbox 2922 3149 3137 3219; x_wconf 85' lang='lat' dir='ltr'><strong>penitus</strong></span> <span class='ocrx_word' id='word_1_451' title='bbox 3158 3153 3436 3202; x_wconf 85' lang='lat' dir='ltr'><strong>assecutus</strong></span> <span class='ocrx_word' id='word_1_452' title='bbox 3462 3141 3588 3206; x_wconf 85' lang='lat' dir='ltr'><strong>sim,</strong></span> 
     </span>
    </p>
   </div>
   <div class='ocr_carea' id='block_1_38' title="bbox 308 3234 3588 3313">
    <p class='ocr_par' dir='ltr' id='par_1_38' title="bbox 308 3234 3588 3313">
     <span class='ocr_line' id='line_1_38' title="bbox 308 3234 3588 3313; baseline -0.002 -22"><span class='ocrx_word' id='word_1_453' title='bbox 308 3235 499 3291; x_wconf 84' lang='lat' dir='ltr'><strong>carnis</strong></span> <span class='ocrx_word' id='word_1_454' title='bbox 520 3244 574 3290; x_wconf 91' lang='lat' dir='ltr'><strong>et</strong></span> <span class='ocrx_word' id='word_1_455' title='bbox 603 3238 880 3307; x_wconf 80' lang='lat' dir='ltr'><strong>sanguinis</strong></span> <span class='ocrx_word' id='word_1_456' title='bbox 930 3245 1138 3293; x_wconf 85' lang='lat' dir='ltr'><strong>secreta</strong></span> <span class='ocrx_word' id='word_1_457' title='bbox 1159 3245 1443 3308; x_wconf 87' lang='lat' dir='ltr'><strong>potestate.</strong></span> <span class='ocrx_word' id='word_1_458' title='bbox 1475 3237 1535 3292; x_wconf 88' lang='lat' dir='ltr'><strong>In</strong></span> <span class='ocrx_word' id='word_1_459' title='bbox 1558 3253 1663 3307; x_wconf 89' lang='lat' dir='ltr'><strong>quo</strong></span> <span class='ocrx_word' id='word_1_460' title='bbox 1684 3237 1899 3308; x_wconf 86' lang='lat' dir='ltr'><strong>quidem</strong></span> <span class='ocrx_word' id='word_1_461' title='bbox 2003 3246 2087 3301; x_wconf 77' lang='lat' dir='ltr'><strong>vel</strong></span> <span class='ocrx_word' id='word_1_462' title='bbox 2124 3246 2176 3301; x_wconf 81' lang='lat' dir='ltr'><strong>id</strong></span> <span class='ocrx_word' id='word_1_463' title='bbox 2207 3246 2339 3300; x_wconf 83' lang='lat' dir='ltr'><strong>mihi</strong></span> <span class='ocrx_word' id='word_1_464' title='bbox 2368 3244 2502 3300; x_wconf 79' lang='lat' dir='ltr'><strong>satis</strong></span> <span class='ocrx_word' id='word_1_465' title='bbox 2552 3245 2657 3298; x_wconf 82' lang='lat' dir='ltr'><strong>erit</strong></span> <span class='ocrx_word' id='word_1_466' title='bbox 2678 3259 2777 3313; x_wconf 83' lang='lat' dir='ltr'><strong>pro</strong></span> <span class='ocrx_word' id='word_1_467' title='bbox 2805 3240 2987 3298; x_wconf 86' lang='lat' dir='ltr'><strong>fructu</strong></span> <span class='ocrx_word' id='word_1_468' title='bbox 3026 3239 3225 3311; x_wconf 81' lang='lat' dir='ltr'><strong>Operis,</strong></span> <span class='ocrx_word' id='word_1_469' title='bbox 3281 3235 3422 3307; x_wconf 91' lang='lat' dir='ltr'><strong>quod</strong></span> <span class='ocrx_word' id='word_1_470' title='bbox 3450 3234 3588 3287; x_wconf 90' lang='lat' dir='ltr'><strong>hanc</strong></span> 
     </span>
    </p>
   </div>
   <div class='ocr_carea' id='block_1_39' title="bbox 312 3324 1907 3410">
    <p class='ocr_par' dir='ltr' id='par_1_39' title="bbox 312 3324 1903 3401">
     <span class='ocr_line' id='line_1_39' title="bbox 312 3324 1903 3401; baseline 0 -19"><span class='ocrx_word' id='word_1_471' title='bbox 312 3324 519 3382; x_wconf 84' lang='lat' dir='ltr'><strong>Christi</strong></span> <span class='ocrx_word' id='word_1_472' title='bbox 559 3344 785 3399; x_wconf 85' lang='lat' dir='ltr'><strong>corpore</strong></span> <span class='ocrx_word' id='word_1_473' title='bbox 812 3337 865 3384; x_wconf 91' lang='lat' dir='ltr'><strong>et</strong></span> <span class='ocrx_word' id='word_1_474' title='bbox 893 3330 1153 3401; x_wconf 81' lang='lat' dir='ltr'><strong>sanguine</strong></span> <span class='ocrx_word' id='word_1_475' title='bbox 1177 3337 1394 3399; x_wconf 87' lang='lat' dir='ltr'><strong>propter</strong></span> <span class='ocrx_word' id='word_1_476' title='bbox 1425 3330 1753 3383; x_wconf 90' lang='lat' dir='ltr'><strong>sumentium</strong></span> <span class='ocrx_word' id='word_1_477' title='bbox 1775 3329 1903 3384; x_wconf 89' lang='lat' dir='ltr'><strong>hor-</strong></span> 
     </span>
    </p>
   </div>
   <div class='ocr_carea' id='block_1_40' title="bbox 1988 3324 3583 3410">
    <p class='ocr_par' dir='ltr' id='par_1_40' title="bbox 1990 3324 3583 3410">
     <span class='ocr_line' id='line_1_40' title="bbox 1990 3324 3583 3410; baseline -0.011 -15"><span class='ocrx_word' id='word_1_478' title='bbox 1990 3340 2340 3410; x_wconf 76' lang='lat' dir='ltr'><strong>provinciam</strong></span> <span class='ocrx_word' id='word_1_479' title='bbox 2368 3337 2623 3392; x_wconf 86' lang='lat' dir='ltr'><strong>studiosis</strong></span> <span class='ocrx_word' id='word_1_480' title='bbox 2654 3336 2983 3405; x_wconf 74' lang='lat' dir='ltr'><strong>aperuerint,</strong></span> <span class='ocrx_word' id='word_1_481' title='bbox 3010 3339 3227 3403; x_wconf 89' lang='lat' dir='ltr'><strong>reperto</strong></span> <span class='ocrx_word' id='word_1_482' title='bbox 3267 3324 3583 3396; x_wconf 79' lang='lat' dir='ltr'><strong>exemplari,</strong></span> 
     </span>
    </p>
   </div>
   <div class='ocr_carea' id='block_1_41' title="bbox 314 3417 3588 3502">
    <p class='ocr_par' dir='ltr' id='par_1_41' title="bbox 314 3417 3588 3502">
     <span class='ocr_line' id='line_1_41' title="bbox 314 3417 3588 3502; baseline -0.006 -12"><span class='ocrx_word' id='word_1_483' title='bbox 314 3435 501 3476; x_wconf 72' lang='grc' dir='ltr'><strong>ΐοτθῐῐι</strong></span> <span class='ocrx_word' id='word_1_484' title='bbox 535 3437 693 3490; x_wconf 62' lang='lat' dir='ltr'><strong>33PM</strong></span> <span class='ocrx_word' id='word_1_485' title='bbox 747 3423 904 3492; x_wconf 70' lang='lat' dir='ltr'><strong>Panis</strong></span> <span class='ocrx_word' id='word_1_486' title='bbox 931 3432 986 3477; x_wconf 72' lang='grc' dir='ltr'><strong>θι</strong></span> <span class='ocrx_word' id='word_1_487' title='bbox 1020 3422 1133 3476; x_wconf 72' lang='lat' dir='ltr'><strong>Villi</strong></span> <span class='ocrx_word' id='word_1_488' title='bbox 1181 3429 1427 3475; x_wconf 64' lang='lat' dir='ltr'><strong>remanet</strong></span> <span class='ocrx_word' id='word_1_489' title='bbox 1479 3429 1533 3475; x_wconf 70' lang='grc' dir='ltr'><strong>ει</strong></span> <span class='ocrx_word' id='word_1_490' title='bbox 1561 3420 1750 3492; x_wconf 74' lang='lat' dir='ltr'><strong>ﬁgura,</strong></span> <span class='ocrx_word' id='word_1_491' title='bbox 1777 3421 1903 3475; x_wconf 75' lang='lat' dir='ltr'><strong>SUb-</strong></span> <span class='ocrx_word' id='word_1_492' title='bbox 2004 3432 2159 3502; x_wconf 83' lang='lat' dir='ltr'><strong>cujus</strong></span> <span class='ocrx_word' id='word_1_493' title='bbox 2184 3430 2297 3485; x_wconf 89' lang='lat' dir='ltr'><strong>sola</strong></span> <span class='ocrx_word' id='word_1_494' title='bbox 2320 3429 2582 3499; x_wconf 89' lang='lat' dir='ltr'><strong>inspectio</strong></span> <span class='ocrx_word' id='word_1_495' title='bbox 2628 3428 2808 3497; x_wconf 90' lang='lat' dir='ltr'><strong>operis</strong></span> <span class='ocrx_word' id='word_1_496' title='bbox 2841 3426 3216 3495; x_wconf 88' lang='lat' dir='ltr'><strong>antiquitatem</strong></span> <span class='ocrx_word' id='word_1_497' title='bbox 3262 3417 3588 3490; x_wconf 89' lang='lat' dir='ltr'><strong>persuadere</strong></span> 
     </span>
    </p>
   </div>
   <div class='ocr_carea' id='block_1_42' title="bbox 314 3508 3588 3593">
    <p class='ocr_par' dir='ltr' id='par_1_42' title="bbox 314 3508 3588 3593">
     <span class='ocr_line' id='line_1_42' title="bbox 314 3508 3588 3593; baseline -0.002 -25"><span class='ocrx_word' id='word_1_498' title='bbox 314 3514 644 3568; x_wconf 77' lang='lat' dir='ltr'><strong>stantiardm</strong></span> <span class='ocrx_word' id='word_1_499' title='bbox 677 3523 868 3567; x_wconf 88' lang='lat' dir='ltr'><strong>natura</strong></span> <span class='ocrx_word' id='word_1_500' title='bbox 924 3514 978 3566; x_wconf 93' lang='lat' dir='ltr'><strong>in</strong></span> <span class='ocrx_word' id='word_1_501' title='bbox 1034 3528 1225 3583; x_wconf 87' lang='lat' dir='ltr'><strong>corpus</strong></span> <span class='ocrx_word' id='word_1_502' title='bbox 1255 3513 1455 3568; x_wconf 88' lang='lat' dir='ltr'><strong>Christi</strong></span> <span class='ocrx_word' id='word_1_503' title='bbox 1477 3521 1538 3567; x_wconf 84' lang='lat' dir='ltr'><strong>et</strong></span> <span class='ocrx_word' id='word_1_504' title='bbox 1586 3513 1900 3583; x_wconf 83' lang='lat' dir='ltr'><strong>sanguinem</strong></span> <span class='ocrx_word' id='word_1_505' title='bbox 2004 3528 2203 3593; x_wconf 75' lang='lat' dir='ltr'><strong>potest,</strong></span> <span class='ocrx_word' id='word_1_506' title='bbox 2259 3520 2377 3575; x_wconf 82' lang='lat' dir='ltr'><strong>Huc</strong></span> <span class='ocrx_word' id='word_1_507' title='bbox 2402 3519 2735 3573; x_wconf 71' lang='lat' dir='ltr'><strong>eruditorum</strong></span> <span class='ocrx_word' id='word_1_508' title='bbox 2761 3519 3001 3573; x_wconf 79' lang='lat' dir='ltr'><strong>omnium</strong></span> <span class='ocrx_word' id='word_1_509' title='bbox 3026 3514 3286 3570; x_wconf 85' lang='lat' dir='ltr'><strong>oculoset</strong></span> <span class='ocrx_word' id='word_1_510' title='bbox 3327 3508 3588 3580; x_wconf 84' lang='lat' dir='ltr'><strong>judicium</strong></span> 
     </span>
    </p>
   </div>
   <div class='ocr_carea' id='block_1_43' title="bbox 315 3599 3588 3685">
    <p class='ocr_par' dir='ltr' id='par_1_43' title="bbox 315 3599 3588 3685">
     <span class='ocr_line' id='line_1_43' title="bbox 315 3599 3588 3685; baseline -0.002 -25"><span class='ocrx_word' id='word_1_511' title='bbox 315 3605 543 3660; x_wconf 91' lang='lat' dir='ltr'><strong>omnino</strong></span> <span class='ocrx_word' id='word_1_512' title='bbox 578 3620 876 3660; x_wconf 87' lang='lat' dir='ltr'><strong>conversa:</strong></span> <span class='ocrx_word' id='word_1_513' title='bbox 914 3604 1006 3660; x_wconf 88' lang='lat' dir='ltr'><strong>sed</strong></span> <span class='ocrx_word' id='word_1_514' title='bbox 1045 3605 1186 3659; x_wconf 89' lang='lat' dir='ltr'><strong>aliud</strong></span> <span class='ocrx_word' id='word_1_515' title='bbox 1216 3606 1525 3660; x_wconf 89' lang='lat' dir='ltr'><strong>renuntiant</strong></span> <span class='ocrx_word' id='word_1_516' title='bbox 1568 3620 1759 3661; x_wconf 89' lang='lat' dir='ltr'><strong>sensus</strong></span> <span class='ocrx_word' id='word_1_517' title='bbox 1785 3620 1906 3661; x_wconf 83' lang='lat' dir='ltr'><strong>car-</strong></span> <span class='ocrx_word' id='word_1_518' title='bbox 2004 3614 2239 3685; x_wconf 71' lang='lat' dir='ltr'><strong>appello,</strong></span> <span class='ocrx_word' id='word_1_519' title='bbox 2278 3612 2475 3681; x_wconf 79' lang='lat' dir='ltr'><strong>quibus</strong></span> <span class='ocrx_word' id='word_1_520' title='bbox 2501 3610 2743 3666; x_wconf 78' lang='lat' dir='ltr'><strong>codicem</strong></span> <span class='ocrx_word' id='word_1_521' title='bbox 2766 3609 3088 3665; x_wconf 78' lang='lat' dir='ltr'><strong>Boerianum</strong></span> <span class='ocrx_word' id='word_1_522' title='bbox 3136 3603 3402 3674; x_wconf 76' lang='lat' dir='ltr'><strong>inSpicere</strong></span> <span class='ocrx_word' id='word_1_523' title='bbox 3441 3599 3588 3663; x_wconf 89' lang='lat' dir='ltr'><strong>licet,</strong></span> 
     </span>
    </p>
   </div>
   <div class='ocr_carea' id='block_1_44' title="bbox 317 3695 3593 3767">
    <p class='ocr_par' dir='ltr' id='par_1_44' title="bbox 317 3695 3593 3767">
     <span class='ocr_line' id='line_1_44' title="bbox 317 3695 3593 3767; baseline -0.005 -4"><span class='ocrx_word' id='word_1_524' title='bbox 317 3698 429 3763; x_wconf 65' lang='lat' dir='ltr'><strong>llis.</strong></span> <span class='ocrx_word' id='word_1_525' title='bbox 460 3696 606 3753; x_wconf 59' lang='grc' dir='ltr'><strong>διίυά</strong></span> <span class='ocrx_word' id='word_1_526' title='bbox 635 3698 911 3752; x_wconf 64' lang='lat' dir='ltr'><strong>renuntiat</strong></span> <span class='ocrx_word' id='word_1_527' title='bbox 938 3696 1070 3751; x_wconf 73' lang='lat' dir='ltr'><strong>ﬁdes</strong></span> <span class='ocrx_word' id='word_1_528' title='bbox 1117 3697 1281 3767; x_wconf 78' lang='lat'><strong>380</strong></span> <span class='ocrx_word' id='word_1_529' title='bbox 1310 3698 1525 3761; x_wconf 70' lang='grc' dir='ltr'><strong>ιηθηῑίε,</strong></span> <span class='ocrx_word' id='word_1_530' title='bbox 1567 3717 1585 3750; x_wconf 74' lang='grc' dir='ltr'><strong>ι</strong></span> <span class='ocrx_word' id='word_1_531' title='bbox 1616 3705 1721 3753; x_wconf 76' lang='grc' dir='ltr'><strong>Θιο-</strong></span> <span class='ocrx_word' id='word_1_532' title='bbox 1754 3697 1907 3753; x_wconf 77' lang='lat' dir='ltr'><strong>Mith</strong></span> <span class='ocrx_word' id='word_1_533' title='bbox 2008 3707 2121 3762; x_wconf 89' lang='lat' dir='ltr'><strong>sive</strong></span> <span class='ocrx_word' id='word_1_534' title='bbox 2145 3706 2200 3760; x_wconf 91' lang='lat' dir='ltr'><strong>in</strong></span> <span class='ocrx_word' id='word_1_535' title='bbox 2239 3703 2569 3759; x_wconf 87' lang='lat' dir='ltr'><strong>monasterio</strong></span> <span class='ocrx_word' id='word_1_536' title='bbox 2598 3702 2770 3757; x_wconf 88' lang='lat' dir='ltr'><strong>sancti</strong></span> <span class='ocrx_word' id='word_1_537' title='bbox 2815 3700 3089 3762; x_wconf 89' lang='lat' dir='ltr'><strong>Germani,</strong></span> <span class='ocrx_word' id='word_1_538' title='bbox 3140 3695 3378 3767; x_wconf 90' lang='lat' dir='ltr'><strong>quandiu</strong></span> <span class='ocrx_word' id='word_1_539' title='bbox 3424 3706 3593 3762; x_wconf 91' lang='lat' dir='ltr'><strong>penes</strong></span> 
     </span>
    </p>
   </div>
   <div class='ocr_carea' id='block_1_45' title="bbox 316 3787 3592 3865">
    <p class='ocr_par' dir='ltr' id='par_1_45' title="bbox 316 3787 3592 3865">
     <span class='ocr_line' id='line_1_45' title="bbox 316 3787 3592 3865; baseline -0.009 0"><span class='ocrx_word' id='word_1_540' title='bbox 316 3792 480 3865; x_wconf 65' lang='lat' dir='ltr'><strong>Ph“a</strong></span> <span class='ocrx_word' id='word_1_541' title='bbox 506 3792 648 3846; x_wconf 68' lang='lat' dir='ltr'><strong>hanc</strong></span> <span class='ocrx_word' id='word_1_542' title='bbox 678 3791 733 3845; x_wconf 77' lang='grc' dir='ltr'><strong>ίη</strong></span> <span class='ocrx_word' id='word_1_543' title='bbox 772 3806 885 3845; x_wconf 64' lang='lat' dir='ltr'><strong>rem</strong></span> <span class='ocrx_word' id='word_1_544' title='bbox 914 3789 1224 3859; x_wconf 70' lang='grc' dir='ltr'><strong>ῘιυῙυδηιοάί</strong></span> <span class='ocrx_word' id='word_1_545' title='bbox 1275 3789 1606 3856; x_wconf 51' lang='lat' dir='ltr'><strong>“summm,</strong></span> <span class='ocrx_word' id='word_1_546' title='bbox 1640 3804 1758 3859; x_wconf 70' lang='grc' dir='ltr'><strong>(Ιυθε</strong></span> <span class='ocrx_word' id='word_1_547' title='bbox 1790 3789 1904 3860; x_wconf 68' lang='lat' dir='ltr'><strong>iam</strong></span> <span class='ocrx_word' id='word_1_548' title='bbox 2006 3814 2108 3855; x_wconf 88' lang='lat' dir='ltr'><strong>nos</strong></span> <span class='ocrx_word' id='word_1_549' title='bbox 2152 3798 2287 3861; x_wconf 90' lang='lat' dir='ltr'><strong>erit;</strong></span> <span class='ocrx_word' id='word_1_550' title='bbox 2317 3797 2431 3851; x_wconf 88' lang='lat' dir='ltr'><strong>sive</strong></span> <span class='ocrx_word' id='word_1_551' title='bbox 2467 3794 2692 3850; x_wconf 89' lang='lat' dir='ltr'><strong>Divione</strong></span> <span class='ocrx_word' id='word_1_552' title='bbox 2722 3795 2779 3849; x_wconf 89' lang='lat' dir='ltr'><strong>in</strong></span> <span class='ocrx_word' id='word_1_553' title='bbox 2808 3792 3132 3849; x_wconf 86' lang='lat' dir='ltr'><strong>bibliotheca</strong></span> <span class='ocrx_word' id='word_1_554' title='bbox 3166 3787 3452 3849; x_wconf 87' lang='lat' dir='ltr'><strong>Boeriana,</strong></span> <span class='ocrx_word' id='word_1_555' title='bbox 3485 3796 3592 3852; x_wconf 90' lang='lat' dir='ltr'><strong>quo</strong></span> 
     </span>
    </p>
   </div>
   <div class='ocr_carea' id='block_1_46' title="bbox 318 3878 2671 3953">
    <p class='ocr_par' dir='ltr' id='par_1_46' title="bbox 318 3878 2671 3953">
     <span class='ocr_line' id='line_1_46' title="bbox 318 3878 2671 3953; baseline -0.002 -15"><span class='ocrx_word' id='word_1_556' title='bbox 318 3883 596 3938; x_wconf 75' lang='lat' dir='ltr'><strong>adduxere</strong></span> <span class='ocrx_word' id='word_1_557' title='bbox 642 3881 824 3937; x_wconf 78' lang='lat' dir='ltr'><strong>eximii</strong></span> <span class='ocrx_word' id='word_1_558' title='bbox 854 3892 1112 3953; x_wconf 70' lang='lat' dir='ltr'><strong>perpetua:</strong></span> <span class='ocrx_word' id='word_1_559' title='bbox 1140 3880 1203 3935; x_wconf 85' lang='lat' dir='ltr'><strong>de</strong></span> <span class='ocrx_word' id='word_1_560' title='bbox 1254 3879 1593 3935; x_wconf 83' lang='lat' dir='ltr'><strong>Eucharistia</strong></span> <span class='ocrx_word' id='word_1_561' title='bbox 1639 3878 1797 3933; x_wconf 83' lang='lat' dir='ltr'><strong>Fidei</strong></span> <span class='ocrx_word' id='word_1_562' title='bbox 1821 3882 1910 3935; x_wconf 82' lang='lat' dir='ltr'><strong>de-</strong></span> <span class='ocrx_word' id='word_1_563' title='bbox 2002 3888 2541 3947; x_wconf 37' lang='lat' dir='ltr'><strong>vbreviromiuemlus</strong></span> <span class='ocrx_word' id='word_1_564' title='bbox 2570 3895 2671 3942; x_wconf 83' lang='lat' dir='ltr'><strong>est.</strong></span> 
     </span>
    </p>
   </div>
   <div class='ocr_carea' id='block_1_47' title="bbox 317 3966 3593 4049">
    <p class='ocr_par' dir='ltr' id='par_1_47' title="bbox 317 3966 3593 4049">
     <span class='ocr_line' id='line_1_47' title="bbox 317 3966 3593 4049; baseline -0.004 -18"><span class='ocrx_word' id='word_1_565' title='bbox 317 3978 588 4033; x_wconf 83' lang='lat' dir='ltr'><strong>fensores.</strong></span> <span class='ocrx_word' id='word_1_566' title='bbox 641 3975 796 4030; x_wconf 84' lang='lat' dir='ltr'><strong>Hune</strong></span> <span class='ocrx_word' id='word_1_567' title='bbox 835 3990 964 4030; x_wconf 87' lang='lat' dir='ltr'><strong>vero</strong></span> <span class='ocrx_word' id='word_1_568' title='bbox 996 3974 1276 4029; x_wconf 87' lang='lat' dir='ltr'><strong>Haimonis</strong></span> <span class='ocrx_word' id='word_1_569' title='bbox 1303 3974 1479 4028; x_wconf 91' lang='lat' dir='ltr'><strong>locum</strong></span> <span class='ocrx_word' id='word_1_570' title='bbox 1524 3974 1790 4043; x_wconf 82' lang='lat' dir='ltr'><strong>insignem</strong></span> <span class='ocrx_word' id='word_1_571' title='bbox 1818 3973 1908 4028; x_wconf 91' lang='lat' dir='ltr'><strong>hic</strong></span> <span class='ocrx_word' id='word_1_572' title='bbox 2082 3981 2212 4049; x_wconf 63' lang='lat' dir='ltr'><strong>Qum</strong></span> <span class='ocrx_word' id='word_1_573' title='bbox 2240 3982 2305 4036; x_wconf 86' lang='lat' dir='ltr'><strong>de</strong></span> <span class='ocrx_word' id='word_1_574' title='bbox 2331 3985 2553 4034; x_wconf 83' lang='lat' dir='ltr'><strong>auctore</strong></span> <span class='ocrx_word' id='word_1_575' title='bbox 2572 3975 2769 4048; x_wconf 86' lang='lat' dir='ltr'><strong>protuli</strong></span> <span class='ocrx_word' id='word_1_576' title='bbox 2798 3980 3140 4047; x_wconf 80' lang='lat' dir='ltr'><strong>argumenta,</strong></span> <span class='ocrx_word' id='word_1_577' title='bbox 3170 3970 3216 4026; x_wconf 90' lang='lat' dir='ltr'><strong>si</strong></span> <span class='ocrx_word' id='word_1_578' title='bbox 3233 3982 3346 4025; x_wconf 89' lang='lat' dir='ltr'><strong>rem</strong></span> <span class='ocrx_word' id='word_1_579' title='bbox 3374 3966 3593 4038; x_wconf 89' lang='lat' dir='ltr'><strong>penitus</strong></span> 
     </span>
    </p>
   </div>
   <div class='ocr_carea' id='block_1_48' title="bbox 317 4059 3589 4137">
    <p class='ocr_par' dir='ltr' id='par_1_48' title="bbox 317 4059 3589 4137">
     <span class='ocr_line' id='line_1_48' title="bbox 317 4059 3589 4137; baseline -0.007 -5"><span class='ocrx_word' id='word_1_580' title='bbox 317 4068 500 4123; x_wconf 70' lang='lat' dir='ltr'><strong>Visum</strong></span> <span class='ocrx_word' id='word_1_581' title='bbox 530 4074 613 4122; x_wconf 61' lang='lat' dir='ltr'><strong>est</strong></span> <span class='ocrx_word' id='word_1_582' title='bbox 634 4073 895 4131; x_wconf 58' lang='lat' dir='ltr'><strong>“ﬂexere,</strong></span> <span class='ocrx_word' id='word_1_583' title='bbox 945 4074 1005 4120; x_wconf 80' lang='grc' dir='ltr'><strong>ιιι</strong></span> <span class='ocrx_word' id='word_1_584' title='bbox 1030 4073 1157 4136; x_wconf 74' lang='lat' dir='ltr'><strong>P0te</strong></span> <span class='ocrx_word' id='word_1_585' title='bbox 1186 4082 1215 4120; x_wconf 71' lang='grc'><strong>³</strong></span> <span class='ocrx_word' id='word_1_586' title='bbox 1245 4066 1462 4121; x_wconf 64' lang='lat' dir='ltr'><strong>“emine</strong></span> <span class='ocrx_word' id='word_1_587' title='bbox 1511 4066 1769 4120; x_wconf 55' lang='lat' dir='ltr'><strong>metemus</strong></span> <span class='ocrx_word' id='word_1_588' title='bbox 1790 4081 1911 4135; x_wconf 68' lang='lat'><strong>91‘0-</strong></span> <span class='ocrx_word' id='word_1_589' title='bbox 2011 4091 2118 4131; x_wconf 90' lang='lat' dir='ltr'><strong>non</strong></span> <span class='ocrx_word' id='word_1_590' title='bbox 2162 4074 2438 4137; x_wconf 89' lang='lat' dir='ltr'><strong>evincunt,</strong></span> <span class='ocrx_word' id='word_1_591' title='bbox 2471 4071 2663 4125; x_wconf 90' lang='lat' dir='ltr'><strong>saltem</strong></span> <span class='ocrx_word' id='word_1_592' title='bbox 2692 4069 2926 4135; x_wconf 79' lang='lat' dir='ltr'><strong>maxime</strong></span> <span class='ocrx_word' id='word_1_593' title='bbox 2954 4064 3288 4137; x_wconf 90' lang='lat' dir='ltr'><strong>probabilem</strong></span> <span class='ocrx_word' id='word_1_594' title='bbox 3331 4059 3589 4115; x_wconf 89' lang='lat' dir='ltr'><strong>eﬁiciunt.</strong></span> 
     </span>
    </p>
   </div>
   <div class='ocr_carea' id='block_1_49' title="bbox 320 4148 3596 4235">
    <p class='ocr_par' dir='ltr' id='par_1_49' title="bbox 320 4148 3596 4235">
     <span class='ocr_line' id='line_1_49' title="bbox 320 4148 3596 4235; baseline -0.002 -22"><span class='ocrx_word' id='word_1_595' title='bbox 320 4160 495 4214; x_wconf 90' lang='lat' dir='ltr'><strong>latum</strong></span> <span class='ocrx_word' id='word_1_596' title='bbox 522 4179 533 4214; x_wconf 88' lang='lat'><strong>:</strong></span> <span class='ocrx_word' id='word_1_597' title='bbox 568 4175 675 4230; x_wconf 91' lang='lat' dir='ltr'><strong>quo</strong></span> <span class='ocrx_word' id='word_1_598' title='bbox 700 4158 1112 4215; x_wconf 86' lang='lat' dir='ltr'><strong>Iuculentiorem</strong></span> <span class='ocrx_word' id='word_1_599' title='bbox 1138 4158 1343 4213; x_wconf 89' lang='lat' dir='ltr'><strong>nullum</strong></span> <span class='ocrx_word' id='word_1_600' title='bbox 1368 4158 1436 4213; x_wconf 89' lang='lat' dir='ltr'><strong>ad</strong></span> <span class='ocrx_word' id='word_1_601' title='bbox 1456 4158 1789 4228; x_wconf 87' lang='lat' dir='ltr'><strong>probandam</strong></span> <span class='ocrx_word' id='word_1_602' title='bbox 1812 4158 1912 4213; x_wconf 89' lang='lat' dir='ltr'><strong>Ec-</strong></span> <span class='ocrx_word' id='word_1_603' title='bbox 2012 4166 2141 4223; x_wconf 66' lang='grc' dir='ltr'><strong>Ηεεο</strong></span> <span class='ocrx_word' id='word_1_604' title='bbox 2164 4166 2212 4221; x_wconf 80' lang='lat' dir='ltr'><strong>si</strong></span> <span class='ocrx_word' id='word_1_605' title='bbox 2239 4164 2361 4235; x_wconf 76' lang='lat' dir='ltr'><strong>quis</strong></span> <span class='ocrx_word' id='word_1_606' title='bbox 2372 4161 2619 4219; x_wconf 74' lang='lat' dir='ltr'><strong>refutare</strong></span> <span class='ocrx_word' id='word_1_607' title='bbox 2638 4160 2789 4225; x_wconf 84' lang='lat' dir='ltr'><strong>velit,</strong></span> <span class='ocrx_word' id='word_1_608' title='bbox 2813 4174 2919 4214; x_wconf 88' lang='lat' dir='ltr'><strong>non</strong></span> <span class='ocrx_word' id='word_1_609' title='bbox 2942 4159 3017 4212; x_wconf 83' lang='lat' dir='ltr'><strong>ita</strong></span> <span class='ocrx_word' id='word_1_610' title='bbox 3040 4169 3252 4210; x_wconf 89' lang='lat' dir='ltr'><strong>mecum</strong></span> <span class='ocrx_word' id='word_1_611' title='bbox 3273 4158 3417 4222; x_wconf 76' lang='lat' dir='ltr'><strong>agat,</strong></span> <span class='ocrx_word' id='word_1_612' title='bbox 3442 4148 3596 4219; x_wconf 81' lang='lat' dir='ltr'><strong>quasi</strong></span> 
     </span>
    </p>
   </div>
   <div class='ocr_carea' id='block_1_50' title="bbox 321 4240 3588 4321">
    <p class='ocr_par' dir='ltr' id='par_1_50' title="bbox 321 4240 3588 4321">
     <span class='ocr_line' id='line_1_50' title="bbox 321 4240 3588 4321; baseline -0.002 -14"><span class='ocrx_word' id='word_1_613' title='bbox 321 4250 503 4307; x_wconf 67' lang='lat' dir='ltr'><strong>clcsiae</strong></span> <span class='ocrx_word' id='word_1_614' title='bbox 528 4251 688 4306; x_wconf 88' lang='lat' dir='ltr'><strong>ﬁdem</strong></span> <span class='ocrx_word' id='word_1_615' title='bbox 724 4251 961 4321; x_wconf 90' lang='lat' dir='ltr'><strong>reperire</strong></span> <span class='ocrx_word' id='word_1_616' title='bbox 1005 4249 1087 4305; x_wconf 90' lang='lat' dir='ltr'><strong>fas</strong></span> <span class='ocrx_word' id='word_1_617' title='bbox 1112 4258 1212 4304; x_wconf 91' lang='lat' dir='ltr'><strong>est.</strong></span> <span class='ocrx_word' id='word_1_618' title='bbox 1268 4248 1590 4304; x_wconf 74' lang='lat' dir='ltr'><strong>Praedictum</strong></span> <span class='ocrx_word' id='word_1_619' title='bbox 1616 4265 1744 4305; x_wconf 87' lang='lat' dir='ltr'><strong>vero</strong></span> <span class='ocrx_word' id='word_1_620' title='bbox 1783 4249 1912 4304; x_wconf 86' lang='lat' dir='ltr'><strong>Hai—</strong></span> <span class='ocrx_word' id='word_1_621' title='bbox 2012 4258 2116 4314; x_wconf 72' lang='lat' dir='ltr'><strong>hac</strong></span> <span class='ocrx_word' id='word_1_622' title='bbox 2169 4258 2224 4311; x_wconf 82' lang='lat' dir='ltr'><strong>in</strong></span> <span class='ocrx_word' id='word_1_623' title='bbox 2274 4271 2334 4311; x_wconf 78' lang='lat' dir='ltr'><strong>re</strong></span> <span class='ocrx_word' id='word_1_624' title='bbox 2389 4252 2769 4311; x_wconf 64' lang='lat' dir='ltr'><strong>controversiae</strong></span> <span class='ocrx_word' id='word_1_625' title='bbox 2826 4256 2987 4320; x_wconf 86' lang='lat' dir='ltr'><strong>caput</strong></span> <span class='ocrx_word' id='word_1_626' title='bbox 3048 4246 3374 4301; x_wconf 84' lang='lat' dir='ltr'><strong>constituam</strong></span> <span class='ocrx_word' id='word_1_627' title='bbox 3431 4260 3443 4296; x_wconf 89' lang='lat'>:</span> <span class='ocrx_word' id='word_1_628' title='bbox 3494 4240 3588 4296; x_wconf 84' lang='lat' dir='ltr'><strong>sed</strong></span> 
     </span>
    </p>
   </div>
   <div class='ocr_carea' id='block_1_51' title="bbox 321 4333 3595 4415">
    <p class='ocr_par' dir='ltr' id='par_1_51' title="bbox 321 4333 3595 4415">
     <span class='ocr_line' id='line_1_51' title="bbox 321 4333 3595 4415; baseline -0.007 -19"><span class='ocrx_word' id='word_1_629' title='bbox 321 4342 504 4396; x_wconf 87' lang='lat' dir='ltr'><strong>monis</strong></span> <span class='ocrx_word' id='word_1_630' title='bbox 534 4349 823 4397; x_wconf 90' lang='lat' dir='ltr'><strong>tractatum</strong></span> <span class='ocrx_word' id='word_1_631' title='bbox 846 4342 1026 4397; x_wconf 89' lang='lat' dir='ltr'><strong>inveni</strong></span> <span class='ocrx_word' id='word_1_632' title='bbox 1058 4342 1113 4396; x_wconf 91' lang='lat' dir='ltr'><strong>in</strong></span> <span class='ocrx_word' id='word_1_633' title='bbox 1142 4340 1479 4397; x_wconf 71' lang='lat' dir='ltr'><strong>bibliotheca:</strong></span> <span class='ocrx_word' id='word_1_634' title='bbox 1513 4348 1711 4395; x_wconf 67' lang='lat' dir='ltr'><strong>nostra:</strong></span> <span class='ocrx_word' id='word_1_635' title='bbox 1737 4339 1912 4395; x_wconf 90' lang='lat' dir='ltr'><strong>sancti</strong></span> <span class='ocrx_word' id='word_1_636' title='bbox 2014 4346 2389 4405; x_wconf 61' lang='grc' dir='ltr'><strong>εοητθεεῑυηίε</strong></span> <span class='ocrx_word' id='word_1_637' title='bbox 2432 4347 2711 4415; x_wconf 61' lang='lat' dir='ltr'><strong>impugnet</strong></span> <span class='ocrx_word' id='word_1_638' title='bbox 2737 4341 3138 4412; x_wconf 50' lang='lat' dir='ltr'><strong>antiquitatem,</strong></span> <span class='ocrx_word' id='word_1_639' title='bbox 3167 4352 3329 4407; x_wconf 70' lang='lat' dir='ltr'><strong>quam</strong></span> <span class='ocrx_word' id='word_1_640' title='bbox 3372 4333 3595 4404; x_wconf 69' lang='grc' dir='ltr'><strong>ροιίεεί-</strong></span> 
     </span>
    </p>
   </div>
   <div class='ocr_carea' id='block_1_52' title="bbox 322 4421 1917 4543">
    <p class='ocr_par' dir='ltr' id='par_1_52' title="bbox 322 4431 1910 4543">
     <span class='ocr_line' id='line_1_52' title="bbox 322 4431 1905 4499; baseline -0.001 -11"><span class='ocrx_word' id='word_1_641' title='bbox 322 4431 583 4488; x_wconf 83' lang='lat' dir='ltr'><strong>Germani</strong></span> <span class='ocrx_word' id='word_1_642' title='bbox 611 4435 960 4490; x_wconf 87' lang='lat' dir='ltr'><strong>membranco</strong></span> <span class='ocrx_word' id='word_1_643' title='bbox 985 4434 1170 4490; x_wconf 90' lang='lat' dir='ltr'><strong>codice</strong></span> <span class='ocrx_word' id='word_1_644' title='bbox 1211 4443 1591 4489; x_wconf 83' lang='lat' dir='ltr'><strong>sexcentorum</strong></span> <span class='ocrx_word' id='word_1_645' title='bbox 1619 4450 1905 4499; x_wconf 91' lang='lat' dir='ltr'><strong>annorum,</strong></span> 
     </span>
     <span class='ocr_line' id='line_1_53' title="bbox 332 4520 1910 4543; baseline 0 0"><span class='ocrx_word' id='word_1_646' title='bbox 332 4523 419 4543; x_wconf 74' lang='lat'><strong>_-_!</strong></span> <span class='ocrx_word' id='word_1_647' title='bbox 456 4520 678 4543; x_wconf 46' lang='lat' dir='ltr'><strong>_:_-A.I-___</strong></span> <span class='ocrx_word' id='word_1_648' title='bbox 722 4522 766 4543; x_wconf 73' lang='grc'><strong>11</strong></span> <span class='ocrx_word' id='word_1_649' title='bbox 784 4541 790 4543; x_wconf 72' lang='lat'><strong><em>_</em></strong></span> <span class='ocrx_word' id='word_1_650' title='bbox 807 4524 870 4543; x_wconf 27' lang='lat' dir='ltr'><strong>Si“</strong></span> <span class='ocrx_word' id='word_1_651' title='bbox 889 4525 995 4543; x_wconf 27' lang='grc' dir='ltr'><strong>--κεῖ</strong></span> <span class='ocrx_word' id='word_1_652' title='bbox 1033 4540 1117 4543; x_wconf 60' lang='lat'><strong>_,,__</strong></span> <span class='ocrx_word' id='word_1_653' title='bbox 1140 4541 1151 4543; x_wconf 66' lang='lat'><strong><em>_</em></strong></span> <span class='ocrx_word' id='word_1_654' title='bbox 1170 4525 1248 4543; x_wconf 55' lang='lat'><strong>,&#39;..</strong></span> <span class='ocrx_word' id='word_1_655' title='bbox 1266 4540 1277 4543; x_wconf 43' lang='grc' dir='ltr'><em>Α</em></span> <span class='ocrx_word' id='word_1_656' title='bbox 1340 4540 1405 4543; x_wconf 67' lang='lat'><strong><em>_,__</em></strong></span> <span class='ocrx_word' id='word_1_657' title='bbox 1452 4525 1462 4543; x_wconf 72' lang='lat'><strong><em>9</em></strong></span> <span class='ocrx_word' id='word_1_658' title='bbox 1486 4542 1493 4543; x_wconf 60' lang='lat'><strong><em>,</em></strong></span> <span class='ocrx_word' id='word_1_659' title='bbox 1610 4524 1670 4543; x_wconf 42' lang='lat' dir='ltr'><strong>9A.</strong></span> <span class='ocrx_word' id='word_1_660' title='bbox 1690 4525 1755 4543; x_wconf 80' lang='lat' dir='ltr'><strong>_l_</strong></span> <span class='ocrx_word' id='word_1_661' title='bbox 1772 4540 1783 4543; x_wconf 67' lang='lat'><strong>-</strong></span> <span class='ocrx_word' id='word_1_662' title='bbox 1816 4539 1842 4543; x_wconf 54' lang='grc' dir='ltr'>μ</span> <span class='ocrx_word' id='word_1_663' title='bbox 1859 4540 1910 4543; x_wconf 75' lang='lat'>__</span> 
     </span>
    </p>
   </div>
   <div class='ocr_carea' id='block_1_53' title="bbox 2005 4421 3600 4543">
    <p class='ocr_par' dir='ltr' id='par_1_53' title="bbox 2016 4421 3600 4543">
     <span class='ocr_line' id='line_1_54' title="bbox 2016 4421 3600 4495; baseline -0.012 0"><span class='ocrx_word' id='word_1_664' title='bbox 2016 4456 2163 4495; x_wconf 90' lang='lat' dir='ltr'><strong>mum</strong></span> <span class='ocrx_word' id='word_1_665' title='bbox 2192 4438 2440 4495; x_wconf 90' lang='lat' dir='ltr'><strong>defendo.</strong></span> <span class='ocrx_word' id='word_1_666' title='bbox 2468 4438 2631 4492; x_wconf 79' lang='lat' dir='ltr'><strong>Certe</strong></span> <span class='ocrx_word' id='word_1_667' title='bbox 2658 4435 2803 4489; x_wconf 90' lang='lat' dir='ltr'><strong>haud</strong></span> <span class='ocrx_word' id='word_1_668' title='bbox 2830 4432 3057 4487; x_wconf 89' lang='lat' dir='ltr'><strong>multum</strong></span> <span class='ocrx_word' id='word_1_669' title='bbox 3088 4431 3315 4484; x_wconf 89' lang='lat' dir='ltr'><strong>interest</strong></span> <span class='ocrx_word' id='word_1_670' title='bbox 3344 4421 3600 4495; x_wconf 87' lang='lat' dir='ltr'><strong>reipubli-</strong></span> 
     </span>
     <span class='ocr_line' id='line_1_55' title="bbox 2118 4517 3598 4543; baseline 0 0"><span class='ocrx_word' id='word_1_671' title='bbox 2118 4534 2171 4543; x_wconf 60' lang='grc' dir='ltr'><strong>Α..</strong></span> <span class='ocrx_word' id='word_1_672' title='bbox 2229 4534 2240 4543; x_wconf 89' lang='grc'>.</span> <span class='ocrx_word' id='word_1_673' title='bbox 2286 4533 2316 4543; x_wconf 85' lang='grc'><strong>..</strong></span> <span class='ocrx_word' id='word_1_674' title='bbox 2545 4531 2557 4543; x_wconf 80' lang='grc' dir='ltr'><strong><em>ο</em></strong></span> <span class='ocrx_word' id='word_1_675' title='bbox 2621 4529 2633 4542; x_wconf 75' lang='grc' dir='ltr'><strong><em>ο</em></strong></span> <span class='ocrx_word' id='word_1_676' title='bbox 2672 4530 2705 4543; x_wconf 73' lang='grc'><strong>,1</strong></span> <span class='ocrx_word' id='word_1_677' title='bbox 2876 4526 2967 4543; x_wconf 32' lang='lat' dir='ltr'><strong>,hc,</strong></span> <span class='ocrx_word' id='word_1_678' title='bbox 3008 4531 3193 4543; x_wconf 37' lang='lat'><strong>4---.-_</strong></span> <span class='ocrx_word' id='word_1_679' title='bbox 3222 4520 3287 4543; x_wconf 60' lang='grc' dir='ltr'><strong>,ξι</strong></span> <span class='ocrx_word' id='word_1_680' title='bbox 3346 4517 3598 4543; x_wconf 60' lang='grc' dir='ltr'><strong>ιλιι-..ξη-ιη</strong></span> 
     </span>
    </p>
   </div>
   <div class='ocr_carea' id='block_1_54' title="bbox 2017 4517 3601 4602">
    <p class='ocr_par' dir='ltr' id='par_1_54' title="bbox 2017 4517 3601 4602">
     <span class='ocr_line' id='line_1_56' title="bbox 2017 4517 3601 4602; baseline -0.013 -11"><span class='ocrx_word' id='word_1_681' title='bbox 2017 4550 2094 4591; x_wconf 78' lang='lat' dir='ltr'><strong>ea:</strong></span> <span class='ocrx_word' id='word_1_682' title='bbox 2114 4533 2437 4590; x_wconf 65' lang='lat' dir='ltr'><strong>Christiana:</strong></span> <span class='ocrx_word' id='word_1_683' title='bbox 2468 4531 2589 4602; x_wconf 88' lang='lat' dir='ltr'><strong>quis</strong></span> <span class='ocrx_word' id='word_1_684' title='bbox 2620 4529 2777 4584; x_wconf 86' lang='lat' dir='ltr'><strong>istius</strong></span> <span class='ocrx_word' id='word_1_685' title='bbox 2794 4526 2974 4597; x_wconf 87' lang='lat' dir='ltr'><strong>operis</strong></span> <span class='ocrx_word' id='word_1_686' title='bbox 3003 4531 3194 4579; x_wconf 89' lang='lat' dir='ltr'><strong>auctor</strong></span> <span class='ocrx_word' id='word_1_687' title='bbox 3219 4520 3312 4586; x_wconf 81' lang='lat' dir='ltr'><strong>sit,</strong></span> <span class='ocrx_word' id='word_1_688' title='bbox 3341 4517 3601 4573; x_wconf 80' lang='lat' dir='ltr'><strong>Alcuinus</strong></span> 
     </span>
    </p>
   </div>
   <div class='ocr_carea' id='block_1_55' title="bbox 324 4613 3603 4695">
    <p class='ocr_par' dir='ltr' id='par_1_55' title="bbox 324 4613 3603 4695">
     <span class='ocr_line' id='line_1_57' title="bbox 324 4613 3603 4695; baseline -0.001 -24"><span class='ocrx_word' id='word_1_689' title='bbox 324 4624 503 4671; x_wconf 85' lang='lat' dir='ltr'><strong>totum</strong></span> <span class='ocrx_word' id='word_1_690' title='bbox 526 4630 725 4670; x_wconf 90' lang='lat' dir='ltr'><strong>annum</strong></span> <span class='ocrx_word' id='word_1_691' title='bbox 753 4617 809 4671; x_wconf 90' lang='lat' dir='ltr'><strong>in</strong></span> <span class='ocrx_word' id='word_1_692' title='bbox 833 4617 1001 4672; x_wconf 89' lang='lat' dir='ltr'><strong>missa</strong></span> <span class='ocrx_word' id='word_1_693' title='bbox 1042 4618 1258 4673; x_wconf 87' lang='lat' dir='ltr'><strong>recitari</strong></span> <span class='ocrx_word' id='word_1_694' title='bbox 1302 4618 1491 4673; x_wconf 87' lang='lat' dir='ltr'><strong>solitas</strong></span> <span class='ocrx_word' id='word_1_695' title='bbox 1516 4618 1909 4688; x_wconf 87' lang='lat' dir='ltr'><strong>complectitur.</strong></span> <span class='ocrx_word' id='word_1_696' title='bbox 2018 4643 2088 4683; x_wconf 73' lang='lat' dir='ltr'><strong>an</strong></span> <span class='ocrx_word' id='word_1_697' title='bbox 2120 4626 2260 4681; x_wconf 74' lang='lat' dir='ltr'><strong>alios</strong></span> <span class='ocrx_word' id='word_1_698' title='bbox 2280 4666 2295 4693; x_wconf 75' lang='grc'><em>,</em></span> <span class='ocrx_word' id='word_1_699' title='bbox 2346 4623 2394 4679; x_wconf 86' lang='lat' dir='ltr'><strong>si</strong></span> <span class='ocrx_word' id='word_1_700' title='bbox 2440 4623 2600 4678; x_wconf 85' lang='lat' dir='ltr'><strong>modo</strong></span> <span class='ocrx_word' id='word_1_701' title='bbox 2629 4636 2755 4675; x_wconf 88' lang='lat' dir='ltr'><strong>eum</strong></span> <span class='ocrx_word' id='word_1_702' title='bbox 2779 4616 2991 4672; x_wconf 85' lang='lat' dir='ltr'><strong>Alcuini</strong></span> <span class='ocrx_word' id='word_1_703' title='bbox 3017 4613 3280 4686; x_wconf 83' lang='lat' dir='ltr'><strong>aequalem</strong></span> <span class='ocrx_word' id='word_1_704' title='bbox 3309 4614 3603 4695; x_wconf 65' lang='lat' dir='ltr'><strong>agnoscant</strong></span> 
     </span>
    </p>
   </div>
   <div class='ocr_carea' id='block_1_56' title="bbox 327 4706 1922 4791">
    <p class='ocr_par' dir='ltr' id='par_1_56' title="bbox 327 4708 1915 4781">
     <span class='ocr_line' id='line_1_58' title="bbox 327 4708 1915 4781; baseline -0.001 -16"><span class='ocrx_word' id='word_1_705' title='bbox 327 4708 568 4765; x_wconf 88' lang='lat' dir='ltr'><strong>Insertus</strong></span> <span class='ocrx_word' id='word_1_706' title='bbox 590 4724 752 4779; x_wconf 87' lang='lat' dir='ltr'><strong>porro</strong></span> <span class='ocrx_word' id='word_1_707' title='bbox 782 4717 867 4764; x_wconf 91' lang='lat' dir='ltr'><strong>est</strong></span> <span class='ocrx_word' id='word_1_708' title='bbox 894 4710 947 4764; x_wconf 92' lang='lat' dir='ltr'><strong>in</strong></span> <span class='ocrx_word' id='word_1_709' title='bbox 973 4725 1037 4765; x_wconf 88' lang='lat' dir='ltr'><strong>eo</strong></span> <span class='ocrx_word' id='word_1_710' title='bbox 1060 4710 1244 4766; x_wconf 92' lang='lat' dir='ltr'><strong>codice</strong></span> <span class='ocrx_word' id='word_1_711' title='bbox 1275 4716 1533 4765; x_wconf 87' lang='lat' dir='ltr'><strong>tractatus</strong></span> <span class='ocrx_word' id='word_1_712' title='bbox 1557 4710 1655 4764; x_wconf 88' lang='lat' dir='ltr'><strong>iste</strong></span> <span class='ocrx_word' id='word_1_713' title='bbox 1673 4718 1795 4781; x_wconf 91' lang='lat' dir='ltr'><strong>post</strong></span> <span class='ocrx_word' id='word_1_714' title='bbox 1816 4724 1915 4765; x_wconf 80' lang='lat' dir='ltr'><strong>ex-</strong></span> 
     </span>
    </p>
   </div>
   <div class='ocr_carea' id='block_1_57' title="bbox 2006 4706 3601 4791">
    <p class='ocr_par' dir='ltr' id='par_1_57' title="bbox 2018 4706 3601 4791">
     <span class='ocr_line' id='line_1_59' title="bbox 2018 4706 3601 4791; baseline -0.014 -13"><span class='ocrx_word' id='word_1_715' title='bbox 2018 4737 2228 4778; x_wconf 88' lang='lat' dir='ltr'><strong>omnes.</strong></span> <span class='ocrx_word' id='word_1_716' title='bbox 2283 4719 2468 4791; x_wconf 87' lang='lat' dir='ltr'><strong>Neque</strong></span> <span class='ocrx_word' id='word_1_717' title='bbox 2496 4726 2679 4771; x_wconf 88' lang='lat' dir='ltr'><strong>tamen</strong></span> <span class='ocrx_word' id='word_1_718' title='bbox 2704 4712 2917 4769; x_wconf 86' lang='lat' dir='ltr'><strong>Alcuini</strong></span> <span class='ocrx_word' id='word_1_719' title='bbox 2947 4709 3311 4781; x_wconf 87' lang='lat' dir='ltr'><strong>patrocinium</strong></span> <span class='ocrx_word' id='word_1_720' title='bbox 3352 4706 3601 4761; x_wconf 89' lang='lat' dir='ltr'><strong>deserere</strong></span> 
     </span>
    </p>
   </div>
   <div class='ocr_carea' id='block_1_58' title="bbox 324 4792 1919 4879">
    <p class='ocr_par' dir='ltr' id='par_1_58' title="bbox 324 4801 1916 4874">
     <span class='ocr_line' id='line_1_60' title="bbox 324 4801 1916 4874; baseline -0.001 -17"><span class='ocrx_word' id='word_1_721' title='bbox 324 4802 650 4873; x_wconf 90' lang='lat' dir='ltr'><strong>positionem</strong></span> <span class='ocrx_word' id='word_1_722' title='bbox 678 4802 736 4858; x_wconf 91' lang='lat' dir='ltr'><strong>in</strong></span> <span class='ocrx_word' id='word_1_723' title='bbox 780 4801 1077 4873; x_wconf 88' lang='lat' dir='ltr'><strong>Epistolam</strong></span> <span class='ocrx_word' id='word_1_724' title='bbox 1120 4802 1303 4860; x_wconf 68' lang='lat' dir='ltr'><strong>Coena:</strong></span> <span class='ocrx_word' id='word_1_725' title='bbox 1338 4803 1582 4868; x_wconf 83' lang='lat' dir='ltr'><strong>Domini,</strong></span> <span class='ocrx_word' id='word_1_726' title='bbox 1631 4819 1751 4874; x_wconf 74' lang='lat' dir='ltr'><strong>quae</strong></span> <span class='ocrx_word' id='word_1_727' title='bbox 1789 4803 1916 4872; x_wconf 85' lang='lat' dir='ltr'><strong>Epi-</strong></span> 
     </span>
    </p>
   </div>
   <div class='ocr_carea' id='block_1_59' title="bbox 2007 4792 3602 4879">
    <p class='ocr_par' dir='ltr' id='par_1_59' title="bbox 2017 4792 3602 4879">
     <span class='ocr_line' id='line_1_61' title="bbox 2017 4792 3602 4879; baseline -0.014 -10"><span class='ocrx_word' id='word_1_728' title='bbox 2017 4821 2102 4870; x_wconf 90' lang='lat' dir='ltr'><strong>est</strong></span> <span class='ocrx_word' id='word_1_729' title='bbox 2149 4813 2401 4879; x_wconf 87' lang='lat' dir='ltr'><strong>animus,</strong></span> <span class='ocrx_word' id='word_1_730' title='bbox 2431 4809 2529 4866; x_wconf 87' lang='lat' dir='ltr'><strong>sed</strong></span> <span class='ocrx_word' id='word_1_731' title='bbox 2580 4807 2759 4879; x_wconf 86' lang='lat' dir='ltr'><strong>justos</strong></span> <span class='ocrx_word' id='word_1_732' title='bbox 2797 4802 3178 4860; x_wconf 73' lang='lat' dir='ltr'><strong>controversia:</strong></span> <span class='ocrx_word' id='word_1_733' title='bbox 3213 4797 3415 4855; x_wconf 88' lang='lat' dir='ltr'><strong>limites</strong></span> <span class='ocrx_word' id='word_1_734' title='bbox 3473 4792 3602 4849; x_wconf 89' lang='lat' dir='ltr'><strong>deﬁ-</strong></span> 
     </span>
    </p>
   </div>
   <div class='ocr_carea' id='block_1_60' title="bbox 326 4895 3093 4969">
    <p class='ocr_par' dir='ltr' id='par_1_60' title="bbox 326 4895 3093 4969">
     <span class='ocr_line' id='line_1_62' title="bbox 326 4895 3093 4969; baseline 0.002 -18"><span class='ocrx_word' id='word_1_735' title='bbox 326 4895 470 4951; x_wconf 82' lang='lat' dir='ltr'><strong>stola</strong></span> <span class='ocrx_word' id='word_1_736' title='bbox 494 4895 561 4951; x_wconf 87' lang='lat' dir='ltr'><strong>de</strong></span> <span class='ocrx_word' id='word_1_737' title='bbox 584 4895 940 4952; x_wconf 62' lang='lat' dir='ltr'><strong>Eucharistia:</strong></span> <span class='ocrx_word' id='word_1_738' title='bbox 977 4898 1240 4969; x_wconf 88' lang='lat' dir='ltr'><strong>mysterio</strong></span> <span class='ocrx_word' id='word_1_739' title='bbox 1283 4905 1396 4953; x_wconf 87' lang='lat' dir='ltr'><strong>tota</strong></span> <span class='ocrx_word' id='word_1_740' title='bbox 1453 4904 1572 4952; x_wconf 86' lang='lat' dir='ltr'><strong>est:</strong></span> <span class='ocrx_word' id='word_1_741' title='bbox 1618 4895 1768 4965; x_wconf 77' lang='lat' dir='ltr'><strong>cujus</strong></span> <span class='ocrx_word' id='word_1_742' title='bbox 1791 4895 1920 4966; x_wconf 83' lang='lat' dir='ltr'><strong>Epi—</strong></span> <span class='ocrx_word' id='word_1_743' title='bbox 2019 4906 2159 4963; x_wconf 75' lang='lat' dir='ltr'><strong>nire,</strong></span> <span class='ocrx_word' id='word_1_744' title='bbox 3082 4938 3093 4945; x_wconf 54' lang='grc' dir='ltr'><strong><em>μ</em></strong></span> 
     </span>
    </p>
   </div>
   <div class='ocr_carea' id='block_1_61' title="bbox 328 4979 3604 5063">
    <p class='ocr_par' dir='ltr' id='par_1_61' title="bbox 328 4979 3604 5063">
     <span class='ocr_line' id='line_1_63' title="bbox 328 4979 3604 5063; baseline -0.004 -22"><span class='ocrx_word' id='word_1_745' title='bbox 328 4986 484 5042; x_wconf 68' lang='lat' dir='ltr'><strong>stolae</strong></span> <span class='ocrx_word' id='word_1_746' title='bbox 538 4986 931 5055; x_wconf 72' lang='lat' dir='ltr'><strong>eXpositionem</strong></span> <span class='ocrx_word' id='word_1_747' title='bbox 975 4988 1323 5058; x_wconf 89' lang='lat' dir='ltr'><strong>subsequitur</strong></span> <span class='ocrx_word' id='word_1_748' title='bbox 1364 4990 1467 5044; x_wconf 86' lang='lat' dir='ltr'><strong>iste</strong></span> <span class='ocrx_word' id='word_1_749' title='bbox 1498 4995 1762 5043; x_wconf 89' lang='lat' dir='ltr'><strong>tractatus</strong></span> <span class='ocrx_word' id='word_1_750' title='bbox 1791 5001 1917 5043; x_wconf 89' lang='lat' dir='ltr'><strong>cum</strong></span> <span class='ocrx_word' id='word_1_751' title='bbox 2091 4997 2395 5062; x_wconf 69' lang='lat' dir='ltr'><strong>Caeterum,</strong></span> <span class='ocrx_word' id='word_1_752' title='bbox 2422 4990 2569 5063; x_wconf 80' lang='lat' dir='ltr'><strong>quod</strong></span> <span class='ocrx_word' id='word_1_753' title='bbox 2618 4991 2673 5046; x_wconf 89' lang='lat' dir='ltr'><strong>in</strong></span> <span class='ocrx_word' id='word_1_754' title='bbox 2703 5005 2792 5045; x_wconf 85' lang='lat' dir='ltr'><strong>me</strong></span> <span class='ocrx_word' id='word_1_755' title='bbox 2822 4984 3309 5059; x_wconf 71' lang='lat' dir='ltr'><strong>receperam,&#39;hoc</strong></span> <span class='ocrx_word' id='word_1_756' title='bbox 3351 4979 3470 5034; x_wconf 89' lang='lat' dir='ltr'><strong>loco</strong></span> <span class='ocrx_word' id='word_1_757' title='bbox 3514 4988 3604 5043; x_wconf 88' lang='lat' dir='ltr'><strong>ap-</strong></span> 
     </span>
    </p>
   </div>
   <div class='ocr_carea' id='block_1_62' title="bbox 326 5068 3597 5160">
    <p class='ocr_par' dir='ltr' id='par_1_62' title="bbox 326 5068 3597 5160">
     <span class='ocr_line' id='line_1_64' title="bbox 326 5068 3597 5160; baseline -0.005 -25"><span class='ocrx_word' id='word_1_758' title='bbox 326 5079 435 5135; x_wconf 87' lang='lat' dir='ltr'><strong>hoc</strong></span> <span class='ocrx_word' id='word_1_759' title='bbox 462 5079 659 5136; x_wconf 87' lang='lat' dir='ltr'><strong>titulo:</strong></span> <span class='ocrx_word' id='word_1_760' title='bbox 693 5080 884 5153; x_wconf 79' lang='lat' dir='ltr'><strong>Incipit</strong></span> <span class='ocrx_word' id='word_1_761' title='bbox 922 5092 1179 5137; x_wconf 80' lang='lat' dir='ltr'><strong>tractatus</strong></span> <span class='ocrx_word' id='word_1_762' title='bbox 1223 5083 1460 5138; x_wconf 76' lang='lat' dir='ltr'><strong>Aimonis</strong></span> <span class='ocrx_word' id='word_1_763' title='bbox 1507 5084 1572 5137; x_wconf 83' lang='lat' dir='ltr'><strong>de</strong></span> <span class='ocrx_word' id='word_1_764' title='bbox 1620 5099 1835 5153; x_wconf 80' lang='lat' dir='ltr'><strong>corpore</strong></span> <span class='ocrx_word' id='word_1_765' title='bbox 1868 5090 1917 5135; x_wconf 83' lang='lat' dir='ltr'><strong>et</strong></span> <span class='ocrx_word' id='word_1_766' title='bbox 2017 5088 2328 5160; x_wconf 80' lang='lat' dir='ltr'><strong>ponendum</strong></span> <span class='ocrx_word' id='word_1_767' title='bbox 2392 5083 2522 5140; x_wconf 79' lang='lat' dir='ltr'><strong>duxi</strong></span> <span class='ocrx_word' id='word_1_768' title='bbox 2574 5084 2814 5138; x_wconf 84' lang='lat' dir='ltr'><strong>virorum</strong></span> <span class='ocrx_word' id='word_1_769' title='bbox 2863 5080 3165 5153; x_wconf 86' lang='lat' dir='ltr'><strong>peritorum</strong></span> <span class='ocrx_word' id='word_1_770' title='bbox 3224 5068 3597 5129; x_wconf 85' lang='lat' dir='ltr'><strong>testimonium</strong></span> 
     </span>
    </p>
   </div>
   <div class='ocr_carea' id='block_1_63' title="bbox 328 5164 3599 5246">
    <p class='ocr_par' dir='ltr' id='par_1_63' title="bbox 328 5164 3599 5246">
     <span class='ocr_line' id='line_1_65' title="bbox 328 5164 3599 5246; baseline -0.004 -19"><span class='ocrx_word' id='word_1_771' title='bbox 328 5173 586 5243; x_wconf 73' lang='lat' dir='ltr'><strong>sanguine</strong></span> <span class='ocrx_word' id='word_1_772' title='bbox 611 5173 845 5229; x_wconf 80' lang='lat' dir='ltr'><strong>Domini.</strong></span> <span class='ocrx_word' id='word_1_773' title='bbox 875 5173 1013 5229; x_wconf 88' lang='lat' dir='ltr'><strong>Tum</strong></span> <span class='ocrx_word' id='word_1_774' title='bbox 1060 5183 1251 5229; x_wconf 88' lang='lat' dir='ltr'><strong>auctor</strong></span> <span class='ocrx_word' id='word_1_775' title='bbox 1291 5182 1582 5229; x_wconf 89' lang='lat' dir='ltr'><strong>tractatum</strong></span> <span class='ocrx_word' id='word_1_776' title='bbox 1611 5172 1768 5229; x_wconf 80' lang='lat' dir='ltr'><strong>suum</strong></span> <span class='ocrx_word' id='word_1_777' title='bbox 1794 5188 1920 5229; x_wconf 92' lang='lat' dir='ltr'><strong>cum</strong></span> <span class='ocrx_word' id='word_1_778' title='bbox 2020 5179 2088 5237; x_wconf 84' lang='lat' dir='ltr'><strong>de</strong></span> <span class='ocrx_word' id='word_1_779' title='bbox 2125 5177 2328 5233; x_wconf 87' lang='lat' dir='ltr'><strong>codicis</strong></span> <span class='ocrx_word' id='word_1_780' title='bbox 2376 5174 2629 5231; x_wconf 87' lang='lat' dir='ltr'><strong>Boeriani</strong></span> <span class='ocrx_word' id='word_1_781' title='bbox 2664 5174 3025 5246; x_wconf 88' lang='lat' dir='ltr'><strong>antiquitate,</strong></span> <span class='ocrx_word' id='word_1_782' title='bbox 3073 5179 3135 5225; x_wconf 92' lang='lat' dir='ltr'><strong>ut</strong></span> <span class='ocrx_word' id='word_1_783' title='bbox 3175 5168 3214 5224; x_wconf 92' lang='lat' dir='ltr'><strong>ii</strong></span> <span class='ocrx_word' id='word_1_784' title='bbox 3264 5164 3462 5237; x_wconf 89' lang='lat' dir='ltr'><strong>quibus</strong></span> <span class='ocrx_word' id='word_1_785' title='bbox 3507 5174 3599 5213; x_wconf 87' lang='lat' dir='ltr'><strong>co-</strong></span> 
     </span>
    </p>
   </div>
   <div class='ocr_carea' id='block_1_64' title="bbox 330 5256 3599 5340">
    <p class='ocr_par' dir='ltr' id='par_1_64' title="bbox 330 5256 3599 5340">
     <span class='ocr_line' id='line_1_66' title="bbox 330 5256 3599 5340; baseline -0.006 -17"><span class='ocrx_word' id='word_1_786' title='bbox 330 5267 591 5339; x_wconf 81' lang='lat' dir='ltr'><strong>Epistulae</strong></span> <span class='ocrx_word' id='word_1_787' title='bbox 615 5270 885 5340; x_wconf 67' lang='lat' dir='ltr'><strong>praedictae</strong></span> <span class='ocrx_word' id='word_1_788' title='bbox 912 5269 1248 5339; x_wconf 76' lang='lat' dir='ltr'><strong>expositione</strong></span> <span class='ocrx_word' id='word_1_789' title='bbox 1295 5269 1661 5324; x_wconf 85' lang='lat' dir='ltr'><strong>continuando</strong></span> <span class='ocrx_word' id='word_1_790' title='bbox 1687 5269 1740 5323; x_wconf 89' lang='lat' dir='ltr'><strong>in</strong></span> <span class='ocrx_word' id='word_1_791' title='bbox 1774 5268 1918 5322; x_wconf 88' lang='lat' dir='ltr'><strong>hunc</strong></span> <span class='ocrx_word' id='word_1_792' title='bbox 2022 5271 2195 5327; x_wconf 89' lang='lat' dir='ltr'><strong>dicem</strong></span> <span class='ocrx_word' id='word_1_793' title='bbox 2235 5268 2399 5323; x_wconf 87' lang='lat' dir='ltr'><strong>istum</strong></span> <span class='ocrx_word' id='word_1_794' title='bbox 2432 5266 2616 5322; x_wconf 85' lang='lat' dir='ltr'><strong>videre</strong></span> <span class='ocrx_word' id='word_1_795' title='bbox 2652 5282 2763 5321; x_wconf 93' lang='lat' dir='ltr'><strong>non</strong></span> <span class='ocrx_word' id='word_1_796' title='bbox 2800 5265 2966 5331; x_wconf 89' lang='lat' dir='ltr'><strong>licet,</strong></span> <span class='ocrx_word' id='word_1_797' title='bbox 3008 5261 3290 5320; x_wconf 87' lang='lat' dir='ltr'><strong>hominum</strong></span> <span class='ocrx_word' id='word_1_798' title='bbox 3329 5256 3387 5310; x_wconf 89' lang='lat' dir='ltr'><strong>in</strong></span> <span class='ocrx_word' id='word_1_799' title='bbox 3438 5265 3599 5320; x_wconf 82' lang='lat' dir='ltr'><strong>repu-</strong></span> 
     </span>
    </p>
   </div>
   <div class='ocr_carea' id='block_1_65' title="bbox 332 5342 3602 5434">
    <p class='ocr_par' dir='ltr' id='par_1_65' title="bbox 332 5342 3602 5434">
     <span class='ocr_line' id='line_1_67' title="bbox 332 5342 3602 5434; baseline -0.006 -15"><span class='ocrx_word' id='word_1_800' title='bbox 332 5360 554 5419; x_wconf 79' lang='lat' dir='ltr'><strong>modum</strong></span> <span class='ocrx_word' id='word_1_801' title='bbox 581 5362 791 5418; x_wconf 89' lang='lat' dir='ltr'><strong>orditur</strong></span> <span class='ocrx_word' id='word_1_802' title='bbox 835 5360 987 5418; x_wconf 83' lang='lat' dir='ltr'><strong>:Sed</strong></span> <span class='ocrx_word' id='word_1_803' title='bbox 1039 5362 1286 5434; x_wconf 85' lang='lat' dir='ltr'><strong>quoniam</strong></span> <span class='ocrx_word' id='word_1_804' title='bbox 1334 5362 1490 5431; x_wconf 79' lang='lat' dir='ltr'><strong>hujus</strong></span> <span class='ocrx_word' id='word_1_805' title='bbox 1529 5360 1780 5431; x_wconf 81' lang='lat' dir='ltr'><strong>Episton</strong></span> <span class='ocrx_word' id='word_1_806' title='bbox 1826 5377 1918 5431; x_wconf 84' lang='lat' dir='ltr'><strong>op-</strong></span> <span class='ocrx_word' id='word_1_807' title='bbox 2017 5363 2160 5419; x_wconf 86' lang='lat' dir='ltr'><strong>blica</strong></span> <span class='ocrx_word' id='word_1_808' title='bbox 2213 5359 2476 5417; x_wconf 86' lang='lat' dir='ltr'><strong>litteraria</strong></span> <span class='ocrx_word' id='word_1_809' title='bbox 2524 5358 2953 5415; x_wconf 86' lang='lat' dir='ltr'><strong>clarissimorum</strong></span> <span class='ocrx_word' id='word_1_810' title='bbox 3012 5349 3325 5410; x_wconf 85' lang='lat' dir='ltr'><strong>auctoritati</strong></span> <span class='ocrx_word' id='word_1_811' title='bbox 3382 5342 3602 5414; x_wconf 81' lang='lat' dir='ltr'><strong>acqnie-</strong></span> 
     </span>
    </p>
   </div>
   <div class='ocr_carea' id='block_1_66' title="bbox 330 5450 2198 5525">
    <p class='ocr_par' dir='ltr' id='par_1_66' title="bbox 330 5450 2198 5525">
     <span class='ocr_line' id='line_1_68' title="bbox 330 5450 2198 5525; baseline 0.001 -19"><span class='ocrx_word' id='word_1_812' title='bbox 330 5452 629 5522; x_wconf 79' lang='lat' dir='ltr'><strong>portunitas</strong></span> <span class='ocrx_word' id='word_1_813' title='bbox 654 5454 806 5524; x_wconf 71' lang='lat' dir='ltr'><strong>offert</strong></span> <span class='ocrx_word' id='word_1_814' title='bbox 836 5462 893 5507; x_wconf 85' lang='lat' dir='ltr'><strong>ut</strong></span> <span class='ocrx_word' id='word_1_815' title='bbox 914 5452 1117 5525; x_wconf 83' lang='lat' dir='ltr'><strong>aliquid</strong></span> <span class='ocrx_word' id='word_1_816' title='bbox 1151 5452 1215 5506; x_wconf 86' lang='lat' dir='ltr'><strong>de</strong></span> <span class='ocrx_word' id='word_1_817' title='bbox 1240 5461 1385 5506; x_wconf 83' lang='lat' dir='ltr'><strong>tanto</strong></span> <span class='ocrx_word' id='word_1_818' title='bbox 1411 5462 1739 5506; x_wconf 78' lang='lat' dir='ltr'><strong>sacramento</strong></span> <span class='ocrx_word' id='word_1_819' title='bbox 1762 5450 1923 5507; x_wconf 80' lang='lat' dir='ltr'><strong>latius</strong></span> <span class='ocrx_word' id='word_1_820' title='bbox 2022 5464 2198 5513; x_wconf 82' lang='lat' dir='ltr'><strong>scant.</strong></span> 
     </span>
    </p>
   </div>
   <div class='ocr_carea' id='block_1_67' title="bbox 333 5522 3051 5614">
    <p class='ocr_par' dir='ltr' id='par_1_67' title="bbox 333 5522 3051 5614">
     <span class='ocr_line' id='line_1_69' title="bbox 333 5522 3051 5614; baseline -0.002 -17"><span class='ocrx_word' id='word_1_821' title='bbox 333 5544 564 5610; x_wconf 85' lang='lat' dir='ltr'><strong>dicatur,</strong></span> <span class='ocrx_word' id='word_1_822' title='bbox 611 5522 718 5600; x_wconf 85' lang='lat' dir='ltr'><strong>etc.</strong></span> <span class='ocrx_word' id='word_1_823' title='bbox 782 5545 934 5611; x_wconf 83' lang='lat' dir='ltr'><strong>Quod</strong></span> <span class='ocrx_word' id='word_1_824' title='bbox 979 5522 1195 5614; x_wconf 78' lang='lat' dir='ltr'><strong>quidem</strong></span> <span class='ocrx_word' id='word_1_825' title='bbox 1238 5543 1340 5599; x_wconf 87' lang='lat' dir='ltr'><strong>hoc</strong></span> <span class='ocrx_word' id='word_1_826' title='bbox 1368 5542 1486 5599; x_wconf 90' lang='lat' dir='ltr'><strong>loco</strong></span> <span class='ocrx_word' id='word_1_827' title='bbox 1524 5544 1796 5599; x_wconf 86' lang='lat' dir='ltr'><strong>monuisse</strong></span> <span class='ocrx_word' id='word_1_828' title='bbox 1844 5546 1924 5599; x_wconf 89' lang='lat' dir='ltr'><strong>vi-</strong></span> <span class='ocrx_word' id='word_1_829' title='bbox 2454 5522 2457 5527; x_wconf 14' lang='lat'><strong>~</strong></span> <span class='ocrx_word' id='word_1_830' title='bbox 2563 5536 3051 5598; x_wconf 82' lang='lat' dir='ltr'><strong>TESTIMONIUM.</strong></span> 
     </span>
    </p>
   </div>
   <div class='ocr_carea' id='block_1_68' title="bbox 335 5626 3283 5717">
    <p class='ocr_par' dir='ltr' id='par_1_68' title="bbox 335 5626 3283 5717">
     <span class='ocr_line' id='line_1_70' title="bbox 335 5626 3283 5717; baseline -0.004 -26"><span class='ocrx_word' id='word_1_831' title='bbox 335 5651 455 5691; x_wconf 91' lang='lat' dir='ltr'><strong>sum</strong></span> <span class='ocrx_word' id='word_1_832' title='bbox 480 5644 562 5691; x_wconf 88' lang='lat' dir='ltr'><strong>est</strong></span> <span class='ocrx_word' id='word_1_833' title='bbox 589 5652 768 5717; x_wconf 67' lang='lat' dir='ltr'><strong>operte</strong></span> <span class='ocrx_word' id='word_1_834' title='bbox 794 5638 1047 5709; x_wconf 89' lang='lat' dir='ltr'><strong>pretium.</strong></span> <span class='ocrx_word' id='word_1_835' title='bbox 1108 5636 1317 5708; x_wconf 87' lang='lat' dir='ltr'><strong>Itaque,</strong></span> <span class='ocrx_word' id='word_1_836' title='bbox 1365 5646 1426 5692; x_wconf 93' lang='lat' dir='ltr'><strong>ut</strong></span> <span class='ocrx_word' id='word_1_837' title='bbox 1451 5639 1610 5692; x_wconf 87' lang='lat' dir='ltr'><strong>modo</strong></span> <span class='ocrx_word' id='word_1_838' title='bbox 1656 5638 1918 5702; x_wconf 89' lang='lat' dir='ltr'><strong>dicebam,</strong></span> <span class='ocrx_word' id='word_1_839' title='bbox 2344 5636 2423 5691; x_wconf 88' lang='lat' dir='ltr'><strong>De</strong></span> <span class='ocrx_word' id='word_1_840' title='bbox 2444 5634 2697 5690; x_wconf 81' lang='lat' dir='ltr'><strong>Boeriani</strong></span> <span class='ocrx_word' id='word_1_841' title='bbox 2727 5632 2922 5685; x_wconf 76' lang='lat' dir='ltr'><strong>codicis</strong></span> <span class='ocrx_word' id='word_1_842' title='bbox 2953 5626 3283 5698; x_wconf 82' lang='lat' dir='ltr'><strong>antiquitate.</strong></span> 
     </span>
    </p>
   </div>
   <div class='ocr_carea' id='block_1_69' title="bbox 336 5715 3601 5813">
    <p class='ocr_par' dir='ltr' id='par_1_69' title="bbox 336 5715 3601 5813">
     <span class='ocr_line' id='line_1_71' title="bbox 336 5715 3601 5813; baseline -0.005 -24"><span class='ocrx_word' id='word_1_843' title='bbox 336 5737 582 5813; x_wconf 83' lang='lat' dir='ltr'><strong>tempore</strong></span> <span class='ocrx_word' id='word_1_844' title='bbox 607 5715 1183 5805; x_wconf 75' lang='lat' dir='ltr'><strong>Alcuinirecepta-erat</strong></span> <span class='ocrx_word' id='word_1_845' title='bbox 1202 5746 1286 5800; x_wconf 89' lang='lat' dir='ltr'><strong>ea,</strong></span> <span class='ocrx_word' id='word_1_846' title='bbox 1310 5746 1474 5803; x_wconf 84' lang='lat' dir='ltr'><strong>quam</strong></span> <span class='ocrx_word' id='word_1_847' title='bbox 1494 5731 1832 5802; x_wconf 84' lang='lat' dir='ltr'><strong>proﬁtemur.</strong></span> <span class='ocrx_word' id='word_1_848' title='bbox 1858 5730 1926 5788; x_wconf 91' lang='lat' dir='ltr'><strong>de</strong></span> <span class='ocrx_word' id='word_1_849' title='bbox 2097 5729 2206 5788; x_wconf 87' lang='lat' dir='ltr'><strong>Nos</strong></span> <span class='ocrx_word' id='word_1_850' title='bbox 2224 5730 2374 5785; x_wconf 84' lang='lat' dir='ltr'><strong>infra</strong></span> <span class='ocrx_word' id='word_1_851' title='bbox 2410 5728 2598 5801; x_wconf 82' lang='lat' dir='ltr'><strong>scripti</strong></span> <span class='ocrx_word' id='word_1_852' title='bbox 2628 5723 2898 5793; x_wconf 76' lang='lat' dir='ltr'><strong>omnibus,</strong></span> <span class='ocrx_word' id='word_1_853' title='bbox 2930 5736 3162 5796; x_wconf 85' lang='lat' dir='ltr'><strong>quorum</strong></span> <span class='ocrx_word' id='word_1_854' title='bbox 3196 5715 3465 5786; x_wconf 81' lang='lat' dir='ltr'><strong>intererit,</strong></span> <span class='ocrx_word' id='word_1_855' title='bbox 3494 5726 3601 5773; x_wconf 89' lang='lat' dir='ltr'><strong>no-</strong></span> 
     </span>
    </p>
   </div>
  </div>
