4038 6354
493 304 634 364 1025

1302 298 1364 354 Β.
1403 298 1467 354 F.
1505 294 1733 351 ALBINI
1772 292 1903 349 SEU
1943 290 2220 348 ALCUINI
2257 288 2544 347 OPERUM
2581 286 2763 343 PARS
2799 286 2933 343 Vill.

3608 284 3756 343 itm

494 430 611 476 tum
634 417 887 483 facimus,
916 415 1092 472 visum
1123 431 1154 470 a
1176 412 1331 469 nobis
1355 428 1419 467 ac
1446 411 1730 481 diligenter
1765 408 2064 477 inspectum
2094 409 2145 470 Α
2170 404 2292 457 dem
2323 404 2731 483 D.__Bas_nagius
2777 401 2979 483 dixerit
3020 400 3097 483 de.
3129 398 3391 483 magistro
3423 399 3582 483 illips
3616 405 3758 483 artis

493 512 901 570 membraneum
940 508 1183 563 codicem
1214 511 1580 576 pervetustum
1600 542 1613 564 ,
1647 501 1732 555 cui
1771 498 1958 554 titulus
1988 504 2071 552 est

496 604 783 662 recentiori
845 617 1011 656 manu
1062 601 1117 653 in
1177 596 1420 669 primarii
1468 594 1645 648 locum
1698 591 2066 646 substitutus:

495 698 682 753 Auum
723 695 1011 751 Coursssro
1034 706 1198 745 nam.
1227 688 1355 755 Quae
1386 685 1659 756 ipsissima
1686 690 1771 737 est
1792 679 2071 736 Confessio

497 790 597 844 sub
627 789 843 842 nomine
874 784 1085 840 Alcuini
1114 799 1145 837 a
1174 781 1239 834 R.
1268 781 1327 835 Ρ.
1355 779 1515 833 Petro
1542 778 1834 831 Francisco
1860 772 2073 829 Chime-

498 880 572 935 tio
600 880 737 950 typis
753 878 925 942 edita;
953 882 1320 944 testamurque
1347 873 1501 926 istius
1522 870 1722 926 codicis
1747 869 2072 937 scripturam

498 971 745 1042 proxime
773 968 1031 1023 accedere
1055 967 1124 1021 ad
1152 974 1363 1034 tempus
1391 962 1567 1018 Caroli
1596 961 1803 1030 Magni,
1845 974 1945 1014 nec
1974 974 2073 1013 sa:-

496 1062 616 1117 culo
640 1076 782 1116 nono
809 1058 1165 1130 posteriorem
1189 1057 1382 1110 videri.
1412 1054 1469 1108 In
1498 1068 1728 1124 quorum
1758 1050 1916 1106 fidem
1946 1049 2073 1104 huic

498 1155 859 1209 instrumento
910 1150 1328 1220 subscripsimus
1369 1147 1551 1211 Idibus
1598 1144 1902 1210 Decembr.,
1931 1157 2073 1198 anno

499 1245 710 1300 Domini
739 1242 896 1298 1674.

889 1329 1319 1402 Subscripserunt
1332 1331 1387 1384 in
1410 1328 1687 1399 originali:

496 1425 559 1478 A.
607 1424 821 1489 Fauna,
876 1421 1074 1476 Doctor
1124 1439 1186 1476 ac
1235 1422 1409 1476 socius
1465 1418 1798 1475 Sorbonicus.
1840 1417 2074 1489 JoaNNEs

566 1488 835 1558 Gustus,
879 1492 1156 1547 Societatis
1186 1493 1314 1546 Jesu
1358 1491 1644 1562 presbyter,
1697 1506 1759 1562 ac
1800 1488 2071 1562 theologica

605 1564 851 1631 rofessor.
884 1562 1129 1618 CAROLUS
1166 1579 1229 1617 LE
1262 1559 1489 1625 Corma,
1519 1559 1755 1613 Oratorii
1788 1559 2070 1631 presbyter.

618 1629 827 1689 aVvoa
849 1633 1243 1698 'd'HsnouvsL,
1279 1649 1499 1686 camerae
1521 1639 1880 1699 computorum
1920 1629 2077 1681 audi-

568 1714 669 1758 tor.
705 1705 780 1760 Du
808 1703 1012 1757 Fassus
1049 1720 1115 1757 nu
1146 1703 1323 1758 Casca
1347 1744 1362 1766 ,
1405 1712 1635 1773 qua’stor
1688 1699 2069 1773 Ambiizmensis.

570 1759 881 1830 [homines
904 1774 1191 1837 VALESIUS,
1230 1759 1677 1841 historiographus
1719 1772 1909 1840 regius.
1940 1769 2078 1824 8η-
2108 1759 2150 1817 Β

570 1862 771 1900 russus
796 1846 1003 1899 Bswzn
1025 1886 1038 1907 ,
1069 1844 1390 1898 bibliotheca:
1418 1841 1731 1897 Colbertime
1772 1841 2074 1911 prazfectus.

569 1916 866 1980 Cormasa,
892 1914 1162 1969 Societatis
1191 1914 1509 1968 Sorbonica‘.
1535 1914 1608 1966 De.
1636 1912 1879 1977 LAUNAY,
1910 1912 1966 1964 in
1990 1927 2079 1964 su-

569 2004 744 2057 premo
774 1984 1064 2040 Parisiensi
1099 1996 1283 2040 senatu
1321 1984 1628 2038 advocatus.

2013 2103 2078 2121 "'\

791 2182 949 2253 381
1009 2182 1782 2263 ANIMADVERSIO

1263 2332 1315 2370 IN

679 2429 1046 2488 (ΙΕΝὸυῆΑὸ
1083 2427 1545 2485 CELEBERRIMI
1582 2430 1934 2496 BASNAGII,

506 2523 673 2601 Quas
728 2522 1021 2583 adversus
1081 2519 1522 2602 praecedentem
1576 2523 1650 2581 D.
1717 2523 2079 2602 Mabillonii

582 2600 1095 2682 piequisitionem
1128 2600 1287 2682 tulit;
1309 2608 1456 2682 tom.
1494 2601 1571 2661 II
1609 2602 1780 2663 Hist.
1812 2601 2075 2676 Ecclcs.,

585 2679 786 2753 libfv,
820 2700 956 2761 cap.
988 2684 1050 2757 7,
1077 2698 1225 2760 pag.
1264 2680 1382 2741 899
1415 2687 1469 2738 et
1498 2698 1619 2760 seq.

574 2804 817 2861 Senserat
844 2803 912 2856 D.
944 2802 1239 2871 Basnagius
1267 2811 1521 2871 quantum
1551 2798 1901 2855 Calvinistica:
1925 2811 2078 2856 secta:

502 2874 790 2931 rationibus
846 2883 1073 2938 noceret,
1123 2873 1167 2925 si
1229 2881 1430 2925 vetusto
1493 2888 1554 2924 ac
1607 2874 1830 2941 genuino
1881 2873 2076 2941 scripto

501 2946 720 3016 insignis
754 2943 1049 3016 cujusdam
1076 2943 1302 2996 doctoris
1332 2941 1559 3016 (qualem
1586 2941 1869 3016 Aicuinum
1914 2942 2076 3016 fuisse

501 3011 823 3086 ipse'censet)
850 3014 1052 3066 ostendi
1098 3022 1287 3081 posset,
1311 3011 1469 3086 [idem
1498 3012 1731 3086 eamdem
1771 3014 1911 3086 circa
1931 3081 1940 3086 _
1961 3011 2074 3086 Eu-

2171 490 2368 544 magno
2394 469 2834 544 Mabillonio,aut
2857 474 2923 527 de
2941 471 3134 544 Carolo
3148 469 3384 544 Cointio,
3408 472 3477 525 du
3498 471 3752 544 Fresnio,

2171 541 2408 609 Valesio,
2442 545 2679 609 Baluzio,
2710 543 2979 598 Cotelerio
3007 542 3233 612 aliisque
3261 542 3329 597 ab
3372 541 3488 612 ipso
3509 543 3563 597 in
3589 546 3752 600 testi-

2171 617 2413 668 monium
2463 615 2727 669 adductis.
2776 632 2805 685 ﬁt
2847 613 3119 685 Atenim,
3172 612 3386 680 reponit
3428 612 3751 685 Basnagius,

2172 685 2244 739 Μ.
2282 685 2530 750 Dallazus,
2571 685 2623 738 in
2647 684 2989 754 dijudicando
3016 683 3163 754 ston
3189 691 3435 754 veterum
3465 683 3753 741 auctorum

2171 757 2520 817 exercitatus,
2569 768 2623 809 et
2667 753 2757 823 qui
2810 755 3011 823 optime
3047 753 3195 807 novit
3246 753 3555 809 discernere
3582 770 3754 823 opera

2170 842 2299 880 vera
2328 834 2608 880 auctorum
2650 822 2880 889 aifalsis’,
2911 822 3068 893 hujus
3098 822 3747 895 Confessionisqsupposi—

2173 897 2374 951 tionem
2422 896 2644 958 detexit,
2689 904 2743 949 et
2783 892 3080 949 rationibus
3118 894 3372 947 firmavit.
3408 914 3427 946 ι
3460 892 3627 965 Atqui
3653 896 3757 952 has

2172 968 2408 1021 rationes
2455 965 2793 1021 Mabillouius
2820 965 3029 1027 evertit,
3059 973 3114 1019 et
3141 967 3210 1019 ad
3249 965 3627 1034 antiquitatem
3659 982 3754 1022 co-

2174 1038 2309 1108 dicis
2350 1037 2691 1108 provocavit;
2729 1052 2914 1108 quam,
2964 1035 3206 1108 inspecto
3237 1034 3444 1108 codice,
3482 1036 3588 1089 viri
3618 1037 3756 1093 artis

2172 1105 2532 1176 diplomaticae
2580 1106 2897 1176 peritissimi
2940 1105 3271 1175 probarunt;
3320 1105 3554 1161 Dallazus
3599 1122 3751 1172 vero,

2173 1177 2264 1231 illo
2296 1178 2434 1231 forte
2488 1194 2592 1230 non
2623 1179 2762 1242 viso,
2807 1192 2873 1231 ex
2902 1177 3003 1230 levi
3047 1177 3375 1246 suspicione,
3401 1177 3549 1244 quod
3587 1193 3753 1231 manu

2172 1248 2423 1303 monachi
2464 1247 2665 1301 falsarii
2696 1246 2874 1318 forma
2898 1256 3139 1301 veterum
3168 1248 3546 1318 characterum
3572 1246 3752 1318 eﬂingi

2170 1320 2429 1387 potuerit,
2465 1319 2816 1388 impugnavit.
2849 1316 2947 1372 Cui
2977 1333 3039 1388 ex
3093 1319 3174 1372 his
3202 1316 3750 1388 magis__credenduin

2174 1386 2263 1453 Sit,
2295 1389 2513 1443 videant
2540 1386 2753 1442 eruditi.
2801 1388 2961 1443 Certe
3008 1387 3071 1440 D.
3111 1387 3345 1452 Ceillier,
3376 1386 3615 1442 Histoire
3660 1389 3750 1441 des

2174 1459 2401 1513 Auteurs
2459 1462 2650 1522 sacres,
2708 1468 2836 1513 tom.
2868 1458 3050 1523 XVIII,
3105 1473 3223 1528 cap.
3295 1457 3386 1523 21,
3448 1474 3601 1528 num.
3664 1459 3751 1523 18,

2174 1544 2295 1600 pag.
2320 1530 2443 1593 542,
2470 1537 2823 1600 contestatur,
2851 1546 2908 1585 se
2926 1546 3024 1600 per
3049 1527 3335 1600 decursum
3358 1544 3470 1583 suae
3494 1527 3746 1583 Historia:

2174 1598 2611 1668 deprehendisse,
2664 1598 2943 1654 Dallaeum'
2972 1600 3029 1653 in
3081 1598 3439 1667 dijudicandis
3505 1608 3749 1653 veterum

2174 1670 2396 1725 Patrum
2419 1671 2666 1740 genuinis
2681 1670 2934 1740 operibus
2956 1668 3232 1723 multoties
3258 1668 3423 1724 fuisse
3443 1669 3747 1738 deceptum;

2180 1686 2396 1725 ratrum
2454 1686 2666 1724 enumts
2681 1686 2934 1740 operiens
2956 1686 3232 1723 muuoues
3258 1686 3423 1724 luisse
3443 1686 3504 1724 ue

2180 1741 2321 1815 quod
2344 1686 2728 1815 inﬁiabillonio
2750 1740 3095 1815 nemo_fa'cile
3117 1740 3504 1815 deprehendet.

2248 1810 2327 1881 (b)
2381 1810 2602 1881 Propter
2649 1809 2852 1881 dignos:
2905 1811 3198 1879 Basnagius
3223 1810 3340 1864 ait:
3387 1829 3406 1860 ‹
3458 1809 3748 1864 Auctonem

2178 1880 2544 1937 Confessionis
2594 1880 3015 1936 non'convenire
3060 1897 3182 1934 cum
3219 1882 3288 1935 iis
3311 1880 3745 1949 Berengarianis,

2179 1952 2269 2021 qui
2324 1953 2574 2006 dicebant
2602 1951 2757 2020 panis
2802 1960 2857 2006 et
2887 1952 2996 2005 vini
3023 1961 3233 2020 partem
3287 1952 3508 2021 mutari,
3542 1961 3751 2021 partem

2178 2020 2283 2076 non
2307 2022 2525 2076 mutari.
2565 2043 2582 2073 ι
2612 2022 2693 2075 Sit
2731 2023 2824 2075 ita.
2850 2021 3099 2075 Attamen
3146 2022 3189 2075 si
3222 2031 3342 2090 post
3363 2020 3749 2091 Berengarium

2178 2094 2488 2173 scripsisset
2516 2092 2603 2146 hic
2652 2091 3083 2173 confessornvere
3113 2093 3431 2173 catholicus,
3461 2100 3752 2173 temperas-

2179 2173 2259 2218 set
2284 2165 2451 2217 verba
2495 2178 2615 2232 qua:
2641 2163 2775 2216 citat
2815 2162 3174 2227 Mabillonius,
3204 2178 3272 2216 ne
3302 2164 3357 2217 in
3387 2162 3751 2231 suspicionem

2178 2234 2383 2288 erroris
2430 2232 3177 2304 Berengarianoru‘rnveniret
3208 2250 3221 2285 :
3265 2248 3397 2304 ergo
3425 2232 3754 2303 Berengario

2180 2314 2257 2359 est
2291 2304 2585 2373 antiquior,
2608 2304 2749 2372 quod
2776 2304 2887 2357 vult
2912 2302 3266 2359 Mabillonius.

2250 2374 2321 2446 (ε)
2355 2371 2479 2428 Νόη
2501 2373 2602 2446 nisi
2626 2371 2818 2446 sa’culo
2849 2390 2983 2446 nono
3008 2373 3252 2446 ventilata
3272 2381 3415 2446 sunt.
3445 2371 3753 2446 Respondet

2178 2443 2493 2515 Basnagius,
2530 2463 2547 2494 ι
2585 2444 2725 2498 hanc
2766 2444 3097 2515 doctrinam,»
3141 2444 3419 2515 etiamad
3450 2443 3751 2515 sequentia

2178 2512 2378 2571 saecula
2419 2515 2715 2570 transiisse.
2752 2534 2771 2566 ι
2822 2514 2906 2569 Sit
2930 2515 3022 2569 ita.
3055 2512 3257 2569 Verum
3284 2512 3629 2568 Mabillonius
3650 2529 3753 2567 non

2179 2586 2416 2656 loquitur
2436 2587 2501 2640 de
2522 2586 2789 2650 doctrina,
2814 2585 2906 2640 sed
2935 2585 3002 2640 de
3021 2585 3409 2655 disceptatione
3435 2585 3581 2639 circa
3612 2585 3754 2639 illam

2179 2657 2498 2720 doctrinam,
2526 2664 2581 2710 et
2596 2657 2739 2710 illam
2760 2673 2866 2712 non
2890 2656 3167 2711 transiisse
3186 2656 3330 2710 ultra
3355 2670 3561 2709 nonum
3582 2671 3751 2710 saecu-

2178 2726 2286 2781 lum
2317 2726 2565 2781 afﬁrmat.

2248 2797 2324 2869 (d)
2356 2796 2423 2850 Ut
2453 2798 2687 2851 homines
2731 2797 2801 2869 ad
2847 2798 3185 2869 malumseu
3227 2804 3501 2869 peccatum
3544 2812 3591 2869 ia
3652 2793 3753 2869 D_eo

2176 2865 2694 2938 prcedestjnarentur.
2732 2886 2750 2918 ‹
2784 2868 2917 2934 lmo,
2964 2869 3040 2922 ait
3067 2865 3390 2938 Basnagius,
3424 2868 3515 2922 hic
3540 2867 3657 2938 ipse
3682 2865 3756 2938 lo-

2178 2936 2273 2993 cus
2298 2936 2493 2993 sumcit
2521 2938 2590 2991 ad
2620 2940 3027 2994 monstrandum
3053 2938 3194 3007 quod
3233 2936 3426 2993 auctor
3448 2936 3755 3007 Confessio-

2177 3012 2260 3064 nis
2311 3024 2417 3063 non
2471 3010 2641 3077 potuit
2689 3009 2929 3064 scribere
2976 3006 3215 3078 tempore
3276 3008 3511 3063 Alcuini.
3575 3006 3756 3061 Primo

504 3078 825 3171 charistiam}
856 3100 1013 3154 quam
1058 3078 1194 3164 nunc
1220 3078 1475 3171 cath'o'lica
1515 3081 1789 3171 profitetur
1814 3081 2071 3171 Efclesia,
2100 3109 2147 3171 ο
2179 3081 2985 3171 namqtﬁlpoutrov‘ersiakq‘um
3033 3080 3088 3171 iri
3133 3078 3391 3171 liispania
3449 3079 3757 3171 agitabatur

497 3157 611 3225 jam
654 3150 997 3208 sa’culo'vm
1042 3152 1279 3220 viguisse.
1332 3150 1808 3274 IIinc,Cpostquam
1858 3152 2076 3206 breviter

504 3232 797 3274 enarrasset
824 3223 1049 3274 diversas
1086 3223 1224 3274 circa
1269 3219 1476 3274 Alcuini
1546 3220 1887 3274 onfessioncm
1929 3222 2073 3274 fidei.

504 3219 797 3279 enarrasset
824 3223 1049 3275 diversas
1086 3219 1224 3274 circa
1269 3219 1476 3274 Alcuini
1501 3219 1887 3288 Confessione":
1927 3222 2073 3289 ﬁdei,

502 3312 535 3348 α
568 3294 633 3347 R.
666 3292 733 3347 Ρ.
779 3290 1029 3361 Chiﬂletio
1072 3292 1287 3355 editam,
1336 3292 1602 3360 opiniones
1642 3292 1733 3343 diu
1779 3290 2073 3357 ventilatas,

505 3362 765 3418 concludit
802 3377 819 3415 :
855 3360 1002 3416 (Lis
1033 3371 1141 3415 tam
1192 3360 1349 3430 longa
1392 3362 1458 3413 de
1500 3361 1702 3431 scripto
1747 3362 1799 3414 in
1826 3378 1934 3431 quo
1966 3370 2075 3417 tam

504 3434 789 3488 manifeste
816 3432 1035 3486 traditio
1081 3432 1331 3485 Ecclesia:
1365 3431 1510 3485 circa
1541 3430 1935 3485 Eueharistiam
1984 3432 2076 3487 fir-

505 3513 705 3568 matur,
731 3510 967 3558 meretur
994 3510 1051 3556 ut
1072 3509 1341 3557 momento
1372 3502 1559 3556 saltem
1584 3501 1725 3555 illius
1753 3501 2074 3558 discussioni

504 3575 871 3629 immoremur.
924 3593 942 3624 ι
981 3570 1161 3642 Pergit
1207 3571 1392 3625 deinde
1420 3581 1467 3625 et
1514 3573 1587 3624 ait
1617 3586 1634 3623 :
1669 3590 1686 3621 ‹
1742 3572 2075 3628 Permissum

504 3645 658 3700 nobis
686 3646 793 3699 erit
841 3657 1107 3706 asserere,
1147 3643 1288 3696 inter
1332 3650 1649 3712 argumenta
1680 3658 1800 3711 qtue
1832 3642 2072 3699 Mabillo—

506 3718 626 3770 nius
664 3714 906 3784 protulit,
948 3730 1016 3767 ne
1044 3727 1208 3784 unum
1231 3712 1451 3784 quidem
1489 3728 1608 3784 esse
1634 3713 1776 3781 quod
1803 3714 1992 3782 probet
2016 3715 2075 3768 il-

504 3786 609 3839 lam
626 3782 1030 3841 Confessionem
1049 3799 1165 3837 esse
1180 3782 1410 3837 Alcuini.
1438 3803 1455 3833 ›
1481 3782 1634 3847 Quod
1651 3800 1801 3836 suum
1820 3796 2075 3838 assertum

540 3857 761 3911 uomodo
787 3855 964 3926 probet
1003 3854 1323 3926 rvir_t_ioc_tu_s,
1351 3854 1731 3926 inspiciamus.
1790 3853 2076 3926 Citabimas

540 3873 761 3911 uomouo
787 3873 964 3926 probet
1007 3873 1085 3908 vir
1119 3873 1323 3917 aocms,
1371 3873 1731 3923 mspmamus.
1790 3873 2076 3908 unammus

504 3873 618 3980 70m
648 3925 1035 3995 Disquisitionis
1086 3922 1480 3978 Mabilloniana:
1530 3939 1644 4044 qua:
1674 3923 1743 3976 ι).
1780 3924 2076 3995 Basnagius

506 3997 736 4044 refutare
762 3995 919 4044 voluit
936 4012 953 4044 :
978 3993 1259 4044 referemus
1288 3992 1473 4044 deinde
1499 3993 1535 4044 il
1562 3995 1641 4044 ius
1670 4010 1936 4044 responsa.
1959 4012 2075 4044 oua:

506 3997 736 4065 refutare
755 3992 953 4057 'voluit;
978 3993 1259 4116 re[eremus
1288 3992 1473 4046 deinde
1499 3992 1641 4046 illius
1670 4010 1936 4063 responsa,
1959 3992 2075 4065 gnte

511 4067 711 4116 demum
734 4066 950 4116 breviter
969 4065 1023 4116 di
1049 4080 1243 4116 uemus.

511 4067 711 4120 demum
734 4066 950 4119 breviter
969 4065 1243 4117 diluemus.

576 4134 651 4208 (ει)
683 4135 948 4208 Srrculunt
992 4151 1183 4208 nonum
1203 4134 1382 4208 _sapi_t_.
1406 4133 1724 4208 _Respondet
1756 4133 2073 4202 Basnagius,

510 4225 529 4256 ι
567 4204 709 4274 quod
736 4205 1029 4260 auctoritas
1072 4205 1216 4259 unici
1248 4204 1451 4259 codicis
1500 4220 1601 4257 ms.
1645 4212 1791 4257 tanta
1821 4219 1925 4258 non
1968 4215 2070 4271 est,

508 4283 568 4329 ut
610 4276 811 4344 aliquid
851 4277 1059 4345 probet,
1107 4292 1226 4329 cum
1258 4274 1569 4345 monachus
1607 4274 1801 4344 aliquis
1834 4278 2072 4345 potuerit

506 4346 707 4416 imitari
733 4344 1103 4401 characterem
1136 4363 1149 4398 :
1182 4355 1236 4399 et
1278 4346 1409 4400 nihil
1438 4346 1508 4399 sit
1551 4344 1760 4399 facilius
1809 4344 1969 4416 quam
2020 4346 2075 4401 in

504 4414 704 4485 iudicio
750 4416 894 4470 circa
924 4416 1297 4483 antiquitatem
1347 4432 1475 4470 mss.
1511 4416 1783 4471 aberrare.
1820 4414 1841 4467 ί
1875 4416 2074 4471 Verum

509 4486 621 4541 sola
649 4488 713 4540 de
737 4501 897 4540 causa
940 4501 1036 4539 sua
1064 4485 1365 4554 desperatio
1394 4488 1533 4540 hanc
1574 4486 1626 4539 in
1658 4488 1952 4541 monachos
1978 4501 2073 4540 ca-

511 4555 770 4636 lumniam
804 4555 1217 4636 spggesseritp.
1248 4555 1533 4636 Basnagio:
1576 4556 1641 4636 Et
1672 4558 1715 4610 si
1748 4557 2075 4636 ita_ratioci-

509 4626 631 4681 nari
654 4625 799 4691 licet,
825 4625 981 4679 facile
1004 4626 1173 4679 everti
1210 4636 1461 4697 poterunt
1484 4625 1711 4694 plurima
1739 4628 2075 4697 antiquitatis

509 4705 880 4760 monumenta,
926 4710 1155 4765 quorum
1185 4712 1291 4751 non
1324 4696 1425 4750 nisi
1458 4697 1675 4750 unicum
1702 4696 2076 4752 restat’exem—

508 4768 642 4837 plar.
673 4767 734 4821 D.
760 4768 1056 4837 Basnagius
1077 4767 1238 4837 igitur
1259 4766 1452 4820 afferre
1479 4766 1751 4822 debuisset
1770 4784 1879 4821 sua:
1903 4769 2075 4837 suspi-

510 4839 680 4894 cionis
700 4838 900 4892 solidas
922 4839 1182 4904 rationes,
1207 4847 1496 4907 antequam
1524 4839 1869 4901 monachum,
1894 4838 2077 4892 nescio

510 4916 1236 4979 quem,censuraAnotaret.
1287 4908 1443 4961 Enim
1489 4923 1618 4961 vero
1646 4909 1942 4962 monachus
1988 4908 2076 4964 ille

507 4976 646 5035 hanc
677 4976 829 5034 suam
853 4976 1253 5035 Confessionem
1280 4979 1366 5033 vel
1387 4979 1605 5049 scripsit
1625 4994 1721 5048 pro
1745 4993 1841 5032 suo
1867 4980 2077 5048 privato

508 5065 607 5104 usu
638 5066 701 5105 ac
734 5050 1018 5105 devotione
1064 5069 1077 5103 :
1104 5060 1179 5115 et,
1230 5065 1329 5103 cur
1356 5048 1580 5118 ﬁngeret
1611 5050 1956 5104 characteres
1981 5064 2077 5103 suo

509 5135 623 5174 aevo
670 5121 1010 5175 anteriores?
1065 5120 1156 5176 Vel
1201 5119 1415 5188 scripsit
1458 5120 1525 5181 ad
1554 5118 1733 5173 fucum
1770 5119 2076 5175 faciendum

509 5189 818 5246 hominibus
863 5207 973 5246 suae
1000 5192 1174 5245 aetatis
1207 5188 1293 5260 (de
1345 5190 1409 5243 iis
1437 5190 1578 5243 enim
1623 5191 1714 5259 qui
1740 5198 1861 5259 post
1901 5190 2077 5257 aliqua

507 5261 701 5330 stecula
744 5262 937 5317 victuri
980 5270 1179 5326 essent,
1213 5260 1475 5329 cogitasse
1502 5261 1620 5329 quis
1658 5260 1931 5330 credat?).
1972 5260 2076 5314 Sed

510 5328 587 5385 illi
618 5330 773 5386 facile
800 5333 984 5402 utique
1012 5328 1343 5385 detexissent
1369 5328 1612 5384 fraudem
1634 5346 1707 5402 ex
1743 5328 1929 5385 charta
1959 5345 2076 5385 ma-

510 5417 689 5482 nuque
739 5401 1148 5482 recentioribus:
1186 5402 1445 5482 Equidem
1500 5401 1743 5482 homines
1783 5403 2078 5482 Amodernos

512 5471 666 5525 facile
702 5482 785 5527 est
838 5474 1091 5526 aberrare
1136 5472 1189 5525 in
1240 5472 1446 5541 judicio
1503 5473 1646 5525 circa
1704 5472 2077 5540 antiquitatem

510 5557 667 5605 mss.,
697 5543 959 5603 homines,
992 5543 1230 5611 inquam,
1261 5543 1350 5611 qui
1378 5543 1429 5595 in
1459 5542 1525 5596 iis
1563 5543 1860 5595 tractandis
1901 5542 2079 5595 minus

511 5620 636 5664 sunt
684 5613 986 5677 exercitati,
1024 5623 1078 5667 et
1117 5614 1292 5665 minus
1336 5622 1453 5665 arte
1502 5611 1690 5665 critica
1739 5612 2075 5665 discernendi

515 5682 729 5753 spurias
749 5684 1048 5752 scripturas
1069 5698 1099 5736 a
1121 5683 1365 5753 genuinis
1394 5681 1686 5746 informati,
1710 5690 1763 5736 et
1784 5684 1836 5736 in
1856 5681 2078 5737 ferendo

508 5749 714 5829 judicio
741 5749 918 5812 minus
943 5749 1147 5823 cautif
1167 5752 1243 5820 id,
1283 5752 1427 5827 quod
1450 5766 1626 5822 nemo,
1653 5761 1708 5810 et
1734 5769 1802 5809 ne
1823 5754 1939 5829 ipse
1960 5753 2077 5825 qui-

2178 3166 2319 3205 anno
2363 3150 2488 3222 790,
2532 3166 2637 3222 non
2664 3150 2917 3222 tangebat
2943 3149 3595 3222 praedestinationem'ad
3644 3164 3758 3222 ma-

2176 3222 2305 3275 lum.
2348 3240 2365 3272 »
2414 3219 2577 3290 Atqui
2610 3221 2748 3276 hanc
2765 3219 3047 3289 tangebat,
3080 3228 3242 3289 prout
3277 3220 3625 3274 Mabillonius
3673 3219 3760 3274 hic

2174 3293 2386 3371 probat,
2411 3298 2463 3344 et
2482 3291 2548 3371 ad
2575 3292 2716 3371 quod
2734 3292 3027 3371 Baspagius
3050 3291 3125 3371 n_il
3146 3293 3450 3371 respondet.
3480 3291 3755 3371 Secundo,

2175 3359 2251 3416 ait
2300 3359 2618 3431 Basnagius’,
2669 3363 2783 3417 hare
2830 3359 3032 3431 (opinio
3058 3362 3123 3416 de
3160 3359 3647 3431 pri-destinatione
3688 3359 3757 3414 ad

2176 3432 2397 3504 malum)
2449 3430 2776 3504 iuUGalliam
2823 3430 2931 3504 non
2954 3432 3555 3504 penetravit,qubitunc
3599 3430 3756 3504 circa

2177 3502 2405 3573 gratiam
2430 3502 2575 3573 nulla
2600 3502 2934 3573 concertatio
2955 3502 3132 3558 fuerat
3164 3520 3177 3555 :
3209 3503 3301 3557 sed
3328 3502 3560 3573 primum
3593 3502 3759 3573 annis

2175 3570 2244 3628 30
2274 3573 2359 3627 vel
2381 3572 2450 3625 50
2475 3580 2595 3640 post
2624 3573 2829 3626 obitum
2851 3572 3059 3628 Alcuini
3082 3575 3198 3627 haec
3216 3570 3439 3643 quaestio
3460 3572 3537 3625 ibi
3559 3570 3756 3643 agitari

2174 3644 2359 3713 cmpit.
2403 3663 2420 3694 ι
2456 3642 2617 3713 382
2652 3643 2845 3697 Verum
2876 3644 2989 3697 haec
3037 3642 3315 3713 responsio
3365 3658 3494 3697 sane
3540 3642 3753 3695 infirma

2176 3725 2277 3767 est.
2310 3714 2506 3767 Demus
2528 3722 2739 3767 vivente
2760 3713 2985 3768 Alcuino
3019 3714 3162 3768 illam
3189 3713 3255 3768 de
3277 3713 3755 3783 praedestinatione

2178 3786 2244 3837 ad
2275 3784 2472 3837 malum
2500 3784 2925 3838 controversiam
2952 3785 3005 3838 in
3035 3784 3206 3839 Gallia
3235 3800 3340 3838 non
3391 3783 3559 3839 fuisse
3584 3783 3754 3853 agita-

2177 3864 2323 3919 tam;
2348 3854 2489 3907 illius
2519 3862 2696 3907 tamen
2728 3855 2930 3908 erroris
2968 3855 3155 3908 notitia
3186 3870 3285 3909 cur
3308 3870 3376 3908 ex
3416 3854 3676 3923 Hispania
3702 3854 3755 3908 in

2174 3926 2407 3979 vicinam
2430 3923 2657 3978 Calliam
2684 3940 2789 3978 non
2818 3926 2988 3994 potuit
3010 3933 3295 3994 penetrare
3319 3926 3385 3980 ad
3412 3926 3663 3979 homines
3687 3924 3751 3977 de

2174 3996 2408 4066 puritate
2458 3995 2718 4066 doctrinae
2749 3995 3028 4060 sollicitos,
3054 4010 3216 4066 quam
3243 3996 3546 4066 doctrinam
3576 3994 3756 4048 Alcui-

2176 4064 2276 4119 nus
2302 4066 2354 4119 in
2395 4080 2491 4119 sua
2525 4064 2870 4121 Confessione
2898 4065 3214 4119 damnaret?
3245 4064 3449 4119 Deinde
3478 4067 3597 4120 haec
3629 4080 3756 4118 con-

2177 4136 2457 4206 troversia.
2509 4145 2630 4204 post
2675 4136 2744 4189 50
2792 4150 2962 4189 annos
3008 4136 3060 4190 in
3097 4134 3269 4190 Gallia
3314 4136 3559 4206 agitata,
3590 4135 3755 4206 etiam

2176 4216 2303 4261 tunc
2349 4205 2527 4260 decisa
2585 4216 2638 4259 et
2678 4206 2894 4274 penitus
2938 4206 3208 4260 exstincta
3234 4205 3366 4271 fuit,
3405 4208 3482 4260 ait
3513 4205 3754 4259 Mabillo—

2176 4278 2319 4341 nius,
2375 4287 2429 4331 et
2491 4276 2684 4330 exinde
2738 4276 2918 4341 infert,
2979 4275 3345 4331 Confessionis
3403 4276 3756 4332 Chiilletianae

2177 4348 2497 4416 scriptorem
2548 4347 2747 4401 vixisse
2792 4346 2878 4402 vel
2914 4347 3137 4402 Adriani
3188 4358 3339 4416 papm
3392 4347 3411 4401 1
3470 4346 3556 4400 vel
3606 4355 3756 4400 certe

2178 4417 2516 4471 Gothescalci
2563 4424 2806 4487 tempore
2852 4435 2865 4470 :
2906 4432 3035 4472 sane
3081 4417 3260 4486 potius
3328 4417 3572 4481 Adriani,
3635 4431 3756 4487 cum

2099 4472 2151 4534 υ
2176 4488 2469 4542 Boerianus
2509 4472 2709 4552 Codef,
2760 4488 2851 4556 qui
2890 4472 3253 4558 autographus
3284 4503 3394 4542 non
3427 4497 3531 4551 est,
3559 4472 3627 4539 ad
3654 4486 3757 4541 Ca-
3836 4530 3853 4549 .

2177 4558 2274 4612 roli
2305 4558 2481 4627 Magni
2522 4565 2732 4627 tempus
2783 4558 3295 4628 proximewaccedat.
3329 4558 3439 4613 Cur
3481 4559 3599 4612 haec
3646 4567 3756 4611 tam

2173 4627 2804 4698 leviteripraatergressus
2830 4637 2911 4698 est
2940 4628 3001 4681 D.
3032 4627 3363 4698 Basnagius?

2249 4696 2321 4769 (ε)
2351 4695 2503 4769 Quod
2548 4695 2723 4767 viginti
2775 4697 2941 4753 millia
2974 4695 3237 4752 servorum
3266 4698 3497 4754 haberet.
3534 4717 3551 4750 ι
3590 4697 3757 4765 Quasi

2175 4768 2326 4833 vero,
2369 4770 2442 4821 ait
2470 4768 2786 4839 Basnagius,
2818 4784 2923 4822 non
2954 4778 3136 4838 posset
3174 4769 3465 4839 quisquam
3490 4770 3661 4823 etiam
3684 4769 3753 4823 ob

2178 4839 2445 4892 minorem
2476 4837 2797 4893 famulorum
2830 4837 3116 4892 numerum
3157 4837 3458 4907 superbire.
3493 4859 3512 4891 ι
3542 4840 3601 4894 Id
3626 4854 3757 4908 pro-

2177 4908 2319 4963 fecto
2348 4907 2465 4962 ﬁeri
2494 4917 2698 4978 potest;
2727 4924 2929 4979 verum,
2958 4908 3298 4979 Mabillonius
3329 4910 3404 4963 nil
3431 4910 3577 4964 aliud
3618 4907 3757 4979 petit

2177 4994 2339 5047 quam
2363 4980 2503 5060 hanc
2518 4978 3133 5060 precationemmcuino
3157 4980 3398 5060 apprime
3420 4978 3756 5060 competere,

2180 5059 2373 5103 etnon
2429 5048 2584 5103 facile
2630 5049 2783 5104 alteri
2834 5048 2978 5103 illius
3023 5048 3279 5119 temporis
3309 5065 3415 5118 quo
3434 5048 3653 5106 libellus
3691 5065 3757 5105 ex

2179 5119 2561 5190 demonstratis
2597 5121 2830 5190 scriptus
2856 5127 2959 5183 est,
2990 5120 3263 5189 scriptori.

2251 5189 2314 5261 (Γ)
2344 5190 2596 5263 Reperire
2619 5189 2721 5243 non
2747 5189 2909 5263 ualeo.
2945 5209 2980 5263 ‹Δ
2999 5190 3255 5263 Alcuinus
3281 5205 3429 5261 ergo,
3464 5190 3758 5263 respondet

2178 5258 2493 5330 Basnagius.
2528 5268 2717 5314 auctor
2738 5259 3115 5330 Confessionis,
3137 5258 3295 5327 hujus
3319 5258 3630 5317 censendus
3653 5271 3757 5326 est,

2179 5331 2270 5399 qui
2293 5329 2499 5401 similes
2518 5330 2765 5398 querelas
2797 5330 2997 5384 movit?
3028 5351 3044 5381 ι
3073 5329 3322 5399 Nunquid
3345 5344 3473 5385 vero
3492 5331 3759 5401 ejusmodi

2179 5401 2410 5470 querelze
2444 5400 2727 5455 Alcuinum
2757 5402 2808 5454 in
2837 5401 3153 5455 memoriam
3177 5404 3465 5455 revocant?
3486 5400 3612 5458 cum
3648 5418 3757 5457 non

2178 5488 2331 5540 atque
2360 5472 2514 5526 alteri
2546 5471 2686 5525 illius
2706 5472 2802 5525 aevi
2824 5472 3083 5543 scriptori
3098 5486 3166 5543 ac
3189 5470 3415 5527 Alcuino
3440 5476 3655 5543 possint
3681 5478 3761 5527 at-

2179 5543 2361 5607 tribui,
2393 5558 2510 5612 qure
2532 5557 2691 5612 mensi
2711 5553 2792 5596 est
2822 5541 3133 5612 Mabillonii.

2250 5613 2323 5683 (g)
2360 5610 2619 5686 Libro_(le
2646 5611 2780 5686 Fide
2819 5610 2875 5665 S.
2925 5610 3213 5686 Trinitatis:
3256 5612 3427 5686 (Hoc
3469 5630 3761 5686 argumeno

2178 5681 2313 5764 tum,
2341 5683 2418 5764 ait
2438 5683 2498 5735 D.
2526 5682 3007 5764 Baspagius,nadeo
3028 5698 3128 5764 pro
3152 5681 3380 5764 Alcuiuo
3401 5700 3508 5764 non
3535 5681 3757 5764 pugnatz

2176 5762 2238 5810 ut
2279 5754 2460 5826 potius
2506 5752 2725 5810 serviat
2764 5752 2983 5821 Dallaeo,
3034 5753 3129 5825 qui
3178 5768 3246 5810 ex
3280 5754 3385 5812 hoc
3441 5752 3562 5831 ipso
3614 5752 3759 5831 quod
