  <div class='ocr_page' id='page_1' title='image "/cluster/home/n/w/nwhite01/storage/ocr_20150623/101/hvd.32044004824769/520.png"; bbox 0 0 4038 6354; ppageno 0'>
   <div class='ocr_carea' id='block_1_1' title="bbox 268 245 406 303">
    <p class='ocr_par' dir='ltr' id='par_1_1' title="bbox 268 245 406 303">
     <span class='ocr_line' id='line_1_1' title="bbox 268 245 406 303; baseline 0 0"><span class='ocrx_word' id='word_1_1' title='bbox 268 245 406 303; x_wconf 66' lang='lat'><strong>£029</strong></span> 
     </span>
    </p>
   </div>
   <div class='ocr_carea' id='block_1_2' title="bbox 970 233 2799 321">
    <p class='ocr_par' dir='ltr' id='par_1_2' title="bbox 970 233 2799 321">
     <span class='ocr_line' id='line_1_2' title="bbox 970 233 2799 321; baseline 0.01 -19"><span class='ocrx_word' id='word_1_2' title='bbox 970 244 1120 302; x_wconf 80' lang='lat' dir='ltr'><strong>opp.</strong></span> <span class='ocrx_word' id='word_1_3' title='bbox 1160 246 1387 305; x_wconf 75' lang='lat' dir='ltr'><strong>DUBIA.</strong></span> <span class='ocrx_word' id='word_1_4' title='bbox 1428 276 1498 289; x_wconf 87' lang='grc'><strong>--</strong></span> <span class='ocrx_word' id='word_1_5' title='bbox 1531 250 1758 307; x_wconf 66' lang='lat' dir='ltr'><strong>suum</strong></span> <span class='ocrx_word' id='word_1_6' title='bbox 1792 233 2170 312; x_wconf 68' lang='lat' dir='ltr'><strong>coN‘F’sssro</strong></span> <span class='ocrx_word' id='word_1_7' title='bbox 2205 255 2401 314; x_wconf 73' lang='lat' dir='ltr'><strong>nam.</strong></span> <span class='ocrx_word' id='word_1_8' title='bbox 2441 289 2511 301; x_wconf 81' lang='lat'><em>—</em></span> <span class='ocrx_word' id='word_1_9' title='bbox 2544 260 2724 319; x_wconf 81' lang='lat' dir='ltr'><strong>PARS</strong></span> <span class='ocrx_word' id='word_1_10' title='bbox 2757 262 2799 321; x_wconf 84' lang='grc' dir='ltr'>ι.</span> 
     </span>
    </p>
   </div>
   <div class='ocr_carea' id='block_1_3' title="bbox 3362 268 3503 327">
    <p class='ocr_par' dir='ltr' id='par_1_3' title="bbox 3362 268 3503 327">
     <span class='ocr_line' id='line_1_3' title="bbox 3362 268 3503 327; baseline 0.014 -2"><span class='ocrx_word' id='word_1_11' title='bbox 3362 268 3503 327; x_wconf 69' lang='grc'>1030</span> 
     </span>
    </p>
   </div>
   <div class='ocr_carea' id='block_1_4' title="bbox 266 360 3506 445">
    <p class='ocr_par' dir='ltr' id='par_1_4' title="bbox 266 360 3506 445">
     <span class='ocr_line' id='line_1_4' title="bbox 266 360 3506 445; baseline 0.005 -27"><span class='ocrx_word' id='word_1_12' title='bbox 266 362 505 419; x_wconf 81' lang='lat' dir='ltr'><strong>Trinitas</strong></span> <span class='ocrx_word' id='word_1_13' title='bbox 527 361 705 427; x_wconf 87' lang='lat' dir='ltr'><strong>beata,</strong></span> <span class='ocrx_word' id='word_1_14' title='bbox 733 375 835 417; x_wconf 82' lang='lat' dir='ltr'><strong>vox</strong></span> <span class='ocrx_word' id='word_1_15' title='bbox 868 360 1014 416; x_wconf 89' lang='lat' dir='ltr'><strong>clara</strong></span> <span class='ocrx_word' id='word_1_16' title='bbox 1056 369 1113 418; x_wconf 90' lang='lat' dir='ltr'><strong>et</strong></span> <span class='ocrx_word' id='word_1_17' title='bbox 1165 362 1412 419; x_wconf 88' lang='lat' dir='ltr'><strong>sincerus</strong></span> <span class='ocrx_word' id='word_1_18' title='bbox 1458 363 1661 418; x_wconf 89' lang='lat' dir='ltr'><strong>clamor</strong></span> <span class='ocrx_word' id='word_1_19' title='bbox 1707 361 1829 417; x_wconf 86' lang='lat' dir='ltr'><strong>ﬁdei</strong></span> <span class='ocrx_word' id='word_1_20' title='bbox 1859 364 1913 423; x_wconf 82' lang='lat' dir='ltr'><strong>A</strong></span> <span class='ocrx_word' id='word_1_21' title='bbox 1936 373 2150 420; x_wconf 88' lang='lat' dir='ltr'><strong>ventem</strong></span> <span class='ocrx_word' id='word_1_22' title='bbox 2170 407 2186 433; x_wconf 96' lang='lat'><strong>,</strong></span> <span class='ocrx_word' id='word_1_23' title='bbox 2225 368 2639 438; x_wconf 83' lang='lat' dir='ltr'><strong>insuperabilem</strong></span> <span class='ocrx_word' id='word_1_24' title='bbox 2685 378 2743 425; x_wconf 86' lang='lat' dir='ltr'><strong>et</strong></span> <span class='ocrx_word' id='word_1_25' title='bbox 2772 370 3159 441; x_wconf 69' lang='lat' dir='ltr'><strong>orthodoxam,</strong></span> <span class='ocrx_word' id='word_1_26' title='bbox 3187 377 3389 445; x_wconf 76' lang='lat' dir='ltr'><strong>quaein</strong></span> <span class='ocrx_word' id='word_1_27' title='bbox 3414 392 3506 438; x_wconf 81' lang='lat' dir='ltr'><strong>me</strong></span> 
     </span>
    </p>
   </div>
   <div class='ocr_carea' id='block_1_5' title="bbox 265 453 1833 525">
    <p class='ocr_par' dir='ltr' id='par_1_5' title="bbox 265 453 1833 525">
     <span class='ocr_line' id='line_1_5' title="bbox 265 453 1833 525; baseline -0.001 -16"><span class='ocrx_word' id='word_1_28' title='bbox 265 469 419 519; x_wconf 66' lang='lat' dir='ltr'><strong>mem,</strong></span> <span class='ocrx_word' id='word_1_29' title='bbox 447 469 607 523; x_wconf 84' lang='lat' dir='ltr'><strong>quam</strong></span> <span class='ocrx_word' id='word_1_30' title='bbox 642 454 709 508; x_wconf 91' lang='lat' dir='ltr'><strong>ab</strong></span> <span class='ocrx_word' id='word_1_31' title='bbox 748 454 878 525; x_wconf 85' lang='lat' dir='ltr'><strong>ipsis</strong></span> <span class='ocrx_word' id='word_1_32' title='bbox 908 453 1038 509; x_wconf 90' lang='lat' dir='ltr'><strong>mihi</strong></span> <span class='ocrx_word' id='word_1_33' title='bbox 1063 455 1340 509; x_wconf 87' lang='lat' dir='ltr'><strong>enutriens</strong></span> <span class='ocrx_word' id='word_1_34' title='bbox 1382 455 1682 521; x_wconf 83' lang='lat' dir='ltr'><strong>cunabulis,</strong></span> <span class='ocrx_word' id='word_1_35' title='bbox 1714 453 1833 507; x_wconf 84' lang='lat' dir='ltr'><strong>illu-</strong></span> 
     </span>
    </p>
   </div>
   <div class='ocr_carea' id='block_1_6' title="bbox 266 544 1832 616">
    <p class='ocr_par' dir='ltr' id='par_1_6' title="bbox 266 544 1832 616">
     <span class='ocr_line' id='line_1_6' title="bbox 266 544 1832 616; baseline -0.002 -16"><span class='ocrx_word' id='word_1_36' title='bbox 266 545 482 600; x_wconf 84' lang='lat' dir='ltr'><strong>minasti</strong></span> <span class='ocrx_word' id='word_1_37' title='bbox 507 560 721 615; x_wconf 84' lang='lat' dir='ltr'><strong>semper</strong></span> <span class='ocrx_word' id='word_1_38' title='bbox 744 559 841 615; x_wconf 91' lang='lat' dir='ltr'><strong>per</strong></span> <span class='ocrx_word' id='word_1_39' title='bbox 865 544 1270 614; x_wconf 88' lang='lat' dir='ltr'><strong>inspirationem</strong></span> <span class='ocrx_word' id='word_1_40' title='bbox 1307 546 1493 616; x_wconf 79' lang='lat' dir='ltr'><strong>gratiae</strong></span> <span class='ocrx_word' id='word_1_41' title='bbox 1518 554 1643 610; x_wconf 81' lang='lat' dir='ltr'><strong>tuae,</strong></span> <span class='ocrx_word' id='word_1_42' title='bbox 1674 558 1832 614; x_wconf 87' lang='lat' dir='ltr'><strong>quam</strong></span> 
     </span>
    </p>
   </div>
   <div class='ocr_carea' id='block_1_7' title="bbox 262 636 1836 708">
    <p class='ocr_par' dir='ltr' id='par_1_7' title="bbox 262 636 1836 708">
     <span class='ocr_line' id='line_1_7' title="bbox 262 636 1836 708; baseline -0.003 -17"><span class='ocrx_word' id='word_1_43' title='bbox 262 636 532 708; x_wconf 86' lang='lat' dir='ltr'><strong>adaugens</strong></span> <span class='ocrx_word' id='word_1_44' title='bbox 559 636 891 691; x_wconf 80' lang='lat' dir='ltr'><strong>confirmasti</strong></span> <span class='ocrx_word' id='word_1_45' title='bbox 923 636 976 690; x_wconf 87' lang='lat' dir='ltr'><strong>in</strong></span> <span class='ocrx_word' id='word_1_46' title='bbox 1015 649 1101 689; x_wconf 89' lang='lat' dir='ltr'><strong>me</strong></span> <span class='ocrx_word' id='word_1_47' title='bbox 1148 651 1247 705; x_wconf 89' lang='lat' dir='ltr'><strong>per</strong></span> <span class='ocrx_word' id='word_1_48' title='bbox 1292 636 1653 691; x_wconf 79' lang='lat' dir='ltr'><strong>ministerium</strong></span> <span class='ocrx_word' id='word_1_49' title='bbox 1698 648 1836 704; x_wconf 73' lang='lat' dir='ltr'><strong>pra:-</strong></span> 
     </span>
    </p>
   </div>
   <div class='ocr_carea' id='block_1_8' title="bbox 262 725 1836 793">
    <p class='ocr_par' dir='ltr' id='par_1_8' title="bbox 262 725 1836 793">
     <span class='ocr_line' id='line_1_8' title="bbox 262 725 1836 793; baseline -0.001 -10"><span class='ocrx_word' id='word_1_50' title='bbox 262 728 542 791; x_wconf 80' lang='lat' dir='ltr'><strong>dicationis</strong></span> <span class='ocrx_word' id='word_1_51' title='bbox 575 728 764 783; x_wconf 85' lang='lat' dir='ltr'><strong>matris</strong></span> <span class='ocrx_word' id='word_1_52' title='bbox 806 727 1079 782; x_wconf 59' lang='lat' dir='ltr'><strong>Ecclesiae.</strong></span> <span class='ocrx_word' id='word_1_53' title='bbox 1131 725 1303 793; x_wconf 86' lang='lat' dir='ltr'><strong>Quam</strong></span> <span class='ocrx_word' id='word_1_54' title='bbox 1350 728 1522 783; x_wconf 86' lang='lat' dir='ltr'><strong>dulcis</strong></span> <span class='ocrx_word' id='word_1_55' title='bbox 1566 726 1710 783; x_wconf 87' lang='lat' dir='ltr'><strong>facta</strong></span> <span class='ocrx_word' id='word_1_56' title='bbox 1751 733 1836 782; x_wconf 78' lang='lat' dir='ltr'><strong>est</strong></span> 
     </span>
    </p>
   </div>
   <div class='ocr_carea' id='block_1_9' title="bbox 262 819 1836 889">
    <p class='ocr_par' dir='ltr' id='par_1_9' title="bbox 262 819 1836 889">
     <span class='ocr_line' id='line_1_9' title="bbox 262 819 1836 889; baseline 0.001 -17"><span class='ocrx_word' id='word_1_57' title='bbox 262 819 316 873; x_wconf 90' lang='lat' dir='ltr'><strong>in</strong></span> <span class='ocrx_word' id='word_1_58' title='bbox 344 833 439 873; x_wconf 89' lang='lat' dir='ltr'><strong>ore</strong></span> <span class='ocrx_word' id='word_1_59' title='bbox 469 819 649 874; x_wconf 85' lang='lat' dir='ltr'><strong>cordis</strong></span> <span class='ocrx_word' id='word_1_60' title='bbox 677 819 814 874; x_wconf 85' lang='lat' dir='ltr'><strong>mei!</strong></span> <span class='ocrx_word' id='word_1_61' title='bbox 861 834 1022 888; x_wconf 90' lang='lat' dir='ltr'><strong>quam</strong></span> <span class='ocrx_word' id='word_1_62' title='bbox 1052 820 1291 875; x_wconf 89' lang='lat' dir='ltr'><strong>suaviter</strong></span> <span class='ocrx_word' id='word_1_63' title='bbox 1333 820 1475 889; x_wconf 89' lang='lat' dir='ltr'><strong>sapit</strong></span> <span class='ocrx_word' id='word_1_64' title='bbox 1502 819 1558 873; x_wconf 90' lang='lat' dir='ltr'><strong>in</strong></span> <span class='ocrx_word' id='word_1_65' title='bbox 1587 819 1701 889; x_wconf 88' lang='lat' dir='ltr'><strong>ipso</strong></span> <span class='ocrx_word' id='word_1_66' title='bbox 1738 834 1836 888; x_wconf 91' lang='lat' dir='ltr'><strong>pa-</strong></span> 
     </span>
    </p>
   </div>
   <div class='ocr_carea' id='block_1_10' title="bbox 259 910 1831 982">
    <p class='ocr_par' dir='ltr' id='par_1_10' title="bbox 259 910 1831 982">
     <span class='ocr_line' id='line_1_10' title="bbox 259 910 1831 982; baseline -0.001 -16"><span class='ocrx_word' id='word_1_67' title='bbox 259 910 366 967; x_wconf 89' lang='lat' dir='ltr'><strong>lato</strong></span> <span class='ocrx_word' id='word_1_68' title='bbox 394 911 713 981; x_wconf 81' lang='lat' dir='ltr'><strong>gaudiorum</strong></span> <span class='ocrx_word' id='word_1_69' title='bbox 754 911 948 965; x_wconf 69' lang='lat' dir='ltr'><strong>anima:</strong></span> <span class='ocrx_word' id='word_1_70' title='bbox 992 913 1152 967; x_wconf 68' lang='lat' dir='ltr'><strong>mete!</strong></span> <span class='ocrx_word' id='word_1_71' title='bbox 1203 927 1364 981; x_wconf 90' lang='lat' dir='ltr'><strong>quam</strong></span> <span class='ocrx_word' id='word_1_72' title='bbox 1408 911 1640 976; x_wconf 80' lang='lat' dir='ltr'><strong>fortiter,</strong></span> <span class='ocrx_word' id='word_1_73' title='bbox 1671 928 1831 982; x_wconf 90' lang='lat' dir='ltr'><strong>quam</strong></span> 
     </span>
    </p>
   </div>
   <div class='ocr_carea' id='block_1_11' title="bbox 260 1001 1832 1072">
    <p class='ocr_par' dir='ltr' id='par_1_11' title="bbox 260 1001 1832 1072">
     <span class='ocr_line' id='line_1_11' title="bbox 260 1001 1832 1072; baseline -0.001 -16"><span class='ocrx_word' id='word_1_74' title='bbox 260 1001 450 1056; x_wconf 89' lang='lat' dir='ltr'><strong>crebro</strong></span> <span class='ocrx_word' id='word_1_75' title='bbox 475 1002 653 1072; x_wconf 83' lang='lat' dir='ltr'><strong>pulsat</strong></span> <span class='ocrx_word' id='word_1_76' title='bbox 674 1008 908 1056; x_wconf 84' lang='lat' dir='ltr'><strong>mentem</strong></span> <span class='ocrx_word' id='word_1_77' title='bbox 935 1016 1132 1067; x_wconf 82' lang='lat' dir='ltr'><strong>meam,</strong></span> <span class='ocrx_word' id='word_1_78' title='bbox 1165 1009 1219 1056; x_wconf 90' lang='lat' dir='ltr'><strong>et</strong></span> <span class='ocrx_word' id='word_1_79' title='bbox 1244 1009 1444 1066; x_wconf 87' lang='lat' dir='ltr'><strong>movet,</strong></span> <span class='ocrx_word' id='word_1_80' title='bbox 1468 1016 1694 1055; x_wconf 89' lang='lat' dir='ltr'><strong>monens</strong></span> <span class='ocrx_word' id='word_1_81' title='bbox 1718 1016 1832 1054; x_wconf 84' lang='lat' dir='ltr'><strong>om—</strong></span> 
     </span>
    </p>
   </div>
   <div class='ocr_carea' id='block_1_12' title="bbox 259 1091 1831 1163">
    <p class='ocr_par' dir='ltr' id='par_1_12' title="bbox 259 1091 1831 1163">
     <span class='ocr_line' id='line_1_12' title="bbox 259 1091 1831 1163; baseline -0.003 -14"><span class='ocrx_word' id='word_1_82' title='bbox 259 1095 346 1149; x_wconf 87' lang='lat' dir='ltr'><strong>nia</strong></span> <span class='ocrx_word' id='word_1_83' title='bbox 374 1110 532 1150; x_wconf 86' lang='lat' dir='ltr'><strong>sensa</strong></span> <span class='ocrx_word' id='word_1_84' title='bbox 562 1094 787 1163; x_wconf 85' lang='lat' dir='ltr'><strong>spiritus</strong></span> <span class='ocrx_word' id='word_1_85' title='bbox 815 1093 943 1157; x_wconf 88' lang='lat' dir='ltr'><strong>mei,</strong></span> <span class='ocrx_word' id='word_1_86' title='bbox 975 1102 1037 1147; x_wconf 92' lang='lat' dir='ltr'><strong>ut</strong></span> <span class='ocrx_word' id='word_1_87' title='bbox 1070 1102 1124 1148; x_wconf 88' lang='lat' dir='ltr'><strong>te</strong></span> <span class='ocrx_word' id='word_1_88' title='bbox 1144 1092 1363 1148; x_wconf 89' lang='lat' dir='ltr'><strong>laudare</strong></span> <span class='ocrx_word' id='word_1_89' title='bbox 1400 1092 1659 1157; x_wconf 84' lang='lat' dir='ltr'><strong>delectet;</strong></span> <span class='ocrx_word' id='word_1_90' title='bbox 1704 1091 1831 1160; x_wconf 87' lang='lat' dir='ltr'><strong>quia</strong></span> 
     </span>
    </p>
   </div>
   <div class='ocr_carea' id='block_1_13' title="bbox 257 1187 1831 1256">
    <p class='ocr_par' dir='ltr' id='par_1_13' title="bbox 257 1187 1831 1256">
     <span class='ocr_line' id='line_1_13' title="bbox 257 1187 1831 1256; baseline -0.003 -13"><span class='ocrx_word' id='word_1_91' title='bbox 257 1188 434 1247; x_wconf 87' lang='lat' dir='ltr'><strong>fecisti</strong></span> <span class='ocrx_word' id='word_1_92' title='bbox 460 1204 558 1243; x_wconf 90' lang='lat' dir='ltr'><strong>nos</strong></span> <span class='ocrx_word' id='word_1_93' title='bbox 586 1187 652 1243; x_wconf 91' lang='lat' dir='ltr'><strong>ad</strong></span> <span class='ocrx_word' id='word_1_94' title='bbox 676 1187 1001 1242; x_wconf 89' lang='lat' dir='ltr'><strong>laudandum</strong></span> <span class='ocrx_word' id='word_1_95' title='bbox 1029 1195 1109 1253; x_wconf 92' lang='lat' dir='ltr'><strong>te;</strong></span> <span class='ocrx_word' id='word_1_96' title='bbox 1150 1188 1246 1243; x_wconf 89' lang='lat' dir='ltr'><strong>sed</strong></span> <span class='ocrx_word' id='word_1_97' title='bbox 1285 1187 1525 1256; x_wconf 86' lang='lat' dir='ltr'><strong>inquieta</strong></span> <span class='ocrx_word' id='word_1_98' title='bbox 1552 1193 1637 1240; x_wconf 92' lang='lat' dir='ltr'><strong>est</strong></span> <span class='ocrx_word' id='word_1_99' title='bbox 1680 1200 1831 1239; x_wconf 90' lang='lat' dir='ltr'><strong>mens</strong></span> 
     </span>
    </p>
   </div>
   <div class='ocr_carea' id='block_1_14' title="bbox 258 1273 1830 1347">
    <p class='ocr_par' dir='ltr' id='par_1_14' title="bbox 258 1273 1830 1347">
     <span class='ocr_line' id='line_1_14' title="bbox 258 1273 1830 1347; baseline -0.003 -17"><span class='ocrx_word' id='word_1_100' title='bbox 258 1286 464 1343; x_wconf 89' lang='lat' dir='ltr'><strong>nostra,</strong></span> <span class='ocrx_word' id='word_1_101' title='bbox 489 1278 658 1333; x_wconf 89' lang='lat' dir='ltr'><strong>donec</strong></span> <span class='ocrx_word' id='word_1_102' title='bbox 686 1276 995 1347; x_wconf 84' lang='lat' dir='ltr'><strong>requiescat</strong></span> <span class='ocrx_word' id='word_1_103' title='bbox 1032 1276 1086 1329; x_wconf 90' lang='lat' dir='ltr'><strong>in</strong></span> <span class='ocrx_word' id='word_1_104' title='bbox 1119 1282 1190 1339; x_wconf 90' lang='lat' dir='ltr'><strong>te,</strong></span> <span class='ocrx_word' id='word_1_105' title='bbox 1221 1282 1276 1328; x_wconf 90' lang='lat' dir='ltr'><strong>et</strong></span> <span class='ocrx_word' id='word_1_106' title='bbox 1320 1273 1652 1343; x_wconf 84' lang='lat' dir='ltr'><strong>increpitans</strong></span> <span class='ocrx_word' id='word_1_107' title='bbox 1695 1286 1830 1326; x_wconf 66' lang='lat' dir='ltr'><strong>mea:</strong></span> 
     </span>
    </p>
   </div>
   <div class='ocr_carea' id='block_1_15' title="bbox 258 1365 1828 1441">
    <p class='ocr_par' dir='ltr' id='par_1_15' title="bbox 258 1365 1828 1441">
     <span class='ocr_line' id='line_1_15' title="bbox 258 1365 1828 1441; baseline -0.004 -16"><span class='ocrx_word' id='word_1_108' title='bbox 258 1369 492 1437; x_wconf 71' lang='lat' dir='ltr'><strong>desidice,</strong></span> <span class='ocrx_word' id='word_1_109' title='bbox 526 1386 591 1424; x_wconf 90' lang='lat' dir='ltr'><strong>ac</strong></span> <span class='ocrx_word' id='word_1_110' title='bbox 634 1370 893 1441; x_wconf 74' lang='lat' dir='ltr'><strong>colligens</strong></span> <span class='ocrx_word' id='word_1_111' title='bbox 932 1385 963 1424; x_wconf 90' lang='lat' dir='ltr'><strong>a</strong></span> <span class='ocrx_word' id='word_1_112' title='bbox 1012 1368 1362 1438; x_wconf 83' lang='lat' dir='ltr'><strong>dispersione,</strong></span> <span class='ocrx_word' id='word_1_113' title='bbox 1401 1382 1504 1436; x_wconf 90' lang='lat' dir='ltr'><strong>qua</strong></span> <span class='ocrx_word' id='word_1_114' title='bbox 1555 1365 1828 1420; x_wconf 86' lang='lat' dir='ltr'><strong>frustatim</strong></span> 
     </span>
    </p>
   </div>
   <div class='ocr_carea' id='block_1_16' title="bbox 257 1458 1826 1529">
    <p class='ocr_par' dir='ltr' id='par_1_16' title="bbox 257 1458 1826 1529">
     <span class='ocr_line' id='line_1_16' title="bbox 257 1458 1826 1529; baseline -0.003 -12"><span class='ocrx_word' id='word_1_115' title='bbox 257 1462 558 1529; x_wconf 89' lang='lat' dir='ltr'><strong>discindor,</strong></span> <span class='ocrx_word' id='word_1_116' title='bbox 585 1462 711 1516; x_wconf 91' lang='lat' dir='ltr'><strong>dum</strong></span> <span class='ocrx_word' id='word_1_117' title='bbox 740 1463 807 1517; x_wconf 90' lang='lat' dir='ltr'><strong>ab</strong></span> <span class='ocrx_word' id='word_1_118' title='bbox 839 1476 945 1516; x_wconf 90' lang='lat' dir='ltr'><strong>uno</strong></span> <span class='ocrx_word' id='word_1_119' title='bbox 976 1468 1027 1516; x_wconf 78' lang='lat' dir='ltr'><strong>te</strong></span> <span class='ocrx_word' id='word_1_120' title='bbox 1054 1475 1276 1515; x_wconf 87' lang='lat' dir='ltr'><strong>aversus</strong></span> <span class='ocrx_word' id='word_1_121' title='bbox 1314 1460 1367 1513; x_wconf 91' lang='lat' dir='ltr'><strong>in</strong></span> <span class='ocrx_word' id='word_1_122' title='bbox 1394 1458 1560 1512; x_wconf 90' lang='lat' dir='ltr'><strong>multa</strong></span> <span class='ocrx_word' id='word_1_123' title='bbox 1606 1472 1826 1522; x_wconf 89' lang='lat' dir='ltr'><strong>evaneo,</strong></span> 
     </span>
    </p>
   </div>
   <div class='ocr_carea' id='block_1_17' title="bbox 256 1548 1828 1622">
    <p class='ocr_par' dir='ltr' id='par_1_17' title="bbox 256 1548 1828 1622">
     <span class='ocr_line' id='line_1_17' title="bbox 256 1548 1828 1622; baseline -0.005 -13"><span class='ocrx_word' id='word_1_124' title='bbox 256 1561 317 1609; x_wconf 90' lang='lat' dir='ltr'><strong>ut</strong></span> <span class='ocrx_word' id='word_1_125' title='bbox 344 1570 592 1610; x_wconf 82' lang='lat' dir='ltr'><strong>reversus</strong></span> <span class='ocrx_word' id='word_1_126' title='bbox 606 1556 659 1609; x_wconf 90' lang='lat' dir='ltr'><strong>in</strong></span> <span class='ocrx_word' id='word_1_127' title='bbox 673 1570 778 1619; x_wconf 91' lang='lat' dir='ltr'><strong>me,</strong></span> <span class='ocrx_word' id='word_1_128' title='bbox 803 1563 857 1609; x_wconf 92' lang='lat' dir='ltr'><strong>et</strong></span> <span class='ocrx_word' id='word_1_129' title='bbox 879 1567 1104 1622; x_wconf 85' lang='lat' dir='ltr'><strong>surgens</strong></span> <span class='ocrx_word' id='word_1_130' title='bbox 1133 1567 1293 1620; x_wconf 85' lang='lat' dir='ltr'><strong>supra</strong></span> <span class='ocrx_word' id='word_1_131' title='bbox 1311 1565 1415 1614; x_wconf 90' lang='lat' dir='ltr'><strong>me,</strong></span> <span class='ocrx_word' id='word_1_132' title='bbox 1441 1558 1603 1619; x_wconf 87' lang='lat' dir='ltr'><strong>atque</strong></span> <span class='ocrx_word' id='word_1_133' title='bbox 1621 1548 1828 1603; x_wconf 87' lang='lat' dir='ltr'><strong>cunctis</strong></span> 
     </span>
    </p>
   </div>
   <div class='ocr_carea' id='block_1_18' title="bbox 255 1639 1827 1715">
    <p class='ocr_par' dir='ltr' id='par_1_18' title="bbox 255 1639 1827 1715">
     <span class='ocr_line' id='line_1_18' title="bbox 255 1639 1827 1715; baseline -0.005 -14"><span class='ocrx_word' id='word_1_134' title='bbox 255 1646 581 1702; x_wconf 89' lang='lat' dir='ltr'><strong>transcensis</strong></span> <span class='ocrx_word' id='word_1_135' title='bbox 626 1644 945 1715; x_wconf 83' lang='lat' dir='ltr'><strong>perveniens</strong></span> <span class='ocrx_word' id='word_1_136' title='bbox 990 1644 1056 1697; x_wconf 89' lang='lat' dir='ltr'><strong>ad</strong></span> <span class='ocrx_word' id='word_1_137' title='bbox 1106 1650 1180 1707; x_wconf 90' lang='lat' dir='ltr'><strong>te,</strong></span> <span class='ocrx_word' id='word_1_138' title='bbox 1208 1640 1470 1696; x_wconf 73' lang='lat' dir='ltr'><strong>exsultem</strong></span> <span class='ocrx_word' id='word_1_139' title='bbox 1505 1640 1602 1693; x_wconf 88' lang='lat' dir='ltr'><strong>tibi</strong></span> <span class='ocrx_word' id='word_1_140' title='bbox 1649 1639 1827 1694; x_wconf 79' lang='lat' dir='ltr'><strong>cordis</strong></span> 
     </span>
    </p>
   </div>
   <div class='ocr_carea' id='block_1_19' title="bbox 248 1731 1401 1807">
    <p class='ocr_par' dir='ltr' id='par_1_19' title="bbox 248 1731 1401 1807">
     <span class='ocr_line' id='line_1_19' title="bbox 248 1731 1401 1807; baseline -0.008 -13"><span class='ocrx_word' id='word_1_141' title='bbox 248 1736 441 1807; x_wconf 89' lang='lat' dir='ltr'><strong>jubilo,</strong></span> <span class='ocrx_word' id='word_1_142' title='bbox 470 1746 527 1792; x_wconf 88' lang='lat' dir='ltr'><strong>et</strong></span> <span class='ocrx_word' id='word_1_143' title='bbox 553 1736 743 1790; x_wconf 86' lang='lat' dir='ltr'><strong>laudes</strong></span> <span class='ocrx_word' id='word_1_144' title='bbox 774 1750 1018 1804; x_wconf 85' lang='lat' dir='ltr'><strong>promam</strong></span> <span class='ocrx_word' id='word_1_145' title='bbox 1046 1734 1157 1788; x_wconf 90' lang='lat' dir='ltr'><strong>oris</strong></span> <span class='ocrx_word' id='word_1_146' title='bbox 1194 1731 1401 1799; x_wconf 80' lang='lat' dir='ltr'><strong>cilicio;</strong></span> 
     </span>
    </p>
   </div>
   <div class='ocr_carea' id='block_1_20' title="bbox 252 1824 1832 1897">
    <p class='ocr_par' dir='ltr' id='par_1_20' title="bbox 252 1824 1832 1897">
     <span class='ocr_line' id='line_1_20' title="bbox 252 1824 1832 1897; baseline -0.005 -12"><span class='ocrx_word' id='word_1_147' title='bbox 252 1830 601 1885; x_wconf 82' lang='lat' dir='ltr'><strong>meditatione</strong></span> <span class='ocrx_word' id='word_1_148' title='bbox 643 1826 996 1883; x_wconf 80' lang='lat' dir='ltr'><strong>confessionis</strong></span> <span class='ocrx_word' id='word_1_149' title='bbox 1041 1826 1224 1897; x_wconf 77' lang='lat' dir='ltr'><strong>gloria:</strong></span> <span class='ocrx_word' id='word_1_150' title='bbox 1268 1834 1372 1880; x_wconf 64' lang='lat' dir='ltr'><strong>tute</strong></span> <span class='ocrx_word' id='word_1_151' title='bbox 1417 1824 1708 1879; x_wconf 85' lang='lat' dir='ltr'><strong>incalescat</strong></span> <span class='ocrx_word' id='word_1_152' title='bbox 1735 1839 1832 1878; x_wconf 88' lang='lat' dir='ltr'><strong>cor</strong></span> 
     </span>
    </p>
   </div>
   <div class='ocr_carea' id='block_1_21' title="bbox 251 1912 1830 1986">
    <p class='ocr_par' dir='ltr' id='par_1_21' title="bbox 251 1912 1830 1986">
     <span class='ocr_line' id='line_1_21' title="bbox 251 1912 1830 1986; baseline -0.005 -13"><span class='ocrx_word' id='word_1_153' title='bbox 251 1934 458 1983; x_wconf 91' lang='lat' dir='ltr'><strong>meum,</strong></span> <span class='ocrx_word' id='word_1_154' title='bbox 487 1925 543 1972; x_wconf 90' lang='lat' dir='ltr'><strong>et</strong></span> <span class='ocrx_word' id='word_1_155' title='bbox 590 1916 757 1971; x_wconf 88' lang='lat' dir='ltr'><strong>inbiet</strong></span> <span class='ocrx_word' id='word_1_156' title='bbox 807 1916 904 1970; x_wconf 86' lang='lat' dir='ltr'><strong>tibi</strong></span> <span class='ocrx_word' id='word_1_157' title='bbox 952 1915 1174 1986; x_wconf 86' lang='lat' dir='ltr'><strong>spiritus</strong></span> <span class='ocrx_word' id='word_1_158' title='bbox 1231 1929 1415 1979; x_wconf 87' lang='lat' dir='ltr'><strong>meus,</strong></span> <span class='ocrx_word' id='word_1_159' title='bbox 1448 1922 1611 1983; x_wconf 90' lang='lat' dir='ltr'><strong>atque</strong></span> <span class='ocrx_word' id='word_1_160' title='bbox 1640 1912 1830 1967; x_wconf 80' lang='lat' dir='ltr'><strong>ardeat</strong></span> 
     </span>
    </p>
   </div>
   <div class='ocr_carea' id='block_1_22' title="bbox 250 2006 1825 2072">
    <p class='ocr_par' dir='ltr' id='par_1_22' title="bbox 250 2006 1825 2072">
     <span class='ocr_line' id='line_1_22' title="bbox 250 2006 1825 2072; baseline -0.004 -7"><span class='ocrx_word' id='word_1_161' title='bbox 250 2024 409 2065; x_wconf 88' lang='lat' dir='ltr'><strong>mens</strong></span> <span class='ocrx_word' id='word_1_162' title='bbox 428 2025 548 2063; x_wconf 86' lang='lat' dir='ltr'><strong>mea</strong></span> <span class='ocrx_word' id='word_1_163' title='bbox 576 2009 627 2062; x_wconf 90' lang='lat' dir='ltr'><strong>in</strong></span> <span class='ocrx_word' id='word_1_164' title='bbox 665 2022 847 2063; x_wconf 89' lang='lat' dir='ltr'><strong>amore</strong></span> <span class='ocrx_word' id='word_1_165' title='bbox 879 2016 988 2072; x_wconf 89' lang='lat' dir='ltr'><strong>tuo,</strong></span> <span class='ocrx_word' id='word_1_166' title='bbox 1016 2007 1181 2062; x_wconf 89' lang='lat' dir='ltr'><strong>oblita</strong></span> <span class='ocrx_word' id='word_1_167' title='bbox 1207 2007 1461 2060; x_wconf 83' lang='lat' dir='ltr'><strong>vanitatis</strong></span> <span class='ocrx_word' id='word_1_168' title='bbox 1489 2014 1544 2060; x_wconf 90' lang='lat' dir='ltr'><strong>et</strong></span> <span class='ocrx_word' id='word_1_169' title='bbox 1569 2006 1825 2069; x_wconf 75' lang='lat' dir='ltr'><strong>miseriae,</strong></span> 
     </span>
    </p>
   </div>
   <div class='ocr_carea' id='block_1_23' title="bbox 252 2096 1828 2168">
    <p class='ocr_par' dir='ltr' id='par_1_23' title="bbox 252 2096 1828 2168">
     <span class='ocr_line' id='line_1_23' title="bbox 252 2096 1828 2168; baseline -0.004 -11"><span class='ocrx_word' id='word_1_170' title='bbox 252 2101 381 2157; x_wconf 86' lang='lat' dir='ltr'><strong>dum</strong></span> <span class='ocrx_word' id='word_1_171' title='bbox 408 2099 508 2154; x_wconf 85' lang='lat' dir='ltr'><strong>tibi</strong></span> <span class='ocrx_word' id='word_1_172' title='bbox 541 2099 641 2154; x_wconf 89' lang='lat' dir='ltr'><strong>soli</strong></span> <span class='ocrx_word' id='word_1_173' title='bbox 682 2099 929 2162; x_wconf 84' lang='lat' dir='ltr'><strong>intendit,</strong></span> <span class='ocrx_word' id='word_1_174' title='bbox 956 2099 1190 2168; x_wconf 87' lang='lat' dir='ltr'><strong>dumque</strong></span> <span class='ocrx_word' id='word_1_175' title='bbox 1233 2096 1461 2151; x_wconf 88' lang='lat' dir='ltr'><strong>attonita</strong></span> <span class='ocrx_word' id='word_1_176' title='bbox 1507 2103 1562 2151; x_wconf 89' lang='lat' dir='ltr'><strong>et</strong></span> <span class='ocrx_word' id='word_1_177' title='bbox 1605 2104 1828 2165; x_wconf 88' lang='lat' dir='ltr'><strong>stupens</strong></span> 
     </span>
    </p>
   </div>
   <div class='ocr_carea' id='block_1_24' title="bbox 252 2191 1833 2264">
    <p class='ocr_par' dir='ltr' id='par_1_24' title="bbox 252 2191 1833 2264">
     <span class='ocr_line' id='line_1_24' title="bbox 252 2191 1833 2264; baseline -0.003 -14"><span class='ocrx_word' id='word_1_178' title='bbox 252 2195 490 2250; x_wconf 66' lang='lat' dir='ltr'><strong>adhaeret</strong></span> <span class='ocrx_word' id='word_1_179' title='bbox 512 2193 1035 2248; x_wconf 86' lang='lat' dir='ltr'><strong>incommutabilitati</strong></span> <span class='ocrx_word' id='word_1_180' title='bbox 1057 2193 1239 2264; x_wconf 66' lang='lat' dir='ltr'><strong>gloriae</strong></span> <span class='ocrx_word' id='word_1_181' title='bbox 1265 2200 1390 2254; x_wconf 72' lang='lat' dir='ltr'><strong>tum,</strong></span> <span class='ocrx_word' id='word_1_182' title='bbox 1404 2192 1680 2261; x_wconf 89' lang='lat' dir='ltr'><strong>oculisque</strong></span> <span class='ocrx_word' id='word_1_183' title='bbox 1702 2191 1833 2246; x_wconf 75' lang='lat' dir='ltr'><strong>fidei.</strong></span> 
     </span>
    </p>
   </div>
   <div class='ocr_carea' id='block_1_25' title="bbox 251 2283 1821 2355">
    <p class='ocr_par' dir='ltr' id='par_1_25' title="bbox 251 2283 1821 2355">
     <span class='ocr_line' id='line_1_25' title="bbox 251 2283 1821 2355; baseline -0.003 -13"><span class='ocrx_word' id='word_1_184' title='bbox 251 2288 492 2342; x_wconf 85' lang='lat' dir='ltr'><strong>intuetur</strong></span> <span class='ocrx_word' id='word_1_185' title='bbox 551 2293 621 2349; x_wconf 87' lang='lat' dir='ltr'><strong>te,</strong></span> <span class='ocrx_word' id='word_1_186' title='bbox 676 2285 842 2340; x_wconf 86' lang='lat' dir='ltr'><strong>solem</strong></span> <span class='ocrx_word' id='word_1_187' title='bbox 885 2283 1137 2353; x_wconf 65' lang='lat' dir='ltr'><strong>justiti-.13,</strong></span> <span class='ocrx_word' id='word_1_188' title='bbox 1170 2285 1309 2338; x_wconf 88' lang='lat' dir='ltr'><strong>sicut</strong></span> <span class='ocrx_word' id='word_1_189' title='bbox 1357 2284 1618 2355; x_wconf 86' lang='lat' dir='ltr'><strong>scriptum</strong></span> <span class='ocrx_word' id='word_1_190' title='bbox 1672 2293 1756 2339; x_wconf 85' lang='lat' dir='ltr'><strong>est</strong></span> <span class='ocrx_word' id='word_1_191' title='bbox 1806 2302 1821 2338; x_wconf 72' lang='grc' dir='ltr'><strong>ι</strong></span> 
     </span>
    </p>
   </div>
   <div class='ocr_carea' id='block_1_26' title="bbox 253 2374 1821 2452">
    <p class='ocr_par' dir='ltr' id='par_1_26' title="bbox 253 2374 1821 2452">
     <span class='ocr_line' id='line_1_26' title="bbox 253 2374 1821 2452; baseline 0 -21"><span class='ocrx_word' id='word_1_192' title='bbox 253 2376 357 2443; x_wconf 83' lang='lat' dir='ltr'><strong>Qui</strong></span> <span class='ocrx_word' id='word_1_193' title='bbox 383 2377 611 2431; x_wconf 78' lang='lat' dir='ltr'><strong>adlttrret</strong></span> <span class='ocrx_word' id='word_1_194' title='bbox 649 2375 893 2441; x_wconf 85' lang='lat' dir='ltr'><strong>Domino,</strong></span> <span class='ocrx_word' id='word_1_195' title='bbox 924 2394 1060 2430; x_wconf 83' lang='lat' dir='ltr'><strong>unus</strong></span> <span class='ocrx_word' id='word_1_196' title='bbox 1109 2375 1338 2445; x_wconf 81' lang='lat' dir='ltr'><strong>Spiritus</strong></span> <span class='ocrx_word' id='word_1_197' title='bbox 1380 2384 1451 2429; x_wconf 85' lang='lat' dir='ltr'><strong>est</strong></span> <span class='ocrx_word' id='word_1_198' title='bbox 1490 2375 1541 2446; x_wconf 85' lang='grc' dir='ltr'><strong>(Ι</strong></span> <span class='ocrx_word' id='word_1_199' title='bbox 1572 2374 1693 2429; x_wconf 87' lang='lat' dir='ltr'><strong>Cor.</strong></span> <span class='ocrx_word' id='word_1_200' title='bbox 1723 2376 1821 2452; x_wconf 82' lang='lat' dir='ltr'><strong>vi).</strong></span> 
     </span>
    </p>
   </div>
   <div class='ocr_carea' id='block_1_27' title="bbox 320 2466 1825 2539">
    <p class='ocr_par' dir='ltr' id='par_1_27' title="bbox 320 2466 1825 2539">
     <span class='ocr_line' id='line_1_27' title="bbox 320 2466 1825 2539; baseline 0.001 -16"><span class='ocrx_word' id='word_1_201' title='bbox 320 2469 383 2523; x_wconf 80' lang='lat' dir='ltr'><strong>ll.</strong></span> <span class='ocrx_word' id='word_1_202' title='bbox 406 2469 631 2539; x_wconf 85' lang='lat' dir='ltr'><strong>Fugiam</strong></span> <span class='ocrx_word' id='word_1_203' title='bbox 660 2468 861 2538; x_wconf 87' lang='lat' dir='ltr'><strong>itaque,</strong></span> <span class='ocrx_word' id='word_1_204' title='bbox 891 2467 1132 2532; x_wconf 87' lang='lat' dir='ltr'><strong>Domine,</strong></span> <span class='ocrx_word' id='word_1_205' title='bbox 1163 2473 1219 2523; x_wconf 87' lang='lat' dir='ltr'><strong>et</strong></span> <span class='ocrx_word' id='word_1_206' title='bbox 1242 2466 1472 2522; x_wconf 83' lang='lat' dir='ltr'><strong>libenter</strong></span> <span class='ocrx_word' id='word_1_207' title='bbox 1497 2466 1696 2538; x_wconf 79' lang='lat' dir='ltr'><strong>fugiam</strong></span> <span class='ocrx_word' id='word_1_208' title='bbox 1729 2469 1825 2524; x_wconf 87' lang='lat' dir='ltr'><strong>ob-</strong></span> 
     </span>
    </p>
   </div>
   <div class='ocr_carea' id='block_1_28' title="bbox 249 2557 1825 2630">
    <p class='ocr_par' dir='ltr' id='par_1_28' title="bbox 249 2557 1825 2630">
     <span class='ocr_line' id='line_1_28' title="bbox 249 2557 1825 2630; baseline -0.003 -13"><span class='ocrx_word' id='word_1_209' title='bbox 249 2568 549 2630; x_wconf 84' lang='lat' dir='ltr'><strong>strepentes</strong></span> <span class='ocrx_word' id='word_1_210' title='bbox 594 2559 854 2614; x_wconf 89' lang='lat' dir='ltr'><strong>tumultus</strong></span> <span class='ocrx_word' id='word_1_211' title='bbox 899 2560 1138 2614; x_wconf 87' lang='lat' dir='ltr'><strong>omnium</strong></span> <span class='ocrx_word' id='word_1_212' title='bbox 1185 2559 1504 2612; x_wconf 89' lang='lat' dir='ltr'><strong>vanitatum.</strong></span> <span class='ocrx_word' id='word_1_213' title='bbox 1562 2557 1667 2613; x_wconf 90' lang='lat' dir='ltr'><strong>Sed</strong></span> <span class='ocrx_word' id='word_1_214' title='bbox 1717 2576 1825 2628; x_wconf 71' lang='lat' dir='ltr'><strong>qm</strong></span> 
     </span>
    </p>
   </div>
   <div class='ocr_carea' id='block_1_29' title="bbox 247 2649 1837 2724">
    <p class='ocr_par' dir='ltr' id='par_1_29' title="bbox 247 2649 1837 2724">
     <span class='ocr_line' id='line_1_29' title="bbox 247 2649 1837 2724; baseline 0.001 -20"><span class='ocrx_word' id='word_1_215' title='bbox 247 2649 474 2724; x_wconf 86' lang='lat' dir='ltr'><strong>fugiam,</strong></span> <span class='ocrx_word' id='word_1_216' title='bbox 499 2659 560 2705; x_wconf 91' lang='lat' dir='ltr'><strong>ut</strong></span> <span class='ocrx_word' id='word_1_217' title='bbox 581 2652 698 2706; x_wconf 92' lang='lat' dir='ltr'><strong>illos</strong></span> <span class='ocrx_word' id='word_1_218' title='bbox 724 2651 1009 2715; x_wconf 87' lang='lat' dir='ltr'><strong>decliuem,</strong></span> <span class='ocrx_word' id='word_1_219' title='bbox 1037 2650 1155 2705; x_wconf 90' lang='lat' dir='ltr'><strong>illos</strong></span> <span class='ocrx_word' id='word_1_220' title='bbox 1195 2650 1395 2705; x_wconf 89' lang='lat' dir='ltr'><strong>calcem</strong></span> <span class='ocrx_word' id='word_1_221' title='bbox 1438 2651 1538 2705; x_wconf 91' lang='lat' dir='ltr'><strong>sub</strong></span> <span class='ocrx_word' id='word_1_222' title='bbox 1574 2652 1837 2719; x_wconf 69' lang='lat' dir='ltr'><strong>pedibus,</strong></span> 
     </span>
    </p>
   </div>
   <div class='ocr_carea' id='block_1_30' title="bbox 248 2742 1837 2813">
    <p class='ocr_par' dir='ltr' id='par_1_30' title="bbox 248 2742 1837 2813">
     <span class='ocr_line' id='line_1_30' title="bbox 248 2742 1837 2813; baseline -0.005 -14"><span class='ocrx_word' id='word_1_223' title='bbox 248 2754 302 2799; x_wconf 90' lang='lat' dir='ltr'><strong>et</strong></span> <span class='ocrx_word' id='word_1_224' title='bbox 330 2744 517 2813; x_wconf 89' lang='lat' dir='ltr'><strong>procul</strong></span> <span class='ocrx_word' id='word_1_225' title='bbox 538 2743 731 2813; x_wconf 88' lang='lat' dir='ltr'><strong>pellam</strong></span> <span class='ocrx_word' id='word_1_226' title='bbox 772 2758 803 2797; x_wconf 90' lang='lat' dir='ltr'><strong>a</strong></span> <span class='ocrx_word' id='word_1_227' title='bbox 842 2743 1133 2798; x_wconf 74' lang='lat' dir='ltr'><strong>serenitate</strong></span> <span class='ocrx_word' id='word_1_228' title='bbox 1168 2742 1392 2810; x_wconf 90' lang='lat' dir='ltr'><strong>jucundi</strong></span> <span class='ocrx_word' id='word_1_229' title='bbox 1438 2742 1699 2797; x_wconf 85' lang='lat' dir='ltr'><strong>intuitus?</strong></span> <span class='ocrx_word' id='word_1_230' title='bbox 1742 2744 1837 2799; x_wconf 81' lang='lat' dir='ltr'><strong>Ad.</strong></span> 
     </span>
    </p>
   </div>
   <div class='ocr_carea' id='block_1_31' title="bbox 229 2832 1818 2904">
    <p class='ocr_par' dir='ltr' id='par_1_31' title="bbox 229 2832 1818 2904">
     <span class='ocr_line' id='line_1_31' title="bbox 229 2832 1818 2904; baseline -0.001 -15"><span class='ocrx_word' id='word_1_231' title='bbox 229 2844 322 2899; x_wconf 82' lang='lat' dir='ltr'><strong>te,</strong></span> <span class='ocrx_word' id='word_1_232' title='bbox 350 2833 441 2903; x_wconf 84' lang='lat' dir='ltr'><strong>qui</strong></span> <span class='ocrx_word' id='word_1_233' title='bbox 472 2848 530 2889; x_wconf 90' lang='lat' dir='ltr'><strong>es</strong></span> <span class='ocrx_word' id='word_1_234' title='bbox 565 2834 709 2889; x_wconf 90' lang='lat' dir='ltr'><strong>solus</strong></span> <span class='ocrx_word' id='word_1_235' title='bbox 738 2832 1042 2904; x_wconf 84' lang='lat' dir='ltr'><strong>confugium</strong></span> <span class='ocrx_word' id='word_1_236' title='bbox 1066 2840 1117 2887; x_wconf 84' lang='lat' dir='ltr'><strong>et</strong></span> <span class='ocrx_word' id='word_1_237' title='bbox 1144 2833 1300 2887; x_wconf 88' lang='lat' dir='ltr'><strong>unica</strong></span> <span class='ocrx_word' id='word_1_238' title='bbox 1329 2847 1451 2901; x_wconf 88' lang='lat' dir='ltr'><strong>spes</strong></span> <span class='ocrx_word' id='word_1_239' title='bbox 1476 2833 1818 2888; x_wconf 85' lang='lat' dir='ltr'><strong>miserorum.</strong></span> 
     </span>
    </p>
   </div>
   <div class='ocr_carea' id='block_1_32' title="bbox 246 2924 1820 2995">
    <p class='ocr_par' dir='ltr' id='par_1_32' title="bbox 246 2924 1820 2995">
     <span class='ocr_line' id='line_1_32' title="bbox 246 2924 1820 2995; baseline 0.001 -16"><span class='ocrx_word' id='word_1_240' title='bbox 246 2926 331 2981; x_wconf 85' lang='lat' dir='ltr'><strong>Ad</strong></span> <span class='ocrx_word' id='word_1_241' title='bbox 365 2934 439 2990; x_wconf 90' lang='lat' dir='ltr'><strong>te,</strong></span> <span class='ocrx_word' id='word_1_242' title='bbox 470 2925 638 2995; x_wconf 78' lang='lat' dir='ltr'><strong>gloria</strong></span> <span class='ocrx_word' id='word_1_243' title='bbox 668 2941 810 2991; x_wconf 89' lang='lat' dir='ltr'><strong>mea,</strong></span> <span class='ocrx_word' id='word_1_244' title='bbox 836 2934 890 2980; x_wconf 88' lang='lat' dir='ltr'><strong>et</strong></span> <span class='ocrx_word' id='word_1_245' title='bbox 924 2925 1171 2979; x_wconf 80' lang='lat' dir='ltr'><strong>exaltans</strong></span> <span class='ocrx_word' id='word_1_246' title='bbox 1197 2933 1357 2994; x_wconf 88' lang='lat' dir='ltr'><strong>caput</strong></span> <span class='ocrx_word' id='word_1_247' title='bbox 1394 2941 1593 2979; x_wconf 90' lang='lat' dir='ltr'><strong>meum.</strong></span> <span class='ocrx_word' id='word_1_248' title='bbox 1640 2924 1728 2979; x_wconf 82' lang='lat' dir='ltr'><strong>Ad</strong></span> <span class='ocrx_word' id='word_1_249' title='bbox 1770 2934 1820 2980; x_wconf 89' lang='lat' dir='ltr'><strong>te</strong></span> 
     </span>
    </p>
   </div>
   <div class='ocr_carea' id='block_1_33' title="bbox 247 3016 1823 3087">
    <p class='ocr_par' dir='ltr' id='par_1_33' title="bbox 247 3016 1823 3087">
     <span class='ocr_line' id='line_1_33' title="bbox 247 3016 1823 3087; baseline -0.001 -14"><span class='ocrx_word' id='word_1_250' title='bbox 247 3032 568 3087; x_wconf 84' lang='lat' dir='ltr'><strong>consurgam</strong></span> <span class='ocrx_word' id='word_1_251' title='bbox 597 3017 663 3071; x_wconf 91' lang='lat' dir='ltr'><strong>de</strong></span> <span class='ocrx_word' id='word_1_252' title='bbox 702 3016 819 3071; x_wconf 87' lang='lat' dir='ltr'><strong>lacu</strong></span> <span class='ocrx_word' id='word_1_253' title='bbox 868 3017 1100 3072; x_wconf 74' lang='lat' dir='ltr'><strong>miserim</strong></span> <span class='ocrx_word' id='word_1_254' title='bbox 1149 3025 1206 3071; x_wconf 89' lang='lat' dir='ltr'><strong>et</strong></span> <span class='ocrx_word' id='word_1_255' title='bbox 1242 3017 1305 3072; x_wconf 89' lang='lat' dir='ltr'><strong>de</strong></span> <span class='ocrx_word' id='word_1_256' title='bbox 1342 3016 1455 3072; x_wconf 90' lang='lat' dir='ltr'><strong>luto</strong></span> <span class='ocrx_word' id='word_1_257' title='bbox 1500 3017 1648 3073; x_wconf 63' lang='lat' dir='ltr'><strong>faecis</strong></span> <span class='ocrx_word' id='word_1_258' title='bbox 1677 3036 1688 3071; x_wconf 90' lang='lat'>:</span> <span class='ocrx_word' id='word_1_259' title='bbox 1722 3018 1823 3072; x_wconf 71' lang='lat' dir='ltr'><strong>tibi</strong></span> 
     </span>
    </p>
   </div>
   <div class='ocr_carea' id='block_1_34' title="bbox 246 3106 1817 3178">
    <p class='ocr_par' dir='ltr' id='par_1_34' title="bbox 246 3106 1817 3178">
     <span class='ocr_line' id='line_1_34' title="bbox 246 3106 1817 3178; baseline 0.001 -17"><span class='ocrx_word' id='word_1_260' title='bbox 246 3106 573 3173; x_wconf 64' lang='lat' dir='ltr'><strong>inbazream,</strong></span> <span class='ocrx_word' id='word_1_261' title='bbox 616 3114 777 3177; x_wconf 86' lang='lat' dir='ltr'><strong>prout</strong></span> <span class='ocrx_word' id='word_1_262' title='bbox 818 3108 932 3178; x_wconf 90' lang='lat' dir='ltr'><strong>ipse</strong></span> <span class='ocrx_word' id='word_1_263' title='bbox 974 3107 1208 3171; x_wconf 89' lang='lat' dir='ltr'><strong>dederis,</strong></span> <span class='ocrx_word' id='word_1_264' title='bbox 1257 3109 1491 3163; x_wconf 76' lang='lat' dir='ltr'><strong>suavitas</strong></span> <span class='ocrx_word' id='word_1_265' title='bbox 1534 3108 1817 3176; x_wconf 80' lang='lat' dir='ltr'><strong>melliflua;</strong></span> 
     </span>
    </p>
   </div>
   <div class='ocr_carea' id='block_1_35' title="bbox 244 3198 1822 3264">
    <p class='ocr_par' dir='ltr' id='par_1_35' title="bbox 244 3198 1822 3264">
     <span class='ocr_line' id='line_1_35' title="bbox 244 3198 1822 3264; baseline 0.001 -10"><span class='ocrx_word' id='word_1_266' title='bbox 244 3207 305 3254; x_wconf 90' lang='lat' dir='ltr'><strong>ut</strong></span> <span class='ocrx_word' id='word_1_267' title='bbox 325 3208 379 3254; x_wconf 93' lang='lat' dir='ltr'><strong>tu</strong></span> <span class='ocrx_word' id='word_1_268' title='bbox 396 3199 673 3253; x_wconf 87' lang='lat' dir='ltr'><strong>dulcescas</strong></span> <span class='ocrx_word' id='word_1_269' title='bbox 695 3198 849 3263; x_wconf 89' lang='lat' dir='ltr'><strong>mibi,</strong></span> <span class='ocrx_word' id='word_1_270' title='bbox 879 3198 1103 3253; x_wconf 41' lang='lat' dir='ltr'><strong>dultedo</strong></span> <span class='ocrx_word' id='word_1_271' title='bbox 1122 3214 1225 3253; x_wconf 89' lang='lat' dir='ltr'><strong>non</strong></span> <span class='ocrx_word' id='word_1_272' title='bbox 1241 3198 1425 3264; x_wconf 83' lang='lat' dir='ltr'><strong>fallax,</strong></span> <span class='ocrx_word' id='word_1_273' title='bbox 1443 3198 1665 3254; x_wconf 87' lang='lat' dir='ltr'><strong>dulcedo</strong></span> <span class='ocrx_word' id='word_1_274' title='bbox 1695 3199 1822 3256; x_wconf 79' lang='lat' dir='ltr'><strong>felix</strong></span> 
     </span>
    </p>
   </div>
   <div class='ocr_carea' id='block_1_36' title="bbox 244 3291 1820 3362">
    <p class='ocr_par' dir='ltr' id='par_1_36' title="bbox 244 3291 1820 3362">
     <span class='ocr_line' id='line_1_36' title="bbox 244 3291 1820 3362; baseline 0.001 -15"><span class='ocrx_word' id='word_1_275' title='bbox 244 3301 299 3347; x_wconf 91' lang='lat' dir='ltr'><strong>et</strong></span> <span class='ocrx_word' id='word_1_276' title='bbox 350 3308 560 3347; x_wconf 89' lang='lat' dir='ltr'><strong>secura.</strong></span> <span class='ocrx_word' id='word_1_277' title='bbox 602 3292 847 3359; x_wconf 79' lang='lat' dir='ltr'><strong>Qumrain</strong></span> <span class='ocrx_word' id='word_1_278' title='bbox 902 3307 1030 3362; x_wconf 87' lang='lat' dir='ltr'><strong>ergo</strong></span> <span class='ocrx_word' id='word_1_279' title='bbox 1076 3299 1148 3357; x_wconf 89' lang='lat' dir='ltr'><strong>te,</strong></span> <span class='ocrx_word' id='word_1_280' title='bbox 1180 3291 1423 3357; x_wconf 90' lang='lat' dir='ltr'><strong>Domine,</strong></span> <span class='ocrx_word' id='word_1_281' title='bbox 1450 3292 1705 3349; x_wconf 73' lang='lat' dir='ltr'><strong>invocans</strong></span> <span class='ocrx_word' id='word_1_282' title='bbox 1735 3302 1820 3360; x_wconf 90' lang='lat' dir='ltr'><strong>te;</strong></span> 
     </span>
    </p>
   </div>
   <div class='ocr_carea' id='block_1_37' title="bbox 244 3385 1821 3455">
    <p class='ocr_par' dir='ltr' id='par_1_37' title="bbox 244 3385 1821 3455">
     <span class='ocr_line' id='line_1_37' title="bbox 244 3385 1821 3455; baseline 0.002 -16"><span class='ocrx_word' id='word_1_283' title='bbox 244 3394 298 3439; x_wconf 90' lang='lat' dir='ltr'><strong>et</strong></span> <span class='ocrx_word' id='word_1_284' title='bbox 318 3386 577 3441; x_wconf 83' lang='lat' dir='ltr'><strong>invocabo</strong></span> <span class='ocrx_word' id='word_1_285' title='bbox 613 3395 683 3450; x_wconf 90' lang='lat' dir='ltr'><strong>te,</strong></span> <span class='ocrx_word' id='word_1_286' title='bbox 713 3386 938 3440; x_wconf 84' lang='lat' dir='ltr'><strong>credens</strong></span> <span class='ocrx_word' id='word_1_287' title='bbox 974 3385 1028 3438; x_wconf 91' lang='lat' dir='ltr'><strong>in</strong></span> <span class='ocrx_word' id='word_1_288' title='bbox 1065 3396 1147 3449; x_wconf 90' lang='lat' dir='ltr'><strong>te;</strong></span> <span class='ocrx_word' id='word_1_289' title='bbox 1200 3395 1258 3440; x_wconf 89' lang='lat' dir='ltr'><strong>ut</strong></span> <span class='ocrx_word' id='word_1_290' title='bbox 1292 3401 1541 3455; x_wconf 65' lang='lat' dir='ltr'><strong>quaerens</strong></span> <span class='ocrx_word' id='word_1_291' title='bbox 1572 3395 1643 3451; x_wconf 91' lang='lat' dir='ltr'><strong>te,</strong></span> <span class='ocrx_word' id='word_1_292' title='bbox 1668 3388 1821 3442; x_wconf 88' lang='lat' dir='ltr'><strong>inve-</strong></span> 
     </span>
    </p>
   </div>
   <div class='ocr_carea' id='block_1_38' title="bbox 244 3477 1821 3546">
    <p class='ocr_par' dir='ltr' id='par_1_38' title="bbox 244 3477 1821 3546">
     <span class='ocr_line' id='line_1_38' title="bbox 244 3477 1821 3546; baseline 0.002 -17"><span class='ocrx_word' id='word_1_293' title='bbox 244 3478 389 3531; x_wconf 88' lang='lat' dir='ltr'><strong>niam</strong></span> <span class='ocrx_word' id='word_1_294' title='bbox 420 3485 491 3543; x_wconf 90' lang='lat' dir='ltr'><strong>te,</strong></span> <span class='ocrx_word' id='word_1_295' title='bbox 523 3485 579 3532; x_wconf 91' lang='lat' dir='ltr'><strong>et</strong></span> <span class='ocrx_word' id='word_1_296' title='bbox 604 3477 882 3530; x_wconf 89' lang='lat' dir='ltr'><strong>inveniens</strong></span> <span class='ocrx_word' id='word_1_297' title='bbox 909 3477 1225 3531; x_wconf 86' lang='lat' dir='ltr'><strong>benedicam</strong></span> <span class='ocrx_word' id='word_1_298' title='bbox 1257 3486 1309 3531; x_wconf 88' lang='lat' dir='ltr'><strong>te</strong></span> <span class='ocrx_word' id='word_1_299' title='bbox 1328 3518 1343 3542; x_wconf 96' lang='lat'><strong>,</strong></span> <span class='ocrx_word' id='word_1_300' title='bbox 1372 3478 1464 3546; x_wconf 86' lang='lat' dir='ltr'><strong>qui</strong></span> <span class='ocrx_word' id='word_1_301' title='bbox 1493 3477 1821 3532; x_wconf 83' lang='lat' dir='ltr'><strong>benedixisti</strong></span> 
     </span>
    </p>
   </div>
   <div class='ocr_carea' id='block_1_39' title="bbox 243 3568 1815 3640">
    <p class='ocr_par' dir='ltr' id='par_1_39' title="bbox 243 3568 1815 3640">
     <span class='ocr_line' id='line_1_39' title="bbox 243 3568 1815 3640; baseline 0.001 -16"><span class='ocrx_word' id='word_1_302' title='bbox 243 3584 345 3624; x_wconf 89' lang='lat' dir='ltr'><strong>nos</strong></span> <span class='ocrx_word' id='word_1_303' title='bbox 367 3568 513 3623; x_wconf 89' lang='lat' dir='ltr'><strong>omni</strong></span> <span class='ocrx_word' id='word_1_304' title='bbox 540 3568 927 3624; x_wconf 85' lang='lat' dir='ltr'><strong>benedictione.</strong></span> <span class='ocrx_word' id='word_1_305' title='bbox 964 3569 1106 3623; x_wconf 86' lang='lat' dir='ltr'><strong>Deus</strong></span> <span class='ocrx_word' id='word_1_306' title='bbox 1136 3585 1303 3633; x_wconf 86' lang='lat' dir='ltr'><strong>meus,</strong></span> <span class='ocrx_word' id='word_1_307' title='bbox 1335 3586 1466 3638; x_wconf 21' lang='lat' dir='ltr'><strong>una,</strong></span> <span class='ocrx_word' id='word_1_308' title='bbox 1492 3586 1616 3640; x_wconf 87' lang='lat' dir='ltr'><strong>spes</strong></span> <span class='ocrx_word' id='word_1_309' title='bbox 1663 3587 1815 3637; x_wconf 88' lang='lat' dir='ltr'><strong>mea,</strong></span> 
     </span>
    </p>
   </div>
   <div class='ocr_carea' id='block_1_40' title="bbox 242 3660 1818 3733">
    <p class='ocr_par' dir='ltr' id='par_1_40' title="bbox 242 3660 1818 3733">
     <span class='ocr_line' id='line_1_40' title="bbox 242 3660 1818 3733; baseline 0.001 -18"><span class='ocrx_word' id='word_1_310' title='bbox 242 3661 440 3715; x_wconf 70' lang='lat' dir='ltr'><strong>exaudi</strong></span> <span class='ocrx_word' id='word_1_311' title='bbox 468 3675 573 3725; x_wconf 89' lang='lat' dir='ltr'><strong>me,</strong></span> <span class='ocrx_word' id='word_1_312' title='bbox 606 3676 674 3714; x_wconf 88' lang='lat' dir='ltr'><strong>ne</strong></span> <span class='ocrx_word' id='word_1_313' title='bbox 706 3660 957 3729; x_wconf 86' lang='lat' dir='ltr'><strong>fatigatus</strong></span> <span class='ocrx_word' id='word_1_314' title='bbox 994 3661 1158 3716; x_wconf 89' lang='lat' dir='ltr'><strong>nolim</strong></span> <span class='ocrx_word' id='word_1_315' title='bbox 1186 3677 1428 3731; x_wconf 74' lang='lat' dir='ltr'><strong>quaerere</strong></span> <span class='ocrx_word' id='word_1_316' title='bbox 1454 3671 1524 3725; x_wconf 90' lang='lat' dir='ltr'><strong>te,</strong></span> <span class='ocrx_word' id='word_1_317' title='bbox 1556 3664 1650 3718; x_wconf 90' lang='lat' dir='ltr'><strong>sed</strong></span> <span class='ocrx_word' id='word_1_318' title='bbox 1671 3679 1818 3733; x_wconf 81' lang='lat' dir='ltr'><strong>quae-</strong></span> 
     </span>
    </p>
   </div>
   <div class='ocr_carea' id='block_1_41' title="bbox 241 3750 1821 3823">
    <p class='ocr_par' dir='ltr' id='par_1_41' title="bbox 241 3750 1821 3823">
     <span class='ocr_line' id='line_1_41' title="bbox 241 3750 1821 3823; baseline 0.002 -17"><span class='ocrx_word' id='word_1_319' title='bbox 241 3768 363 3806; x_wconf 89' lang='lat' dir='ltr'><strong>ram</strong></span> <span class='ocrx_word' id='word_1_320' title='bbox 389 3750 577 3806; x_wconf 86' lang='lat' dir='ltr'><strong>faciem</strong></span> <span class='ocrx_word' id='word_1_321' title='bbox 610 3759 755 3805; x_wconf 90' lang='lat' dir='ltr'><strong>tuam</strong></span> <span class='ocrx_word' id='word_1_322' title='bbox 783 3765 996 3821; x_wconf 87' lang='lat' dir='ltr'><strong>semper</strong></span> <span class='ocrx_word' id='word_1_323' title='bbox 1033 3751 1306 3806; x_wconf 87' lang='lat' dir='ltr'><strong>ardenter.</strong></span> <span class='ocrx_word' id='word_1_324' title='bbox 1332 3753 1411 3806; x_wconf 84' lang='lat' dir='ltr'><strong>Tu</strong></span> <span class='ocrx_word' id='word_1_325' title='bbox 1438 3753 1504 3807; x_wconf 90' lang='lat' dir='ltr'><strong>da</strong></span> <span class='ocrx_word' id='word_1_326' title='bbox 1547 3755 1821 3823; x_wconf 69' lang='lat' dir='ltr'><strong>qurerendi</strong></span> 
     </span>
    </p>
   </div>
   <div class='ocr_carea' id='block_1_42' title="bbox 240 3840 1820 3914">
    <p class='ocr_par' dir='ltr' id='par_1_42' title="bbox 240 3840 1820 3914">
     <span class='ocr_line' id='line_1_42' title="bbox 240 3840 1820 3914; baseline 0.002 -18"><span class='ocrx_word' id='word_1_327' title='bbox 240 3844 407 3907; x_wconf 87' lang='lat' dir='ltr'><strong>vires,</strong></span> <span class='ocrx_word' id='word_1_328' title='bbox 436 3842 526 3911; x_wconf 91' lang='lat' dir='ltr'><strong>qui</strong></span> <span class='ocrx_word' id='word_1_329' title='bbox 566 3842 806 3897; x_wconf 85' lang='lat' dir='ltr'><strong>invenire</strong></span> <span class='ocrx_word' id='word_1_330' title='bbox 848 3851 902 3897; x_wconf 89' lang='lat' dir='ltr'><strong>te</strong></span> <span class='ocrx_word' id='word_1_331' title='bbox 942 3840 1116 3896; x_wconf 87' lang='lat' dir='ltr'><strong>fecisti</strong></span> <span class='ocrx_word' id='word_1_332' title='bbox 1151 3850 1207 3896; x_wconf 92' lang='lat' dir='ltr'><strong>et</strong></span> <span class='ocrx_word' id='word_1_333' title='bbox 1234 3843 1404 3914; x_wconf 89' lang='lat' dir='ltr'><strong>magis</strong></span> <span class='ocrx_word' id='word_1_334' title='bbox 1433 3844 1709 3914; x_wconf 81' lang='lat' dir='ltr'><strong>magisque</strong></span> <span class='ocrx_word' id='word_1_335' title='bbox 1738 3846 1820 3899; x_wconf 93' lang='lat' dir='ltr'><strong>in-</strong></span> 
     </span>
    </p>
   </div>
   <div class='ocr_carea' id='block_1_43' title="bbox 239 3933 1820 4003">
    <p class='ocr_par' dir='ltr' id='par_1_43' title="bbox 239 3933 1820 4003">
     <span class='ocr_line' id='line_1_43' title="bbox 239 3933 1820 4003; baseline 0.003 -15"><span class='ocrx_word' id='word_1_336' title='bbox 239 3934 493 3990; x_wconf 83' lang='lat' dir='ltr'><strong>veniendi</strong></span> <span class='ocrx_word' id='word_1_337' title='bbox 537 3940 589 3989; x_wconf 88' lang='lat' dir='ltr'><strong>te</strong></span> <span class='ocrx_word' id='word_1_338' title='bbox 624 3949 773 4002; x_wconf 86' lang='lat' dir='ltr'><strong>spem</strong></span> <span class='ocrx_word' id='word_1_339' title='bbox 811 3933 1023 4003; x_wconf 86' lang='lat' dir='ltr'><strong>dedisti.</strong></span> <span class='ocrx_word' id='word_1_340' title='bbox 1053 3933 1330 4001; x_wconf 86' lang='lat' dir='ltr'><strong>lllumina,</strong></span> <span class='ocrx_word' id='word_1_341' title='bbox 1364 3934 1610 4002; x_wconf 89' lang='lat' dir='ltr'><strong>Domine,</strong></span> <span class='ocrx_word' id='word_1_342' title='bbox 1639 3936 1820 3992; x_wconf 87' lang='lat' dir='ltr'><strong>cordis</strong></span> 
     </span>
    </p>
   </div>
   <div class='ocr_carea' id='block_1_44' title="bbox 240 4026 1818 4098">
    <p class='ocr_par' dir='ltr' id='par_1_44' title="bbox 240 4026 1818 4098">
     <span class='ocr_line' id='line_1_44' title="bbox 240 4026 1818 4098; baseline 0.002 -16"><span class='ocrx_word' id='word_1_343' title='bbox 240 4026 350 4082; x_wconf 88' lang='lat' dir='ltr'><strong>mei</strong></span> <span class='ocrx_word' id='word_1_344' title='bbox 378 4026 591 4081; x_wconf 90' lang='lat' dir='ltr'><strong>oculum</strong></span> <span class='ocrx_word' id='word_1_345' title='bbox 620 4026 820 4082; x_wconf 74' lang='lat' dir='ltr'><strong>intima:</strong></span> <span class='ocrx_word' id='word_1_346' title='bbox 849 4028 1071 4082; x_wconf 84' lang='lat' dir='ltr'><strong>visionis</strong></span> <span class='ocrx_word' id='word_1_347' title='bbox 1102 4028 1386 4098; x_wconf 90' lang='lat' dir='ltr'><strong>perspicua</strong></span> <span class='ocrx_word' id='word_1_348' title='bbox 1415 4028 1531 4083; x_wconf 89' lang='lat' dir='ltr'><strong>luce</strong></span> <span class='ocrx_word' id='word_1_349' title='bbox 1566 4048 1578 4082; x_wconf 88' lang='lat'><strong>:</strong></span> <span class='ocrx_word' id='word_1_350' title='bbox 1611 4029 1818 4085; x_wconf 79' lang='lat' dir='ltr'><strong>velatus</strong></span> 
     </span>
    </p>
   </div>
   <div class='ocr_carea' id='block_1_45' title="bbox 240 4119 1820 4192">
    <p class='ocr_par' dir='ltr' id='par_1_45' title="bbox 240 4119 1820 4192">
     <span class='ocr_line' id='line_1_45' title="bbox 240 4119 1820 4192; baseline 0.003 -19"><span class='ocrx_word' id='word_1_351' title='bbox 240 4119 390 4173; x_wconf 86' lang='lat' dir='ltr'><strong>enim</strong></span> <span class='ocrx_word' id='word_1_352' title='bbox 416 4125 472 4173; x_wconf 90' lang='lat' dir='ltr'><strong>et</strong></span> <span class='ocrx_word' id='word_1_353' title='bbox 489 4133 663 4173; x_wconf 60' lang='lat' dir='ltr'><strong>caicus</strong></span> <span class='ocrx_word' id='word_1_354' title='bbox 683 4127 767 4173; x_wconf 91' lang='lat' dir='ltr'><strong>est</strong></span> <span class='ocrx_word' id='word_1_355' title='bbox 793 4126 934 4173; x_wconf 88' lang='lat' dir='ltr'><strong>tetra</strong></span> <span class='ocrx_word' id='word_1_356' title='bbox 963 4119 1193 4187; x_wconf 83' lang='lat' dir='ltr'><strong>caligine</strong></span> <span class='ocrx_word' id='word_1_357' title='bbox 1222 4129 1567 4189; x_wconf 80' lang='lat' dir='ltr'><strong>peccatorum</strong></span> <span class='ocrx_word' id='word_1_358' title='bbox 1587 4130 1643 4176; x_wconf 91' lang='lat' dir='ltr'><strong>et</strong></span> <span class='ocrx_word' id='word_1_359' title='bbox 1668 4123 1820 4192; x_wconf 86' lang='lat' dir='ltr'><strong>igno-</strong></span> 
     </span>
    </p>
   </div>
   <div class='ocr_carea' id='block_1_46' title="bbox 242 4208 1817 4281">
    <p class='ocr_par' dir='ltr' id='par_1_46' title="bbox 242 4208 1817 4281">
     <span class='ocr_line' id='line_1_46' title="bbox 242 4208 1817 4281; baseline 0.004 -19"><span class='ocrx_word' id='word_1_360' title='bbox 242 4208 453 4263; x_wconf 73' lang='lat' dir='ltr'><strong>rantize.</strong></span> <span class='ocrx_word' id='word_1_361' title='bbox 479 4208 720 4263; x_wconf 89' lang='lat' dir='ltr'><strong>lllumina</strong></span> <span class='ocrx_word' id='word_1_362' title='bbox 747 4224 870 4263; x_wconf 91' lang='lat' dir='ltr'><strong>eum</strong></span> <span class='ocrx_word' id='word_1_363' title='bbox 904 4209 1106 4264; x_wconf 86' lang='lat' dir='ltr'><strong>lumine</strong></span> <span class='ocrx_word' id='word_1_364' title='bbox 1131 4211 1321 4281; x_wconf 62' lang='lat' dir='ltr'><strong>gratiae</strong></span> <span class='ocrx_word' id='word_1_365' title='bbox 1349 4218 1474 4276; x_wconf 71' lang='lat' dir='ltr'><strong>tuae,</strong></span> <span class='ocrx_word' id='word_1_366' title='bbox 1503 4219 1564 4265; x_wconf 90' lang='lat' dir='ltr'><strong>ut</strong></span> <span class='ocrx_word' id='word_1_367' title='bbox 1590 4212 1817 4269; x_wconf 89' lang='lat' dir='ltr'><strong>sinceris</strong></span> 
     </span>
    </p>
   </div>
   <div class='ocr_carea' id='block_1_47' title="bbox 240 4300 1819 4376">
    <p class='ocr_par' dir='ltr' id='par_1_47' title="bbox 240 4300 1819 4376">
     <span class='ocr_line' id='line_1_47' title="bbox 240 4300 1819 4376; baseline 0.004 -21"><span class='ocrx_word' id='word_1_368' title='bbox 240 4300 370 4355; x_wconf 82' lang='lat' dir='ltr'><strong>ﬁdei</strong></span> <span class='ocrx_word' id='word_1_369' title='bbox 394 4300 585 4365; x_wconf 91' lang='lat' dir='ltr'><strong>oculis,</strong></span> <span class='ocrx_word' id='word_1_370' title='bbox 613 4308 667 4356; x_wconf 87' lang='lat' dir='ltr'><strong>et</strong></span> <span class='ocrx_word' id='word_1_371' title='bbox 690 4316 824 4370; x_wconf 90' lang='lat' dir='ltr'><strong>puro</strong></span> <span class='ocrx_word' id='word_1_372' title='bbox 854 4300 1057 4357; x_wconf 89' lang='lat' dir='ltr'><strong>lumine</strong></span> <span class='ocrx_word' id='word_1_373' title='bbox 1085 4303 1283 4368; x_wconf 90' lang='lat' dir='ltr'><strong>cordis,</strong></span> <span class='ocrx_word' id='word_1_374' title='bbox 1309 4303 1590 4373; x_wconf 89' lang='lat' dir='ltr'><strong>inspiciam</strong></span> <span class='ocrx_word' id='word_1_375' title='bbox 1618 4315 1819 4376; x_wconf 83' lang='lat' dir='ltr'><strong>myste-</strong></span> 
     </span>
    </p>
   </div>
   <div class='ocr_carea' id='block_1_48' title="bbox 1848 3063 1898 3131">
    <p class='ocr_par' dir='ltr' id='par_1_48' title="bbox 1848 3063 1898 3131">
     <span class='ocr_line' id='line_1_48' title="bbox 1848 3063 1898 3131; baseline 0 0"><span class='ocrx_word' id='word_1_376' title='bbox 1848 3063 1898 3131; x_wconf 77' lang='grc' dir='ltr'>Ο</span> 
     </span>
    </p>
   </div>
   <div class='ocr_carea' id='block_1_49' title="bbox 1933 464 3505 535">
    <p class='ocr_par' dir='ltr' id='par_1_49' title="bbox 1933 464 3505 535">
     <span class='ocr_line' id='line_1_49' title="bbox 1933 464 3505 535; baseline 0.009 -19"><span class='ocrx_word' id='word_1_377' title='bbox 1933 478 2093 517; x_wconf 89' lang='lat' dir='ltr'><strong>omne</strong></span> <span class='ocrx_word' id='word_1_378' title='bbox 2129 464 2270 533; x_wconf 91' lang='lat' dir='ltr'><strong>quod</strong></span> <span class='ocrx_word' id='word_1_379' title='bbox 2302 466 2396 521; x_wconf 86' lang='lat' dir='ltr'><strong>tibi</strong></span> <span class='ocrx_word' id='word_1_380' title='bbox 2433 466 2641 535; x_wconf 89' lang='lat' dir='ltr'><strong>placet,</strong></span> <span class='ocrx_word' id='word_1_381' title='bbox 2664 480 2763 535; x_wconf 88' lang='lat' dir='ltr'><strong>per</strong></span> <span class='ocrx_word' id='word_1_382' title='bbox 2786 466 3125 525; x_wconf 83' lang='lat' dir='ltr'><strong>dilectionem</strong></span> <span class='ocrx_word' id='word_1_383' title='bbox 3152 478 3208 525; x_wconf 91' lang='lat' dir='ltr'><strong>et</strong></span> <span class='ocrx_word' id='word_1_384' title='bbox 3230 472 3505 530; x_wconf 83' lang='lat' dir='ltr'><strong>humilita-</strong></span> 
     </span>
    </p>
   </div>
   <div class='ocr_carea' id='block_1_50' title="bbox 1938 559 3505 626">
    <p class='ocr_par' dir='ltr' id='par_1_50' title="bbox 1938 559 3505 626">
     <span class='ocr_line' id='line_1_50' title="bbox 1938 559 3505 626; baseline 0.006 -17"><span class='ocrx_word' id='word_1_385' title='bbox 1938 562 2043 609; x_wconf 88' lang='lat' dir='ltr'><strong>tem</strong></span> <span class='ocrx_word' id='word_1_386' title='bbox 2068 564 2342 625; x_wconf 88' lang='lat' dir='ltr'><strong>operetur,</strong></span> <span class='ocrx_word' id='word_1_387' title='bbox 2369 572 2487 625; x_wconf 68' lang='lat' dir='ltr'><strong>qua:</strong></span> <span class='ocrx_word' id='word_1_388' title='bbox 2513 573 2613 613; x_wconf 87' lang='lat' dir='ltr'><strong>nec</strong></span> <span class='ocrx_word' id='word_1_389' title='bbox 2640 566 2805 626; x_wconf 86' lang='lat' dir='ltr'><strong>queat</strong></span> <span class='ocrx_word' id='word_1_390' title='bbox 2826 559 2967 615; x_wconf 90' lang='lat' dir='ltr'><strong>vinci</strong></span> <span class='ocrx_word' id='word_1_391' title='bbox 2989 560 3130 615; x_wconf 88' lang='lat' dir='ltr'><strong>inter</strong></span> <span class='ocrx_word' id='word_1_392' title='bbox 3154 562 3317 617; x_wconf 85' lang='lat' dir='ltr'><strong>verba</strong></span> <span class='ocrx_word' id='word_1_393' title='bbox 3346 562 3505 619; x_wconf 85' lang='lat' dir='ltr'><strong>alter-</strong></span> 
     </span>
    </p>
   </div>
   <div class='ocr_carea' id='block_1_51' title="bbox 1934 647 3500 718">
    <p class='ocr_par' dir='ltr' id='par_1_51' title="bbox 1934 647 3500 718">
     <span class='ocr_line' id='line_1_51' title="bbox 1934 647 3500 718; baseline 0.005 -16"><span class='ocrx_word' id='word_1_394' title='bbox 1934 647 2167 703; x_wconf 80' lang='lat' dir='ltr'><strong>cationis</strong></span> <span class='ocrx_word' id='word_1_395' title='bbox 2193 648 2246 701; x_wconf 92' lang='lat' dir='ltr'><strong>in</strong></span> <span class='ocrx_word' id='word_1_396' title='bbox 2277 656 2515 718; x_wconf 86' lang='lat' dir='ltr'><strong>tempore</strong></span> <span class='ocrx_word' id='word_1_397' title='bbox 2536 652 2946 717; x_wconf 81' lang='lat' dir='ltr'><strong>persecutionis,</strong></span> <span class='ocrx_word' id='word_1_398' title='bbox 2974 653 3061 707; x_wconf 91' lang='lat' dir='ltr'><strong>vel</strong></span> <span class='ocrx_word' id='word_1_399' title='bbox 3086 653 3145 708; x_wconf 88' lang='lat' dir='ltr'><strong>in</strong></span> <span class='ocrx_word' id='word_1_400' title='bbox 3184 654 3271 709; x_wconf 85' lang='lat' dir='ltr'><strong>die</strong></span> <span class='ocrx_word' id='word_1_401' title='bbox 3308 669 3500 710; x_wconf 84' lang='lat' dir='ltr'><strong>neces-</strong></span> 
     </span>
    </p>
   </div>
   <div class='ocr_carea' id='block_1_52' title="bbox 1934 738 3504 807">
    <p class='ocr_par' dir='ltr' id='par_1_52' title="bbox 1934 738 3504 807">
     <span class='ocr_line' id='line_1_52' title="bbox 1934 738 3504 807; baseline 0.003 -13"><span class='ocrx_word' id='word_1_402' title='bbox 1934 739 2129 794; x_wconf 87' lang='lat' dir='ltr'><strong>sitatis.</strong></span> <span class='ocrx_word' id='word_1_403' title='bbox 2174 738 2434 794; x_wconf 87' lang='lat' dir='ltr'><strong>Scrutans</strong></span> <span class='ocrx_word' id='word_1_404' title='bbox 2461 741 2622 794; x_wconf 88' lang='lat' dir='ltr'><strong>corda</strong></span> <span class='ocrx_word' id='word_1_405' title='bbox 2654 747 2710 794; x_wconf 91' lang='lat' dir='ltr'><strong>et</strong></span> <span class='ocrx_word' id='word_1_406' title='bbox 2745 756 2902 796; x_wconf 87' lang='lat' dir='ltr'><strong>renes</strong></span> <span class='ocrx_word' id='word_1_407' title='bbox 2933 740 3321 807; x_wconf 85' lang='lat' dir='ltr'><strong>Dons,coram-</strong></span> <span class='ocrx_word' id='word_1_408' title='bbox 3342 752 3393 799; x_wconf 89' lang='lat' dir='ltr'><strong>te</strong></span> <span class='ocrx_word' id='word_1_409' title='bbox 3420 752 3504 799; x_wconf 90' lang='lat' dir='ltr'><strong>est</strong></span> 
     </span>
    </p>
   </div>
   <div class='ocr_carea' id='block_1_53' title="bbox 1933 829 3501 901">
    <p class='ocr_par' dir='ltr' id='par_1_53' title="bbox 1933 829 3501 901">
     <span class='ocr_line' id='line_1_53' title="bbox 1933 829 3501 901; baseline 0.003 -16"><span class='ocrx_word' id='word_1_410' title='bbox 1933 829 2140 885; x_wconf 86' lang='lat' dir='ltr'><strong>sanitas</strong></span> <span class='ocrx_word' id='word_1_411' title='bbox 2158 838 2211 884; x_wconf 92' lang='lat' dir='ltr'><strong>et</strong></span> <span class='ocrx_word' id='word_1_412' title='bbox 2235 830 2519 885; x_wconf 72' lang='lat' dir='ltr'><strong>infirmitas</strong></span> <span class='ocrx_word' id='word_1_413' title='bbox 2545 838 2709 886; x_wconf 83' lang='lat' dir='ltr'><strong>mea:</strong></span> <span class='ocrx_word' id='word_1_414' title='bbox 2743 831 2889 885; x_wconf 88' lang='lat' dir='ltr'><strong>illam</strong></span> <span class='ocrx_word' id='word_1_415' title='bbox 2914 847 3106 901; x_wconf 83' lang='lat' dir='ltr'><strong>precor</strong></span> <span class='ocrx_word' id='word_1_416' title='bbox 3136 848 3310 899; x_wconf 85' lang='lat' dir='ltr'><strong>serva,</strong></span> <span class='ocrx_word' id='word_1_417' title='bbox 3339 834 3501 889; x_wconf 87' lang='lat' dir='ltr'><strong>istam</strong></span> 
     </span>
    </p>
   </div>
   <div class='ocr_carea' id='block_1_54' title="bbox 1933 920 3497 991">
    <p class='ocr_par' dir='ltr' id='par_1_54' title="bbox 1933 920 3497 991">
     <span class='ocr_line' id='line_1_54' title="bbox 1933 920 3497 991; baseline 0.003 -16"><span class='ocrx_word' id='word_1_418' title='bbox 1933 936 2085 975; x_wconf 90' lang='lat' dir='ltr'><strong>sana.</strong></span> <span class='ocrx_word' id='word_1_419' title='bbox 2108 920 2303 974; x_wconf 85' lang='lat' dir='ltr'><strong>Coram</strong></span> <span class='ocrx_word' id='word_1_420' title='bbox 2318 930 2379 975; x_wconf 81' lang='lat' dir='ltr'><strong>te</strong></span> <span class='ocrx_word' id='word_1_421' title='bbox 2399 929 2485 975; x_wconf 88' lang='lat' dir='ltr'><strong>est</strong></span> <span class='ocrx_word' id='word_1_422' title='bbox 2521 921 2744 975; x_wconf 89' lang='lat' dir='ltr'><strong>scientia</strong></span> <span class='ocrx_word' id='word_1_423' title='bbox 2787 929 2843 975; x_wconf 92' lang='lat' dir='ltr'><strong>et</strong></span> <span class='ocrx_word' id='word_1_424' title='bbox 2887 922 3186 991; x_wconf 83' lang='lat' dir='ltr'><strong>ignorantia</strong></span> <span class='ocrx_word' id='word_1_425' title='bbox 3221 938 3360 979; x_wconf 86' lang='lat' dir='ltr'><strong>mea.</strong></span> <span class='ocrx_word' id='word_1_426' title='bbox 3396 923 3497 980; x_wconf 88' lang='lat' dir='ltr'><strong>Ubi</strong></span> 
     </span>
    </p>
   </div>
   <div class='ocr_carea' id='block_1_55' title="bbox 1934 1010 3498 1080">
    <p class='ocr_par' dir='ltr' id='par_1_55' title="bbox 1934 1010 3498 1080">
     <span class='ocr_line' id='line_1_55' title="bbox 1934 1010 3498 1080; baseline 0.002 -15"><span class='ocrx_word' id='word_1_427' title='bbox 1934 1011 2065 1065; x_wconf 84' lang='lat' dir='ltr'><strong>mihi</strong></span> <span class='ocrx_word' id='word_1_428' title='bbox 2119 1010 2411 1080; x_wconf 87' lang='lat' dir='ltr'><strong>aperuisti,</strong></span> <span class='ocrx_word' id='word_1_429' title='bbox 2442 1012 2656 1079; x_wconf 86' lang='lat' dir='ltr'><strong>suscipe</strong></span> <span class='ocrx_word' id='word_1_430' title='bbox 2707 1011 2997 1066; x_wconf 88' lang='lat' dir='ltr'><strong>intrantem</strong></span> <span class='ocrx_word' id='word_1_431' title='bbox 3046 1027 3060 1065; x_wconf 87' lang='lat'><strong>:</strong></span> <span class='ocrx_word' id='word_1_432' title='bbox 3111 1013 3203 1067; x_wconf 91' lang='lat' dir='ltr'><strong>ubi</strong></span> <span class='ocrx_word' id='word_1_433' title='bbox 3239 1014 3498 1080; x_wconf 88' lang='lat' dir='ltr'><strong>clausisti,</strong></span> 
     </span>
    </p>
   </div>
   <div class='ocr_carea' id='block_1_56' title="bbox 1932 1103 3503 1178">
    <p class='ocr_par' dir='ltr' id='par_1_56' title="bbox 1932 1103 3503 1178">
     <span class='ocr_line' id='line_1_56' title="bbox 1932 1103 3503 1178; baseline 0.004 -21"><span class='ocrx_word' id='word_1_434' title='bbox 1932 1103 2081 1172; x_wconf 90' lang='lat' dir='ltr'><strong>aperi</strong></span> <span class='ocrx_word' id='word_1_435' title='bbox 2100 1103 2329 1173; x_wconf 88' lang='lat' dir='ltr'><strong>pulsanti</strong></span> <span class='ocrx_word' id='word_1_436' title='bbox 2351 1120 2364 1168; x_wconf 91' lang='lat'><strong>;</strong></span> <span class='ocrx_word' id='word_1_437' title='bbox 2394 1110 2454 1156; x_wconf 85' lang='lat' dir='ltr'><strong>ut</strong></span> <span class='ocrx_word' id='word_1_438' title='bbox 2475 1103 2698 1157; x_wconf 90' lang='lat' dir='ltr'><strong>audiens</strong></span> <span class='ocrx_word' id='word_1_439' title='bbox 2719 1103 3012 1175; x_wconf 83' lang='lat' dir='ltr'><strong>intelligam</strong></span> <span class='ocrx_word' id='word_1_440' title='bbox 3036 1113 3177 1170; x_wconf 85' lang='lat' dir='ltr'><strong>te,et</strong></span> <span class='ocrx_word' id='word_1_441' title='bbox 3199 1106 3503 1178; x_wconf 79' lang='lat' dir='ltr'><strong>intelligens</strong></span> 
     </span>
    </p>
   </div>
   <div class='ocr_carea' id='block_1_57' title="bbox 1932 1193 3511 1265">
    <p class='ocr_par' dir='ltr' id='par_1_57' title="bbox 1932 1193 3511 1265">
     <span class='ocr_line' id='line_1_57' title="bbox 1932 1193 3511 1265; baseline 0.004 -15"><span class='ocrx_word' id='word_1_442' title='bbox 1932 1195 2149 1265; x_wconf 78' lang='lat' dir='ltr'><strong>diligam</strong></span> <span class='ocrx_word' id='word_1_443' title='bbox 2176 1202 2248 1259; x_wconf 92' lang='lat' dir='ltr'><strong>te,</strong></span> <span class='ocrx_word' id='word_1_444' title='bbox 2267 1203 2319 1249; x_wconf 90' lang='lat' dir='ltr'><strong>et</strong></span> <span class='ocrx_word' id='word_1_445' title='bbox 2347 1194 2573 1263; x_wconf 80' lang='lat' dir='ltr'><strong>diligens</strong></span> <span class='ocrx_word' id='word_1_446' title='bbox 2600 1193 2812 1247; x_wconf 89' lang='lat' dir='ltr'><strong>laudem</strong></span> <span class='ocrx_word' id='word_1_447' title='bbox 2842 1200 3093 1263; x_wconf 89' lang='lat' dir='ltr'><strong>te,atque</strong></span> <span class='ocrx_word' id='word_1_448' title='bbox 3122 1196 3174 1248; x_wconf 91' lang='lat' dir='ltr'><strong>in</strong></span> <span class='ocrx_word' id='word_1_449' title='bbox 3200 1202 3311 1251; x_wconf 90' lang='lat' dir='ltr'><strong>toto</strong></span> <span class='ocrx_word' id='word_1_450' title='bbox 3337 1197 3511 1255; x_wconf 31' lang='lat' dir='ltr'><strong>corde.</strong></span> 
     </span>
    </p>
   </div>
   <div class='ocr_carea' id='block_1_58' title="bbox 1932 1285 3499 1357">
    <p class='ocr_par' dir='ltr' id='par_1_58' title="bbox 1932 1285 3499 1357">
     <span class='ocr_line' id='line_1_58' title="bbox 1932 1285 3499 1357; baseline 0.003 -20"><span class='ocrx_word' id='word_1_451' title='bbox 1932 1301 2053 1341; x_wconf 86' lang='lat' dir='ltr'><strong>meo</strong></span> <span class='ocrx_word' id='word_1_452' title='bbox 2082 1286 2383 1340; x_wconf 89' lang='lat' dir='ltr'><strong>desiderem</strong></span> <span class='ocrx_word' id='word_1_453' title='bbox 2412 1286 2674 1339; x_wconf 84' lang='lat' dir='ltr'><strong>visionem</strong></span> <span class='ocrx_word' id='word_1_454' title='bbox 2704 1285 3116 1353; x_wconf 85' lang='lat' dir='ltr'><strong>pulchritudinis</strong></span> <span class='ocrx_word' id='word_1_455' title='bbox 3141 1295 3243 1341; x_wconf 77' lang='lat' dir='ltr'><strong>tute</strong></span> <span class='ocrx_word' id='word_1_456' title='bbox 3268 1302 3499 1357; x_wconf 86' lang='lat' dir='ltr'><strong>semper.</strong></span> 
     </span>
    </p>
   </div>
   <div class='ocr_carea' id='block_1_59' title="bbox 1930 1375 3503 1447">
    <p class='ocr_par' dir='ltr' id='par_1_59' title="bbox 1930 1375 3503 1447">
     <span class='ocr_line' id='line_1_59' title="bbox 1930 1375 3503 1447; baseline 0.002 -18"><span class='ocrx_word' id='word_1_457' title='bbox 1930 1375 2105 1429; x_wconf 87' lang='lat' dir='ltr'><strong>Audio</strong></span> <span class='ocrx_word' id='word_1_458' title='bbox 2138 1376 2265 1444; x_wconf 86' lang='lat' dir='ltr'><strong>quid</strong></span> <span class='ocrx_word' id='word_1_459' title='bbox 2308 1375 2464 1429; x_wconf 88' lang='lat' dir='ltr'><strong>nobis</strong></span> <span class='ocrx_word' id='word_1_460' title='bbox 2488 1375 2737 1429; x_wconf 90' lang='lat' dir='ltr'><strong>intimare</strong></span> <span class='ocrx_word' id='word_1_461' title='bbox 2758 1375 2873 1430; x_wconf 88' lang='lat' dir='ltr'><strong>vult</strong></span> <span class='ocrx_word' id='word_1_462' title='bbox 2898 1375 3175 1445; x_wconf 84' lang='lat' dir='ltr'><strong>Scriptura</strong></span> <span class='ocrx_word' id='word_1_463' title='bbox 3206 1384 3316 1441; x_wconf 89' lang='lat' dir='ltr'><strong>tua,</strong></span> <span class='ocrx_word' id='word_1_464' title='bbox 3342 1390 3503 1447; x_wconf 87' lang='lat' dir='ltr'><strong>quam</strong></span> 
     </span>
    </p>
   </div>
   <div class='ocr_carea' id='block_1_60' title="bbox 1931 1464 3498 1531">
    <p class='ocr_par' dir='ltr' id='par_1_60' title="bbox 1931 1464 3498 1531">
     <span class='ocr_line' id='line_1_60' title="bbox 1931 1464 3498 1531; baseline -0.001 -9"><span class='ocrx_word' id='word_1_465' title='bbox 1931 1464 2283 1522; x_wconf 83' lang='lat' dir='ltr'><strong>sanctiﬁcasti</strong></span> <span class='ocrx_word' id='word_1_466' title='bbox 2304 1473 2357 1519; x_wconf 89' lang='lat' dir='ltr'><strong>et</strong></span> <span class='ocrx_word' id='word_1_467' title='bbox 2378 1464 2572 1519; x_wconf 88' lang='lat' dir='ltr'><strong>misisti</strong></span> <span class='ocrx_word' id='word_1_468' title='bbox 2598 1466 2651 1518; x_wconf 90' lang='lat' dir='ltr'><strong>in</strong></span> <span class='ocrx_word' id='word_1_469' title='bbox 2671 1466 2946 1519; x_wconf 88' lang='lat' dir='ltr'><strong>mundum.</strong></span> <span class='ocrx_word' id='word_1_470' title='bbox 2969 1465 3143 1521; x_wconf 86' lang='lat' dir='ltr'><strong>Audio</strong></span> <span class='ocrx_word' id='word_1_471' title='bbox 3162 1474 3219 1523; x_wconf 81' lang='lat' dir='ltr'><strong>et</strong></span> <span class='ocrx_word' id='word_1_472' title='bbox 3236 1467 3398 1521; x_wconf 90' lang='lat' dir='ltr'><strong>credo</strong></span> <span class='ocrx_word' id='word_1_473' title='bbox 3416 1467 3498 1531; x_wconf 86' lang='lat' dir='ltr'><strong>ei;</strong></span> 
     </span>
    </p>
   </div>
   <div class='ocr_carea' id='block_1_61' title="bbox 1931 1553 3500 1626">
    <p class='ocr_par' dir='ltr' id='par_1_61' title="bbox 1931 1553 3500 1626">
     <span class='ocr_line' id='line_1_61' title="bbox 1931 1553 3500 1626; baseline -0.002 -15"><span class='ocrx_word' id='word_1_474' title='bbox 1931 1558 2065 1612; x_wconf 89' lang='lat' dir='ltr'><strong>dicit</strong></span> <span class='ocrx_word' id='word_1_475' title='bbox 2098 1556 2242 1610; x_wconf 91' lang='lat' dir='ltr'><strong>enim</strong></span> <span class='ocrx_word' id='word_1_476' title='bbox 2271 1574 2283 1609; x_wconf 89' lang='lat'><strong>:</strong></span> <span class='ocrx_word' id='word_1_477' title='bbox 2323 1553 2551 1625; x_wconf 77' lang='lat' dir='ltr'><strong>Spiritus</strong></span> <span class='ocrx_word' id='word_1_478' title='bbox 2573 1565 2643 1609; x_wconf 81' lang='lat' dir='ltr'><strong>est</strong></span> <span class='ocrx_word' id='word_1_479' title='bbox 2666 1555 2829 1621; x_wconf 77' lang='lat' dir='ltr'><strong>Deus,</strong></span> <span class='ocrx_word' id='word_1_480' title='bbox 2854 1566 2901 1609; x_wconf 82' lang='lat' dir='ltr'><strong>et</strong></span> <span class='ocrx_word' id='word_1_481' title='bbox 2932 1574 3017 1611; x_wconf 84' lang='lat' dir='ltr'><strong>eos</strong></span> <span class='ocrx_word' id='word_1_482' title='bbox 3042 1558 3133 1626; x_wconf 86' lang='lat' dir='ltr'><strong>qui</strong></span> <span class='ocrx_word' id='word_1_483' title='bbox 3153 1555 3325 1611; x_wconf 80' lang='lat' dir='ltr'><strong>colunt</strong></span> <span class='ocrx_word' id='word_1_484' title='bbox 3363 1572 3500 1621; x_wconf 87' lang='lat' dir='ltr'><strong>eum,</strong></span> 
     </span>
    </p>
   </div>
   <div class='ocr_carea' id='block_1_62' title="bbox 1934 1647 3498 1719">
    <p class='ocr_par' dir='ltr' id='par_1_62' title="bbox 1934 1647 3498 1719">
     <span class='ocr_line' id='line_1_62' title="bbox 1934 1647 3498 1719; baseline -0.001 -17"><span class='ocrx_word' id='word_1_485' title='bbox 1934 1658 2132 1719; x_wconf 80' lang='lat' dir='ltr'><strong>oportet</strong></span> <span class='ocrx_word' id='word_1_486' title='bbox 2159 1650 2213 1701; x_wconf 86' lang='lat' dir='ltr'><strong>in</strong></span> <span class='ocrx_word' id='word_1_487' title='bbox 2236 1649 2422 1718; x_wconf 79' lang='lat' dir='ltr'><strong>spiritu</strong></span> <span class='ocrx_word' id='word_1_488' title='bbox 2446 1656 2493 1700; x_wconf 84' lang='lat' dir='ltr'><strong>et</strong></span> <span class='ocrx_word' id='word_1_489' title='bbox 2526 1647 2735 1700; x_wconf 81' lang='lat' dir='ltr'><strong>veritate</strong></span> <span class='ocrx_word' id='word_1_490' title='bbox 2766 1648 2972 1702; x_wconf 80' lang='lat' dir='ltr'><strong>credere</strong></span> <span class='ocrx_word' id='word_1_491' title='bbox 2994 1658 3042 1701; x_wconf 75' lang='lat' dir='ltr'><strong>et</strong></span> <span class='ocrx_word' id='word_1_492' title='bbox 3070 1648 3293 1702; x_wconf 82' lang='lat' dir='ltr'><strong>adorare</strong></span> <span class='ocrx_word' id='word_1_493' title='bbox 3318 1647 3498 1718; x_wconf 78' lang='lat' dir='ltr'><strong>(Joan.</strong></span> 
     </span>
    </p>
   </div>
   <div class='ocr_carea' id='block_1_63' title="bbox 1456 1705 3501 1810">
    <p class='ocr_par' dir='ltr' id='par_1_63' title="bbox 1456 1705 3501 1810">
     <span class='ocr_line' id='line_1_63' title="bbox 1456 1705 3501 1810; baseline 0.004 -25"><span class='ocrx_word' id='word_1_494' title='bbox 1456 1739 1721 1801; x_wconf 89' lang='lat' dir='ltr'><strong>quatenus</strong></span> <span class='ocrx_word' id='word_1_495' title='bbox 1774 1731 1829 1785; x_wconf 90' lang='lat' dir='ltr'><strong>in</strong></span> <span class='ocrx_word' id='word_1_496' title='bbox 1862 1705 1907 1769; x_wconf 67' lang='grc' dir='ltr'><strong><em>Β</em></strong></span> <span class='ocrx_word' id='word_1_497' title='bbox 1934 1705 2010 1804; x_wconf 73' lang='lat' dir='ltr'><strong>iv,</strong></span> <span class='ocrx_word' id='word_1_498' title='bbox 2033 1738 2149 1810; x_wconf 65' lang='lat'><strong>‘24).</strong></span> <span class='ocrx_word' id='word_1_499' title='bbox 2183 1705 2290 1792; x_wconf 76' lang='lat' dir='ltr'><strong>Sed</strong></span> <span class='ocrx_word' id='word_1_500' title='bbox 2323 1738 2545 1807; x_wconf 89' lang='lat' dir='ltr'><strong>spiritus</strong></span> <span class='ocrx_word' id='word_1_501' title='bbox 2572 1737 3131 1807; x_wconf 86' lang='lat' dir='ltr'><strong>incomprehensibilis</strong></span> <span class='ocrx_word' id='word_1_502' title='bbox 3165 1748 3219 1792; x_wconf 89' lang='lat' dir='ltr'><strong>et</strong></span> <span class='ocrx_word' id='word_1_503' title='bbox 3250 1705 3501 1809; x_wconf 77' lang='lat' dir='ltr'><strong>incorpo-</strong></span> 
     </span>
    </p>
   </div>
   <div class='ocr_carea' id='block_1_64' title="bbox 1931 1828 3505 1898">
    <p class='ocr_par' dir='ltr' id='par_1_64' title="bbox 1931 1828 3505 1898">
     <span class='ocr_line' id='line_1_64' title="bbox 1931 1828 3505 1898; baseline 0.001 -15"><span class='ocrx_word' id='word_1_504' title='bbox 1931 1844 2084 1893; x_wconf 89' lang='lat' dir='ltr'><strong>reus,</strong></span> <span class='ocrx_word' id='word_1_505' title='bbox 2138 1828 2595 1883; x_wconf 83' lang='lat' dir='ltr'><strong>incommutabilis</strong></span> <span class='ocrx_word' id='word_1_506' title='bbox 2635 1836 2689 1881; x_wconf 91' lang='lat' dir='ltr'><strong>et</strong></span> <span class='ocrx_word' id='word_1_507' title='bbox 2735 1828 3269 1898; x_wconf 77' lang='lat' dir='ltr'><strong>incircumscriptus,</strong></span> <span class='ocrx_word' id='word_1_508' title='bbox 3307 1830 3505 1898; x_wconf 88' lang='lat' dir='ltr'><strong>ubique</strong></span> 
     </span>
    </p>
   </div>
   <div class='ocr_carea' id='block_1_65' title="bbox 1928 1919 3502 1989">
    <p class='ocr_par' dir='ltr' id='par_1_65' title="bbox 1928 1919 3502 1989">
     <span class='ocr_line' id='line_1_65' title="bbox 1928 1919 3502 1989; baseline 0.001 -13"><span class='ocrx_word' id='word_1_509' title='bbox 1928 1929 2094 1985; x_wconf 85' lang='lat' dir='ltr'><strong>totus,</strong></span> <span class='ocrx_word' id='word_1_510' title='bbox 2124 1934 2390 1988; x_wconf 86' lang='lat' dir='ltr'><strong>nusquam</strong></span> <span class='ocrx_word' id='word_1_511' title='bbox 2415 1919 2640 1986; x_wconf 86' lang='lat' dir='ltr'><strong>divisus,</strong></span> <span class='ocrx_word' id='word_1_512' title='bbox 2666 1920 2963 1974; x_wconf 86' lang='lat' dir='ltr'><strong>secundum</strong></span> <span class='ocrx_word' id='word_1_513' title='bbox 2998 1920 3163 1989; x_wconf 86' lang='lat' dir='ltr'><strong>ipsius</strong></span> <span class='ocrx_word' id='word_1_514' title='bbox 3207 1920 3502 1977; x_wconf 86' lang='lat' dir='ltr'><strong>veridicum</strong></span> 
     </span>
    </p>
   </div>
   <div class='ocr_carea' id='block_1_66' title="bbox 1930 2008 3503 2080">
    <p class='ocr_par' dir='ltr' id='par_1_66' title="bbox 1930 2008 3503 2080">
     <span class='ocr_line' id='line_1_66' title="bbox 1930 2008 3503 2080; baseline -0.001 -15"><span class='ocrx_word' id='word_1_515' title='bbox 1930 2008 2224 2080; x_wconf 64' lang='lat' dir='ltr'><strong>Scriptura:</strong></span> <span class='ocrx_word' id='word_1_516' title='bbox 2256 2011 2643 2064; x_wconf 88' lang='lat' dir='ltr'><strong>testimonium.</strong></span> <span class='ocrx_word' id='word_1_517' title='bbox 2702 2010 2816 2064; x_wconf 81' lang='lat' dir='ltr'><strong>Hoc</strong></span> <span class='ocrx_word' id='word_1_518' title='bbox 2857 2010 3002 2064; x_wconf 88' lang='lat' dir='ltr'><strong>enim</strong></span> <span class='ocrx_word' id='word_1_519' title='bbox 3035 2010 3193 2065; x_wconf 88' lang='lat' dir='ltr'><strong>modo</strong></span> <span class='ocrx_word' id='word_1_520' title='bbox 3226 2010 3503 2064; x_wconf 88' lang='lat' dir='ltr'><strong>discerne-</strong></span> 
     </span>
    </p>
   </div>
   <div class='ocr_carea' id='block_1_67' title="bbox 1928 2100 3503 2170">
    <p class='ocr_par' dir='ltr' id='par_1_67' title="bbox 1928 2100 3503 2170">
     <span class='ocr_line' id='line_1_67' title="bbox 1928 2100 3503 2170; baseline 0.002 -15"><span class='ocrx_word' id='word_1_521' title='bbox 1928 2102 2004 2156; x_wconf 87' lang='lat' dir='ltr'><strong>ris</strong></span> <span class='ocrx_word' id='word_1_522' title='bbox 2039 2100 2261 2156; x_wconf 87' lang='lat' dir='ltr'><strong>Creator</strong></span> <span class='ocrx_word' id='word_1_523' title='bbox 2296 2117 2327 2157; x_wconf 89' lang='lat' dir='ltr'><strong>a</strong></span> <span class='ocrx_word' id='word_1_524' title='bbox 2361 2108 2630 2167; x_wconf 83' lang='lat' dir='ltr'><strong>creatura,</strong></span> <span class='ocrx_word' id='word_1_525' title='bbox 2665 2102 2719 2155; x_wconf 93' lang='lat' dir='ltr'><strong>in</strong></span> <span class='ocrx_word' id='word_1_526' title='bbox 2749 2116 2857 2170; x_wconf 85' lang='lat' dir='ltr'><strong>qua</strong></span> <span class='ocrx_word' id='word_1_527' title='bbox 2885 2109 3036 2166; x_wconf 88' lang='lat' dir='ltr'><strong>sunt,</strong></span> <span class='ocrx_word' id='word_1_528' title='bbox 3060 2102 3155 2170; x_wconf 83' lang='lat' dir='ltr'><strong>qui</strong></span> <span class='ocrx_word' id='word_1_529' title='bbox 3184 2108 3240 2157; x_wconf 88' lang='lat' dir='ltr'><strong>et</strong></span> <span class='ocrx_word' id='word_1_530' title='bbox 3286 2100 3503 2170; x_wconf 82' lang='lat' dir='ltr'><strong>spiritus</strong></span> 
     </span>
    </p>
   </div>
   <div class='ocr_carea' id='block_1_68' title="bbox 1930 2190 2201 2247">
    <p class='ocr_par' dir='ltr' id='par_1_68' title="bbox 1930 2190 2201 2247">
     <span class='ocr_line' id='line_1_68' title="bbox 1930 2190 2201 2247; baseline -0.007 -2"><span class='ocrx_word' id='word_1_531' title='bbox 1930 2190 2201 2247; x_wconf 86' lang='lat' dir='ltr'><strong>dicuntur.</strong></span> 
     </span>
    </p>
   </div>
   <div class='ocr_carea' id='block_1_69' title="bbox 1995 2281 3504 2353">
    <p class='ocr_par' dir='ltr' id='par_1_69' title="bbox 1995 2281 3504 2353">
     <span class='ocr_line' id='line_1_69' title="bbox 1995 2281 3504 2353; baseline 0 -17"><span class='ocrx_word' id='word_1_532' title='bbox 1995 2283 2162 2353; x_wconf 74' lang='lat'><strong>386</strong></span> <span class='ocrx_word' id='word_1_533' title='bbox 2189 2282 2275 2336; x_wconf 77' lang='lat' dir='ltr'><strong>IV.</strong></span> <span class='ocrx_word' id='word_1_534' title='bbox 2305 2283 2361 2337; x_wconf 90' lang='lat' dir='ltr'><strong>Si</strong></span> <span class='ocrx_word' id='word_1_535' title='bbox 2392 2283 2467 2338; x_wconf 89' lang='lat' dir='ltr'><strong>ita</strong></span> <span class='ocrx_word' id='word_1_536' title='bbox 2491 2291 2593 2347; x_wconf 90' lang='lat' dir='ltr'><strong>est,</strong></span> <span class='ocrx_word' id='word_1_537' title='bbox 2620 2283 2727 2337; x_wconf 90' lang='lat' dir='ltr'><strong>imo</strong></span> <span class='ocrx_word' id='word_1_538' title='bbox 2748 2282 2873 2353; x_wconf 89' lang='lat' dir='ltr'><strong>quia</strong></span> <span class='ocrx_word' id='word_1_539' title='bbox 2893 2282 2968 2337; x_wconf 89' lang='lat' dir='ltr'><strong>ita</strong></span> <span class='ocrx_word' id='word_1_540' title='bbox 2996 2290 3082 2338; x_wconf 88' lang='lat' dir='ltr'><strong>est</strong></span> <span class='ocrx_word' id='word_1_541' title='bbox 3103 2281 3155 2347; x_wconf 69' lang='grc' dir='ltr'><strong>δ,</strong></span> <span class='ocrx_word' id='word_1_542' title='bbox 3182 2300 3200 2333; x_wconf 75' lang='grc' dir='ltr'><strong>ι</strong></span> <span class='ocrx_word' id='word_1_543' title='bbox 3235 2282 3504 2352; x_wconf 86' lang='lat' dir='ltr'><strong>quomodo</strong></span> 
     </span>
    </p>
   </div>
   <div class='ocr_carea' id='block_1_70' title="bbox 1926 2369 3504 2438">
    <p class='ocr_par' dir='ltr' id='par_1_70' title="bbox 1926 2369 3504 2438">
     <span class='ocr_line' id='line_1_70' title="bbox 1926 2369 3504 2438; baseline -0.001 -12"><span class='ocrx_word' id='word_1_544' title='bbox 1926 2371 2188 2429; x_wconf 77' lang='lat' dir='ltr'><strong>invocabo</strong></span> <span class='ocrx_word' id='word_1_545' title='bbox 2218 2372 2385 2428; x_wconf 89' lang='lat' dir='ltr'><strong>Deum</strong></span> <span class='ocrx_word' id='word_1_546' title='bbox 2413 2388 2623 2438; x_wconf 87' lang='lat' dir='ltr'><strong>meum,</strong></span> <span class='ocrx_word' id='word_1_547' title='bbox 2650 2373 2819 2428; x_wconf 83' lang='lat' dir='ltr'><strong>Deum</strong></span> <span class='ocrx_word' id='word_1_548' title='bbox 2861 2379 2916 2425; x_wconf 90' lang='lat' dir='ltr'><strong>et</strong></span> <span class='ocrx_word' id='word_1_549' title='bbox 2956 2369 3241 2425; x_wconf 88' lang='lat' dir='ltr'><strong>Dominum</strong></span> <span class='ocrx_word' id='word_1_550' title='bbox 3289 2371 3504 2426; x_wconf 87' lang='lat' dir='ltr'><strong>meum?</strong></span> 
     </span>
    </p>
   </div>
   <div class='ocr_carea' id='block_1_71' title="bbox 1925 2464 3509 2536">
    <p class='ocr_par' dir='ltr' id='par_1_71' title="bbox 1925 2464 3509 2536">
     <span class='ocr_line' id='line_1_71' title="bbox 1925 2464 3509 2536; baseline 0 -15"><span class='ocrx_word' id='word_1_551' title='bbox 1925 2467 2193 2536; x_wconf 24' lang='lat' dir='ltr'><strong>quoniam.</strong></span> <span class='ocrx_word' id='word_1_552' title='bbox 2232 2468 2418 2536; x_wconf 89' lang='lat' dir='ltr'><strong>utique</strong></span> <span class='ocrx_word' id='word_1_553' title='bbox 2467 2468 2520 2521; x_wconf 90' lang='lat' dir='ltr'><strong>in</strong></span> <span class='ocrx_word' id='word_1_554' title='bbox 2571 2480 2659 2521; x_wconf 87' lang='lat' dir='ltr'><strong>me</strong></span> <span class='ocrx_word' id='word_1_555' title='bbox 2704 2466 2879 2535; x_wconf 89' lang='lat' dir='ltr'><strong>ipsum</strong></span> <span class='ocrx_word' id='word_1_556' title='bbox 2913 2464 3177 2520; x_wconf 79' lang='lat' dir='ltr'><strong>invocabo</strong></span> <span class='ocrx_word' id='word_1_557' title='bbox 3208 2478 3351 2531; x_wconf 82' lang='lat' dir='ltr'><strong>eum,</strong></span> <span class='ocrx_word' id='word_1_558' title='bbox 3381 2477 3509 2521; x_wconf 85' lang='lat' dir='ltr'><strong>cum</strong></span> 
     </span>
    </p>
   </div>
   <div class='ocr_carea' id='block_1_72' title="bbox 1927 2558 3507 2627">
    <p class='ocr_par' dir='ltr' id='par_1_72' title="bbox 1927 2558 3507 2627">
     <span class='ocr_line' id='line_1_72' title="bbox 1927 2558 3507 2627; baseline 0.001 -15"><span class='ocrx_word' id='word_1_559' title='bbox 1927 2558 2130 2613; x_wconf 85' lang='lat' dir='ltr'><strong>vocabo</strong></span> <span class='ocrx_word' id='word_1_560' title='bbox 2143 2574 2286 2612; x_wconf 89' lang='lat' dir='ltr'><strong>eum.</strong></span> <span class='ocrx_word' id='word_1_561' title='bbox 2312 2559 2378 2612; x_wconf 85' lang='lat' dir='ltr'><strong>Et</strong></span> <span class='ocrx_word' id='word_1_562' title='bbox 2391 2559 2678 2627; x_wconf 90' lang='lat' dir='ltr'><strong>quislocus</strong></span> <span class='ocrx_word' id='word_1_563' title='bbox 2696 2558 2848 2613; x_wconf 89' lang='lat' dir='ltr'><strong>estin</strong></span> <span class='ocrx_word' id='word_1_564' title='bbox 2870 2573 2979 2623; x_wconf 91' lang='lat' dir='ltr'><strong>me,</strong></span> <span class='ocrx_word' id='word_1_565' title='bbox 2995 2574 3102 2627; x_wconf 86' lang='lat' dir='ltr'><strong>quo</strong></span> <span class='ocrx_word' id='word_1_566' title='bbox 3130 2558 3312 2614; x_wconf 86' lang='lat' dir='ltr'><strong>veniat</strong></span> <span class='ocrx_word' id='word_1_567' title='bbox 3340 2559 3396 2613; x_wconf 91' lang='lat' dir='ltr'><strong>in</strong></span> <span class='ocrx_word' id='word_1_568' title='bbox 3417 2574 3507 2614; x_wconf 87' lang='lat' dir='ltr'><strong>me</strong></span> 
     </span>
    </p>
   </div>
   <div class='ocr_carea' id='block_1_73' title="bbox 1924 2648 3503 2720">
    <p class='ocr_par' dir='ltr' id='par_1_73' title="bbox 1924 2648 3503 2720">
     <span class='ocr_line' id='line_1_73' title="bbox 1924 2648 3503 2720; baseline -0.002 -16"><span class='ocrx_word' id='word_1_569' title='bbox 1924 2649 2066 2705; x_wconf 88' lang='lat' dir='ltr'><strong>Deus</strong></span> <span class='ocrx_word' id='word_1_570' title='bbox 2088 2666 2257 2715; x_wconf 87' lang='lat' dir='ltr'><strong>meus,</strong></span> <span class='ocrx_word' id='word_1_571' title='bbox 2281 2666 2389 2720; x_wconf 89' lang='lat' dir='ltr'><strong>quo</strong></span> <span class='ocrx_word' id='word_1_572' title='bbox 2417 2651 2599 2705; x_wconf 88' lang='lat' dir='ltr'><strong>veniat</strong></span> <span class='ocrx_word' id='word_1_573' title='bbox 2620 2650 2782 2715; x_wconf 90' lang='lat' dir='ltr'><strong>Deus,</strong></span> <span class='ocrx_word' id='word_1_574' title='bbox 2812 2649 2900 2718; x_wconf 89' lang='lat' dir='ltr'><strong>qui</strong></span> <span class='ocrx_word' id='word_1_575' title='bbox 2936 2649 3064 2704; x_wconf 86' lang='lat' dir='ltr'><strong>fecit</strong></span> <span class='ocrx_word' id='word_1_576' title='bbox 3088 2648 3282 2703; x_wconf 67' lang='lat' dir='ltr'><strong>caelum</strong></span> <span class='ocrx_word' id='word_1_577' title='bbox 3313 2658 3367 2703; x_wconf 91' lang='lat' dir='ltr'><strong>et</strong></span> <span class='ocrx_word' id='word_1_578' title='bbox 3391 2656 3503 2703; x_wconf 87' lang='lat' dir='ltr'><strong>ter-</strong></span> 
     </span>
    </p>
   </div>
   <div class='ocr_carea' id='block_1_74' title="bbox 1925 2740 3509 2809">
    <p class='ocr_par' dir='ltr' id='par_1_74' title="bbox 1925 2740 3509 2809">
     <span class='ocr_line' id='line_1_74' title="bbox 1925 2740 3509 2809; baseline -0.001 -12"><span class='ocrx_word' id='word_1_579' title='bbox 1925 2744 2078 2797; x_wconf 79' lang='lat' dir='ltr'><strong>rain?</strong></span> <span class='ocrx_word' id='word_1_580' title='bbox 2102 2743 2272 2808; x_wconf 79' lang='lat' dir='ltr'><strong>itane,</strong></span> <span class='ocrx_word' id='word_1_581' title='bbox 2290 2743 2513 2799; x_wconf 89' lang='lat' dir='ltr'><strong>Domine</strong></span> <span class='ocrx_word' id='word_1_582' title='bbox 2538 2743 2680 2798; x_wconf 90' lang='lat' dir='ltr'><strong>Deus</strong></span> <span class='ocrx_word' id='word_1_583' title='bbox 2706 2756 2878 2807; x_wconf 88' lang='lat' dir='ltr'><strong>meus,</strong></span> <span class='ocrx_word' id='word_1_584' title='bbox 2898 2750 2983 2797; x_wconf 89' lang='lat' dir='ltr'><strong>est</strong></span> <span class='ocrx_word' id='word_1_585' title='bbox 2997 2740 3367 2809; x_wconf 83' lang='lat' dir='ltr'><strong>ouidquamin</strong></span> <span class='ocrx_word' id='word_1_586' title='bbox 3391 2756 3509 2807; x_wconf 75' lang='lat' dir='ltr'><strong>me,</strong></span> 
     </span>
    </p>
   </div>
   <div class='ocr_carea' id='block_1_75' title="bbox 1925 2831 3501 2907">
    <p class='ocr_par' dir='ltr' id='par_1_75' title="bbox 1925 2831 3501 2907">
     <span class='ocr_line' id='line_1_75' title="bbox 1925 2831 3501 2907; baseline -0.003 -16"><span class='ocrx_word' id='word_1_587' title='bbox 1925 2838 2069 2906; x_wconf 86' lang='lat' dir='ltr'><strong>quod</strong></span> <span class='ocrx_word' id='word_1_588' title='bbox 2095 2837 2274 2907; x_wconf 90' lang='lat' dir='ltr'><strong>capiat</strong></span> <span class='ocrx_word' id='word_1_589' title='bbox 2308 2837 2393 2892; x_wconf 89' lang='lat' dir='ltr'><strong>te?</strong></span> <span class='ocrx_word' id='word_1_590' title='bbox 2423 2836 2505 2889; x_wconf 82' lang='lat' dir='ltr'><strong>An</strong></span> <span class='ocrx_word' id='word_1_591' title='bbox 2532 2852 2661 2891; x_wconf 91' lang='lat' dir='ltr'><strong>vero</strong></span> <span class='ocrx_word' id='word_1_592' title='bbox 2682 2835 2885 2891; x_wconf 84' lang='lat' dir='ltr'><strong>coelum</strong></span> <span class='ocrx_word' id='word_1_593' title='bbox 2902 2844 2959 2889; x_wconf 84' lang='lat' dir='ltr'><strong>et</strong></span> <span class='ocrx_word' id='word_1_594' title='bbox 2991 2842 3136 2891; x_wconf 85' lang='lat' dir='ltr'><strong>terra</strong></span> <span class='ocrx_word' id='word_1_595' title='bbox 3162 2848 3285 2904; x_wconf 76' lang='lat' dir='ltr'><strong>qum</strong></span> <span class='ocrx_word' id='word_1_596' title='bbox 3305 2831 3501 2897; x_wconf 88' lang='lat' dir='ltr'><strong>fecisti,</strong></span> 
     </span>
    </p>
   </div>
   <div class='ocr_carea' id='block_1_76' title="bbox 1924 2923 3507 2997">
    <p class='ocr_par' dir='ltr' id='par_1_76' title="bbox 1924 2923 3507 2997">
     <span class='ocr_line' id='line_1_76' title="bbox 1924 2923 3507 2997; baseline -0.002 -17"><span class='ocrx_word' id='word_1_597' title='bbox 1924 2936 1980 2981; x_wconf 84' lang='lat' dir='ltr'><strong>et</strong></span> <span class='ocrx_word' id='word_1_598' title='bbox 2004 2928 2279 2997; x_wconf 82' lang='lat' dir='ltr'><strong>inquibus</strong></span> <span class='ocrx_word' id='word_1_599' title='bbox 2315 2942 2401 2982; x_wconf 90' lang='lat' dir='ltr'><strong>me</strong></span> <span class='ocrx_word' id='word_1_600' title='bbox 2430 2926 2627 2991; x_wconf 87' lang='lat' dir='ltr'><strong>fecisti,</strong></span> <span class='ocrx_word' id='word_1_601' title='bbox 2652 2926 2868 2996; x_wconf 90' lang='lat' dir='ltr'><strong>capiunt</strong></span> <span class='ocrx_word' id='word_1_602' title='bbox 2901 2925 2987 2979; x_wconf 88' lang='lat' dir='ltr'><strong>te?</strong></span> <span class='ocrx_word' id='word_1_603' title='bbox 3021 2923 3104 2978; x_wconf 87' lang='lat' dir='ltr'><strong>Au</strong></span> <span class='ocrx_word' id='word_1_604' title='bbox 3147 2924 3272 2993; x_wconf 78' lang='lat' dir='ltr'><strong>quia</strong></span> <span class='ocrx_word' id='word_1_605' title='bbox 3301 2924 3417 2978; x_wconf 87' lang='lat' dir='ltr'><strong>sine</strong></span> <span class='ocrx_word' id='word_1_606' title='bbox 3448 2931 3507 2978; x_wconf 88' lang='lat' dir='ltr'><strong>te</strong></span> 
     </span>
    </p>
   </div>
   <div class='ocr_carea' id='block_1_77' title="bbox 1927 3015 3503 3089">
    <p class='ocr_par' dir='ltr' id='par_1_77' title="bbox 1927 3015 3503 3089">
     <span class='ocr_line' id='line_1_77' title="bbox 1927 3015 3503 3089; baseline -0.003 -15"><span class='ocrx_word' id='word_1_607' title='bbox 1927 3036 2033 3075; x_wconf 91' lang='lat' dir='ltr'><strong>non</strong></span> <span class='ocrx_word' id='word_1_608' title='bbox 2057 3028 2203 3075; x_wconf 89' lang='lat' dir='ltr'><strong>esset</strong></span> <span class='ocrx_word' id='word_1_609' title='bbox 2228 3018 2486 3089; x_wconf 88' lang='lat' dir='ltr'><strong>quidquid</strong></span> <span class='ocrx_word' id='word_1_610' title='bbox 2512 3026 2614 3084; x_wconf 89' lang='lat' dir='ltr'><strong>est,</strong></span> <span class='ocrx_word' id='word_1_611' title='bbox 2640 3017 2701 3073; x_wconf 82' lang='lat' dir='ltr'><strong>ﬁt</strong></span> <span class='ocrx_word' id='word_1_612' title='bbox 2732 3026 2793 3072; x_wconf 92' lang='lat' dir='ltr'><strong>ut</strong></span> <span class='ocrx_word' id='word_1_613' title='bbox 2818 3016 3077 3087; x_wconf 78' lang='lat' dir='ltr'><strong>quidquid</strong></span> <span class='ocrx_word' id='word_1_614' title='bbox 3101 3024 3193 3072; x_wconf 70' lang='lat' dir='ltr'><strong>est</strong></span> <span class='ocrx_word' id='word_1_615' title='bbox 3212 3016 3389 3085; x_wconf 89' lang='lat' dir='ltr'><strong>capiat</strong></span> <span class='ocrx_word' id='word_1_616' title='bbox 3416 3015 3503 3070; x_wconf 89' lang='lat' dir='ltr'><strong>te?</strong></span> 
     </span>
    </p>
   </div>
   <div class='ocr_carea' id='block_1_78' title="bbox 1930 3108 3498 3180">
    <p class='ocr_par' dir='ltr' id='par_1_78' title="bbox 1930 3108 3498 3180">
     <span class='ocr_line' id='line_1_78' title="bbox 1930 3108 3498 3180; baseline -0.003 -15"><span class='ocrx_word' id='word_1_617' title='bbox 1930 3111 2040 3165; x_wconf 87' lang='lat' dir='ltr'><strong>Cur</strong></span> <span class='ocrx_word' id='word_1_618' title='bbox 2062 3110 2243 3179; x_wconf 88' lang='lat' dir='ltr'><strong>itaque</strong></span> <span class='ocrx_word' id='word_1_619' title='bbox 2276 3124 2375 3180; x_wconf 85' lang='lat' dir='ltr'><strong>ego</strong></span> <span class='ocrx_word' id='word_1_620' title='bbox 2395 3119 2539 3179; x_wconf 90' lang='lat' dir='ltr'><strong>peto,</strong></span> <span class='ocrx_word' id='word_1_621' title='bbox 2562 3116 2622 3163; x_wconf 91' lang='lat' dir='ltr'><strong>ut</strong></span> <span class='ocrx_word' id='word_1_622' title='bbox 2648 3108 2834 3163; x_wconf 88' lang='lat' dir='ltr'><strong>venias</strong></span> <span class='ocrx_word' id='word_1_623' title='bbox 2857 3108 2911 3167; x_wconf 85' lang='lat' dir='ltr'><strong>in</strong></span> <span class='ocrx_word' id='word_1_624' title='bbox 2932 3124 3038 3173; x_wconf 87' lang='lat' dir='ltr'><strong>me,</strong></span> <span class='ocrx_word' id='word_1_625' title='bbox 3057 3108 3147 3179; x_wconf 89' lang='lat' dir='ltr'><strong>qui</strong></span> <span class='ocrx_word' id='word_1_626' title='bbox 3170 3122 3279 3162; x_wconf 92' lang='lat' dir='ltr'><strong>non</strong></span> <span class='ocrx_word' id='word_1_627' title='bbox 3300 3121 3498 3171; x_wconf 89' lang='lat' dir='ltr'><strong>essem,</strong></span> 
     </span>
    </p>
   </div>
   <div class='ocr_carea' id='block_1_79' title="bbox 1929 3195 3501 3269">
    <p class='ocr_par' dir='ltr' id='par_1_79' title="bbox 1929 3195 3501 3269">
     <span class='ocr_line' id='line_1_79' title="bbox 1929 3195 3501 3269; baseline -0.005 -12"><span class='ocrx_word' id='word_1_628' title='bbox 1929 3203 2032 3257; x_wconf 84' lang='lat' dir='ltr'><strong>nisi</strong></span> <span class='ocrx_word' id='word_1_629' title='bbox 2057 3218 2207 3258; x_wconf 89' lang='lat' dir='ltr'><strong>esses</strong></span> <span class='ocrx_word' id='word_1_630' title='bbox 2231 3203 2287 3256; x_wconf 94' lang='lat' dir='ltr'><strong>in</strong></span> <span class='ocrx_word' id='word_1_631' title='bbox 2318 3202 2437 3256; x_wconf 90' lang='lat' dir='ltr'><strong>me?</strong></span> <span class='ocrx_word' id='word_1_632' title='bbox 2478 3199 2599 3255; x_wconf 87' lang='lat' dir='ltr'><strong>Non</strong></span> <span class='ocrx_word' id='word_1_633' title='bbox 2629 3199 2773 3254; x_wconf 91' lang='lat' dir='ltr'><strong>enim</strong></span> <span class='ocrx_word' id='word_1_634' title='bbox 2804 3213 2902 3269; x_wconf 85' lang='lat' dir='ltr'><strong>ego</strong></span> <span class='ocrx_word' id='word_1_635' title='bbox 2926 3198 3038 3269; x_wconf 87' lang='lat' dir='ltr'><strong>jam</strong></span> <span class='ocrx_word' id='word_1_636' title='bbox 3060 3213 3178 3253; x_wconf 90' lang='lat' dir='ltr'><strong>sum</strong></span> <span class='ocrx_word' id='word_1_637' title='bbox 3205 3197 3259 3252; x_wconf 91' lang='lat' dir='ltr'><strong>in</strong></span> <span class='ocrx_word' id='word_1_638' title='bbox 3291 3195 3501 3262; x_wconf 86' lang='lat' dir='ltr'><strong>inferis,</strong></span> 
     </span>
    </p>
   </div>
   <div class='ocr_carea' id='block_1_80' title="bbox 1929 3288 3503 3364">
    <p class='ocr_par' dir='ltr' id='par_1_80' title="bbox 1929 3288 3503 3364">
     <span class='ocr_line' id='line_1_80' title="bbox 1929 3288 3503 3364; baseline -0.005 -13"><span class='ocrx_word' id='word_1_639' title='bbox 1929 3304 1984 3352; x_wconf 89' lang='lat' dir='ltr'><strong>et</strong></span> <span class='ocrx_word' id='word_1_640' title='bbox 2018 3305 2199 3351; x_wconf 88' lang='lat' dir='ltr'><strong>tamen</strong></span> <span class='ocrx_word' id='word_1_641' title='bbox 2234 3304 2288 3350; x_wconf 90' lang='lat' dir='ltr'><strong>tu</strong></span> <span class='ocrx_word' id='word_1_642' title='bbox 2317 3295 2390 3353; x_wconf 84' lang='lat' dir='ltr'><strong>ibi</strong></span> <span class='ocrx_word' id='word_1_643' title='bbox 2425 3309 2638 3364; x_wconf 88' lang='lat' dir='ltr'><strong>quoque</strong></span> <span class='ocrx_word' id='word_1_644' title='bbox 2661 3308 2739 3349; x_wconf 91' lang='lat' dir='ltr'><strong>es.</strong></span> <span class='ocrx_word' id='word_1_645' title='bbox 2774 3292 2909 3347; x_wconf 83' lang='lat' dir='ltr'><strong>Nam</strong></span> <span class='ocrx_word' id='word_1_646' title='bbox 2934 3292 3037 3347; x_wconf 89' lang='lat' dir='ltr'><strong>etsi</strong></span> <span class='ocrx_word' id='word_1_647' title='bbox 3078 3290 3407 3347; x_wconf 85' lang='lat' dir='ltr'><strong>descendero</strong></span> <span class='ocrx_word' id='word_1_648' title='bbox 3435 3288 3503 3343; x_wconf 91' lang='lat' dir='ltr'><strong>ad</strong></span> 
     </span>
    </p>
   </div>
   <div class='ocr_carea' id='block_1_81' title="bbox 1928 3382 3502 3455">
    <p class='ocr_par' dir='ltr' id='par_1_81' title="bbox 1928 3382 3502 3455">
     <span class='ocr_line' id='line_1_81' title="bbox 1928 3382 3502 3455; baseline -0.006 -11"><span class='ocrx_word' id='word_1_649' title='bbox 1928 3388 2216 3454; x_wconf 87' lang='lat' dir='ltr'><strong>infernum,</strong></span> <span class='ocrx_word' id='word_1_650' title='bbox 2244 3387 2389 3442; x_wconf 89' lang='lat' dir='ltr'><strong>ades.</strong></span> <span class='ocrx_word' id='word_1_651' title='bbox 2433 3386 2550 3441; x_wconf 87' lang='lat' dir='ltr'><strong>Non</strong></span> <span class='ocrx_word' id='word_1_652' title='bbox 2596 3400 2724 3455; x_wconf 88' lang='lat' dir='ltr'><strong>ergo</strong></span> <span class='ocrx_word' id='word_1_653' title='bbox 2768 3398 2964 3448; x_wconf 88' lang='lat' dir='ltr'><strong>essem,</strong></span> <span class='ocrx_word' id='word_1_654' title='bbox 3011 3382 3154 3437; x_wconf 89' lang='lat' dir='ltr'><strong>Deus</strong></span> <span class='ocrx_word' id='word_1_655' title='bbox 3184 3395 3365 3445; x_wconf 90' lang='lat' dir='ltr'><strong>meus,</strong></span> <span class='ocrx_word' id='word_1_656' title='bbox 3392 3394 3502 3435; x_wconf 89' lang='lat' dir='ltr'><strong>non</strong></span> 
     </span>
    </p>
   </div>
   <div class='ocr_carea' id='block_1_82' title="bbox 1929 3472 3523 3542">
    <p class='ocr_par' dir='ltr' id='par_1_82' title="bbox 1929 3472 3523 3542">
     <span class='ocr_line' id='line_1_82' title="bbox 1929 3472 3523 3542; baseline -0.008 -7"><span class='ocrx_word' id='word_1_657' title='bbox 1929 3481 2147 3536; x_wconf 86' lang='lat' dir='ltr'><strong>omnino</strong></span> <span class='ocrx_word' id='word_1_658' title='bbox 2171 3493 2366 3542; x_wconf 87' lang='lat' dir='ltr'><strong>essem,</strong></span> <span class='ocrx_word' id='word_1_659' title='bbox 2383 3478 2488 3531; x_wconf 90' lang='lat' dir='ltr'><strong>nisi</strong></span> <span class='ocrx_word' id='word_1_660' title='bbox 2504 3490 2654 3531; x_wconf 88' lang='lat' dir='ltr'><strong>esses</strong></span> <span class='ocrx_word' id='word_1_661' title='bbox 2669 3476 2725 3529; x_wconf 87' lang='lat' dir='ltr'><strong>in</strong></span> <span class='ocrx_word' id='word_1_662' title='bbox 2747 3488 2853 3528; x_wconf 89' lang='lat' dir='ltr'><strong>me.</strong></span> <span class='ocrx_word' id='word_1_663' title='bbox 2877 3474 2959 3528; x_wconf 85' lang='lat' dir='ltr'><strong>An</strong></span> <span class='ocrx_word' id='word_1_664' title='bbox 2978 3472 3154 3541; x_wconf 89' lang='lat' dir='ltr'><strong>potius</strong></span> <span class='ocrx_word' id='word_1_665' title='bbox 3178 3485 3285 3524; x_wconf 91' lang='lat' dir='ltr'><strong>non</strong></span> <span class='ocrx_word' id='word_1_666' title='bbox 3299 3484 3523 3539; x_wconf 35' lang='lat' dir='ltr'><strong>essem,-</strong></span> 
     </span>
    </p>
   </div>
   <div class='ocr_carea' id='block_1_83' title="bbox 1928 3560 3503 3637">
    <p class='ocr_par' dir='ltr' id='par_1_83' title="bbox 1928 3560 3503 3637">
     <span class='ocr_line' id='line_1_83' title="bbox 1928 3560 3503 3637; baseline -0.01 -9"><span class='ocrx_word' id='word_1_667' title='bbox 1928 3574 2033 3628; x_wconf 86' lang='lat' dir='ltr'><strong>nisi</strong></span> <span class='ocrx_word' id='word_1_668' title='bbox 2061 3586 2237 3626; x_wconf 89' lang='lat' dir='ltr'><strong>essem</strong></span> <span class='ocrx_word' id='word_1_669' title='bbox 2262 3572 2315 3623; x_wconf 93' lang='lat' dir='ltr'><strong>in</strong></span> <span class='ocrx_word' id='word_1_670' title='bbox 2344 3578 2417 3634; x_wconf 88' lang='lat' dir='ltr'><strong>te,</strong></span> <span class='ocrx_word' id='word_1_671' title='bbox 2453 3583 2521 3622; x_wconf 78' lang='lat' dir='ltr'><strong>ex</strong></span> <span class='ocrx_word' id='word_1_672' title='bbox 2555 3583 2661 3637; x_wconf 90' lang='lat' dir='ltr'><strong>quo</strong></span> <span class='ocrx_word' id='word_1_673' title='bbox 2684 3567 2884 3631; x_wconf 91' lang='lat' dir='ltr'><strong>omnia,</strong></span> <span class='ocrx_word' id='word_1_674' title='bbox 2910 3579 3006 3635; x_wconf 89' lang='lat' dir='ltr'><strong>per</strong></span> <span class='ocrx_word' id='word_1_675' title='bbox 3029 3577 3187 3633; x_wconf 89' lang='lat' dir='ltr'><strong>quem</strong></span> <span class='ocrx_word' id='word_1_676' title='bbox 3217 3561 3419 3626; x_wconf 91' lang='lat' dir='ltr'><strong>omnia,</strong></span> <span class='ocrx_word' id='word_1_677' title='bbox 3446 3560 3503 3613; x_wconf 91' lang='lat' dir='ltr'><strong>in</strong></span> 
     </span>
    </p>
   </div>
   <div class='ocr_carea' id='block_1_84' title="bbox 1928 3650 3501 3734">
    <p class='ocr_par' dir='ltr' id='par_1_84' title="bbox 1928 3650 3501 3734">
     <span class='ocr_line' id='line_1_84' title="bbox 1928 3650 3501 3734; baseline -0.01 -17"><span class='ocrx_word' id='word_1_678' title='bbox 1928 3678 2034 3734; x_wconf 90' lang='lat' dir='ltr'><strong>quo</strong></span> <span class='ocrx_word' id='word_1_679' title='bbox 2067 3661 2283 3716; x_wconf 87' lang='lat' dir='ltr'><strong>omnia?</strong></span> <span class='ocrx_word' id='word_1_680' title='bbox 2318 3659 2499 3713; x_wconf 86' lang='lat' dir='ltr'><strong>Etiam</strong></span> <span class='ocrx_word' id='word_1_681' title='bbox 2535 3659 2632 3722; x_wconf 90' lang='lat' dir='ltr'><strong>sic,</strong></span> <span class='ocrx_word' id='word_1_682' title='bbox 2658 3656 2904 3719; x_wconf 87' lang='lat' dir='ltr'><strong>Domine,</strong></span> <span class='ocrx_word' id='word_1_683' title='bbox 2930 3655 3093 3709; x_wconf 90' lang='lat' dir='ltr'><strong>etiam</strong></span> <span class='ocrx_word' id='word_1_684' title='bbox 3119 3653 3214 3707; x_wconf 90' lang='lat' dir='ltr'><strong>sic.</strong></span> <span class='ocrx_word' id='word_1_685' title='bbox 3239 3650 3353 3717; x_wconf 86' lang='lat' dir='ltr'><strong>Quo</strong></span> <span class='ocrx_word' id='word_1_686' title='bbox 3374 3663 3501 3718; x_wconf 83' lang='lat' dir='ltr'><strong>ergo</strong></span> 
     </span>
    </p>
   </div>
   <div class='ocr_carea' id='block_1_85' title="bbox 1926 3741 3504 3810">
    <p class='ocr_par' dir='ltr' id='par_1_85' title="bbox 1926 3741 3504 3810">
     <span class='ocr_line' id='line_1_85' title="bbox 1926 3741 3504 3810; baseline -0.01 -1"><span class='ocrx_word' id='word_1_687' title='bbox 1926 3765 1980 3810; x_wconf 91' lang='lat' dir='ltr'><strong>te</strong></span> <span class='ocrx_word' id='word_1_688' title='bbox 2010 3754 2205 3808; x_wconf 91' lang='lat' dir='ltr'><strong>invoco</strong></span> <span class='ocrx_word' id='word_1_689' title='bbox 2235 3766 2359 3806; x_wconf 91' lang='lat' dir='ltr'><strong>cum</strong></span> <span class='ocrx_word' id='word_1_690' title='bbox 2383 3751 2439 3803; x_wconf 92' lang='lat' dir='ltr'><strong>in</strong></span> <span class='ocrx_word' id='word_1_691' title='bbox 2470 3758 2521 3803; x_wconf 91' lang='lat' dir='ltr'><strong>te</strong></span> <span class='ocrx_word' id='word_1_692' title='bbox 2551 3748 2693 3803; x_wconf 87' lang='lat' dir='ltr'><strong>sim?</strong></span> <span class='ocrx_word' id='word_1_693' title='bbox 2734 3754 2826 3800; x_wconf 88' lang='lat' dir='ltr'><strong>aut</strong></span> <span class='ocrx_word' id='word_1_694' title='bbox 2847 3746 2987 3800; x_wconf 91' lang='lat' dir='ltr'><strong>unde</strong></span> <span class='ocrx_word' id='word_1_695' title='bbox 3010 3744 3195 3799; x_wconf 89' lang='lat' dir='ltr'><strong>venies</strong></span> <span class='ocrx_word' id='word_1_696' title='bbox 3225 3751 3280 3796; x_wconf 91' lang='lat' dir='ltr'><strong>tu</strong></span> <span class='ocrx_word' id='word_1_697' title='bbox 3307 3742 3360 3796; x_wconf 92' lang='lat' dir='ltr'><strong>in</strong></span> <span class='ocrx_word' id='word_1_698' title='bbox 3384 3741 3504 3797; x_wconf 91' lang='lat' dir='ltr'><strong>me?</strong></span> 
     </span>
    </p>
   </div>
   <div class='ocr_carea' id='block_1_86' title="bbox 1925 3835 3500 3917">
    <p class='ocr_par' dir='ltr' id='par_1_86' title="bbox 1925 3835 3500 3917">
     <span class='ocr_line' id='line_1_86' title="bbox 1925 3835 3500 3917; baseline -0.01 -16"><span class='ocrx_word' id='word_1_699' title='bbox 1925 3862 2033 3917; x_wconf 90' lang='lat' dir='ltr'><strong>quo</strong></span> <span class='ocrx_word' id='word_1_700' title='bbox 2056 3845 2200 3900; x_wconf 88' lang='lat' dir='ltr'><strong>enim</strong></span> <span class='ocrx_word' id='word_1_701' title='bbox 2230 3842 2510 3898; x_wconf 85' lang='lat' dir='ltr'><strong>recedam?</strong></span> <span class='ocrx_word' id='word_1_702' title='bbox 2539 3855 2647 3909; x_wconf 89' lang='lat' dir='ltr'><strong>quo</strong></span> <span class='ocrx_word' id='word_1_703' title='bbox 2676 3839 2797 3894; x_wconf 88' lang='lat' dir='ltr'><strong>ibo?</strong></span> <span class='ocrx_word' id='word_1_704' title='bbox 2821 3846 2975 3892; x_wconf 85' lang='lat' dir='ltr'><strong>extra</strong></span> <span class='ocrx_word' id='word_1_705' title='bbox 3004 3835 3199 3890; x_wconf 65' lang='lat' dir='ltr'><strong>caelum</strong></span> <span class='ocrx_word' id='word_1_706' title='bbox 3221 3842 3275 3888; x_wconf 90' lang='lat' dir='ltr'><strong>et</strong></span> <span class='ocrx_word' id='word_1_707' title='bbox 3299 3841 3500 3888; x_wconf 88' lang='lat' dir='ltr'><strong>terram</strong></span> 
     </span>
    </p>
   </div>
   <div class='ocr_carea' id='block_1_87' title="bbox 1925 3923 3498 4000">
    <p class='ocr_par' dir='ltr' id='par_1_87' title="bbox 1925 3923 3498 4000">
     <span class='ocr_line' id='line_1_87' title="bbox 1925 3923 3498 4000; baseline -0.01 -10"><span class='ocrx_word' id='word_1_708' title='bbox 1925 3936 2177 4000; x_wconf 85' lang='lat' dir='ltr'><strong>fortasse,</strong></span> <span class='ocrx_word' id='word_1_709' title='bbox 2212 3940 2271 3987; x_wconf 91' lang='lat' dir='ltr'><strong>ut</strong></span> <span class='ocrx_word' id='word_1_710' title='bbox 2294 3932 2420 3987; x_wconf 90' lang='lat' dir='ltr'><strong>inde</strong></span> <span class='ocrx_word' id='word_1_711' title='bbox 2442 3931 2622 3986; x_wconf 90' lang='lat' dir='ltr'><strong>veniat</strong></span> <span class='ocrx_word' id='word_1_712' title='bbox 2649 3930 2703 3983; x_wconf 91' lang='lat' dir='ltr'><strong>in</strong></span> <span class='ocrx_word' id='word_1_713' title='bbox 2726 3942 2815 3983; x_wconf 90' lang='lat' dir='ltr'><strong>me</strong></span> <span class='ocrx_word' id='word_1_714' title='bbox 2836 3928 2978 3983; x_wconf 88' lang='lat' dir='ltr'><strong>Deus</strong></span> <span class='ocrx_word' id='word_1_715' title='bbox 3000 3939 3174 3991; x_wconf 87' lang='lat' dir='ltr'><strong>meus,</strong></span> <span class='ocrx_word' id='word_1_716' title='bbox 3199 3923 3290 3992; x_wconf 91' lang='lat' dir='ltr'><strong>qui</strong></span> <span class='ocrx_word' id='word_1_717' title='bbox 3321 3923 3457 3977; x_wconf 78' lang='lat' dir='ltr'><strong>dixit</strong></span> <span class='ocrx_word' id='word_1_718' title='bbox 3482 3935 3498 3975; x_wconf 90' lang='lat'><strong>:</strong></span> 
     </span>
    </p>
   </div>
   <div class='ocr_carea' id='block_1_88' title="bbox 1927 4015 3498 4094">
    <p class='ocr_par' dir='ltr' id='par_1_88' title="bbox 1927 4015 3498 4094">
     <span class='ocr_line' id='line_1_88' title="bbox 1927 4015 3498 4094; baseline -0.007 -14"><span class='ocrx_word' id='word_1_719' title='bbox 1927 4025 2124 4081; x_wconf 64' lang='lat' dir='ltr'><strong>Cretum</strong></span> <span class='ocrx_word' id='word_1_720' title='bbox 2169 4033 2217 4079; x_wconf 87' lang='lat' dir='ltr'><strong>et</strong></span> <span class='ocrx_word' id='word_1_721' title='bbox 2260 4034 2453 4079; x_wconf 86' lang='lat' dir='ltr'><strong>terram</strong></span> <span class='ocrx_word' id='word_1_722' title='bbox 2485 4039 2576 4094; x_wconf 83' lang='lat' dir='ltr'><strong>ego</strong></span> <span class='ocrx_word' id='word_1_723' title='bbox 2617 4019 2803 4091; x_wconf 87' lang='lat' dir='ltr'><strong>impleo</strong></span> <span class='ocrx_word' id='word_1_724' title='bbox 2835 4018 2979 4091; x_wconf 79' lang='lat' dir='ltr'><strong>(Jer.</strong></span> <span class='ocrx_word' id='word_1_725' title='bbox 3004 4032 3173 4083; x_wconf 79' lang='lat' dir='ltr'><strong>mn,</strong></span> <span class='ocrx_word' id='word_1_726' title='bbox 3204 4015 3345 4087; x_wconf 55' lang='lat'><strong>94)?</strong></span> <span class='ocrx_word' id='word_1_727' title='bbox 3394 4015 3498 4070; x_wconf 85' lang='lat' dir='ltr'><strong>Ca-</strong></span> 
     </span>
    </p>
   </div>
   <div class='ocr_carea' id='block_1_89' title="bbox 1924 4110 3500 4193">
    <p class='ocr_par' dir='ltr' id='par_1_89' title="bbox 1924 4110 3500 4193">
     <span class='ocr_line' id='line_1_89' title="bbox 1924 4110 3500 4193; baseline -0.005 -19"><span class='ocrx_word' id='word_1_728' title='bbox 1924 4121 2079 4193; x_wconf 89' lang='lat' dir='ltr'><strong>piunt</strong></span> <span class='ocrx_word' id='word_1_729' title='bbox 2114 4134 2317 4190; x_wconf 88' lang='lat' dir='ltr'><strong>ergone</strong></span> <span class='ocrx_word' id='word_1_730' title='bbox 2352 4128 2405 4174; x_wconf 90' lang='lat' dir='ltr'><strong>te</strong></span> <span class='ocrx_word' id='word_1_731' title='bbox 2439 4118 2636 4173; x_wconf 87' lang='lat' dir='ltr'><strong>coelum</strong></span> <span class='ocrx_word' id='word_1_732' title='bbox 2671 4126 2727 4172; x_wconf 92' lang='lat' dir='ltr'><strong>et</strong></span> <span class='ocrx_word' id='word_1_733' title='bbox 2757 4125 2921 4181; x_wconf 87' lang='lat' dir='ltr'><strong>terra,</strong></span> <span class='ocrx_word' id='word_1_734' title='bbox 2944 4113 3282 4184; x_wconf 85' lang='lat' dir='ltr'><strong>quoniam-tu</strong></span> <span class='ocrx_word' id='word_1_735' title='bbox 3308 4110 3500 4184; x_wconf 68' lang='lat' dir='ltr'><strong>imples</strong></span> 
     </span>
    </p>
   </div>
   <div class='ocr_carea' id='block_1_90' title="bbox 1924 4203 3497 4282">
    <p class='ocr_par' dir='ltr' id='par_1_90' title="bbox 1924 4203 3497 4282">
     <span class='ocr_line' id='line_1_90' title="bbox 1924 4203 3497 4282; baseline -0.006 -14"><span class='ocrx_word' id='word_1_736' title='bbox 1924 4215 2023 4268; x_wconf 87' lang='lat' dir='ltr'><strong>ea?</strong></span> <span class='ocrx_word' id='word_1_737' title='bbox 2070 4228 2139 4267; x_wconf 89' lang='lat' dir='ltr'><strong>an</strong></span> <span class='ocrx_word' id='word_1_738' title='bbox 2174 4212 2365 4282; x_wconf 90' lang='lat' dir='ltr'><strong>imples</strong></span> <span class='ocrx_word' id='word_1_739' title='bbox 2400 4221 2454 4267; x_wconf 88' lang='lat' dir='ltr'><strong>et</strong></span> <span class='ocrx_word' id='word_1_740' title='bbox 2486 4218 2676 4276; x_wconf 90' lang='lat' dir='ltr'><strong>restat,</strong></span> <span class='ocrx_word' id='word_1_741' title='bbox 2703 4208 2958 4279; x_wconf 90' lang='lat' dir='ltr'><strong>quoniam</strong></span> <span class='ocrx_word' id='word_1_742' title='bbox 2992 4221 3115 4261; x_wconf 89' lang='lat' dir='ltr'><strong>non-</strong></span> <span class='ocrx_word' id='word_1_743' title='bbox 3148 4214 3202 4260; x_wconf 90' lang='lat' dir='ltr'><strong>te</strong></span> <span class='ocrx_word' id='word_1_744' title='bbox 3245 4203 3497 4274; x_wconf 74' lang='lat' dir='ltr'><strong>capiunt!</strong></span> 
     </span>
    </p>
   </div>
   <div class='ocr_carea' id='block_1_91' title="bbox 1924 4297 3500 4375">
    <p class='ocr_par' dir='ltr' id='par_1_91' title="bbox 1924 4297 3500 4375">
     <span class='ocr_line' id='line_1_91' title="bbox 1924 4297 3500 4375; baseline -0.007 -15"><span class='ocrx_word' id='word_1_745' title='bbox 1924 4305 1994 4360; x_wconf 91' lang='lat' dir='ltr'><strong>Et</strong></span> <span class='ocrx_word' id='word_1_746' title='bbox 2021 4319 2129 4375; x_wconf 88' lang='lat' dir='ltr'><strong>quo</strong></span> <span class='ocrx_word' id='word_1_747' title='bbox 2167 4303 2409 4359; x_wconf 88' lang='lat' dir='ltr'><strong>refundis</strong></span> <span class='ocrx_word' id='word_1_748' title='bbox 2441 4302 2700 4373; x_wconf 91' lang='lat' dir='ltr'><strong>quidquid</strong></span> <span class='ocrx_word' id='word_1_749' title='bbox 2726 4299 2945 4369; x_wconf 90' lang='lat' dir='ltr'><strong>impleto</strong></span> <span class='ocrx_word' id='word_1_750' title='bbox 2978 4297 3116 4353; x_wconf 73' lang='lat'><strong>00310</strong></span> <span class='ocrx_word' id='word_1_751' title='bbox 3152 4304 3209 4352; x_wconf 78' lang='lat' dir='ltr'><strong>et</strong></span> <span class='ocrx_word' id='word_1_752' title='bbox 3238 4303 3386 4353; x_wconf 71' lang='lat' dir='ltr'><strong>terra</strong></span> <span class='ocrx_word' id='word_1_753' title='bbox 3419 4309 3500 4349; x_wconf 85' lang='lat' dir='ltr'><strong>re-</strong></span> 
     </span>
    </p>
   </div>
   <div class='ocr_carea' id='block_1_92' title="bbox 241 4391 3499 4484">
    <p class='ocr_par' dir='ltr' id='par_1_92' title="bbox 241 4391 3499 4484">
     <span class='ocr_line' id='line_1_92' title="bbox 241 4391 3499 4484; baseline -0.001 -37"><span class='ocrx_word' id='word_1_754' title='bbox 241 4392 323 4448; x_wconf 86' lang='lat' dir='ltr'><strong>ria</strong></span> <span class='ocrx_word' id='word_1_755' title='bbox 353 4393 503 4461; x_wconf 83' lang='lat' dir='ltr'><strong>regni</strong></span> <span class='ocrx_word' id='word_1_756' title='bbox 533 4393 627 4447; x_wconf 90' lang='lat' dir='ltr'><strong>tui.</strong></span> <span class='ocrx_word' id='word_1_757' title='bbox 652 4391 851 4448; x_wconf 81' lang='lat' dir='ltr'><strong>Verum</strong></span> <span class='ocrx_word' id='word_1_758' title='bbox 874 4394 999 4463; x_wconf 89' lang='lat' dir='ltr'><strong>quia</strong></span> <span class='ocrx_word' id='word_1_759' title='bbox 1043 4410 1152 4449; x_wconf 88' lang='lat' dir='ltr'><strong>non</strong></span> <span class='ocrx_word' id='word_1_760' title='bbox 1192 4403 1278 4449; x_wconf 91' lang='lat' dir='ltr'><strong>est</strong></span> <span class='ocrx_word' id='word_1_761' title='bbox 1321 4395 1547 4465; x_wconf 84' lang='lat' dir='ltr'><strong>pulchra</strong></span> <span class='ocrx_word' id='word_1_762' title='bbox 1594 4396 1713 4452; x_wconf 90' lang='lat' dir='ltr'><strong>laus</strong></span> <span class='ocrx_word' id='word_1_763' title='bbox 1761 4398 1816 4452; x_wconf 91' lang='lat' dir='ltr'><strong>in</strong></span> <span class='ocrx_word' id='word_1_764' title='bbox 1846 4406 2034 4484; x_wconf 7' lang='lat' dir='ltr'><strong>Distat</strong></span> <span class='ocrx_word' id='word_1_765' title='bbox 2055 4413 2122 4451; x_wconf 82' lang='lat' dir='ltr'><strong>ex</strong></span> <span class='ocrx_word' id='word_1_766' title='bbox 2156 4396 2240 4451; x_wconf 85' lang='lat' dir='ltr'><strong>te?</strong></span> <span class='ocrx_word' id='word_1_767' title='bbox 2283 4395 2479 4453; x_wconf 83' lang='lat' dir='ltr'><strong>Annon</strong></span> <span class='ocrx_word' id='word_1_768' title='bbox 2508 4410 2644 4463; x_wconf 90' lang='lat' dir='ltr'><strong>opus</strong></span> <span class='ocrx_word' id='word_1_769' title='bbox 2685 4393 2872 4457; x_wconf 79' lang='lat' dir='ltr'><strong>babes,</strong></span> <span class='ocrx_word' id='word_1_770' title='bbox 2898 4397 2958 4445; x_wconf 89' lang='lat' dir='ltr'><strong>ut</strong></span> <span class='ocrx_word' id='word_1_771' title='bbox 2984 4404 3016 4443; x_wconf 88' lang='lat' dir='ltr'><strong>a</strong></span> <span class='ocrx_word' id='word_1_772' title='bbox 3047 4402 3329 4460; x_wconf 82' lang='lat' dir='ltr'><strong>quoquam</strong></span> <span class='ocrx_word' id='word_1_773' title='bbox 3367 4400 3499 4451; x_wconf 86' lang='lat' dir='ltr'><strong>con-</strong></span> 
     </span>
    </p>
   </div>
   <div class='ocr_carea' id='block_1_93' title="bbox 239 4483 1817 4555">
    <p class='ocr_par' dir='ltr' id='par_1_93' title="bbox 239 4483 1817 4555">
     <span class='ocr_line' id='line_1_93' title="bbox 239 4483 1817 4555; baseline 0.003 -17"><span class='ocrx_word' id='word_1_774' title='bbox 239 4498 337 4538; x_wconf 90' lang='lat' dir='ltr'><strong>ore</strong></span> <span class='ocrx_word' id='word_1_775' title='bbox 374 4483 687 4553; x_wconf 85' lang='lat' dir='ltr'><strong>peccatoris,</strong></span> <span class='ocrx_word' id='word_1_776' title='bbox 711 4492 767 4538; x_wconf 90' lang='lat' dir='ltr'><strong>et</strong></span> <span class='ocrx_word' id='word_1_777' title='bbox 791 4483 924 4540; x_wconf 84' lang='lat' dir='ltr'><strong>ﬁdes</strong></span> <span class='ocrx_word' id='word_1_778' title='bbox 958 4485 1075 4540; x_wconf 88' lang='lat' dir='ltr'><strong>sine</strong></span> <span class='ocrx_word' id='word_1_779' title='bbox 1099 4485 1376 4554; x_wconf 82' lang='lat' dir='ltr'><strong>condignis</strong></span> <span class='ocrx_word' id='word_1_780' title='bbox 1401 4486 1665 4555; x_wconf 66' lang='lat' dir='ltr'><strong>joperibus</strong></span> <span class='ocrx_word' id='word_1_781' title='bbox 1707 4504 1817 4543; x_wconf 91' lang='lat' dir='ltr'><strong>non</strong></span> 
     </span>
    </p>
   </div>
   <div class='ocr_carea' id='block_1_94' title="bbox 238 4573 1817 4648">
    <p class='ocr_par' dir='ltr' id='par_1_94' title="bbox 238 4573 1817 4648">
     <span class='ocr_line' id='line_1_94' title="bbox 238 4573 1817 4648; baseline 0.004 -20"><span class='ocrx_word' id='word_1_782' title='bbox 238 4573 515 4639; x_wconf 87' lang='lat' dir='ltr'><strong>laudatur,</strong></span> <span class='ocrx_word' id='word_1_783' title='bbox 544 4589 675 4645; x_wconf 91' lang='lat' dir='ltr'><strong>rogo</strong></span> <span class='ocrx_word' id='word_1_784' title='bbox 700 4574 914 4629; x_wconf 86' lang='lat' dir='ltr'><strong>Patrem</strong></span> <span class='ocrx_word' id='word_1_785' title='bbox 938 4590 1035 4644; x_wconf 89' lang='lat' dir='ltr'><strong>per</strong></span> <span class='ocrx_word' id='word_1_786' title='bbox 1058 4575 1255 4631; x_wconf 88' lang='lat' dir='ltr'><strong>Filium</strong></span> <span class='ocrx_word' id='word_1_787' title='bbox 1276 4617 1289 4642; x_wconf 93' lang='lat'><strong>,</strong></span> <span class='ocrx_word' id='word_1_788' title='bbox 1320 4592 1452 4646; x_wconf 84' lang='lat' dir='ltr'><strong>rogo</strong></span> <span class='ocrx_word' id='word_1_789' title='bbox 1479 4576 1677 4633; x_wconf 90' lang='lat' dir='ltr'><strong>Filium</strong></span> <span class='ocrx_word' id='word_1_790' title='bbox 1720 4594 1817 4648; x_wconf 91' lang='lat' dir='ltr'><strong>per</strong></span> 
     </span>
    </p>
   </div>
   <div class='ocr_carea' id='block_1_95' title="bbox 238 4664 1820 4737">
    <p class='ocr_par' dir='ltr' id='par_1_95' title="bbox 238 4664 1820 4737">
     <span class='ocr_line' id='line_1_95' title="bbox 238 4664 1820 4737; baseline 0.004 -18"><span class='ocrx_word' id='word_1_791' title='bbox 238 4664 480 4733; x_wconf 71' lang='lat' dir='ltr'><strong>Patrem,</strong></span> <span class='ocrx_word' id='word_1_792' title='bbox 511 4680 642 4737; x_wconf 88' lang='lat' dir='ltr'><strong>rogo</strong></span> <span class='ocrx_word' id='word_1_793' title='bbox 676 4665 935 4737; x_wconf 89' lang='lat' dir='ltr'><strong>Spiritum</strong></span> <span class='ocrx_word' id='word_1_794' title='bbox 965 4675 1211 4723; x_wconf 89' lang='lat' dir='ltr'><strong>sanctum</strong></span> <span class='ocrx_word' id='word_1_795' title='bbox 1246 4684 1343 4737; x_wconf 90' lang='lat' dir='ltr'><strong>per</strong></span> <span class='ocrx_word' id='word_1_796' title='bbox 1368 4669 1585 4726; x_wconf 87' lang='lat' dir='ltr'><strong>Patrem</strong></span> <span class='ocrx_word' id='word_1_797' title='bbox 1630 4678 1685 4725; x_wconf 91' lang='lat' dir='ltr'><strong>et</strong></span> <span class='ocrx_word' id='word_1_798' title='bbox 1729 4671 1820 4726; x_wconf 82' lang='lat' dir='ltr'><strong>Fi-</strong></span> 
     </span>
    </p>
   </div>
   <div class='ocr_carea' id='block_1_96' title="bbox 238 4754 1817 4829">
    <p class='ocr_par' dir='ltr' id='par_1_96' title="bbox 238 4754 1817 4829">
     <span class='ocr_line' id='line_1_96' title="bbox 238 4754 1817 4829; baseline 0.004 -18"><span class='ocrx_word' id='word_1_799' title='bbox 238 4754 373 4811; x_wconf 84' lang='lat' dir='ltr'><strong>lium</strong></span> <span class='ocrx_word' id='word_1_800' title='bbox 398 4767 449 4821; x_wconf 64' lang='lat' dir='ltr'><strong>ﬂ,</strong></span> <span class='ocrx_word' id='word_1_801' title='bbox 471 4762 530 4810; x_wconf 92' lang='lat' dir='ltr'><strong>ut</strong></span> <span class='ocrx_word' id='word_1_802' title='bbox 558 4764 612 4811; x_wconf 88' lang='lat' dir='ltr'><strong>et</strong></span> <span class='ocrx_word' id='word_1_803' title='bbox 630 4756 809 4811; x_wconf 89' lang='lat' dir='ltr'><strong>omnia</strong></span> <span class='ocrx_word' id='word_1_804' title='bbox 838 4756 967 4811; x_wconf 89' lang='lat' dir='ltr'><strong>vitia</strong></span> <span class='ocrx_word' id='word_1_805' title='bbox 993 4758 1311 4829; x_wconf 75' lang='lat' dir='ltr'><strong>elongentur</strong></span> <span class='ocrx_word' id='word_1_806' title='bbox 1343 4774 1374 4812; x_wconf 91' lang='lat' dir='ltr'><strong>a</strong></span> <span class='ocrx_word' id='word_1_807' title='bbox 1418 4775 1524 4825; x_wconf 90' lang='lat' dir='ltr'><strong>me,</strong></span> <span class='ocrx_word' id='word_1_808' title='bbox 1548 4768 1603 4815; x_wconf 90' lang='lat' dir='ltr'><strong>et</strong></span> <span class='ocrx_word' id='word_1_809' title='bbox 1629 4776 1817 4817; x_wconf 89' lang='lat' dir='ltr'><strong>omnes</strong></span> 
     </span>
    </p>
   </div>
   <div class='ocr_carea' id='block_1_97' title="bbox 237 4847 1818 4921">
    <p class='ocr_par' dir='ltr' id='par_1_97' title="bbox 237 4847 1818 4921">
     <span class='ocr_line' id='line_1_97' title="bbox 237 4847 1818 4921; baseline 0.005 -18"><span class='ocrx_word' id='word_1_810' title='bbox 237 4853 443 4903; x_wconf 61' lang='lat' dir='ltr'><strong>sanctae</strong></span> <span class='ocrx_word' id='word_1_811' title='bbox 486 4847 714 4903; x_wconf 73' lang='lat' dir='ltr'><strong>virtutes</strong></span> <span class='ocrx_word' id='word_1_812' title='bbox 755 4848 1069 4919; x_wconf 86' lang='lat' dir='ltr'><strong>plantentur</strong></span> <span class='ocrx_word' id='word_1_813' title='bbox 1112 4850 1165 4906; x_wconf 90' lang='lat' dir='ltr'><strong>in</strong></span> <span class='ocrx_word' id='word_1_814' title='bbox 1215 4854 1333 4916; x_wconf 81' lang='lat' dir='ltr'><strong>me,</strong></span> <span class='ocrx_word' id='word_1_815' title='bbox 1364 4861 1631 4921; x_wconf 89' lang='lat' dir='ltr'><strong>quatenus</strong></span> <span class='ocrx_word' id='word_1_816' title='bbox 1664 4870 1818 4911; x_wconf 87' lang='lat' dir='ltr'><strong>acce-</strong></span> 
     </span>
    </p>
   </div>
   <div class='ocr_carea' id='block_1_98' title="bbox 235 4936 1818 5013">
    <p class='ocr_par' dir='ltr' id='par_1_98' title="bbox 235 4936 1818 5013">
     <span class='ocr_line' id='line_1_98' title="bbox 235 4936 1818 5013; baseline 0.008 -22"><span class='ocrx_word' id='word_1_817' title='bbox 235 4936 441 5007; x_wconf 79' lang='lat' dir='ltr'><strong>ptabile</strong></span> <span class='ocrx_word' id='word_1_818' title='bbox 486 4936 584 4992; x_wconf 87' lang='lat' dir='ltr'><strong>tibi</strong></span> <span class='ocrx_word' id='word_1_819' title='bbox 628 4938 722 4993; x_wconf 81' lang='lat' dir='ltr'><strong>fiat</strong></span> <span class='ocrx_word' id='word_1_820' title='bbox 760 4940 1085 4997; x_wconf 85' lang='lat' dir='ltr'><strong>sacriﬁcium</strong></span> <span class='ocrx_word' id='word_1_821' title='bbox 1128 4942 1303 4997; x_wconf 85' lang='lat' dir='ltr'><strong>laudis</strong></span> <span class='ocrx_word' id='word_1_822' title='bbox 1335 4943 1459 4999; x_wconf 80' lang='lat' dir='ltr'><strong>ﬁdei</strong></span> <span class='ocrx_word' id='word_1_823' title='bbox 1486 4961 1640 5013; x_wconf 77' lang='lat' dir='ltr'><strong>mese,</strong></span> <span class='ocrx_word' id='word_1_824' title='bbox 1674 4948 1818 5004; x_wconf 88' lang='lat' dir='ltr'><strong>Deus</strong></span> 
     </span>
    </p>
   </div>
   <div class='ocr_carea' id='block_1_99' title="bbox 235 5029 1530 5091">
    <p class='ocr_par' dir='ltr' id='par_1_99' title="bbox 235 5029 1530 5091">
     <span class='ocr_line' id='line_1_99' title="bbox 235 5029 1530 5091; baseline 0.005 -10"><span class='ocrx_word' id='word_1_825' title='bbox 235 5042 416 5091; x_wconf 89' lang='lat' dir='ltr'><strong>meus,</strong></span> <span class='ocrx_word' id='word_1_826' title='bbox 444 5034 500 5082; x_wconf 90' lang='lat' dir='ltr'><strong>et</strong></span> <span class='ocrx_word' id='word_1_827' title='bbox 520 5029 776 5084; x_wconf 87' lang='lat' dir='ltr'><strong>ascendat</strong></span> <span class='ocrx_word' id='word_1_828' title='bbox 793 5030 860 5085; x_wconf 89' lang='lat' dir='ltr'><strong>ad</strong></span> <span class='ocrx_word' id='word_1_829' title='bbox 885 5038 938 5085; x_wconf 82' lang='lat' dir='ltr'><strong>te</strong></span> <span class='ocrx_word' id='word_1_830' title='bbox 965 5031 1018 5085; x_wconf 92' lang='lat' dir='ltr'><strong>in</strong></span> <span class='ocrx_word' id='word_1_831' title='bbox 1037 5032 1204 5087; x_wconf 90' lang='lat' dir='ltr'><strong>odore</strong></span> <span class='ocrx_word' id='word_1_832' title='bbox 1225 5035 1530 5090; x_wconf 88' lang='lat' dir='ltr'><strong>suavitatis.</strong></span> 
     </span>
    </p>
   </div>
   <div class='ocr_carea' id='block_1_100' title="bbox 306 5113 1815 5194">
    <p class='ocr_par' dir='ltr' id='par_1_100' title="bbox 306 5113 1815 5194">
     <span class='ocr_line' id='line_1_100' title="bbox 306 5113 1815 5194; baseline 0.007 -25"><span class='ocrx_word' id='word_1_833' title='bbox 306 5114 397 5169; x_wconf 77' lang='lat' dir='ltr'><strong>HI.</strong></span> <span class='ocrx_word' id='word_1_834' title='bbox 425 5113 680 5182; x_wconf 89' lang='lat' dir='ltr'><strong>Obsecro,</strong></span> <span class='ocrx_word' id='word_1_835' title='bbox 709 5124 764 5172; x_wconf 90' lang='lat' dir='ltr'><strong>et</strong></span> <span class='ocrx_word' id='word_1_836' title='bbox 787 5119 1212 5174; x_wconf 88' lang='lat' dir='ltr'><strong>misericordiam</strong></span> <span class='ocrx_word' id='word_1_837' title='bbox 1251 5129 1394 5176; x_wconf 89' lang='lat' dir='ltr'><strong>tuam</strong></span> <span class='ocrx_word' id='word_1_838' title='bbox 1440 5124 1663 5194; x_wconf 80' lang='lat' dir='ltr'><strong>supplex</strong></span> <span class='ocrx_word' id='word_1_839' title='bbox 1710 5125 1815 5179; x_wconf 86' lang='lat' dir='ltr'><strong>im-</strong></span> 
     </span>
    </p>
   </div>
   <div class='ocr_carea' id='block_1_101' title="bbox 232 5203 1815 5281">
    <p class='ocr_par' dir='ltr' id='par_1_101' title="bbox 232 5203 1815 5281">
     <span class='ocr_line' id='line_1_101' title="bbox 232 5203 1815 5281; baseline 0.004 -20"><span class='ocrx_word' id='word_1_840' title='bbox 232 5203 413 5275; x_wconf 80' lang='lat' dir='ltr'><strong>ploro,</strong></span> <span class='ocrx_word' id='word_1_841' title='bbox 436 5212 752 5261; x_wconf 90' lang='lat' dir='ltr'><strong>cunctarum</strong></span> <span class='ocrx_word' id='word_1_842' title='bbox 779 5206 899 5262; x_wconf 89' lang='lat' dir='ltr'><strong>fons</strong></span> <span class='ocrx_word' id='word_1_843' title='bbox 927 5215 982 5263; x_wconf 90' lang='lat' dir='ltr'><strong>et</strong></span> <span class='ocrx_word' id='word_1_844' title='bbox 1020 5209 1195 5280; x_wconf 88' lang='lat' dir='ltr'><strong>origo,</strong></span> <span class='ocrx_word' id='word_1_845' title='bbox 1226 5209 1451 5281; x_wconf 84' lang='lat' dir='ltr'><strong>largitor</strong></span> <span class='ocrx_word' id='word_1_846' title='bbox 1500 5220 1554 5266; x_wconf 91' lang='lat' dir='ltr'><strong>et</strong></span> <span class='ocrx_word' id='word_1_847' title='bbox 1594 5227 1815 5268; x_wconf 88' lang='lat' dir='ltr'><strong>conser-</strong></span> 
     </span>
    </p>
   </div>
   <div class='ocr_carea' id='block_1_102' title="bbox 230 5296 1813 5373">
    <p class='ocr_par' dir='ltr' id='par_1_102' title="bbox 230 5296 1813 5373">
     <span class='ocr_line' id='line_1_102' title="bbox 230 5296 1813 5373; baseline 0.006 -24"><span class='ocrx_word' id='word_1_848' title='bbox 230 5306 398 5351; x_wconf 86' lang='lat' dir='ltr'><strong>vator</strong></span> <span class='ocrx_word' id='word_1_849' title='bbox 424 5296 686 5352; x_wconf 89' lang='lat' dir='ltr'><strong>virtutum</strong></span> <span class='ocrx_word' id='word_1_850' title='bbox 712 5298 885 5365; x_wconf 89' lang='lat' dir='ltr'><strong>Deus,</strong></span> <span class='ocrx_word' id='word_1_851' title='bbox 923 5300 1129 5370; x_wconf 89' lang='lat' dir='ltr'><strong>adauge</strong></span> <span class='ocrx_word' id='word_1_852' title='bbox 1173 5301 1306 5355; x_wconf 90' lang='lat' dir='ltr'><strong>mibi</strong></span> <span class='ocrx_word' id='word_1_853' title='bbox 1357 5317 1568 5373; x_wconf 89' lang='lat' dir='ltr'><strong>semper</strong></span> <span class='ocrx_word' id='word_1_854' title='bbox 1619 5304 1813 5372; x_wconf 84' lang='lat' dir='ltr'><strong>ﬁdem;</strong></span> 
     </span>
    </p>
   </div>
   <div class='ocr_carea' id='block_1_103' title="bbox 232 5385 1817 5465">
    <p class='ocr_par' dir='ltr' id='par_1_103' title="bbox 232 5385 1817 5465">
     <span class='ocr_line' id='line_1_103' title="bbox 232 5385 1817 5465; baseline 0.005 -24"><span class='ocrx_word' id='word_1_855' title='bbox 232 5385 401 5442; x_wconf 82' lang='lat' dir='ltr'><strong>fidem</strong></span> <span class='ocrx_word' id='word_1_856' title='bbox 452 5396 731 5465; x_wconf 88' lang='lat' dir='ltr'><strong>sanctam,</strong></span> <span class='ocrx_word' id='word_1_857' title='bbox 780 5398 1014 5456; x_wconf 89' lang='lat' dir='ltr'><strong>rectam,</strong></span> <span class='ocrx_word' id='word_1_858' title='bbox 1067 5399 1121 5445; x_wconf 91' lang='lat' dir='ltr'><strong>et</strong></span> <span class='ocrx_word' id='word_1_859' title='bbox 1171 5392 1599 5459; x_wconf 87' lang='lat' dir='ltr'><strong>immaculatam;</strong></span> <span class='ocrx_word' id='word_1_860' title='bbox 1660 5394 1817 5449; x_wconf 80' lang='lat' dir='ltr'><strong>fidem</strong></span> 
     </span>
    </p>
   </div>
   <div class='ocr_carea' id='block_1_104' title="bbox 233 5476 1814 5554">
    <p class='ocr_par' dir='ltr' id='par_1_104' title="bbox 233 5476 1814 5554">
     <span class='ocr_line' id='line_1_104' title="bbox 233 5476 1814 5554; baseline 0.006 -23"><span class='ocrx_word' id='word_1_861' title='bbox 233 5476 534 5542; x_wconf 88' lang='lat' dir='ltr'><strong>eruditam,</strong></span> <span class='ocrx_word' id='word_1_862' title='bbox 553 5480 874 5535; x_wconf 82' lang='lat' dir='ltr'><strong>catholicam</strong></span> <span class='ocrx_word' id='word_1_863' title='bbox 904 5489 959 5537; x_wconf 88' lang='lat' dir='ltr'><strong>et</strong></span> <span class='ocrx_word' id='word_1_864' title='bbox 990 5482 1493 5554; x_wconf 81' lang='lat' dir='ltr'><strong>prudentissimam;</strong></span> <span class='ocrx_word' id='word_1_865' title='bbox 1524 5485 1682 5540; x_wconf 84' lang='lat' dir='ltr'><strong>ﬁdem</strong></span> <span class='ocrx_word' id='word_1_866' title='bbox 1707 5486 1814 5542; x_wconf 87' lang='lat' dir='ltr'><strong>fer-</strong></span> 
     </span>
    </p>
   </div>
   <div class='ocr_carea' id='block_1_105' title="bbox 306 5608 1813 5693">
    <p class='ocr_par' dir='ltr' id='par_1_105' title="bbox 306 5608 1813 5693">
     <span class='ocr_line' id='line_1_105' title="bbox 306 5608 1813 5693; baseline 0.011 -33"><span class='ocrx_word' id='word_1_867' title='bbox 306 5622 348 5693; x_wconf 41' lang='lat' dir='ltr'><strong>s.</strong></span> <span class='ocrx_word' id='word_1_868' title='bbox 368 5608 493 5690; x_wconf 61' lang='lat' dir='ltr'><strong>Haec</strong></span> <span class='ocrx_word' id='word_1_869' title='bbox 524 5613 736 5683; x_wconf 83' lang='lat' dir='ltr'><strong>sapiunt</strong></span> <span class='ocrx_word' id='word_1_870' title='bbox 760 5615 959 5685; x_wconf 88' lang='lat' dir='ltr'><strong>stylum</strong></span> <span class='ocrx_word' id='word_1_871' title='bbox 983 5622 1141 5673; x_wconf 71' lang='lat' dir='ltr'><strong>aetate</strong></span> <span class='ocrx_word' id='word_1_872' title='bbox 1168 5616 1813 5693; x_wconf 53' lang='lat' dir='ltr'><strong>scholasticazﬁlieologiaz</strong></span> 
     </span>
    </p>
   </div>
   <div class='ocr_carea' id='block_1_106' title="bbox 231 5690 602 5751">
    <p class='ocr_par' dir='ltr' id='par_1_106' title="bbox 231 5690 602 5751">
     <span class='ocr_line' id='line_1_106' title="bbox 231 5690 602 5751; baseline 0.011 -17"><span class='ocrx_word' id='word_1_873' title='bbox 231 5690 602 5751; x_wconf 81' lang='lat' dir='ltr'><strong>antiquiorem</strong></span> 
     </span>
    </p>
   </div>
   <div class='ocr_carea' id='block_1_107' title="bbox 1922 4478 3497 4556">
    <p class='ocr_par' dir='ltr' id='par_1_107' title="bbox 1922 4478 3497 4556">
     <span class='ocr_line' id='line_1_107' title="bbox 1922 4478 3497 4556; baseline -0.006 -14"><span class='ocrx_word' id='word_1_874' title='bbox 1922 4488 2168 4552; x_wconf 89' lang='lat' dir='ltr'><strong>tinearis,</strong></span> <span class='ocrx_word' id='word_1_875' title='bbox 2214 4487 2307 4556; x_wconf 88' lang='lat' dir='ltr'><strong>qui</strong></span> <span class='ocrx_word' id='word_1_876' title='bbox 2357 4486 2605 4542; x_wconf 86' lang='lat' dir='ltr'><strong>contines</strong></span> <span class='ocrx_word' id='word_1_877' title='bbox 2652 4485 2876 4540; x_wconf 89' lang='lat' dir='ltr'><strong>omnia:</strong></span> <span class='ocrx_word' id='word_1_878' title='bbox 2914 4481 3180 4548; x_wconf 75' lang='lat' dir='ltr'><strong>Quoniam</strong></span> <span class='ocrx_word' id='word_1_879' title='bbox 3228 4493 3348 4551; x_wconf 64' lang='lat' dir='ltr'><strong>quas</strong></span> <span class='ocrx_word' id='word_1_880' title='bbox 3391 4478 3497 4534; x_wconf 88' lang='lat' dir='ltr'><strong>im-</strong></span> 
     </span>
    </p>
   </div>
   <div class='ocr_carea' id='block_1_108' title="bbox 1918 4573 3499 4649">
    <p class='ocr_par' dir='ltr' id='par_1_108' title="bbox 1918 4573 3499 4649">
     <span class='ocr_line' id='line_1_108' title="bbox 1918 4573 3499 4649; baseline -0.003 -18"><span class='ocrx_word' id='word_1_881' title='bbox 1918 4579 2053 4649; x_wconf 90' lang='lat' dir='ltr'><strong>ples,</strong></span> <span class='ocrx_word' id='word_1_882' title='bbox 2088 4577 2413 4633; x_wconf 87' lang='lat' dir='ltr'><strong>continendo</strong></span> <span class='ocrx_word' id='word_1_883' title='bbox 2462 4576 2685 4648; x_wconf 87' lang='lat' dir='ltr'><strong>imples?</strong></span> <span class='ocrx_word' id='word_1_884' title='bbox 2722 4575 2842 4631; x_wconf 88' lang='lat' dir='ltr'><strong>Non</strong></span> <span class='ocrx_word' id='word_1_885' title='bbox 2892 4573 3047 4630; x_wconf 81' lang='lat' dir='ltr'><strong>enim</strong></span> <span class='ocrx_word' id='word_1_886' title='bbox 3080 4584 3244 4637; x_wconf 85' lang='lat' dir='ltr'><strong>vasa,</strong></span> <span class='ocrx_word' id='word_1_887' title='bbox 3280 4585 3401 4640; x_wconf 64' lang='lat' dir='ltr'><strong>qua</strong></span> <span class='ocrx_word' id='word_1_888' title='bbox 3443 4577 3499 4626; x_wconf 79' lang='lat' dir='ltr'><strong>te</strong></span> 
     </span>
    </p>
   </div>
   <div class='ocr_carea' id='block_1_109' title="bbox 1918 4662 3491 4741">
    <p class='ocr_par' dir='ltr' id='par_1_109' title="bbox 1918 4662 3491 4741">
     <span class='ocr_line' id='line_1_109' title="bbox 1918 4662 3491 4741; baseline -0.005 -19"><span class='ocrx_word' id='word_1_889' title='bbox 1918 4670 2074 4741; x_wconf 89' lang='lat' dir='ltr'><strong>plena</strong></span> <span class='ocrx_word' id='word_1_890' title='bbox 2095 4679 2239 4735; x_wconf 91' lang='lat' dir='ltr'><strong>sunt,</strong></span> <span class='ocrx_word' id='word_1_891' title='bbox 2263 4668 2508 4725; x_wconf 88' lang='lat' dir='ltr'><strong>stabilem</strong></span> <span class='ocrx_word' id='word_1_892' title='bbox 2534 4675 2587 4724; x_wconf 91' lang='lat' dir='ltr'><strong>te</strong></span> <span class='ocrx_word' id='word_1_893' title='bbox 2607 4667 2837 4731; x_wconf 89' lang='lat' dir='ltr'><strong>faciunt;</strong></span> <span class='ocrx_word' id='word_1_894' title='bbox 2874 4664 3002 4735; x_wconf 88' lang='lat' dir='ltr'><strong>quia</strong></span> <span class='ocrx_word' id='word_1_895' title='bbox 3022 4663 3124 4719; x_wconf 87' lang='lat' dir='ltr'><strong>etsi</strong></span> <span class='ocrx_word' id='word_1_896' title='bbox 3154 4662 3491 4732; x_wconf 80' lang='lat' dir='ltr'><strong>frangantur,</strong></span> 
     </span>
    </p>
   </div>
   <div class='ocr_carea' id='block_1_110' title="bbox 1919 4754 3494 4826">
    <p class='ocr_par' dir='ltr' id='par_1_110' title="bbox 1919 4754 3494 4826">
     <span class='ocr_line' id='line_1_110' title="bbox 1919 4754 3494 4826; baseline -0.007 -11"><span class='ocrx_word' id='word_1_897' title='bbox 1919 4770 1979 4816; x_wconf 85' lang='lat' dir='ltr'><strong>tu</strong></span> <span class='ocrx_word' id='word_1_898' title='bbox 2004 4777 2111 4816; x_wconf 90' lang='lat' dir='ltr'><strong>non</strong></span> <span class='ocrx_word' id='word_1_899' title='bbox 2140 4759 2461 4826; x_wconf 78' lang='lat' dir='ltr'><strong>eﬂ‘underis;</strong></span> <span class='ocrx_word' id='word_1_900' title='bbox 2490 4767 2692 4815; x_wconf 89' lang='lat' dir='ltr'><strong>etcum</strong></span> <span class='ocrx_word' id='word_1_901' title='bbox 2722 4754 3015 4811; x_wconf 82' lang='lat' dir='ltr'><strong>eﬂ&#39;underis</strong></span> <span class='ocrx_word' id='word_1_902' title='bbox 3042 4768 3206 4824; x_wconf 84' lang='lat' dir='ltr'><strong>super</strong></span> <span class='ocrx_word' id='word_1_903' title='bbox 3236 4766 3359 4817; x_wconf 80' lang='lat' dir='ltr'><strong>nos,</strong></span> <span class='ocrx_word' id='word_1_904' title='bbox 3387 4764 3494 4805; x_wconf 88' lang='lat' dir='ltr'><strong>non</strong></span> 
     </span>
    </p>
   </div>
   <div class='ocr_carea' id='block_1_111' title="bbox 1919 4838 3496 4920">
    <p class='ocr_par' dir='ltr' id='par_1_111' title="bbox 1919 4838 3496 4920">
     <span class='ocr_line' id='line_1_111' title="bbox 1919 4838 3496 4920; baseline -0.008 -14"><span class='ocrx_word' id='word_1_905' title='bbox 1919 4859 1979 4907; x_wconf 89' lang='lat' dir='ltr'><strong>tu</strong></span> <span class='ocrx_word' id='word_1_906' title='bbox 1996 4850 2168 4920; x_wconf 88' lang='lat' dir='ltr'><strong>jaces,</strong></span> <span class='ocrx_word' id='word_1_907' title='bbox 2206 4851 2300 4905; x_wconf 87' lang='lat' dir='ltr'><strong>sed</strong></span> <span class='ocrx_word' id='word_1_908' title='bbox 2322 4850 2486 4920; x_wconf 84' lang='lat' dir='ltr'><strong>erigis</strong></span> <span class='ocrx_word' id='word_1_909' title='bbox 2516 4863 2617 4902; x_wconf 89' lang='lat' dir='ltr'><strong>nos</strong></span> <span class='ocrx_word' id='word_1_910' title='bbox 2640 4865 2652 4901; x_wconf 90' lang='lat'><strong>:</strong></span> <span class='ocrx_word' id='word_1_911' title='bbox 2678 4853 2861 4901; x_wconf 13' lang='lat' dir='ltr'><strong>necetu</strong></span> <span class='ocrx_word' id='word_1_912' title='bbox 2884 4842 3226 4914; x_wconf 84' lang='lat' dir='ltr'><strong>dispergeris,</strong></span> <span class='ocrx_word' id='word_1_913' title='bbox 3253 4841 3346 4897; x_wconf 89' lang='lat' dir='ltr'><strong>sed</strong></span> <span class='ocrx_word' id='word_1_914' title='bbox 3385 4838 3496 4895; x_wconf 61' lang='lat' dir='ltr'><strong>colv</strong></span> 
     </span>
    </p>
   </div>
   <div class='ocr_carea' id='block_1_112' title="bbox 1921 4933 3492 5012">
    <p class='ocr_par' dir='ltr' id='par_1_112' title="bbox 1921 4933 3492 5012">
     <span class='ocr_line' id='line_1_112' title="bbox 1921 4933 3492 5012; baseline -0.008 -17"><span class='ocrx_word' id='word_1_915' title='bbox 1921 4942 2044 5012; x_wconf 82' lang='lat' dir='ltr'><strong>ligis</strong></span> <span class='ocrx_word' id='word_1_916' title='bbox 2078 4956 2196 4996; x_wconf 89' lang='lat' dir='ltr'><strong>nos.</strong></span> <span class='ocrx_word' id='word_1_917' title='bbox 2239 4938 2344 4994; x_wconf 85' lang='lat' dir='ltr'><strong>Sed</strong></span> <span class='ocrx_word' id='word_1_918' title='bbox 2372 4953 2493 5009; x_wconf 62' lang='lat' dir='ltr'><strong>quae</strong></span> <span class='ocrx_word' id='word_1_919' title='bbox 2524 4936 2705 5009; x_wconf 86' lang='lat' dir='ltr'><strong>[Aug.,</strong></span> <span class='ocrx_word' id='word_1_920' title='bbox 2731 4934 2845 5007; x_wconf 91' lang='lat' dir='ltr'><strong>qui]</strong></span> <span class='ocrx_word' id='word_1_921' title='bbox 2874 4933 3063 5005; x_wconf 89' lang='lat' dir='ltr'><strong>imples</strong></span> <span class='ocrx_word' id='word_1_922' title='bbox 3090 4933 3291 4996; x_wconf 88' lang='lat' dir='ltr'><strong>omnia,</strong></span> <span class='ocrx_word' id='word_1_923' title='bbox 3311 4938 3364 4987; x_wconf 89' lang='lat' dir='ltr'><strong>te</strong></span> <span class='ocrx_word' id='word_1_924' title='bbox 3384 4937 3492 4984; x_wconf 87' lang='lat' dir='ltr'><strong>toto</strong></span> 
     </span>
    </p>
   </div>
   <div class='ocr_carea' id='block_1_113' title="bbox 1919 5030 3493 5103">
    <p class='ocr_par' dir='ltr' id='par_1_113' title="bbox 1919 5030 3493 5103">
     <span class='ocr_line' id='line_1_113' title="bbox 1919 5030 3493 5103; baseline -0.009 -14"><span class='ocrx_word' id='word_1_925' title='bbox 1919 5032 2115 5103; x_wconf 90' lang='lat' dir='ltr'><strong>imples</strong></span> <span class='ocrx_word' id='word_1_926' title='bbox 2132 5032 2331 5087; x_wconf 84' lang='lat' dir='ltr'><strong>omnia.</strong></span> <span class='ocrx_word' id='word_1_927' title='bbox 2365 5031 2448 5084; x_wconf 89' lang='lat' dir='ltr'><strong>An</strong></span> <span class='ocrx_word' id='word_1_928' title='bbox 2480 5030 2606 5099; x_wconf 89' lang='lat' dir='ltr'><strong>quia</strong></span> <span class='ocrx_word' id='word_1_929' title='bbox 2630 5044 2737 5085; x_wconf 91' lang='lat' dir='ltr'><strong>non</strong></span> <span class='ocrx_word' id='word_1_930' title='bbox 2762 5037 2987 5099; x_wconf 89' lang='lat' dir='ltr'><strong>possunt</strong></span> <span class='ocrx_word' id='word_1_931' title='bbox 3016 5038 3069 5082; x_wconf 85' lang='lat' dir='ltr'><strong>te</strong></span> <span class='ocrx_word' id='word_1_932' title='bbox 3100 5034 3272 5082; x_wconf 91' lang='lat' dir='ltr'><strong>totum</strong></span> <span class='ocrx_word' id='word_1_933' title='bbox 3303 5035 3493 5092; x_wconf 89' lang='lat' dir='ltr'><strong>capere</strong></span> 
     </span>
    </p>
   </div>
   <div class='ocr_carea' id='block_1_114' title="bbox 1921 5121 3514 5211">
    <p class='ocr_par' dir='ltr' id='par_1_114' title="bbox 1921 5121 3514 5211">
     <span class='ocr_line' id='line_1_114' title="bbox 1921 5121 3514 5211; baseline -0.011 -29"><span class='ocrx_word' id='word_1_934' title='bbox 1921 5126 2142 5189; x_wconf 90' lang='lat' dir='ltr'><strong>omnia,</strong></span> <span class='ocrx_word' id='word_1_935' title='bbox 2172 5131 2380 5193; x_wconf 85' lang='lat' dir='ltr'><strong>partem</strong></span> <span class='ocrx_word' id='word_1_936' title='bbox 2439 5121 2515 5177; x_wconf 93' lang='lat' dir='ltr'><strong>tui</strong></span> <span class='ocrx_word' id='word_1_937' title='bbox 2567 5122 2817 5192; x_wconf 86' lang='lat' dir='ltr'><strong>capiunt?</strong></span> <span class='ocrx_word' id='word_1_938' title='bbox 2872 5122 2940 5176; x_wconf 88' lang='lat' dir='ltr'><strong>Et</strong></span> <span class='ocrx_word' id='word_1_939' title='bbox 2987 5121 3234 5176; x_wconf 89' lang='lat' dir='ltr'><strong>eamdem</strong></span> <span class='ocrx_word' id='word_1_940' title='bbox 3282 5121 3490 5211; x_wconf 81' lang='lat' dir='ltr'><strong>partem</strong></span> <span class='ocrx_word' id='word_1_941' title='bbox 3506 5160 3514 5211; x_wconf 46' lang='grc' dir='ltr'><strong>ἰ</strong></span> 
     </span>
    </p>
   </div>
   <div class='ocr_carea' id='block_1_115' title="bbox 1924 5204 3512 5286">
    <p class='ocr_par' dir='ltr' id='par_1_115' title="bbox 1924 5204 3512 5286">
     <span class='ocr_line' id='line_1_115' title="bbox 1924 5204 3512 5286; baseline -0.003 -14"><span class='ocrx_word' id='word_1_942' title='bbox 1924 5217 2081 5272; x_wconf 90' lang='lat' dir='ltr'><strong>simul</strong></span> <span class='ocrx_word' id='word_1_943' title='bbox 2106 5216 2286 5272; x_wconf 88' lang='lat' dir='ltr'><strong>omnia</strong></span> <span class='ocrx_word' id='word_1_944' title='bbox 2309 5214 2558 5286; x_wconf 90' lang='lat' dir='ltr'><strong>capiunt?</strong></span> <span class='ocrx_word' id='word_1_945' title='bbox 2590 5214 2672 5269; x_wconf 83' lang='lat' dir='ltr'><strong>An</strong></span> <span class='ocrx_word' id='word_1_946' title='bbox 2717 5213 2959 5284; x_wconf 86' lang='lat' dir='ltr'><strong>singulas</strong></span> <span class='ocrx_word' id='word_1_947' title='bbox 2979 5210 3205 5283; x_wconf 87' lang='lat' dir='ltr'><strong>singula,</strong></span> <span class='ocrx_word' id='word_1_948' title='bbox 3234 5215 3287 5264; x_wconf 88' lang='lat' dir='ltr'><strong>et</strong></span> <span class='ocrx_word' id='word_1_949' title='bbox 3324 5204 3512 5273; x_wconf 44' lang='lat' dir='ltr'><strong>maio-1</strong></span> 
     </span>
    </p>
   </div>
   <div class='ocr_carea' id='block_1_116' title="bbox 1919 5300 3495 5378">
    <p class='ocr_par' dir='ltr' id='par_1_116' title="bbox 1919 5300 3495 5378">
     <span class='ocr_line' id='line_1_116' title="bbox 1919 5300 3495 5378; baseline -0.009 -16"><span class='ocrx_word' id='word_1_950' title='bbox 1919 5324 2008 5363; x_wconf 89' lang='lat' dir='ltr'><strong>res</strong></span> <span class='ocrx_word' id='word_1_951' title='bbox 2027 5307 2253 5378; x_wconf 86' lang='lat' dir='ltr'><strong>majora,</strong></span> <span class='ocrx_word' id='word_1_952' title='bbox 2286 5314 2340 5363; x_wconf 89' lang='lat' dir='ltr'><strong>et</strong></span> <span class='ocrx_word' id='word_1_953' title='bbox 2377 5306 2617 5362; x_wconf 91' lang='lat' dir='ltr'><strong>minores</strong></span> <span class='ocrx_word' id='word_1_954' title='bbox 2644 5306 2855 5362; x_wconf 83' lang='lat' dir='ltr'><strong>minora</strong></span> <span class='ocrx_word' id='word_1_955' title='bbox 2878 5303 3129 5373; x_wconf 86' lang='lat' dir='ltr'><strong>capiunt?</strong></span> <span class='ocrx_word' id='word_1_956' title='bbox 3165 5300 3381 5370; x_wconf 82' lang='lat' dir='ltr'><strong>Ergone</strong></span> <span class='ocrx_word' id='word_1_957' title='bbox 3411 5303 3495 5349; x_wconf 89' lang='lat' dir='ltr'><strong>est</strong></span> 
     </span>
    </p>
   </div>
   <div class='ocr_carea' id='block_1_117' title="bbox 1920 5390 3492 5472">
    <p class='ocr_par' dir='ltr' id='par_1_117' title="bbox 1920 5390 3492 5472">
     <span class='ocr_line' id='line_1_117' title="bbox 1920 5390 3492 5472; baseline -0.008 -17"><span class='ocrx_word' id='word_1_958' title='bbox 1920 5401 2099 5471; x_wconf 87' lang='lat' dir='ltr'><strong>aliqua</strong></span> <span class='ocrx_word' id='word_1_959' title='bbox 2127 5416 2255 5472; x_wconf 89' lang='lat' dir='ltr'><strong>pars</strong></span> <span class='ocrx_word' id='word_1_960' title='bbox 2306 5402 2382 5456; x_wconf 90' lang='lat' dir='ltr'><strong>tui</strong></span> <span class='ocrx_word' id='word_1_961' title='bbox 2431 5400 2622 5470; x_wconf 84' lang='lat' dir='ltr'><strong>major,</strong></span> <span class='ocrx_word' id='word_1_962' title='bbox 2657 5401 2835 5470; x_wconf 88' lang='lat' dir='ltr'><strong>aliqua</strong></span> <span class='ocrx_word' id='word_1_963' title='bbox 2889 5397 3101 5453; x_wconf 78' lang='lat' dir='ltr'><strong>minor&quot;</strong></span> <span class='ocrx_word' id='word_1_964' title='bbox 3156 5394 3242 5451; x_wconf 86' lang='lat' dir='ltr'><strong>An</strong></span> <span class='ocrx_word' id='word_1_965' title='bbox 3297 5390 3492 5459; x_wconf 89' lang='lat' dir='ltr'><strong>ubique</strong></span> 
     </span>
    </p>
   </div>
   <div class='ocr_carea' id='block_1_118' title="bbox 1918 5490 3005 5571">
    <p class='ocr_par' dir='ltr' id='par_1_118' title="bbox 1918 5490 3005 5571">
     <span class='ocr_line' id='line_1_118' title="bbox 1918 5490 3005 5571; baseline -0.006 -24"><span class='ocrx_word' id='word_1_966' title='bbox 1918 5502 2062 5553; x_wconf 90' lang='lat' dir='ltr'><strong>totus</strong></span> <span class='ocrx_word' id='word_1_967' title='bbox 2092 5509 2169 5560; x_wconf 87' lang='lat' dir='ltr'><strong>es,</strong></span> <span class='ocrx_word' id='word_1_968' title='bbox 2192 5503 2245 5549; x_wconf 91' lang='lat' dir='ltr'><strong>et</strong></span> <span class='ocrx_word' id='word_1_969' title='bbox 2266 5508 2355 5549; x_wconf 89' lang='lat' dir='ltr'><strong>res</strong></span> <span class='ocrx_word' id='word_1_970' title='bbox 2380 5493 2525 5548; x_wconf 86' lang='lat' dir='ltr'><strong>nulla</strong></span> <span class='ocrx_word' id='word_1_971' title='bbox 2554 5500 2800 5563; x_wconf 79' lang='lat' dir='ltr'><strong>tetotum</strong></span> <span class='ocrx_word' id='word_1_972' title='bbox 2826 5490 3005 5571; x_wconf 81' lang='lat' dir='ltr'><strong>capit?</strong></span> 
     </span>
    </p>
   </div>
   <div class='ocr_carea' id='block_1_119' title="bbox 1984 5618 3195 5700">
    <p class='ocr_par' dir='ltr' id='par_1_119' title="bbox 1984 5618 3195 5700">
     <span class='ocr_line' id='line_1_119' title="bbox 1984 5618 3195 5700; baseline -0.008 -16"><span class='ocrx_word' id='word_1_973' title='bbox 1984 5625 2138 5700; x_wconf 58' lang='lat' dir='ltr'><strong>PgEx</strong></span> <span class='ocrx_word' id='word_1_974' title='bbox 2166 5632 2301 5698; x_wconf 85' lang='lat' dir='ltr'><strong>Aug.</strong></span> <span class='ocrx_word' id='word_1_975' title='bbox 2336 5624 2743 5684; x_wconf 73' lang='lat' dir='ltr'><strong>Confessronum</strong></span> <span class='ocrx_word' id='word_1_976' title='bbox 2775 5622 2909 5677; x_wconf 89' lang='lat' dir='ltr'><strong>libro</strong></span> <span class='ocrx_word' id='word_1_977' title='bbox 2937 5637 2973 5683; x_wconf 83' lang='grc' dir='ltr'>ι,</span> <span class='ocrx_word' id='word_1_978' title='bbox 3002 5635 3120 5697; x_wconf 89' lang='lat' dir='ltr'><strong>cap.</strong></span> <span class='ocrx_word' id='word_1_979' title='bbox 3145 5618 3195 5675; x_wconf 75' lang='lat'><strong>2.</strong></span> 
     </span>
    </p>
   </div>
  </div>
