4038 6354
564 319 694 376 1051

1372 321 1434 374 Β.
1475 319 1538 373 F.
1578 316 1802 372 ALBINI
1840 313 1971 371 SEU
2008 311 2285 369 ALCUINI
2324 310 2609 369 OPERUM
2646 308 2828 365 PARS
2866 308 2999 364 Vlll.

3666 316 3689 369 1
3699 315 3811 371 οδε

635 419 700 487 ν.
731 444 759 474 ι
787 430 926 500 Quid
959 446 1087 505 ergo
1118 446 1195 497 es,
1220 430 1608 487 Domine‘Deus
1634 445 1816 494 meus,
1848 428 1976 498 quid
2005 443 2132 498 ergo
2159 430 2211 489 Α
2234 426 2437 491 omnia,
2464 425 2748 480 invisibilis
2765 424 2954 478 videns
2972 423 3176 489 omnia,
3200 424 3537 493 immortalis,
3560 426 3812 497 illocalis,

565 524 749 598 [Aug.,
779 523 918 592 Quid
948 523 1121 595 rogo],
1147 524 1248 577 nisi
1272 524 1528 578 Dominus
1572 522 1748 575 Deus?
1811 518 1942 585 Quis
1996 518 2131 571 enim

564 615 706 670 Deus
729 624 917 685 prwter
942 606 1263 667 Dominum?
1313 623 1404 667 aut
1439 614 1554 685 quis
1584 613 1722 666 Deus
1753 622 1942 683 prwter
1965 610 2131 664 Deum

565 713 796 757 nostrum
832 701 1003 773 (Psal.
1037 719 1171 770 xvn,
1193 703 1318 774 52)?
1357 724 1374 757 ι
1400 702 1568 759 Nemo
1592 703 1781 773 plane,
1808 717 1984 757 nemo.
2012 700 2132 754 Non

562 795 707 848 enim
727 803 809 849 est
842 793 982 848 Deus
1008 793 1144 848 alius
1168 802 1365 864 praeter
1383 801 1438 850 te
1461 796 1660 849 trinum
1691 802 1745 849 et
1761 809 1947 859 unum,
1967 807 2131 847 unum

560 894 616 940 et
645 885 863 952 trinum,
895 901 1069 956 neque
1095 886 1152 940 in
1193 886 1329 941 caelo
1377 901 1624 951 sursum,
1658 899 1832 955 neque
1874 884 1929 938 in
1982 892 2130 939 terra

561 979 831 1036 deorsum.
858 982 988 1049 Quis
1015 982 1089 1036 tui
1117 982 1338 1038 similis?
1368 982 1488 1051 quis
1508 979 1823 1051 magnificus
1850 978 1905 1032 in
1936 978 2131 1032 sancti-

561 1076 690 1134 tate,
724 1071 978 1126 terribilis
1008 1079 1167 1140 atque
1192 1071 1475 1127 laudabilis
1499 1072 1553 1126 in
1576 1070 1719 1126 omni
1754 1069 1969 1135 virtute,
1988 1068 2131 1123 sicut

558 1167 616 1212 tu
649 1160 790 1215 Deus
822 1173 1026 1226 noster,
1052 1162 1141 1229 qui
1175 1162 1307 1218 facis
1330 1176 1522 1233 magna
1557 1170 1611 1215 et
1651 1158 1935 1225 mirabilia,
1960 1167 2014 1213 et
2042 1158 2120 1211 in;

560 1253 889 1319 scrutabilia,
921 1268 1149 1324 quorum
1193 1270 1297 1308 non
1333 1263 1415 1309 est
1461 1252 1752 1307 numerus?
1803 1250 1878 1305 Te
1933 1258 2126 1304 cuncta

558 1344 926 1414 magnificam,
954 1352 1007 1399 te
1030 1346 1204 1400 omnis
1224 1345 1444 1415 spiritus
1463 1343 1664 1398 laudat.
1696 1343 1772 1397 Te
1814 1342 2039 1397 adorant
2073 1350 2127 1397 et

559 1434 878 1491 benedicunt
904 1445 1095 1492 cuncta
1123 1435 1210 1490 illa
1237 1435 1515 1490 beatorum
1551 1434 1834 1503 spirituum
1857 1440 1912 1486 et
1936 1448 2125 1502 super-

558 1541 751 1581 norum
782 1528 979 1583 civium
1014 1529 1244 1599 agmina.
1279 1527 1397 1581 Tibi
1445 1536 1615 1580 mater
1644 1524 1883 1579 Ecclesia
1922 1525 1976 1577 in
2012 1532 2126 1578 toto

558 1616 689 1671 orbe
720 1616 876 1673 offert
910 1633 1115 1689 preces,
1142 1626 1194 1673 et
1237 1619 1570 1673 incessanter
1618 1616 1750 1671 dicit
1798 1615 2002 1670 laudes.
2050 1615 2125 1671 Te

558 1722 658 1779 ego
687 1707 906 1763 ultimus
936 1724 1217 1764 servorum
1269 1716 1483 1762 tuorum
1539 1708 1696 1762 laudo
1739 1716 1794 1761 et
1837 1707 2119 1761 benedico.

2232 520 2571 583 interminus,
2597 516 3117 585 incircumscriptus,
3146 532 3406 586 nusquam
3440 506 3645 587 ﬁnitus,
3675 522 3816 579 incf.

2231 608 2430 675 labilis,
2458 606 2867 671 inaestimabilis,
2912 605 3220 670 indicibilis,
3264 606 3658 675 inscrutabilis,
3710 613 3814 667 im-

2230 708 2447 766 motus,
2496 708 2718 770 tangens
2760 697 2939 753 omnia
2965 736 2980 761 ,
3032 696 3439 767 investigabilis,
3488 704 3812 757 metuendus

2229 802 2389 864 atque
2419 792 2695 856 terribilis,
2720 789 3066 845 honorandus
3091 796 3253 858 atque
3273 790 3562 856 verendus,
3581 792 3609 831 δ
3633 811 3651 842 ι
3675 809 3813 859 nun-

2228 902 2390 957 quam
2419 902 2611 950 novus,
2640 897 2913 952 nunquam
2948 889 3125 945 vetus,
3152 881 3415 936 innovans
3438 884 3641 950 omnia,
3671 895 3729 940 et
3754 887 3812 941 in

2227 984 2549 1032 vetustatem
2575 974 2876 1044 perducens
2904 973 3183 1042 superbos,
3206 980 3260 1026 et
3288 974 3555 1028 nesciunt.
3580 974 3813 1047 Semper

2229 1081 2411 1137 agens,
2441 1080 2654 1134 semper
2674 1064 2904 1133 quietus,
2930 1062 3184 1132 colligens
3207 1071 3263 1117 et
3286 1078 3391 1117 non
3414 1078 3599 1132 egens,
3624 1069 3809 1121 omnia

2227 1165 2448 1227 portans
2490 1154 2605 1210 sine
2633 1168 2820 1219 onere,
2850 1153 3027 1208 omnia
3056 1152 3283 1223 implens
3326 1155 3443 1209 sine
3483 1156 3809 1225 inclusione,

2227 1249 2407 1303 omnia
2447 1261 2639 1301 creans
2679 1254 2733 1299 et
2778 1254 3088 1316 protegens,
3132 1246 3377 1301 nutriens
3406 1256 3460 1301 et
3494 1249 3809 1318 perficiens,

2226 1356 2490 1411 quaerens,
2519 1355 2640 1394 cum
2672 1340 2805 1394 nihil
2834 1340 2973 1394 desit
3001 1339 3127 1406 tibi;
3164 1353 3313 1393 amas
3340 1355 3442 1394 nec
3470 1350 3694 1407 :estuas,
3726 1358 3811 1397 ze-

2226 1431 2306 1486 las
2335 1440 2389 1487 et
2416 1446 2637 1486 securus
2662 1446 2720 1485 es
2738 1470 2752 1496 ,
2779 1431 3004 1501 paenitet
3029 1438 3084 1485 te
3123 1439 3179 1485 et
3204 1446 3309 1486 non
3337 1430 3505 1486 doles.
3548 1433 3813 1489 Irasceris

2225 1534 2280 1581 et
2326 1524 2645 1594 tranquillus
2680 1539 2766 1588 es,
2797 1538 2959 1593 opera
2990 1531 3188 1590 mutas,
3221 1524 3314 1579 sed
3354 1525 3647 1580 consilium
3676 1542 3814 1580 nun-

2225 1634 2407 1688 quam,
2440 1616 2635 1686 recipis
2678 1615 2818 1685 quod
2865 1615 3092 1681 invenis,
3118 1626 3172 1670 et
3201 1630 3480 1685 nunquam
3528 1617 3766 1670 amisisti
3793 1634 3808 1681 ;

2225 1724 2498 1780 nunquam
2525 1708 2679 1777 inops
2704 1715 2758 1761 et
2780 1707 2981 1776 gaudes
3011 1707 3193 1771 lucris,
3223 1722 3499 1775 nunquam
3525 1722 3730 1760 avarus
3758 1716 3812 1762 et

558 1800 674 1855 Tibi
697 1816 850 1856 mens
869 1816 987 1855 mea
1002 1800 1213 1871 jubilat,
1240 1799 1334 1855 tibi
1363 1800 1543 1853 omnia
1562 1814 1685 1853 ossa
1706 1812 1825 1853 mea
1848 1798 2082 1852 clamant
2106 1816 2117 1850 :
2150 1782 2199 1843 Β
2228 1816 2421 1855 usuras
2444 1801 2615 1871 exigis
2641 1818 2653 1852 :
2680 1809 3098 1870 supererogatur
3125 1799 3241 1865 tibi,
3268 1807 3328 1853 ut
3345 1798 3578 1866 debeas;
3610 1808 3666 1855 et
3692 1801 3811 1870 quis

556 1889 686 1958 Quis
716 1890 906 1946 similis
936 1892 1034 1956 tui,
1060 1890 1315 1945 Domine?
1345 1890 1413 1943 Et
1434 1889 1628 1943 merito
1648 1895 1841 1942 cuncta
1864 1901 1981 1955 qute
2004 1900 2128 1955 ope-

557 1990 706 2035 ratus
733 1996 813 2045 es,
832 1981 923 2035 tibi
947 1980 1188 2036 Creatori
1219 1980 1492 2044 obediunt,
1518 1979 1777 2044 serviunt,
1804 1984 1859 2030 et
1888 1984 2126 2031 tremunt

551 2070 618 2124 ad
644 2077 834 2124 nutum
865 2078 1033 2125 tuum.
1065 2070 1221 2125 Facis
1245 2083 1577 2139 qumcunque
1598 2067 1749 2122 velis.
1775 2067 1854 2122 Tu
1889 2082 1949 2122 es
1981 2067 2123 2121 enim

553 2174 682 2215 vere
704 2160 962 2215 Dominus
985 2160 1148 2226 solus,
1186 2161 1328 2214 Deus
1364 2158 1669 2223 invisibilis,
1714 2156 2119 2223 inaestimabilis,

550 2252 1069 2321 incircumscriptus,
1100 2251 1343 2316 illocalis,
1380 2252 1692 2315 immensus,
1728 2259 1781 2303 et
1830 2249 2125 2319 incompre-

552 2339 853 2404 hensibilis,
875 2341 1073 2411 ubique
1119 2351 1283 2405 totus,
1315 2341 1513 2407 ubique
1547 2355 1807 2409 prtesens,
1843 2338 2123 2393 ineffabili-

551 2439 634 2486 ter
658 2433 837 2486 omnia
864 2443 1169 2503 penetrans,
1202 2434 1378 2488 omnia
1403 2432 1895 2497 continens,omnia
1923 2432 2117 2495 sciens,

550 2530 743 2577 cuncta
770 2525 1123 2594 prospiciens,
1143 2525 1324 2578 omnia
1345 2532 1555 2594 potens,
1580 2530 1634 2577 et
1655 2523 1906 2577 universa
1929 2523 2123 2594 guber-

550 2625 705 2665 nans.
734 2611 900 2667 Totus
938 2613 991 2667 in
1018 2613 1176 2678 coelo,
1206 2623 1349 2669 totus
1373 2614 1427 2668 in
1452 2622 1616 2679 terra,
1640 2621 1785 2668 totus
1808 2614 1972 2667 etiam
2002 2614 2122 2667 ubi-

547 2715 671 2771 que,
695 2712 877 2758 etnon
904 2712 987 2758 est
1014 2692 1151 2759 alius
1184 2704 1325 2760 Deus
1351 2713 1548 2777 praeter
1572 2717 1624 2761 te
1649 2707 1817 2761 Deum
1854 2715 2117 2771 nostrum,

547 2793 602 2848 in
632 2810 793 2865 quem
818 2795 992 2850 credit
1018 2803 1073 2850 et
1098 2811 1256 2868 quem
1280 2797 1469 2852 adorat
1510 2808 1684 2853 mater
1711 2797 1969 2863 Ecclesia,
1995 2812 2122 2867 apo-

546 2888 735 2943 stolica
776 2898 830 2944 et
863 2890 1203 2946 universalis.
1230 2891 1308 2946 Tu
1335 2907 1394 2947 es
1414 2890 1537 2960 jure
1582 2892 1836 2947 colendus
1868 2901 1923 2945 et
1950 2906 2117 2945 vene-

546 2983 773 3048 randus,
825 2983 1090 3039 timendus
1141 2992 1195 3039 et
1239 2985 1521 3051 amandus,
1543 3000 1667 3041 cum
1718 2984 1861 3039 omni
1906 2998 2118 3053 semper

547 3075 851 3138 devotione,
863 3074 1087 3129 Domine
1100 3075 1241 3130 Deus
1261 3085 1473 3141 noster;
1493 3075 1716 3145 quicum
1730 3091 1836 3130 non
1853 3089 2114 3139 essemus,

2225 1891 2389 1947 habet
2415 1893 2703 1961 quidquam
2730 1908 2835 1946 non
2866 1892 3053 1945 tuum?

2292 1982 2401 2038 Vll.
2440 1982 2640 2038 Reddis
2661 1982 2841 2037 debita
2867 1981 2996 2035 nulli
3023 1981 3246 2047 debens,
3270 1982 3439 2036 donas
3459 1982 3647 2036 debita
3675 1981 3806 2035 nihil

2221 2072 2452 2144 perdeus
2479 2092 2490 2126 :
2518 2094 2536 2125 ι
2571 2074 2662 2142 qui
2680 2072 2827 2127 solus
2851 2070 3092 2127 vivificas
3116 2072 3318 2137 omnia,
3344 2072 3434 2140 qui
3462 2071 3663 2127 creasti
3690 2086 3806 2125 om-

2220 2163 2311 2217 nia
2330 2205 2343 2229 ,
2374 2165 2463 2233 qui
2492 2164 2691 2233 ubique
2717 2178 2775 2218 cs
2802 2172 2856 2217 et
2886 2163 3083 2232 ubique
3112 2170 3253 2217 totus
3272 2203 3285 2227 ,
3311 2164 3402 2232 qu‘i
3432 2163 3626 2217 sentiri
3654 2171 3809 2233 potes

2221 2261 2277 2309 et
2308 2254 2479 2309 videri
2514 2269 2621 2308 non
2644 2263 2812 2324 potes,
2847 2254 2940 2322 qui
2967 2268 3231 2323 nusquam
3268 2254 3424 2318 dees,
3446 2262 3504 2307 et
3530 2261 3712 2307 tamen
3742 2254 3809 2306 ab

2222 2344 2526 2413 iniquorum
2566 2345 2980 2415 cogitationibus
3019 2343 3175 2414 longe
3214 2358 3301 2408 es;
3329 2345 3421 2413 qui
3450 2345 3649 2399 necibi
3680 2344 3809 2399 dees

2220 2436 2311 2490 ubi
2342 2436 2495 2507 longe
2521 2452 2580 2491 es
2605 2456 2616 2489 :
2641 2437 2765 2506 quia
2796 2437 2883 2491 ubi
2909 2453 3017 2492 non
3053 2453 3111 2491 es
3140 2453 3237 2507 per
3264 2437 3519 2508 gratiam,
3552 2438 3683 2492 ades
3712 2453 3811 2507 per

2219 2529 2529 2584 vindictam.
2577 2530 2677 2597 Qui
2725 2531 2904 2586 omnia
2947 2531 3143 2602 tangis,
3188 2547 3289 2585 nec
3313 2540 3492 2586 tamen
3520 2531 3805 2601 aequaliter

2218 2620 2400 2673 omnia
2438 2621 2645 2691 tangis;
2678 2622 2923 2689 quaedam
2957 2621 3100 2675 enim
3140 2622 3318 2691 tangis
3348 2629 3408 2675 ut
3434 2621 3563 2685 sint,
3595 2637 3699 2675 nec
3728 2630 3807 2675 ta-

2219 2726 2344 2765 men
2374 2721 2433 2766 ut
2459 2713 2643 2766 vivant
2676 2722 2731 2767 et
2756 2714 3021 2778 sentiant;
3052 2714 3297 2783 quasdam
3344 2715 3521 2785 tangis
3566 2722 3628 2767 ut
3669 2714 3805 2778 sint,

2219 2804 2402 2859 vivant
2431 2813 2485 2858 et
2525 2806 2778 2870 sentiant,
2807 2821 2907 2860 nec
2933 2806 3094 2876 387
3130 2815 3312 2861 tamen
3350 2815 3413 2861 ut
3456 2806 3805 2870 discernant;

2219 2897 2463 2967 quaedam
2492 2897 2667 2967 tangis
2690 2907 2749 2951 ut
2769 2900 2900 2963 sint,
2925 2900 3128 2965 vivant,
3148 2901 3386 2955 sentiant
3414 2909 3575 2971 atque
3599 2900 3807 2955 discer-

2220 2996 2369 3042 nant.
2422 2989 2490 3041 Et
2528 3005 2651 3043 cum
2697 2990 3010 3061 tibimetipsi
3054 3007 3329 3061 nunquam
3379 2990 3655 3047 dissimilis
3704 2992 3806 3053 sis,

2219 3086 2558 3141 dissimiliter
2580 3095 2756 3140 tamen
2778 3088 2957 3158 tangis
2976 3087 3277 3142 dissimilia.
3308 3086 3411 3154 Qui
3437 3088 3635 3155 ubique
3662 3102 3805 3157 pra:-

548 3174 792 3235 p0tenter
813 3164 984 3220 fecisti
1023 3182 1142 3231 nos,
1168 3174 1222 3220 et
1260 3181 1381 3221 cum
1406 3141 1599 3237 perditi
1637 3166 1924 3221 fuissemus
1955 3165 2113 3236 culpa

2222 3192 2343 3233 sens
2368 3193 2450 3243 es,
2481 3186 2534 3232 et
2576 3178 2806 3232 inveniri
2833 3179 2919 3232 vix
2944 3187 3097 3248 potes
3126 3198 3137 3232 :
3165 3194 3326 3249 quem
3364 3186 3595 3233 stantem
3622 3177 3811 3246 sequi-

548 3257 988 3328 nostra,pietate
1032 3266 1087 3312 et
1134 3257 1375 3313 bonitate
1418 3266 1508 3312 tua
1549 3258 1868 3313 mirabiliter
1899 3274 2117 3328 recupe-

548 3348 681 3402 rasti
710 3364 826 3405 nos.
852 3349 1004 3405 Unde
1031 3349 1295 3405 confiteor
1330 3349 1444 3417 tibi,
1483 3350 1596 3406 Rex
1624 3350 1747 3406 caeli
1776 3358 1832 3405 et
1858 3360 2038 3417 terrae,
2064 3361 2117 3407 et

551 3438 848 3496 honorifico
896 3447 949 3495 te
994 3440 1264 3496 sacrificio
1312 3440 1486 3497 laudis
1534 3459 1547 3495 :
1592 3449 1646 3495 et
1681 3442 1807 3512 quia
1846 3442 2115 3497 exteriora

549 3547 771 3587 munera
820 3532 1035 3598 desunt,
1064 3533 1189 3588 totis
1229 3532 1474 3588 medullis
1514 3534 1724 3600 cordis,
1762 3548 1881 3603 quae
1927 3533 1983 3588 in
2030 3548 2119 3588 me

548 3629 691 3685 sunt,
718 3630 843 3677 vota
878 3622 1202 3677 laudationis
1224 3621 1389 3677 reddo
1415 3622 1533 3678 tibi.

617 3714 701 3769 Vl.
745 3713 852 3769 Sed
891 3716 1015 3784 quia
1041 3714 1174 3768 nihil
1200 3715 1306 3769 nisi
1331 3715 1398 3770 de
1425 3723 1516 3771 tuo
1540 3716 1870 3787 acceptabilc
1910 3717 2007 3771 tibi
2032 3715 2129 3771 οΐ-Δ

546 3802 675 3858 ferri
704 3812 902 3874 potest,
932 3813 991 3859 tu
1018 3804 1181 3868 Deus,
1212 3804 1268 3858 in
1307 3804 1460 3875 cujus
1506 3805 1708 3860 lumine
1755 3807 1934 3861 lumen
1966 3807 2117 3861 vide-

548 3914 685 3964 mus,
718 3899 785 3953 da
831 3913 1012 3968 quaso
1047 3896 1221 3953 lucem
1261 3898 1315 3952 in
1344 3898 1537 3963 corde,
1563 3900 1629 3953 da
1668 3899 1889 3953 verbum
1918 3898 1973 3952 in
1999 3913 2116 3964 ore,

546 3990 614 4043 da
643 3988 810 4043 menti
840 3988 1111 4043 ccelestem
1160 3987 1522 4049 conscendere
1565 3989 1769 4053 sedem,
1805 3988 1872 4041 da
1915 3986 2118 4041 fontem

546 4080 779 4135 lustrare
800 4080 950 4146 boni,
967 4081 1034 4135 da
1057 4078 1175 4134 luce
1202 4088 1414 4150 recepta
1442 4079 1496 4133 in
1525 4086 1579 4133 te
1612 4079 1929 4148 conspicuos
1953 4076 2118 4131 animi

544 4170 777 4240 deligere
810 4170 980 4224 visus.
1018 4170 1086 4224 Et
1112 4171 1365 4240 quoniam
1395 4170 1563 4225 altera
1602 4184 1728 4239 pars
1764 4184 1949 4223 sumus
1972 4167 2114 4233 cceli,

544 4262 712 4317 altera
739 4271 917 4327 terrae,
944 4263 1086 4317 unde
1130 4279 1317 4333 corpus
1351 4262 1489 4333 quod
1532 4261 1904 4332 corrumpitur,
1932 4278 2120 4331 aggra-

545 4361 629 4406 vat
676 4355 929 4417 animam,
960 4364 1006 4407 et
1038 4364 1241 4408 terrena
1270 4354 1580 4408 inhabitatio
1627 4354 1866 4424 deprimit
1911 4368 2120 4407 sensum

544 4443 710 4496 multa
738 4443 1045 4513 cogitantem
1075 4442 1227 4513 (Sap.
1262 4460 1340 4507 ix,
1379 4445 1490 4515 15),
1536 4442 1722 4511 disjice
1766 4452 1995 4498 terrenae
2022 4458 2117 4497 ne-

544 4533 697 4589 bulas
723 4542 779 4589 et
799 4534 1039 4603 pondera
1067 4534 1247 4599 molis,
1276 4544 1435 4604 atque
1465 4544 1579 4599 tuo,
1601 4551 1805 4603 quaeso,
1833 4535 2115 4605 Splendore

545 4624 783 4679 illumina
832 4626 1114 4680 obscuram
1154 4625 1428 4679 interioris
1458 4626 1689 4680 hominis
1730 4624 1941 4680 faciem.
1975 4624 2117 4681 Siste

543 4731 708 4789 vagas
750 4725 956 4772 mentes
979 4733 1076 4787 per
1115 4717 1270 4772 devia
1310 4716 1479 4770 multa
1507 4724 1742 4770 ruentes.
1788 4716 1968 4771 Subde
1999 4731 2118 4770 car-

542 4824 666 4864 nem
697 4808 928 4879 spiritui,
962 4809 1232 4878 appetitus
1260 4807 1481 4871 rationi,
1512 4807 1639 4861 vitia
1664 4808 1971 4872 virtutibus,
1996 4823 2117 4862 cor-

542 4916 644 4971 pus
688 4902 887 4967 animo,
917 4908 1077 4970 atque
1107 4908 1213 4955 tua:
1260 4915 1347 4953 me
1378 4900 1522 4952 intus
1563 4899 1907 4966 exteriusque
1948 4898 2116 4952 subde

541 5006 639 5065 per
666 4992 843 5046 omnia
877 4991 1139 5046 voluntati
1161 5032 1174 5056 ,
1201 4999 1261 5044 ut
1287 4988 1554 5045 universis
1596 5004 1692 5044 suo
1738 4990 1874 5045 bene
1901 5006 2118 5061 compo-

543 5082 660 5137 sitis
689 5081 879 5137 ordine
905 5097 1003 5153 per
1027 5084 1255 5153 gratiam
1282 5089 1430 5135 tuam
1457 5088 1512 5134 et
1536 5079 1772 5149 perfecte
1803 5089 1852 5135 te
1875 5081 2112 5151 diligere,

540 5183 596 5229 et
618 5174 778 5245 digne
800 5182 853 5229 te
884 5175 1103 5230 laudare
1132 5190 1363 5238 merear,
1392 5173 1551 5227 labiis
1573 5182 1626 5227 et
1652 5175 1833 5239 corde,
1866 5175 2119 5244 omnique

543 5279 648 5333 qua
689 5264 842 5319 valeo
874 5266 1076 5319 virtute
1105 5264 1345 5318 clamans
1381 5263 1450 5317 ad
1490 5272 1541 5316 te
1570 5270 1731 5332 atque
1773 5264 1846 5317 ita
1891 5264 2115 5319 dicens:

546 5354 786 5421 Summe,
812 5357 1359 5427 omnipotentissime,
1391 5357 1914 5422 miscricordissime,
1934 5357 2123 5426 justis-

542 5447 698 5513 sime,
738 5450 1117 5511 secretissime,
1142 5449 1582 5519 prresentissime,
1606 5450 1986 5519 pulcherrime,
2010 5449 2124 5506 for—

541 5542 773 5610 tissime,
792 5544 1127 5609 suavissime,
1143 5544 1497 5598 invictissime
1519 5543 1742 5599 Domine
1759 5543 1901 5600 Deus
1920 5553 2123 5612 noster,

544 5637 752 5692 stabilis
775 5651 835 5693 es
859 5646 915 5693 et
936 5636 1513 5706 incomprehensibilis,
1540 5636 1891 5695 immutabilis
1911 5645 2125 5695 mutans

616 5764 641 5793 ι
675 5751 838 5824 Aug.,
864 5753 967 5810 loc.
993 5755 1089 5820 cit,
1125 5768 1248 5821 cap.
1278 5752 1337 5806 4.
1400 5838 1405 5843 ε

2214 3287 2338 3325 mur
2361 3279 2415 3325 et
2442 3271 2841 3341 apprehendere
2870 3287 2974 3324 non
2996 3271 3235 3325 valemus
3261 3289 3274 3324 :
3300 3271 3390 3339 qui
3411 3280 3558 3325 tenes
3586 3270 3804 3330 omnia,

2215 3362 2406 3432 imples
2443 3362 2643 3427 omnia,
2674 3361 3136 3432 circumplectcris
3178 3361 3376 3424 omnia,
3407 3360 3803 3429 superexcedis

2215 3453 2415 3517 omnia,
2447 3452 2677 3505 sustines
2720 3451 2929 3517 omnia;
2964 3467 3063 3506 nec
3102 3465 3169 3505 ex
3203 3450 3304 3504 alia
3342 3456 3486 3518 parte
3514 3448 3797 3509 sustines,

2216 3552 2377 3613 atque
2409 3543 2512 3597 alia
2541 3543 2945 3613 superexcedis;
2972 3556 3147 3612 neque
3174 3558 3242 3596 ex
3272 3540 3371 3595 alia
3391 3546 3535 3609 parte
3565 3538 3799 3607 imples,

2215 3642 2376 3703 atque
2402 3634 2506 3687 alia
2533 3632 3023 3701 circumplecteris;
3060 3632 3152 3686 sed
3182 3627 3669 3699 circumplectendo
3702 3629 3808 3682 im-

2215 3724 2350 3795 ples,
2383 3734 2434 3779 et
2459 3725 2727 3794 implendo
2756 3722 3235 3792 circumplecteris,
3265 3720 3575 3777 sustinendo
3605 3734 3801 3788 superv

2216 3815 2449 3879 excedis,
2479 3825 2533 3869 et
2562 3815 3031 3884 superexcedendo
3061 3814 3317 3869 sustines.
3347 3812 3446 3877 Qui
3472 3811 3639 3866 corda
3666 3810 3805 3865 ﬁdes.

2218 3907 2348 3961 lium
2375 3907 2535 3961 doces
2562 3906 2679 3961 sine
2701 3906 2928 3975 strepitu
2958 3905 3262 3969 verborum,
3286 3906 3375 3975 qui
3402 3902 3615 3973 attingis
3642 3920 3675 3955 a
3704 3902 3808 3969 ﬁne

2218 4013 2380 4067 usque
2409 3996 2477 4049 ad
2518 3996 2673 4064 ﬁnem
2723 3995 2944 4065 fortiter,
2979 4006 3028 4048 et
3076 3994 3309 4064 disponis
3351 3995 3526 4048 omnia
3570 3995 3811 4046 suaviter

2219 4086 2367 4160 (Sap.
2402 4102 2525 4151 vni,
2551 4086 2622 4156 l).
2655 4085 2756 4152 Qui
2783 4085 2914 4140 locis
2939 4101 3048 4141 non
3087 4085 3433 4148 distenderis,
3462 4100 3562 4140 nec
3587 4092 3803 4155 tempo-

2219 4182 2369 4237 ribus
2390 4180 2641 4245 variaris,
2665 4195 2841 4250 neque
2859 4182 3024 4235 habes
3047 4196 3298 4235 accessus
3325 4188 3379 4234 ct
3402 4195 3676 4235 recessus.
3706 4180 3811 4245 Qui

2219 4274 2423 4328 habitas
2462 4272 2630 4326 lucem
2667 4270 3075 4325 inaccessibilem
3130 4271 3182 4341 (I
3228 4270 3363 4325 Tim.
3398 4287 3472 4335 γι,
3503 4270 3618 4341 16),
3648 4286 3811 4340 quam

2220 4366 2394 4421 nullus
2435 4364 2568 4419 vidit
2597 4364 2892 4428 hominum,
2924 4364 3019 4419 sed
3060 4379 3162 4419 nec
3188 4365 3371 4419 videre
3403 4372 3605 4432 potest.
3660 4363 3723 4417 ιιι
3756 4372 3812 4417 te

2220 4470 2443 4511 manens
2491 4455 2729 4522 quietus,
2766 4454 2963 4523 ubique
3005 4454 3206 4508 circuis
3254 4461 3447 4507 totum.
3497 4452 3611 4507 Nec
3661 4454 3810 4507 enim

2219 4546 2389 4602 scindi
2420 4544 2501 4599 vel
2529 4544 2693 4599 dividi
2739 4545 2965 4614 poteris,
2992 4545 3118 4613 quia
3146 4559 3273 4599 vere
3303 4559 3445 4598 unus
3473 4560 3555 4599 es.
3610 4542 3727 4598 Nec
3760 4544 3813 4596 in

2214 4646 2397 4709 partes
2437 4637 2683 4699 elliceris,
2717 4638 2813 4693 scd
2860 4645 3003 4691 totus
3033 4644 3205 4691 totum
3252 4645 3430 4699 tenes,
3480 4644 3663 4689 totum
3710 4636 3818 4688 imo

2212 4728 2350 4798 ples,
2369 4736 2536 4781 totum
2558 4726 2796 4782 illustras
2816 4734 2870 4781 et
2890 4726 3156 4796 possides.
3181 4725 3295 4781 Hoc
3313 4725 3639 4795 mysterium
3660 4740 3820 4779 mens

2216 4819 2451 4873 humana
2496 4818 2777 4888 concipere
2827 4833 2936 4872 non
2984 4825 3181 4888 potest,
3210 4832 3313 4871 nec
3353 4817 3595 4871 oratoria
3626 4816 3816 4888 lingua

2217 4924 2495 4973 enarrare,
2529 4924 2701 4978 neque
2729 4908 2903 4964 diﬂ‘usi
2934 4909 3199 4964 sermonis
3230 4908 3697 4963 bibliothecarum
3728 4923 3825 4962 vo-

2222 5002 2425 5055 lumina
2462 5011 2665 5070 queunt
2720 5002 3007 5071 explicare.
3066 5001 3123 5055 Si
3169 5010 3341 5055 totum
3386 5003 3657 5055 mundum
3699 5002 3823 5057 libri

2222 5092 2484 5161 repleant,
2518 5101 2607 5146 tua
2637 5093 2861 5150 scientia
2894 5093 3274 5148 inenarrabilis
3304 5110 3412 5147 non
3442 5102 3630 5163 potest
3660 5110 3827 5148 enar-

2221 5181 2350 5235 rari.
2384 5181 2649 5248 Quoniam
2673 5197 2800 5236 vere
2828 5183 3118 5237 indicibilis
3147 5198 3229 5247 es,
3260 5183 3408 5237 nullo
3444 5184 3611 5239 modo
3653 5184 3824 5238 scribi

2221 5271 2444 5341 poteris,
2468 5286 2644 5341 neque
2682 5272 2948 5337 concludi,
2981 5275 3071 5344 qui
3098 5289 3157 5328 es
3184 5272 3307 5328 fons
3334 5273 3471 5327 lucis
3503 5272 3733 5339 divinae,
3770 5282 3828 5327 et

2225 5362 2305 5418 sol
2335 5362 2595 5417 claritatis
2623 5371 2858 5417 aeternae.

2297 5453 2427 5508 Vlll.
2468 5452 2690 5524 Magnus
2714 5456 2857 5508 enim
2886 5472 2945 5511 es
2968 5457 3083 5511 sine
3109 5457 3442 5527 quantitate,
3473 5466 3531 5511 et
3562 5456 3691 5511 ideo
3726 5458 3828 5511 im-

2226 5561 2482 5601 mensus:
2517 5539 2837 5601 bonus’sine
2863 5548 3153 5616 qualitate,
3186 5548 3308 5602 ideo
3336 5562 3465 5603 vere
3508 5555 3564 5603 et
3604 5561 3828 5604 summa

2225 5641 2427 5705 bonus,
2461 5647 2516 5693 et
2542 5656 2701 5695 nemo
2728 5640 2903 5694 bonus
2932 5641 3035 5696 nisi
3066 5650 3123 5696 tu
3160 5641 3304 5697 solus
3324 5682 3339 5708 ,
3369 5639 3526 5711 cujus
3562 5641 3828 5697 voluntas

2304 5758 2329 5799 δ
2367 5756 2527 5831 Aug.,
2562 5756 2665 5813 loc.
2704 5757 2824 5824 cit.,
2851 5770 2974 5828 cap.
3004 5757 3035 5809 7
