4038 6354
305 401 445 462 1053

1005 392 1156 452 OPP.
1195 391 1420 453 DUBIA.
1461 421 1532 436 -—
1564 392 1793 451 ALBINI
1831 390 2208 451 CONFESSIO
2240 391 2439 450 FIDEI.
2476 422 2546 435 --
2579 342 2758 449 ΡΑέὸ
2788 394 2830 449 ι.

3404 396 3427 450 1
3438 394 3544 452 Οὸδ

299 529 437 586 opus
462 518 574 573 est.
606 508 693 565 cui
717 507 853 565 velle
876 523 1034 580 posse
1060 517 1176 574 est,
1206 510 1299 580 qui
1336 507 1515 565 omnia
1546 524 1665 579 qua:
1691 523 1757 564 ex
1788 507 1871 563 ni-
1896 509 1948 568 Δ
1974 503 2032 562 Si
2061 521 2223 577 opera
2251 514 2340 561 tua
2384 506 2461 562 ita
2502 515 2627 561 sunt
2667 520 2864 577 magna
2902 512 2959 561 et
2989 505 3389 572 inscrntabilia,
3420 508 3541 579 pul-

298 604 412 662 hilo
434 600 670 666 creasti,
696 600 809 656 sola
835 599 1108 657 voluntate
1130 600 1338 666 fecisti,
1366 601 1455 672 qui
1480 616 1693 656 omnem
1719 615 1872 656 crea-

298 704 475 752 turam
518 704 663 750 tuam
704 693 908 764 absque
948 692 1240 763 indigentia
1279 693 1458 763 aliqua
1501 694 1774 763 possides,
1817 700 1872 749 et

280 784 418 841 sine
457 782 639 839 labore
667 786 970 857 gubernas,
999 791 1054 841 et
1081 786 1285 854 absque
1314 785 1469 841 taadio
1498 786 1640 858 regis
1658 826 1672 848 ,
1702 794 1758 841 et
1786 785 1869 840 ni-

296 874 374 932 hil
400 886 483 931 est
518 876 660 948 quod
706 878 985 949 perturbet
1012 876 1254 932 ordinem
1287 877 1496 948 imperii
1540 877 1646 941 tui,
1690 878 1773 933 vel
1815 878 1870 933 in

298 967 560 1032 summis,
587 967 670 1023 vel
700 968 752 1023 in
785 969 925 1024 imis.
957 968 1059 1037 Qui
1092 970 1145 1025 in
1174 970 1425 1026 omnibus
1449 969 1583 1025 locis
1611 970 1727 1025 sine
1752 970 1870 1025 loco

296 1058 548 1125 haberis,
577 1068 630 1114 et
660 1061 838 1116 omnia
878 1062 1123 1117 contines
1163 1062 1281 1117 sine
1316 1062 1533 1126 habitu,
1579 1070 1635 1117 et
1670 1061 1871 1132 ubique

295 1162 538 1223 prtesens
562 1165 622 1205 es
648 1150 765 1206 sine
796 1151 900 1206 situ
929 1160 984 1206 et
1024 1162 1191 1207 motu.
1237 1153 1336 1219 Qui
1379 1169 1477 1208 nec
1516 1153 1640 1208 mali
1680 1163 1871 1209 auctor

296 1252 387 1301 es,
418 1240 665 1309 quodque
693 1239 873 1297 facere
912 1257 1015 1296 non
1056 1251 1242 1312 potest,
1274 1242 1363 1312 qui
1395 1241 1526 1297 nihil
1557 1257 1664 1298 non
1694 1251 1864 1314 potes.

294 1326 409 1385 Nec
434 1346 668 1402 unquam
702 1340 755 1387 te
782 1333 1072 1404 quidquam
1111 1333 1301 1389 fecisse
1340 1335 1627 1405 paenituit,
1669 1350 1769 1390 nec
1808 1335 1871 1390 il-

295 1418 400 1475 lius
425 1423 802 1478 commotiouis
830 1424 994 1479 animi
1025 1432 1344 1494 tempestate
1373 1427 1630 1490 turbaris,
1660 1443 1761 1483 nec
1793 1435 1871 1483 to-

294 1512 405 1567 tius
434 1522 589 1570 terra:
616 1515 872 1585 particula
904 1532 1125 1589 regnum
1156 1526 1303 1573 tuum
1343 1528 1444 1574 est.
1486 1520 1640 1574 Nulla
1669 1520 1869 1591 ﬂagitia

292 1602 379 1657 vel
407 1604 609 1660 scelera
638 1606 834 1677 probas
859 1616 953 1661 aut
980 1607 1233 1677 imperas.
1275 1607 1558 1680 Nunquam
1592 1610 1869 1675 mentiris,

291 1696 419 1766 quia
460 1698 663 1753 aaterna
706 1699 906 1755 veritas
946 1715 1034 1763 es,
1074 1700 1227 1770 cujus
1267 1701 1427 1755 unius
1464 1699 1702 1755 bonitate
1746 1698 1870 1754 facti

292 1801 510 1853 smnus,
540 1796 593 1844 et
616 1789 824 1859 iustitia
852 1805 1042 1860 pmnas
1070 1791 1294 1857 luimus,
1339 1799 1395 1847 et
1429 1792 1711 1847 clementia
1740 1793 1872 1849 libe-

289 1893 499 1934 ramur.
544 1879 679 1935 Nam
708 1881 838 1936 nihil
868 1882 1116 1945 cmleste,
1149 1884 1280 1938 nihil
1321 1885 1536 1956 igneum
1556 1926 1570 1949 ,
1602 1885 1735 1941 nihil
1764 1894 1870 1941 ter-
1900 1863 1948 1923 Β

288 1985 485 2025 renum
506 2011 521 2037 ,
551 1973 793 2043 nihilque
820 1976 963 2045 quod
993 1975 1237 2045 corporis
1264 1991 1454 2031 sensus
1491 1977 1737 2046 attingit,
1770 1993 1868 2048 pro

290 2070 348 2117 te
379 2061 660 2120 colendum
699 2075 801 2122 est.
841 2066 943 2135 Qui
984 2083 1111 2123 vere
1147 2084 1206 2125 es
1246 2070 1389 2140 quod
1414 2085 1507 2136 es,
1538 2079 1723 2125 etnon
1753 2086 1869 2126 mu-

289 2156 448 2221 taris,
476 2157 562 2213 cui
591 2159 823 2215 maxime
850 2176 915 2216 ac
941 2161 1246 2230 specialiter
1271 2162 1403 2216 illud
1428 2163 1700 2228 convenit,
1727 2164 1871 2233 quod

289 2245 464 2303 Graeci
496 2248 681 2305 dicunt
710 2250 800 2316 ὢν,
842 2250 1017 2306 Latini
1050 2262 1165 2316 est;
1209 2253 1334 2322 quia
1363 2270 1563 2323 semper
1602 2253 1739 2307 idem
1760 2256 1869 2325 ipse

289 2356 382 2404 es,
427 2349 476 2395 et
518 2342 641 2395 anui
680 2343 757 2396 tui
802 2358 905 2397 non
944 2342 1181 2412 deﬁcient
1212 2343 1400 2415 tPsal.
1427 2359 1526 2408 xc,
1556 2343 1685 2416 28).
1732 2344 1871 2399 Hinc

290 2431 491 2486 etenim
518 2440 766 2502 patenter
792 2434 952 2489 datur
981 2433 1131 2489 iutell
1155 2434 1242 2506 gi,
1275 2435 1400 2504 quia
1432 2443 1485 2489 tu
1519 2436 1661 2491 Deus
1685 2444 1871 2491 noster

290 2536 454 2592 quem
495 2522 754 2587 colimus,
793 2523 936 2580 Deus
974 2539 1135 2579 verus
1173 2533 1230 2579 et
1268 2524 1621 2596 Omnipotens
1660 2540 1719 2580 es
1753 2526 1870 2579 sine

291 2612 487 2669 dubio:
521 2614 823 2680 invisibilis,
853 2615 954 2671 etsi
984 2615 1253 2671 intellectu
1277 2616 1366 2686 pio
1385 2615 1639 2680 videaris,
1666 2614 1870 2670 incom-

288 2706 693 2778 prehensibilis,
710 2709 810 2764 etsi
833 2725 929 2781 per
948 2708 1181 2781 gratiam
1196 2709 1602 2781 reprmsenteris
1626 2726 1639 2762 :
1665 2708 1838 2763 intesti
1851 2736 1871 2747 -

291 2801 529 2866 mabilis,
571 2803 673 2857 etsi
710 2803 961 2859 humanis
1007 2804 1254 2859 sensibus
1294 2803 1381 2874 pie
1407 2802 1663 2866 credaris,
1687 2809 1873 2855 sancte

290 2891 546 2962 cogiteris
570 2910 583 2946 :
617 2892 924 2959 ineﬂ‘abilis,
952 2894 1055 2949 etsi
1081 2895 1328 2950 humana:
1355 2893 1644 2949 locutionis
1669 2891 1872 2947 usuali-

290 2980 396 3038 bus
428 2984 604 3041 verbis
637 2985 861 3041 abusive
891 2993 1163 3056 utcunque
1194 2986 1430 3051 dicaris;
1465 2985 1588 3040 ideo
1617 2998 1774 3039 verus
1818 2989 1873 3038 et

291 3082 500 3133 tantus.
549 3074 812 3133 Caeterum
858 3078 1001 3148 quod
1046 3078 1206 3146 sciri,
1258 3079 1401 3148 quod
1448 3075 1869 3147 comprehendi,

291 3171 440 3243 quod
478 3170 737 3244 cogitari,
778 3173 921 3243 quod
962 3172 1065 3228 dici
1107 3173 1174 3228 de
1213 3183 1267 3228 te
1306 3178 1512 3244 potest,
1541 3171 1720 3227 minus
1747 3176 1866 3224 est:

291 3262 440 3335 quod
466 3278 595 3320 vero
626 3264 1166 3337 incomprehensibile
1193 3272 1276 3320 est
1312 3273 1366 3320 et
1407 3265 1760 3327 immensum,
1791 3262 1874 3317 in-

291 3355 515 3413 dicibile
554 3365 610 3413 et
652 3357 958 3423 inﬁnitum,
1004 3358 1101 3413 tibi
1141 3357 1240 3413 soli
1266 3356 1528 3413 duntaxat
1555 3365 1741 3411 notum
1766 3362 1869 3411 est.

291 3445 411 3505 Hoc
438 3466 670 3520 namque
697 3459 805 3510 est,
834 3451 976 3521 quod
1004 3465 1220 3506 omnem
1247 3456 1462 3519 superat
1488 3464 1727 3505 sensum.

366 3540 456 3597 IX.
500 3541 615 3597 Hoc
647 3558 861 3613 quoque
894 3551 1015 3607 est,
1055 3542 1197 3613 quod
1238 3551 1289 3598 te
1324 3542 1453 3597 facit
1485 3540 1742 3597 aestimari
1771 3580 1787 3605 ,
1821 3547 1877 3595 et

290 3652 394 3711 pro
420 3644 571 3693 certo
597 3636 745 3693 credi
779 3637 945 3691 Deum
966 3676 981 3703 ,
1013 3638 1139 3693 dum
1167 3638 1234 3692 ad
1264 3636 1562 3707 perfectum
1590 3650 1762 3705 usque
1791 3650 1875 3690 re-

293 3732 463 3804 periri
493 3748 599 3786 non
628 3730 795 3797 vales,
824 3730 949 3786 dum
978 3738 1124 3785 totus
1149 3728 1402 3798 intelligi,
1434 3728 1622 3798 capive
1649 3730 1754 3781 ndn
1780 3741 1878 3796 po-

298 3833 402 3880 tes.
434 3822 512 3879 lta
538 3835 591 3879 te
619 3823 702 3879 vis
730 3822 1115 3894 magnitudinis
1138 3828 1193 3876 et
1219 3828 1404 3875 notum
1434 3819 1589 3874 nobis
1612 3816 1799 3886 objicit
1823 3825 1877 3872 et

294 3918 564 3991 ignotum.
605 3918 675 3973 Et
711 3919 826 3975 haec
855 3927 938 3974 est
966 3934 1172 3973 summa
1202 3916 1381 3972 delicti
1423 3916 1793 3987 spernentium
1825 3923 1878 3970 te

295 4010 472 4068 scire.
505 4009 799 4065 nolentium
842 4009 933 4064 tibi
966 4008 1212 4064 Creatori
1241 4008 1464 4064 servire.
1498 4006 1708 4062 Habent
1734 4005 1877 4076 quod

297 4101 535 4157 scientes
560 4109 903 4165 venerentur,
933 4100 1135 4155 habent
1168 4100 1312 4169 quod
1339 4100 1648 4170 ignorantes
1674 4097 1877 4151 miren-

298 4200 412 4256 tur,
443 4191 645 4247 habent
671 4193 812 4262 quod
842 4190 1096 4257 timeant,
1126 4190 1328 4246 habent
1355 4190 1499 4261 quod
1528 4190 1771 4260 diligant.
1818 4188 1876 4243 Si

296 4283 445 4338 enim
474 4290 619 4339 totus
648 4292 845 4339 nostra:
873 4293 1086 4355 pateres
1114 4283 1435 4354 cognitioni,
1470 4284 1612 4338 Deus
1640 4282 1795 4337 vivus
1824 4288 1880 4335 et

296 4390 465 4430 verus
514 4374 732 4429 minime
780 4381 1050 4445 potuisses
1101 4376 1269 4430 credi.
1322 4375 1448 4431 Ideo
1499 4373 1622 4429 falsi
1676 4372 1878 4444 reperti

297 4474 461 4531 sunt,
494 4466 584 4534 qui
610 4468 938 4536 putabantur
968 4467 1068 4533 dii,
1101 4466 1355 4537 quoniam
1395 4465 1521 4521 sciri
1563 4479 1662 4536 per
1697 4464 1879 4520 omnia

296 4566 621 4629 potuerunt,
661 4560 749 4627 qui
792 4569 847 4614 et
885 4559 1072 4629 quales
1103 4559 1337 4614 fuerunt.
1366 4559 1465 4614 Ast
1491 4567 1545 4613 tu
1565 4600 1578 4623 ,
1616 4559 1755 4613 Deus
1783 4573 1880 4612 no-
1907 4586 1961 4648 Β

297 4661 436 4716 stcr,
476 4650 739 4706 mirabilis
776 4659 833 4706 et
871 4660 1095 4719 potens,
1144 4653 1235 4720 qui
1285 4660 1451 4705 totam
1494 4650 1651 4705 istius
1695 4649 1879 4703 mundi

299 4742 500 4798 molem
530 4758 652 4797 cum
677 4743 825 4797 omni
855 4743 1213 4798 instrumento
1240 4743 1660 4806 elementorum,
1692 4756 1881 4812 corpo-

301 4847 465 4896 rum,
510 4834 825 4903 spirituum,
868 4834 1032 4889 verbo
1076 4851 1182 4906 quo
1220 4835 1468 4906 jussisti,
1519 4837 1728 4890 ratione
1772 4850 1877 4904 qua

301 4923 618 4993 disposuisti
640 4966 654 4990 ,
689 4925 885 4979 virtute
910 4940 1016 4995 qua
1045 4927 1297 4997 potuisti,
1341 4942 1406 4983 ex
1448 4928 1618 4982 nihilo
1656 4942 1879 4997 expres-

301 5018 462 5083 sisti,
493 5019 545 5073 in
588 5028 962 5074 ornamentum
999 5020 1294 5089 majestatis
1322 5030 1377 5077 et
1402 5023 1585 5094 gloriae.
1615 5033 1740 5079 tute.
1774 5023 1878 5090 Qui

303 5120 521 5181 tempus
551 5112 619 5167 ab
655 5113 770 5182 ipso
802 5121 927 5168 tunc
954 5129 1069 5167 ξιξνο
1100 5114 1179 5168 ire
1202 5113 1393 5181 jubes,
1425 5118 1739 5187 stabilisque
1768 5133 1883 5171 ma-

302 5216 446 5257 nens
472 5202 566 5256 das
593 5211 784 5256 cuncta
814 5201 1036 5256 moveri.
1080 5201 1179 5269 Qui
1226 5210 1425 5258 terram
1457 5205 1735 5276 multiplici
1763 5222 1884 5276 ger-

303 5290 455 5346 mine
484 5290 780 5358 l‘ructuum,
809 5300 865 5346 et
888 5292 1081 5347 coelum
1113 5292 1338 5363 pulchro
1377 5295 1642 5351 decorasti
1683 5295 1884 5350 lumine

304 5383 548 5437 siderum
567 5424 582 5448 ,
614 5399 841 5454 quorum
872 5393 927 5437 tu
960 5386 1107 5441 solus
1146 5386 1358 5442 nomina
1378 5427 1392 5451 ,
1435 5389 1586 5458 signa
1606 5429 1621 5453 ,
1650 5398 1887 5459 potesta-

305 5483 425 5539 tes,
456 5491 646 5531 cursus
674 5484 729 5531 et
767 5484 1008 5546 tempora
1038 5477 1197 5532 nosti.
1229 5476 1308 5531 Tu
1350 5478 1496 5533 mitis
1531 5488 1585 5533 et
1620 5479 1885 5550 benigne,

305 5568 469 5624 fortis
514 5569 767 5634 Zelotes,
817 5578 873 5627 et
922 5568 1160 5625 Sabaoth
1213 5570 1607 5637 invictissime,
1658 5571 1886 5628 visitans

304 5672 530 5735 peccata
556 5673 767 5736 patrum
793 5665 844 5719 in
878 5663 1015 5720 ﬁlios
1042 5680 1212 5736 usque
1241 5665 1293 5719 in
1322 5666 1533 5720 tertiam
1559 5674 1615 5721 et
1640 5674 1887 5737 quartam

309 5758 751 5828 generationem,
800 5767 854 5814 et
902 5758 1107 5814 faciens
1158 5757 1584 5814 misericordiam
1634 5758 1691 5814 in
1743 5758 1889 5815 mille

311 5850 485 5909 millia
526 5851 611 5909 bis
653 5852 744 5923 qui
784 5851 1011 5924 diligunt
1038 5858 1091 5908 te
1130 5859 1187 5909 et
1234 5852 1426 5909 timent
1472 5865 1668 5910 nomen
1710 5858 1883 5909 tuum.

595 5944 872 6007 Pnaon.
908 5943 1009 6007 CI.

1895 3218 1944 3281 (Ξ

1973 600 2104 655 chra
2132 606 2295 668 atque
2321 598 2613 670 stupenda,
2657 599 2869 663 dicant,
2896 599 2987 669 qui
3027 598 3243 664 volunt,
3277 600 3545 671 quomodo

1972 692 2091 762 capi
2121 692 2325 761 poteris
2355 699 2411 745 tu
2451 692 2848 762 pulcherrimus
2886 691 3114 748 Creator
3150 708 3359 748 eorum.
3402 693 3544 751 Con-

1972 790 2081 836 stat
2109 781 2253 835 enim
2279 780 2525 850 opificem
2549 783 2789 838 omnium
2818 782 2975 851 longe
3013 784 3170 840 aliter
3206 798 3264 841 se
3302 784 3503 841 habere
3526 825 3542 852 ,

1972 889 2133 945 quam
2162 888 2227 930 ea
2278 890 2399 944 quae
2439 890 2469 929 a
2512 890 2572 931 se
2611 875 2728 931 ﬁeri
2767 878 2934 933 voluit
2983 898 2995 931 :
3042 894 3108 934 ex
3145 878 3545 950 pulchritudine

1972 972 2150 1021 tamen
2179 965 2604 1038 circumscripta:
2631 977 2838 1024 natura:
2857 1011 2873 1036 ,
2903 980 2958 1026 et
2985 972 3334 1029 mundialium
3364 988 3545 1031 rerum

1971 1056 2206 1111 mirabili
2245 1056 2458 1125 specie,
2505 1057 2845 1129 pulchritudo
2886 1070 3010 1124 tua,
3056 1078 3173 1132 quae
3209 1072 3267 1118 tu
3305 1064 3419 1134 ipse
3453 1080 3542 1132 es,

1971 1148 2095 1219 quia
2124 1148 2349 1218 simplex
2373 1163 2453 1211 es,
2477 1163 2543 1203 ex
2573 1148 2892 1204 excellentia
2920 1151 3102 1221 gloriae
3132 1162 3266 1219 tute,
3297 1169 3417 1224 qua:
3443 1154 3549 1211 cir-

1971 1239 2259 1295 cumscribi
2306 1254 2412 1294 non
2460 1246 2672 1309 potest,
2719 1240 2945 1311 intelligi
2978 1234 3334 1312 aliquatenus
3379 1245 3547 1303 valet.

1972 1331 2289 1403 Quanquam
2330 1332 2753 1404 magnitudinem
2795 1334 3095 1389 divinitatis
3135 1345 3239 1391 tute
3279 1336 3549 1393 inﬁnitam

1972 1433 2028 1479 et
2055 1425 2643 1495 incomprehensibilem
2676 1425 2852 1480 nullus
2878 1427 3049 1496 possit
3076 1441 3269 1482 sensus
3312 1429 3549 1498 attinge-

1973 1531 2063 1581 re,
2113 1531 2288 1587 neque
2339 1517 2503 1572 etiam
2549 1517 2762 1572 illorum
2808 1533 3024 1588 quoque
3072 1534 3428 1589 supernorum
3474 1521 3550 1575 ci-

1971 1611 2157 1674 vium;
2200 1611 2338 1664 miro
2378 1618 2557 1665 tamen
2590 1611 2749 1666 modo
2792 1612 3031 1666 essentia
3068 1619 3161 1666 tua
3198 1614 3388 1678 scitur,
3422 1613 3548 1669 dum

1972 1714 2096 1756 esse
2125 1700 2382 1755 creditur.

2044 1789 2113 1844 Χ.
2151 1788 2586 1861 Quotiescunque
2621 1790 2801 1845 recolo
2835 1791 2918 1846 vel
2968 1792 3128 1848 audio
3173 1794 3306 1848 duas
3359 1795 3556 1851 breves

1975 1879 2241 1951 syllabas,
2270 1888 2325 1935 et
2352 1890 2585 1951 quatuor
2609 1881 2817 1937 litteras
2863 1882 3059 1953 quibus
3105 1884 3360 1939 scribitur
3411 1886 3551 1941 Deus

1975 1972 1995 2043 (
2019 1973 2121 2027 hoc
2146 1972 2292 2027 enim
2322 1986 2516 2027 nomen
2548 1972 2641 2027 tibi
2674 1972 2803 2037 soli,
2837 1974 3178 2043 omnipotens
3198 2016 3212 2040 ,
3237 1976 3359 2046 jure
3386 1977 3551 2033 debe-

1975 2065 2106 2136 tur),
2134 2072 2296 2136 atque
2320 2064 2534 2119 intueor
2561 2072 2665 2119 tua:
2691 2065 2907 2120 virtutis
2932 2066 3198 2137 magnalia
3221 2075 3277 2121 et
3290 2067 3554 2124 mirabilis

1974 2155 2315 2225 cosmopoeiae
2360 2155 2609 2210 decorem
2651 2156 2969 2222 considero,
3022 2158 3290 2228 simulque
3339 2174 3552 2216 mecum

1973 2249 2172 2303 tacitus
2198 2256 2388 2318 reputo
2417 2248 2793 2304 miserationes
2816 2258 2959 2316 tuas,
2976 2267 3095 2321 quae
3125 2268 3155 2305 a
3182 2253 3378 2308 saeculo
3405 2262 3553 2321 sunt,

1974 2340 2279 2411 (mirentur
2305 2340 2479 2404 enim,
2510 2340 2603 2410 qui
2645 2341 2860 2406 volunt,
2902 2344 3196 2411 potentiam
3239 2353 3416 2411 tuam,
3458 2348 3557 2403 sed

1972 2442 2073 2498 ego
2099 2428 2219 2498 plus
2251 2437 2441 2499 stupeo
2484 2430 2920 2487 animadvertetis
2958 2434 3360 2491 misericordias
3393 2437 3553 2509 tuas)

1971 2519 2217 2590 profecto
2255 2521 2340 2575 his
2371 2529 2603 2591 quatuor
2634 2523 2688 2576 in
2720 2522 2916 2579 litteris
2957 2533 3011 2579 et
3052 2526 3260 2583 duabus
3299 2528 3556 2585 brevibus

1972 2612 2195 2683 syllabis
2216 2652 2230 2676 ,
2262 2612 2532 2668 inﬁnitum
2564 2615 2693 2685 quid
2738 2623 2793 2670 et
2840 2616 3420 2688 incomprehensibile,
3455 2622 3557 2678 im-

1972 2718 2221 2758 mensum
2248 2712 2304 2758 et
2334 2704 2693 2760 inenarrabile
2722 2707 2920 2761 mentis
2957 2708 3155 2763 intuitu
3178 2750 3192 2774 ,
3232 2718 3286 2765 et
3327 2712 3557 2769 sinceris

1974 2793 2100 2850 fidei
2143 2796 2315 2851 oculis
2354 2811 2451 2865 pro
2496 2797 2637 2852 scire
2682 2804 2736 2851 et
2775 2813 2962 2867 posse,
3006 2800 3149 2869 quod
3180 2800 3314 2854 mihi
3346 2801 3558 2859 tantillo

1974 2886 2214 2957 dignaris
2266 2888 2483 2960 largiri,
2537 2890 2911 2960 comtemplor.
2940 2889 3191 2961 Nunquid
3242 2892 3387 2947 enim
3439 2893 3560 2948 duae

1972 2979 2167 3035 breves
2210 2980 2430 3051 syllabae
2470 2990 2527 3036 tu
2572 2982 2714 3037 Deus
2742 2992 2929 3039 noster
2953 2986 3050 3041 es?
3081 2992 3174 3039 aut
3202 2985 3336 3041 duas
3364 2986 3558 3042 breves

1974 3073 2211 3144 syllabas
2240 3074 2549 3141 adoramus,
2578 3076 2664 3131 vel
2692 3076 2762 3131 ad
2789 3078 2924 3133 duas
2952 3077 3145 3135 breves
3172 3079 3409 3149 syllabas
3437 3093 3559 3151 pero

1973 3166 2161 3222 venire
2196 3167 2600 3233 desideramus,
2633 3184 2753 3239 quae
2788 3183 2927 3239 pene
2957 3180 3084 3226 ante
3114 3170 3367 3226 desinunt
3392 3186 3560 3227 sonao

1975 3278 2035 3318 re
2077 3278 2239 3333 quam
2267 3270 2583 3333 coeperunt;
2614 3278 2717 3318 nec
2750 3262 2806 3316 in
2857 3264 2937 3318 eis
2967 3264 3218 3333 secunda;
3259 3263 3410 3319 locus
3440 3273 3557 3331 est,

1973 3356 2081 3412 nisi
2128 3357 2302 3427 prima
2347 3365 2472 3411 ante
2518 3356 2837 3411 transierit?
2866 3355 3046 3412 Manet
3078 3357 3276 3428 quippe
3305 3371 3561 3429 magnum

1976 3448 2213 3519 aliquid,
2244 3458 2299 3505 et
2348 3465 2477 3505 vere
2525 3464 2842 3520 summeque
2883 3458 2999 3515 est,
3032 3450 3176 3521 quod
3218 3451 3562 3520 incompara-

1973 3540 2082 3595 bile
2101 3550 2155 3595 et
2176 3540 2417 3595 omnium
2442 3540 2998 3611 praecellentissimum
3020 3581 3036 3605 ,
3058 3542 3374 3611 cunctisque
3394 3541 3562 3612 388

1976 3629 2396 3685 dissimillimum
2422 3669 2437 3694 ,
2487 3629 2630 3698 quod
2674 3628 2873 3684 dicitur
2918 3629 3104 3694 Deus;
3152 3630 3400 3700 quamvis
3450 3644 3559 3684 non

1978 3729 2196 3774 maneat
2223 3735 2389 3775 sonus
2418 3735 2539 3775 cum
2577 3719 2776 3773 dicitur
2821 3720 2983 3776 Deus.
3027 3722 3226 3776 Verum
3266 3721 3393 3791 quia
3430 3735 3563 3776 caro

1980 3812 2153 3867 nescit
2180 3810 2461 3881 spiritum,
2489 3818 2544 3864 et
2582 3810 2874 3865 invisibilia
2914 3828 2944 3865 a
2986 3810 3288 3866 visibilibus
3328 3827 3436 3867 non
3482 3812 3565 3866 vi-

1979 3905 2176 3960 dentur
2206 3903 2224 3971 (
2246 3919 2339 3973 per
2360 3902 2518 3972 ﬁdem
2542 3903 2678 3956 enim
2703 3901 3031 3956 ambulamus
3048 3942 3063 3967 ,
3094 3918 3198 3956 non
3222 3918 3315 3972 per
3339 3902 3562 3971 speciem

1981 3995 2086 4070 [II
2114 3994 2236 4050 Cor.
2264 4010 2317 4060 v,
2349 3993 2465 4066 7])
2493 4011 2507 4060 ;
2546 3994 2795 4048 humana:
2827 4002 2901 4059 tu,
2953 3993 3094 4047 Deus
3143 4003 3348 4059 noster,
3400 3992 3562 4048 nimis

1979 4090 2153 4145 bonus
2195 4097 2249 4144 et
2292 4089 2446 4159 pius,
2494 4088 2787 4144 consulens
2835 4086 3173 4153 inﬁrmitati,
3224 4087 3463 4160 dignaris
3510 4096 3566 4143 te

1980 4184 2137 4240 nobis
2165 4184 2439 4238 insinuare
2460 4223 2475 4249 ,
2506 4198 2614 4238 non
2649 4190 2740 4236 tua
2773 4182 3135 4253 proprietate,
3168 4181 3263 4236 sed
3292 4181 3395 4235 alia
3425 4197 3564 4251 qua-

1982 4276 2105 4331 dam
2152 4275 2517 4331 similitudine.
2571 4273 2723 4329 Unde
2772 4283 2828 4328 et
2879 4280 3189 4329 nostrorum
3244 4271 3562 4342 qualitatem

1982 4365 2346 4421 membrorum
2387 4365 2586 4420 habere
2625 4364 2980 4430 describeris,
3026 4363 3210 4419 volens
3250 4363 3563 4434 passionum

1983 4458 2204 4528 indigna
2233 4458 2298 4513 de
2326 4466 2379 4512 te
2407 4457 2525 4527 ipso
2555 4457 2622 4511 ad
2647 4456 2749 4511 hoc
2773 4455 3004 4527 proferri
3025 4496 3039 4520 ,
3074 4465 3132 4511 ut
3160 4455 3285 4526 quia
3315 4455 3455 4511 sicut
3481 4469 3561 4521 es,

1986 4561 2036 4607 te
2066 4550 2350 4621 nequimus
2391 4551 2532 4605 scire
2562 4549 2614 4603 in
2646 4548 2900 4618 praesenti
2944 4548 3196 4614 miseria,
3237 4563 3334 4618 per
3379 4554 3565 4603 nostra

1988 4643 2055 4697 ad
2086 4652 2174 4697 tua
2208 4658 2306 4697 nos
2337 4642 2554 4706 trahas;
2585 4648 2639 4694 et
2664 4655 2784 4703 nos,
2817 4639 2941 4693 dum
2971 4638 3356 4693 condescendis
3385 4637 3561 4703 nobis,

1987 4734 2197 4790 facilius
2221 4747 2611 4804 consurgamus
2635 4731 2749 4785 tibi.
2778 4729 2957 4784 Multis
2981 4730 3246 4800 siquidem
3288 4730 3462 4786 modis
3495 4730 3564 4785 ad

1986 4824 2396 4898 significandum
2428 4832 2480 4878 te
2514 4822 2822 4877 hominibus
2846 4860 2860 4885 ,
2904 4821 2971 4875 de
3018 4822 3180 4875 rebus
3212 4820 3562 4876 inferioribus

1984 4917 2050 4972 ad
2080 4926 2132 4972 te
2161 4916 2368 4987 species
2396 4915 2564 4976 ducis,
2590 4929 2749 4983 quem
2776 4927 2965 4968 revera
2987 4912 3138 4982 juxta
3166 4914 3439 4984 propriam
3466 4930 3564 4968 na-

1981 5017 2185 5073 turam,
2219 5006 2542 5061 iuvisibilem
2571 5014 2781 5060 constat
2807 5019 2949 5070 esse,
2973 5014 3029 5059 et
3050 5007 3420 5075 incorporeum
3440 5046 3455 5071 ,
3485 5006 3566 5060 in-

1986 5098 2522 5169 comprehensibilem
2565 5106 2725 5167 atque
2762 5099 3325 5169 incircumscriptum;
3365 5114 3428 5152 ac
3467 5113 3566 5168 per

1988 5194 2093 5248 hoc
2122 5206 2395 5262 nunquam
2424 5190 2582 5245 alicui
2614 5192 2928 5261 apparuisse
2952 5192 3247 5247 secundum
3288 5190 3563 5259 propriam

1985 5287 2311 5350 essentiam,
2334 5286 2426 5341 sed
2454 5284 2627 5340 modis
2652 5285 2848 5355 quibus
2868 5284 3082 5339 voluisti
3109 5298 3205 5352 per
3232 5294 3562 5352 assumptam

1986 5393 2358 5438 creaturarum
2386 5381 2619 5449 speciem
2651 5379 2716 5433 ad
2743 5378 3057 5434 etlicientias
3086 5393 3390 5433 causarum.

2057 5477 2148 5532 XI.
2189 5476 2468 5531 Falluntur
2492 5476 2671 5546 itaque
2698 5473 3426 5543 Anthropomorphositarum
3453 5472 3564 5527 baro

1985 5583 2169 5626 reseas
2195 5576 2505 5631 sectatores,
2537 5566 2627 5636 qui
2657 5565 2782 5620 dum
2814 5565 2995 5635 legunt
3022 5563 3293 5619 hominem
3323 5562 3389 5617 ad
3421 5562 3561 5617 ima-

1987 5662 2169 5734 ginem
2194 5668 2250 5716 et
2275 5656 2680 5716 similitudinem
2711 5655 2804 5709 Dei
2836 5653 3034 5709 factum
3054 5694 3067 5719 ,
3100 5661 3349 5708 asserunt
3396 5651 3566 5709 stulta

1989 5756 2322 5817 temeritate,
2356 5760 2407 5806 te
2439 5750 2675 5820 speciem
2705 5748 2996 5802 humanam
3037 5745 3275 5808 habere;
3306 5758 3429 5800 cum
3472 5742 3565 5800 illo

1987 5849 2187 5908 inloco
2210 5845 2448 5907 credatis
2475 5850 2711 5903 mentem
2726 5880 2743 5911 ,
2773 5856 2881 5899 non
2904 5855 3122 5899 carnem
3142 5878 3158 5904 ,
3183 5839 3252 5896 ad
3276 5838 3564 5912 imaginem
