4038 6354
511 313 650 375 ίθεε
673 333 689 360 .-
1289 365 1302 370 ,
1326 311 1394 370 Β..
1426 315 1488 370 r.
1529 304 1756 376 mm
1794 297 2240 383 .SEU-ALCUI.NI
2278 308 2563 388 03158111}!
2585 305 2800 392 ἓξὲξ,
2819 297 2954 395 ξωιτ
2985 389 2998 394 -
3028 346 3084 396 ,
3626 303 3777 386 ίρέιβ

507 439 670 492 tuam
689 424 921 488 creasse.
953 432 1242 490 Enimvero
1270 430 1425 488 nihil
1446 429 1666 499 dignum
1701 427 1974 488 humanus
2012 424 2079 494 d9
2103 424 2158 491 Δ
2179 427 2297 498 ipsa
2338 425 2706 503 Qonfessione.
2733 423 2884 507 illata
2927 428 3094 508 sum;
3135 419 3418 498 scripturn.
3445 427 3530 488 eet
3561 421 3723 490 enim
3754 436 3771 472 ε

509 537 566 584 te
599 527 836 597 loquitur
871 541 1083 590 sermo,
1115 526 1244 596 quia
1283 539 1386 578 nec
1427 521 1730 578 secundum
1770 519 2084 590 qualitatem
2117 571 2119 574 ,
2186 517 2352 589 Super
2379 535 2525 574 senes
2557 515 2791 595 intellexi
2815 513 2842 596 .(
2865 511 3016 600 Ptol.
3045 507 3370 600 ext'iit,"l00
3390 513 3436 588 _).
3567 511 3570 513 ’

508 623 604 673 aut
623 617 1011 688 quantitatem,
1031 616 1198 671 situm
1226 614 1311 669 vel
1337 613 1580 668 habitum
1597 651 1612 676 ,
1633 625 1731 666 seu
1756 617 1962 666 motum
1987 608 2086 672 ali-
2251 608 2386 682 XIII.
2423 609 2659 678 Domine.
2681 606 2826 688 Deus
2858 599 3064 672 nostin,
3100 599 3244 678 Dens
3280 601 3437 678 vivus
3473 608 3528 661 et
3563 611 3730 686 verus
3753 615 3806 682 ,'

507 710 640 782 quid
663 709 824 780 digne
855 709 1087 764 dicitur:
1118 716 1176 762 et
1203 715 1386 762 tamen
1415 705 1667 770 latitudo,
1696 711 1752 760 et
1783 691 2081 773 longitudo,
2107 743 2112 747 .
2184 701 2285 758 nisi
2325 709 2383 774 tu
2415 701 2591 772 trinus
2623 714 2774 756 esses
2798 741 2816 765 ,
2849 714 2959 756 non
2995 691 3266 767 diceretur
3297 697 3428 766 voce
3462 695 3725 764 Veritatis
3755 718 3774 754 :
3837 743 3842 748 .

507 801 763 866 altitudo,
791 810 848 855 et
875 798 1216 869 profunditas
1249 798 1345 852 tibi
1373 795 1770 867 quodammodo
1799 793 1979 854 inesse
2007 793 2084 847 le—
2184 791 2294 864 Ite,
2324 791 2586 864 baptizate
2615 808 2790 848 omnes
2817 799 2992 863 gentes
3025 791 3080 856 in
3115 788 3321 862 nomine
3350 785 3560 856 Patris,
3591 799 3643 844 et
3677 788 3804 856 Fi-'

505 902 668 974 gitur.
693 900 801 955 Sed
831 899 1058 954 latitudo
1081 898 1299 968 quidem
1329 895 1634 959 charitatis,
1659 909 1764 964 qua
1796 871 2085 950 nosaber—
2183 883 2274 950 ιὶἱ,
2321 893 2370 942 et
2426 882 2650 956 Spiritus
2690 883 2868 974 sancti
2908 883 2926 953 (
2950 881 3141 974 Ηωξιι.
3173 898 3378 974 {XVIII}
3408 881 3475 944 19
3495 880 3804 974 )aNeque'

507 1008 629 1048 rere
653 993 883 1064 colligis,
905 1000 958 1045 et
983 991 1232 1047 contines
1259 991 1313 1044 in
1342 988 1606 1044 veritate:
1633 987 1904 1058 longitudo
1931 1000 2080 1051 vero,

504 1099 612 1155 qua
648 1099 746 1138 nos
774 1083 1154 1154 longanimiter
1185 1080 1354 1134 malos
1383 1089 1599 1149 portas,
1630 1079 1800 1134 donec
1829 1079 2084 1132 emenda-

503 1187 589 1234 tos
635 1177 828 1232 futurae
873 1176 1061 1245 patrita
1108 1173 1405 1229 restituas:
1451 1171 1676 1234 altitudo
1719 1178 1924 1234 autem,
1975 1185 2082 1240 qua

502 1282 718 1323 omnem
748 1281 967 1320 sensum
993 1273 1048 1317 et
1074 1264 1348 1318 hominum
1374 1270 1430 1316 et
1452 1261 1764 1330 angelorum
1801 1261 2084 1316 immensi-

504 1367 616 1420 tate
641 1357 880 1412 scientia:
906 1355 1288 1425 superexcellis
1313 1372 1326 1407 :
1351 1353 1687 1423 profunditas
1713 1368 1947 1423 quoque,
1975 1369 2080 1424 qua

503 1449 840 1506 damnandos
867 1446 1090 1502 inferius
1112 1446 1266 1517 juxta
1294 1445 1604 1516 aequitatem
1631 1444 1890 1514 disponis,
1920 1453 2082 1514 atque

505 1548 653 1596 recto
672 1538 877 1607 judicio
896 1535 1066 1592 Judex
1087 1535 1264 1606 justus
1285 1535 1634 1604 praeordinas.
1665 1533 1892 1590 Omnem
1917 1534 2082 1605 igitur

501 1635 941 1706 supergrediatur
969 1641 1273 1688 creaturam
1294 1671 1310 1696 ,
1340 1637 1395 1684 et
1423 1629 1621 1684 mentis
1657 1627 1912 1682 intuitum
1939 1625 2080 1680 ultra

501 1728 684 1784 omnia
713 1726 940 1797 dirigat,
973 1724 1064 1794 qui
1094 1722 1294 1792 aliquid
1322 1721 1552 1776 voluerit
1580 1721 1647 1776 de
1678 1727 1770 1774 tua
1794 1717 2079 1788 prmlibare

499 1917 686 1988 procul
727 1917 935 1986 positus
961 1931 992 1969 a
1019 1915 1260 1970 vanitate
1279 1955 1293 1978 ,
1325 1913 1533 1983 plenius
1573 1912 1628 1967 in
1668 1911 1900 1968 veritate
1921 1918 2078 1967 tene-

500 2016 605 2071 tur,
640 2008 856 2078 quando
886 2007 939 2061 in
968 2005 1130 2060 corde
1167 2004 1280 2073 ejus
1309 2005 1571 2074 quidquid
1609 2011 1694 2059 est
1733 2003 1906 2069 Deus,
1950 2004 2093 2059 reli-.

500 1829 858 1899 proprietate,
891 1839 1101 1880 summa
1133 1823 1226 1877 Dei
1255 1822 1489 1877 bonitas.
1539 1821 1690 1876 Tunc
1729 1820 1876 1875 enim
1917 1821 2078 1876 homo
2108 1820 2148 1850 ’ξ

2183 975 2328 1032 enim
2376 974 2642 1051 baptizari
2679 967 3016 1044 juberemur,
3058 972 3287 1028 Domine
3330 970 3507 1040 Deus,
3552 973 3608 1026 in
3650 973 3804 1042 ejus.

2183 1066 2400 1124 nomine
2424 1066 2516 1138 qui
2539 1081 2650 1122 non
2674 1073 2818 1122 esset
2841 1064 3101 1119 Dominus
3125 1061 3287 1118 Deus.
3321 1061 3383 1130 Et
3415 1061 3632 1134 rursum
3665 1063 3778 1118 nisi

2185 1167 2238 1212 tu
2265 1141 2506 1214 Trinitas
2525 1173 2665 1214 unus
2683 1157 2870 1228 procul
2891 1155 3051 1212 dubio
3072 1156 3214 1214 Deus
3233 1169 3398 1222 esses,
3423 1170 3776 1234 nequaquam

2181 1251 2454 1308 diceretur
2503 1265 2636 1316 voce
2685 1259 2816 1310 tua:
2873 1250 3012 1304 Audi
3059 1247 3265 1320 Israel,
3317 1247 3579 1306 Dominus
3627 1247 3774 1303 Deus

2181 1350 2336 1410 tuus,
2368 1340 2509 1402 Deus
2535 1357 2670 1397 unus
2701 1351 2776 1397 est
2810 1340 2987 1414 (Deut.
3014 1356 3067 1394 vi
3086 1380 3101 1406 ,
3126 1339 3203 1412 4).
3233 1339 3374 1412 Ergo
3402 1339 3506 1404 nisi
3540 1348 3595 1412 tu
3629 1338 3778 1400 Deus

2179 1431 2344 1488 Pater
2377 1432 2524 1505 ipse,
2559 1441 2615 1490 et
2647 1432 2816 1500 Filius
2851 1433 3085 1490 Verbum
3122 1441 3272 1500 tuum
3317 1429 3474 1504 Iesus
3520 1429 3794 1489 Christus.

2182 1523 2297 1596 ipse
2323 1532 2501 1588 esset,
2532 1533 2588 1578 et
2612 1524 2810 1586 donum
2839 1531 3075 1590 vestrum
3121 1522 3354 1596 Spiritus
3394 1531 3616 1598 sanctus
3661 1524 3776 1594 ipse

2182 1622 2353 1680 esset,
2380 1630 2485 1698 non
2515 1615 2816 1692 legeremus
2840 1614 2893 1670 in
2920 1614 3115 1670 litteris
3141 1614 3387 1680 veritatis
3413 1633 3425 1667 :
3455 1611 3607 1668 Misit
3629 1613 3776 1682 Deut

2184 1705 2386 1762 Filium
2413 1724 2567 1782 situm
2597 1707 2616 1782 (
2637 1705 2756 1762 Gal.
2787 1723 2864 1774 xv,
2891 1705 2925 1762 4
3020 1705 3130 1778 Nec
3159 1715 3218 1768 tu,
3245 1707 3536 1784 Unigenite
3563 1707 3776 1765 diceres

2184 1801 2251 1862 de
2277 1801 2481 1870 Spiritu
2509 1811 2696 1858 sancto
2721 1820 2733 1856 :
2769 1799 2934 1870 Quem
2961 1804 3123 1862 mittet
3155 1802 3316 1876 Pater
3340 1804 3395 1859 in
3420 1805 3634 1882 nomine
3661 1823 3774 1862 meo

2185 1890 2385 1966 (Joan.
2415 1910 2528 1961 xiv,
2557 1893 2664 1964 26)
2693 1912 2707 1961 ;
2736 1903 2792 1972 et
2816 1913 2827 1948 :
2863 1893 3029 1961 Quem
3054 1910 3149 1966 ego
3177 1897 3382 1970 mittam
3412 1887 3560 1954 vobis
3591 1916 3625 1968 ᾳ
3659 1895 3771 1952 Pa-

2182 1994 2260 2040 tre
2289 1983 2468 2057 (Joan.
2499 2002 2590 2052 xv,
2617 1985 2686 2042 26
2709 1985 2727 2060 )
2753 2003 2768 2060 ;
2799 1995 2854 2042 et
2879 1987 3007 2052 alibi
3034 2007 3046 2041 :
3080 1988 3194 2064 Ego
3223 1999 3274 2048 et
3303 1988 3463 2065 Bater
3488 2006 3658 2056 unum
3686 2008 3776 2046 sn-

499 2100 621 2169 quis
648 2075 860 2155 cunctis
886 2099 954 2153 ab
984 2097 1183 2150 intuitu
1212 2095 1432 2150 dimotis
1459 2095 1686 2166 paciﬁco
1705 2135 1720 2161 ,
1751 2103 1807 2148 et
1843 2095 1932 2165 pie
1960 2109 2095 2150 cre-=
2183 2094 2298 2152 ηιμε
2322 2075 2714 2169 (lem-1:50);
2742 2085 2797 2138 εί
2821 2095 2835 2132 ί
2868 2075 2970 2142 Qui
2996 2078 3130 2169 ι’ίίέετ
3153 2095 3258 2152 τῃεν
3280 2079 3415 2148 υίάει
3441 2088 3490 2134 ετ
3515 2077 3736 2169 Pium"
3754 2096 3772 2131 -'

499 2165 646 2246 ditur
671 2197 726 2244 et
753 2195 942 2244 sancte
968 2189 1256 2258 cogitatur.
1289 2186 1396 2241 Sed
1425 2165 1552 2241 licet
1583 2202 1744 2242 nemo
1770 2187 1873 2250 sit,
1904 2186 1996 2256 qui
2027 2193 2075 2240 te

2181 2185 2274 2240 ego
2299 2169 2356 2223 in
2385 2166 2546 2223 Patre
2569 2178 2614 2224 et
2643 2165 2806 2222 Pater
2827 2170 2880 2223 in
2905 2187 2984 2228 me
3016 2167 3196 2242 (Ιοᾳιι.
3218 2186 3330 2236 xiv,
3355 2171 3409 2240 9)
3437 2187 3451 2236 ;
3477 2179 3534 2225 et
3562 2190 3575 2224 :
3609 2168 3774 2226 Pater

500 2283 556 2337 in
581 2283 692 2337 hac
717 2280 963 2336 convalle
988 2280 1348 2350 lacrymarnm
1387 2280 1565 2333 valeat
1603 2279 1894 2335 efﬁcaciter
1932 2295 2082 2336 com-
2181 2257 2363 2350 iam?
2393 2274 2643 2350 inungi”:
2675 2257 2946 2350 ίρδθϊαεῖε
2985 2275 3141 2338 οΡενέι
3177 2259 3360 2340 Umm-
3387 2277 3444 2350 νγ
3472 2257 3596 2328 10)-
3629 2259 3772 2328 Quid

499 2373 833 2442 prehendere
867 2371 944 2427 vel
973 2347 1224 2434 delinire,
1271 2385 1522 2441 magnum
1562 2377 1741 2426 tamen
1785 2378 1840 2426 et
1880 2373 2079 2426 mirum
2181 2347 2326 2402 enim
2351 2347 2436 2404 his
2461 2349 2640 2442 Ve'fhi,‘
2666 2349 2807 2412 aliud
2837 2350 2941 2406 ηίδί
2970 2351 3168 2420 “illum
3197 2361 3252 2420 ει
3277 2347 3442 2422 unum
3475 2352 3645 2410 Deum
3679 2355 3774 2410 ἀο-

499 2440 658 2519 valde
704 2471 905 2519 nostra:
946 2464 1093 2519 :etati
1139 2462 1324 2517 datum
1364 2440 1449 2517 est
1485 2462 1627 2516 scire
1656 2462 1722 2517 de
1769 2471 1822 2518 te
1868 2474 2075 2520 summa

2181 2452 2273 2513 ces
2301 2453 2401 2494 nos
2427 2440 2676 2514 credere,
2709 2449 2768 2514 tu
2797 2443 3059 2512 magister
3089 2445 3371 2532 veriiatis,
3402 2444 3456 2514 in
3489 2445 3645 2516 cujus
3675 2462 3771 2518 pe-

499 2558 672 2623 bono,
700 2565 792 2611 tua
819 2555 1073 2611 nimirum
1103 2556 1256 2610 nobis
1285 2556 1458 2626 gratia
1487 2554 1779 2611 revelante.

567 2658 680 2714 XI].
717 2657 848 2724 Quis
878 2665 1004 2712 ante
1037 2671 1171 2722 nos,
1199 2657 1253 2712 in
1293 2673 1430 2729 quos
1469 2657 1603 2711 ﬁnes
1633 2655 1951 2712 saeculorum
1985 2656 2086 2710 de—’

496 2756 792 2814 venerunt,
835 2749 960 2803 talia
1007 2755 1062 2803 et
1089 2749 1167 2803 sic
1214 2746 1500 2803 manifesta
1542 2747 1728 2802 audire
1774 2746 1951 2820 potuit
1993 2747 2080 2802 vel

497 2851 823 2912 cognoscere
850 2839 917 2895 de
944 2838 1213 2894 Trinitate
1240 2845 1294 2893 et
1332 2837 1582 2904 Unitate,
1629 2839 1694 2893 de
1735 2837 1980 2909 personis
2023 2845 2080 2894 et

496 2930 840 2987 substantia?
879 2929 946 2984 de
986 2937 1042 2984 te
1083 2930 1298 3000 quidem
1319 2971 1334 2996 ,
1363 2929 1528 2984 Pater
1556 2928 1726 2993 Deus,
1760 2930 1902 2999 quod
1943 2930 2018 2984 sis
2045 2944 2078 2983 a

496 3025 674 3091 nullo,
703 3033 758 3080 et
786 3025 908 3094 ideo
939 3024 1209 3096 ingenitus
1234 3023 1431 3079 dicaris
1455 3039 1470 3089 ;
1499 3024 1565 3078 de
1589 3022 1728 3077 Filio
1753 3030 1934 3077 autem
1961 3030 2075 3087 tuo,

2085 2593 2088 2596 λ
2181 2537 2332 2605 ctare
2377 2533 2642 2608 reconditi
2689 2544 2816 2590 sunt
2861 2550 3052 2616 omnes
3098 2537 3342 2616 thesauri
3389 2533 3772 2608 sapientite'et

2181 2625 2466 2700 scientiae?
2498 2627 2640 2705 Dicis
2669 2643 2929 2708 quoque:
2968 2629 3088 2704 Mea
3123 2633 3363 2708 doctrina
3402 2652 3507 2706 non
3541 2646 3618 2700 est
3653 2653 3769 2694 mea

2183 2713 2366 2790 (Joan.
2395 2733 2508 2794 vn,
2540 2718 2644 2798 16)
2672 2736 2686 2798 ;
2715 2707 2805 2786 et:
2842 2720 3146 2778 Sermonem
3166 2766 3180 2788 ,
3213 2707 3364 2797 quem
3388 2727 3632 2792 audistis,
3663 2719 3770 2786 non

2185 2817 2262 2902 est
2294 2825 2437 2902 mea;
2470 2808 2650 2902 (Iacet.
2676 2828 2788 2892 xiv,
2821 2813 2932 2886 24).
2951 2813 3070 2898 Βθε
3099 2816 3265 2884 mira!
3299 2815 3416 2902 Die,
3447 2835 3603 2902 rogo,
3635 2815 3772 2878 Ver?

2179 2898 2306 2973 bum
2345 2897 2542 2975 Patris.
2582 2901 2888 2984 Responde,
2929 2896 3144 2980 quaeso,
3180 2906 3350 2982 virtus
3396 2893 3453 2964 et
3499 2893 3767 2982 sapientia

2184 2993 2383 3068 summi
2409 2993 2692 3072 principii,
2725 2997 2819 3052 sed
2859 3004 2914 3052 tu
2953 2996 3067 3076 ipse
3096 2998 3422 3074 principium
3462 3001 3530 3072 de
3565 3003 3768 3074 princi-

496 3113 621 3188 quia
645 3087 857 3188 genitus
879 3123 935 3171 et
962 3087 1072 3170 avte
1099 3113 1197 3179 sit,
1222 3129 1328 3168 non
1352 3130 1382 3167 a
1409 3087 1579 3178 se,~'de
1605 3112 1808 3183 Spiritu
1834 3128 2071 3183 namque

2177 3087 2308 3158 pio;
2337 3102 2446 3163 non
2471 3088 2578 3164 duo
2601 3089 2868 3172 principia
2890 3131 2904 3156 ,
2934 3093 3027 3172 sed
3051 3107 3216 3170 unum
3244 3103 3391 3166 perte
3413 3087 3762 3174 principium;

496 3181 715 3273 sancto,
746 3208 874 3279 quia
900 3207 1200 3278 procedens
1219 3247 1234 3272 ,
1261 3214 1317 3260 et
1345 3221 1376 3260 a
1404 3221 1463 3260 se
1489 3221 1599 3259 non
1627 3181 1731 3271 sit,
1764 3206 1858 3260 sed
1887 3221 1918 3259 a
2027 3213 2083 3260 et
2105 3181 2148 3208 ﬁ
2179 3181 2310 3279 Pici
2334 3181 2580 3279 _Yel'buiﬂ
2611 3197 2846 3279 θεωρεῖ.
2858 3198 3086 3279 [ligneas
3105 3225 3119 3252 .
3160 3185 3294 3262 doce
3326 3202 3545 3272 39min;
3581 3189 3766 3262 humi-

495 3297 669 3364 Filio,
717 3313 947 3369 quorum
990 3305 1075 3352 est
1122 3296 1377 3366 Spiritus.
1399 3295 1478 3350 Ita
1517 3302 1696 3360 tenus,
1738 3303 1797 3350 ut
1840 3295 1982 3350 sicut
2023 3303 2081 3349 tu

492 3389 658 3458 Pater
698 3404 800 3445 nec
839 3389 1083 3460 genitus,
1129 3401 1231 3443 nec
1272 3387 1572 3458 procedens
1615 3387 1720 3442 dici
1760 3396 1950 3457 potes;
2001 3385 2081 3443 sic

499 3487 670 3544 Filius
698 3503 797 3544 nec
837 3487 1140 3558 ingenitus,
1185 3500 1288 3542 nec
1331 3481 1671 3558 procedens;
1719 3485 1800 3541 sic
1844 3483 2080 3557 Spiritus

499 3587 720 3635 sanctus
760 3593 861 3634 nec
903 3578 1203 3649 ingenitus,
1249 3592 1350 3633 nec
1393 3579 1607 3649 genitus
1653 3577 1761 3632 dici
1807 3577 2075 3632 debeant:

496 3671 752 3744 quatinus
791 3683 1148 3740 personarum
1194 3669 1495 3740 proprietas
1544 3675 1600 3724 te
1648 3684 1814 3722 unum
1859 3665 2078 3724 Patrem

498 3770 659 3826 simul
695 3785 819 3826 cum
856 3784 967 3824 uno
1003 3767 1173 3834 Filio,
1206 3777 1262 3822 et
1299 3784 1407 3823 uno
1445 3777 1637 3824 sancto
1676 3767 1882 3840 Spiritu
1922 3769 2077 3825 nobis

493 3874 744 3939 patenter
767 3866 1032 3922 ostendat.
1062 3862 1192 3930 Quis
1215 3863 1485 3934 prioribus
1511 3865 1721 3919 saeculis
1749 3865 1803 3918 in
1835 3873 1886 3918 te
1910 3878 2077 3918 unum

495 3957 714 4013 credere
755 3957 959 4016 Deum,
1003 3963 1057 4012 et
1100 3964 1151 4010 te
1189 3955 1431 4010 confiteri
1477 3956 1712 4024 trinum,
1742 3971 1916 4026 neque
1945 3957 2072 4011 sub.

495 4051 750 4106 stantiam
779 4065 1064 4121 separans,
1099 4064 1273 4119 neque
1303 4065 1562 4120 personas
1591 4049 1928 4106 confundens
1948 4092 1962 4116 ,
1994 4051 2073 4106 sic

494 4149 786 4220 prudenter
817 4149 1108 4218 intellexit,
1141 4150 1220 4205 sic
1247 4149 1422 4222 palam
1461 4151 1674 4220 sapuit,
1721 4153 1907 4222 sicque
1945 4163 2074 4208 vere

496 4242 786 4312 cognovit?
812 4241 980 4296 Filius
1009 4259 1138 4298 sane
1168 4251 1290 4310 tuus
1331 4245 1528 4299 missus
1568 4245 1634 4298 ad
1676 4245 1946 4316 publicum
1977 4261 2072 4301 no-

496 4340 664 4390 strum
691 4333 756 4386 de
781 4334 900 4386 sinu
929 4342 1019 4386 tuo
1058 4333 1195 4386 hanc
1243 4343 1402 4387 rectm
1428 4334 1550 4389 ﬁdei
1581 4351 1822 4390 normam
1851 4336 2068 4390 eviden-

493 4422 600 4476 tius
626 4421 749 4477 huic
773 4422 972 4475 ultimzc
998 4420 1249 4494 patefecit
1273 4425 1438 4476 aetati.
1465 4424 1788 4494 Priusquam
1810 4434 2069 4482 creatura:

493 4522 807 4578 ostenderes
853 4521 1196 4588 Creatorem,
1248 4522 1300 4576 in
1352 4523 1462 4577 sola
1513 4535 1670 4580 notus
1717 4543 1838 4582 eras
1883 4527 2067 4584 Judaea

493 4613 669 4678 Deus,
700 4620 755 4667 et
782 4611 836 4667 in
865 4611 1029 4666 Israel
1059 4612 1238 4682 magni
1269 4614 1502 4666 nominis
1535 4614 1607 4666 tui
1640 4613 1780 4670 fama
1813 4626 1864 4671 et
1893 4619 2068 4674 cultus

491 4704 844 4770 audiebatur;
888 4702 982 4759 sed
1023 4703 1262 4772 nunquid
1303 4703 1382 4759 sic
1425 4703 1658 4774 liquido,
1691 4715 1782 4760 aut
1825 4717 2064 4770 tantum,

465 4803 749 4870 quantum
779 4796 916 4866 apud
946 4810 1043 4852 nos
1067 4794 1168 4850 sub
1192 4796 1362 4866 gratia
1393 4796 1758 4852 constitutos?
1788 4798 1864 4854 De
1891 4800 2067 4855 Trini-

489 4904 602 4966 tate
628 4910 758 4952 vero
786 4893 1055 4950 individua
1087 4908 1277 4962 parum
1305 4893 1433 4964 quid
1471 4894 1729 4964 perpauci
1769 4904 1899 4968 tunc
1939 4912 2064 4950 sen-

489 5001 697 5050 serunt.
735 4992 1125 5064 Legislatorum
1169 4994 1312 5048 enim
1349 4991 1440 5048 tilii
1460 5035 1475 5059 ,
1508 4995 1638 5064 quid
1666 4995 1733 5051 de
1761 5013 1865 5050 una
1890 4999 2067 5054 Trini-

489 5093 631 5152 tate,
659 5084 743 5140 vel
772 5087 912 5139 trina
943 5086 1149 5139 unitate
1179 5084 1320 5138 scire
1345 5084 1604 5150 debeant,
1639 5088 1799 5158 digna
1832 5090 2063 5158 perculsi

490 5177 732 5234 caecitate
761 5179 936 5232 adhuc
961 5177 1246 5247 ignorant;
1278 5177 1421 5232 aliud
1451 5187 1648 5247 praeter
1687 5196 1853 5234 unum
1897 5182 2062 5237 Deum

488 5268 734 5326 confiteri
763 5271 942 5324 miseri
973 5269 1244 5334 nolentes,
1267 5277 1321 5322 et
1349 5270 1648 5340 garrientes
1678 5271 1730 5325 in
1757 5288 1855 5328 nos
1883 5263 2063 5330 verbis

455 5413 458 5416 .
490 5362 772 5435 malignis,
813 5363 938 5424 dum
975 5363 1172 5418 dicitur
1209 5369 1262 5417 te
1293 5361 1493 5418 habere
1531 5363 1745 5418 Filium.
1777 5365 1940 5420 Nobis
1970 5382 2066 5420 au—

493 5462 631 5521 tem,
661 5455 752 5526 qui
780 5470 846 5511 ex
875 5455 1126 5526 gentibus
1154 5453 1429 5519 venimus,
1463 5471 1624 5524 quam
1656 5455 1822 5512 multa
1852 5465 1906 5512 et
1934 5473 2062 5512 vera

448 5607 456 5614 .
491 5555 559 5612 de
584 5555 730 5616 trino
753 5569 967 5625 unoque
994 5555 1103 5610 Deo
1131 5554 1315 5611 datum
1343 5553 1415 5609 sit
1443 5568 1656 5624 sapere,
1686 5555 1916 5624 probant
1937 5571 2061 5622 eor-

491 5648 592 5713 da,
621 5660 743 5719 qua:
769 5649 1026 5717 credunt,
1055 5664 1156 5704 nec
1181 5664 1290 5706 non
1319 5655 1374 5704 et
1400 5661 1516 5714 ora,
1549 5664 1668 5720 quae
1697 5648 2054 5715 conﬁtentur;

449 5765 472 5801 ς,
493 5749 654 5814 atque
675 5739 1024 5805 nihilominus
1043 5739 1248 5814 ilagelia
1278 5740 1396 5818 ipsa
1423 5749 1478 5796 et
1505 5755 1671 5805 mors,
1696 5757 1815 5812 qua:
1835 5755 1936 5812 pro
1958 5741 2060 5808 hac

2179 3270 2304 3344 iiter
2332 3271 2775 3350 interrogantem.
2811 3273 2948 3354 Quid
2978 3274 3124 3330 enim
3155 3283 3265 3352 tam
3293 3284 3435 3348 tpum
3461 3269 3630 3352 qnam
3661 3281 3768 3354 tu?

2179 3361 2287 3417 Sed
2315 3371 2373 3440 tu
2399 3371 2522 3424 tuus
2545 3372 2599 3430 et
2625 3380 2733 3420 non
2760 3351 2907 3434 tuus,
2937 3365 3063 3452 quia
3091 3382 3200 3440 non
3225 3381 3280 3422 es
3303 3381 3332 3442 ε
3363 3377 3413 3438 te
3441 3367 3576 3452 ipso,
3611 3351 3770 3438 sicut

2177 3453 2234 3526 in
2260 3452 2443 3526 multis
2472 3468 2612 3526 saepe
2642 3453 2774 3510 locis
2803 3443 3021 3526 testaris
3041 3497 3055 3519 ,
3088 3458 3183 3513 sed
3219 3472 3249 3532 ξι
3283 3443 3472 3532 Patre,
3500 3458 3659 3530 cujus
3701 3459 3768 3518 es

2177 3542 2413 3602 Verbum
2435 3587 2450 3616 ,
2490 3561 2596 3608 non
2628 3547 2869 3618 sonabile
2903 3564 2999 3618 per
3035 3548 3270 3622 syllabas
3293 3559 3346 3605 et
3383 3547 3631 3620 volatile,
3664 3551 3764 3624 sed

2175 3651 2392 3710 semper
2415 3653 2530 3708 ens,
2559 3638 2746 3693 vivens
2771 3648 2933 3710 atque
2962 3655 3224 3708 manens;
3253 3650 3309 3696 et
3338 3641 3458 3697 ideo
3484 3640 3759 3708 Verbum,

2176 3743 2282 3800 non
2315 3723 2458 3798 quod
2491 3728 2691 3784 desinit
2719 3728 3017 3804 prolaium,
3046 3731 3138 3785 sed
3166 3713 3308 3807 quod
3338 3740 3622 3808 permanet
3657 3749 3762 3808 na~

2174 3827 2326 3886 tum;
2360 3836 2466 3874 non
2495 3820 2896 3888 transitorium,
2927 3819 3022 3876 sed
3050 3806 3311 3876 aeternum
3341 3841 3354 3874 :
3387 3806 3495 3898 non
3529 3806 3756 3890 faetum,

2173 3908 2268 3966 δρᾶ
2293 3909 2560 3990 genitum;
2582 3924 2682 3965 nec
2713 3909 2884 3979 solum
2911 3911 3172 3982 genitum,
3200 3913 3293 3990 sed
3323 3913 3489 3990 etiam
3515 3914 3761 3990 unigeni-

2173 4010 2285 4055 tum
2305 4042 2319 4066 ,
2353 4002 2437 4074 cui
2467 3987 2604 4074 ratio
2632 4003 2784 4068 adest
2809 4003 3146 4078 disponenti,
3174 4014 3229 4060 et
3253 3987 3429 4061 virtus
3453 3987 3653 4078 praesto
3675 4016 3757 4063 est

2169 4095 2493 4168 perﬁcienti,
2544 4104 2603 4172 ut
2631 4105 2753 4170 pote
2781 4113 2910 4172 vero
2939 4097 3050 4154 Deo
3074 4107 3130 4153 et
3159 4115 3371 4154 summo
3399 4081 3645 4174 Domino.

2240 4188 2404 4260 389
2427 4187 2565 4246 XIV.
2597 4187 2672 4243 Te
2699 4189 2894 4262 quippe
2939 4190 3272 4266 unigenitum
3325 4189 3563 4266 verbum
3588 4177 3756 4246 ‘Pater

2169 4269 2354 4353 genuit
2395 4281 2460 4342 de
2488 4295 2546 4336 se
2589 4281 2725 4361 ipso,
2760 4297 2857 4351 per
2891 4284 3031 4361 quod
3059 4284 3239 4354 omnia
3267 4284 3475 4339 creavit
3517 4301 3584 4339 ex
3603 4285 3754 4339 nihi-

2169 4371 2260 4448 lo:
2312 4379 2369 4426 et
2413 4359 2617 4428 idcirco
2659 4359 3028 4444 indubitanter
3050 4375 3340 4442 credimus,
3385 4378 3512 4452 quia
3539 4379 3646 4433 nisi
3673 4386 3753 4442 tu,

2171 4461 2492 4517 omniscium
2535 4471 2590 4518 et
2640 4463 3014 4533 cunctipotens
3067 4465 3341 4530 Verbum,
3391 4463 3536 4522 Deus
3583 4483 3752 4535 esses,

2169 4553 2317 4608 nullo
2345 4551 2504 4607 modo
2542 4567 2639 4623 per
2678 4561 2732 4606 te
2777 4553 2957 4607 omnia
2989 4551 3129 4608 facta
3178 4553 3424 4619 fuissent.
3472 4555 3754 4623 Quomodo

2167 4655 2416 4702 creatura
2460 4661 2645 4702 creare
2687 4644 2888 4715 aliquid
2933 4647 3151 4716 potest?
3196 4645 3395 4702 Creare
3427 4657 3580 4704 certe
3608 4650 3754 4706 solus

2167 4737 2310 4792 Deus
2334 4736 2494 4804 valet,
2527 4737 2620 4807 qui
2647 4746 2860 4792 creatus
2887 4753 2993 4792 non
3023 4746 3126 4793 est.
3156 4738 3297 4794 Nihil
3325 4741 3496 4807 enim,
3525 4731 3752 4814 excepto

2167 4829 2300 4896 Deo,
2328 4845 2432 4884 non
2462 4837 2700 4884 creatum
2731 4838 2835 4885 est.
2877 4828 3032 4884 Absit
3058 4831 3127 4885 ab
3158 4831 3430 4904 intellectu
3458 4845 3670 4902 nostro,
3694 4845 3756 4892 ut

2165 4916 2365 4987 aliquid
2393 4916 2658 4972 fateamur
2693 4935 2759 4974 ex
2788 4917 2946 4990 Patre
2975 4919 3078 4976 nisi
3117 4921 3352 4988 Filium;
3382 4933 3436 4978 et
3482 4925 3606 4982 ideo
3645 4943 3752 4983 non

2165 5009 2265 5063 nisi
2298 5009 2438 5064 Dens
2464 5007 2612 5062 nasci
2647 5009 2820 5077 potuit
2848 5025 2917 5064 ex
2954 5011 3082 5066 Deo.
3125 5011 3280 5068 Unde
3309 5014 3440 5080 mihi
3475 5023 3529 5069 te
3573 5015 3754 5072 Patris

2165 5101 2397 5166 Verbum
2427 5099 2772 5155 considerare
2814 5099 3016 5156 volenti
3061 5101 3204 5157 nulla
3250 5103 3529 5160 sufﬁciunt
3560 5108 3750 5173 verba,

2163 5192 2358 5266 quibus
2395 5200 2447 5245 te
2475 5189 2683 5245 valeam
2715 5189 3006 5262 exillicare.
3045 5191 3273 5260 Quando
3314 5206 3496 5250 autem
3538 5197 3752 5253 abunde

2160 5283 2245 5338 vel
2275 5283 2432 5358 digne
2455 5280 2600 5351 loqui
2619 5280 2851 5351 potero?
2875 5281 3048 5347 Quis?
3070 5283 3135 5339 de
3157 5297 3264 5354 quo
3283 5285 3306 5339 τ
3332 5284 3508 5341 Homo
3529 5288 3596 5342 de
3617 5273 3749 5354 Deo,

2161 5391 2296 5446 opus
2324 5375 2388 5430 de
2406 5373 2626 5444 'opiﬂcc,
2671 5373 2914 5438 mortalis
2940 5373 3005 5429 de
3034 5375 3346 5444 immortali,
3394 5389 3646 5434 creatura
3677 5379 3753 5434 de

2160 5465 2436 5531 Creatore,
2459 5480 2659 5534 parvus
2682 5465 2746 5544 de
2775 5465 3058 5540 immenso,
3087 5467 3398 5538 temporalis
3418 5470 3486 5526 de
3510 5477 3748 5536 aeterno;

2161 5557 2313 5628 cujus
2338 5564 2421 5612 est
2443 5553 2766 5610 venerabilis
2791 5555 3202 5625 omnipotentia,
3232 5569 3336 5629 qua
3369 5576 3470 5616 nos
3507 5561 3748 5634 gratuita

2159 5647 2396 5726 bonitate
2421 5645 2595 5700 fecisti
2623 5662 2634 5698 :
2667 5659 2766 5700 nec
2799 5644 2978 5700 minus
3007 5653 3186 5724 tamen
3215 5647 3596 5706 inenarrabilis
3621 5667 3752 5722 grn—

2161 5741 2254 5807 tia,
2284 5755 2387 5818 qua
2417 5753 2515 5793 nos
2547 5737 3067 5806 omnipotentissima
3094 5739 3465 5801 misericordia
3495 5743 3744 5804 salvasti.
