2019 3177
155 163 226 208 tot:

509 164 584 203 ore.
608 164 722 206 nupta.
741 179 776 185 -
793 163 908 198 ALBlNI
926 162 1114 199 CONFESSIO
1133 163 1233 201 FlDEl.
1250 180 1284 186 -
1298 156 1389 202 rans
1407 161 1428 194 1.

1713 162 1784 205 tota

154 223 207 257 Qui
221 226 249 251 et
258 229 327 258 opus
337 221 477 251 cicatricis
488 221 690 256 omnipotentiae
703 221 787 259 gratis
803 219 902 253 fecisti,
915 222 943 254 et
956 220 982 253 Δ
994 224 1125 253 creatum,
1141 227 1191 256 nec
1207 221 1337 258 genitum,
1350 228 1439 256 neque
1452 221 1610 260 ingenitum,
1627 221 1674 251 sed
1687 228 1722 252 ex
1736 221 1788 252 Pa-

155 277 224 305 opus
238 268 334 305 gratia
353 268 505 296 salvatricis
525 268 725 303 omnipotenter
744 266 881 302 implesti:
897 266 946 292 ba-

153 316 224 351 beus
238 314 365 343 nimirum
380 318 517 349 perpetem
532 318 704 349 potestatem,
719 317 747 341 et
761 311 893 340 condendi
909 311 949 338 in-

157 353 283 394 condita,
297 365 325 390 et
336 360 442 396 perdita
457 360 610 395 reparandi.
634 359 689 387 Nec
702 359 783 394 igitur
798 358 841 386 ille
855 357 949 394 praci-

155 416 226 445 puus
251 407 448 448 theologorum,
464 414 569 440 summa
583 406 742 442 profundius
757 405 861 433 caeteris
874 404 950 439 aqui-

151 453 219 488 linis
233 451 429 493 contemplatus
443 452 582 482 obtutibus
591 471 597 483 ,
623 451 779 485 scriptitans
793 454 929 477 eructarct
941 458 947 475 :

157 498 190 527 In
214 498 342 534 principio
365 501 420 526 erat
452 495 583 534 Verbum,
613 500 638 524 et
670 494 779 523 Verbum
802 499 858 521 erat
880 493 950 528 apud

157 544 252 576 Deum,
275 547 299 570 et
313 542 383 573 Deus
405 546 460 569 erat
485 540 616 573 Verbum;
641 541 688 568 Iwc
702 544 757 566 erat
772 540 799 566 in
823 538 950 574 principio

157 589 229 625 apud
243 588 326 616 Deum
339 577 429 623 (Ιοαέιζ
446 595 464 619 l,
481 585 508 628 ᾗ)
523 595 530 619 ;
554 586 606 614 nisi
620 590 647 613 tu
663 586 733 614 Deus
747 584 864 613 Verbum
884 592 951 612 sem-

157 642 206 671 per
218 634 287 670 apud
302 628 421 666 Patrem,
435 639 541 675 semper
555 639 617 659 cum
631 630 721 663 Patre,
735 636 842 670 semper
856 628 889 656 de
902 628 951 655 Pa—

158 684 212 713 tre,
237 686 344 715 semper
364 685 439 705 esses
453 678 480 712 in
496 677 594 711 Patre:
615 684 667 703 non
683 675 753 703 sicut
767 682 814 702 vas
832 674 860 701 iu
876 681 949 706 vase,

158 728 200 756 vel
212 720 306 756 civitas
321 726 391 762 apud
402 717 513 758 urbem;
529 724 577 752 sed
586 724 625 751 uti
636 722 767 757 sapientia
780 722 808 749 in
819 721 950 763 sapiente,

159 773 259 802 veritas
282 773 309 800 in
332 779 446 809 veraee,
472 771 578 798 bonitas
600 770 627 796 in
651 770 739 800 bono,
764 768 900 795 aeternitas
924 767 951 794 in

159 824 281 852 aeterno;
307 818 369 854 quia
395 811 461 846 nihil
481 817 553 844 aliud
576 816 603 843 in
622 815 711 842 Patris
724 814 874 842 substantia
899 814 951 842 nisi

160 865 241 897 Deus,
255 864 376 899 aequalis,
398 867 426 891 et
439 867 590 890 coaeternus
609 861 660 894 illi,
681 869 697 887 a
717 868 770 895 quo
789 860 895 895 genitus
908 867 949 891 es,

160 918 221 939 esse
233 891 319 946 potes.
342 910 515 938 Obmutescat
530 910 621 944 itaque
642 912 670 935 et
684 916 744 935 cum
761 907 818 935 suis
832 906 951 934 auctori-
966 891 991 922 Β

159 957 212 985 bus
232 961 325 992 pereat
351 957 440 985 omnis
460 957 586 984 haeretica
608 956 743 992 pravitas,
769 963 821 991 qua
844 956 953 983 inimica

160 1010 269 1037 semper
283 1002 330 1029 lite
343 1010 414 1030 nunc
429 1001 605 1039 substantiam
620 1001 722 1032 dividit,
743 1009 813 1028 nunc
826 1007 953 1037 personas

161 1045 312 1078 Confundit.
336 1046 458 1078 Crescat,
485 1054 560 1081 rogo,
586 1045 648 1077 ﬁde,
672 1050 698 1073 et
713 1045 800 1080 magis
814 1045 954 1080 magisque

159 1092 214 1129 piis
238 1090 398 1119 fecundetur
423 1090 526 1118 actibus
548 1094 634 1117 mater
653 1089 791 1122 Ecclesia,
817 1098 876 1125 quae
899 1094 954 1117 tres

162 1132 226 1169 deos
240 1137 338 1170 colere,
354 1136 502 1164 trinitatem
523 1136 549 1171 in
564 1135 685 1172 personis
706 1143 758 1162 non
775 1135 952 1170 distinguere,

181 1176 304 1213 rofanum
318 1187 345 1210 et
358 1183 437 1210 nimis
448 1182 559 1216 impium
571 1173 684 1216 iudicat.
701 1180 765 1209 Hzee
774 1181 889 1216 denique
902 1189 955 1208 cce-

181 1191 304 1213 rolanum
318 1191 345 1210 ει
358 1191 437 1210 mmts
448 1191 559 1216 lmptum
571 1191 684 1216 Jllﬂltlilt.
703 1191 765 1209 nam
774 1191 889 1216 ueluque
902 1191 953 1208 (ΖΕΒ-

159 1191 275 1260 restibus
296 1228 401 1255 erudita
415 1226 564 1261 disciplinis
579 1226 674 1259 credit,
691 1218 835 1254 conﬁtetur
855 1230 884 1253 et
905 1226 953 1253 do-

163 1278 207 1301 cet
222 1281 302 1301 unam
315 1273 410 1309 procul
422 1273 503 1300 dubio
515 1272 693 1300 substantiam
705 1276 733 1300 et
745 1277 800 1300 tres
814 1280 954 1318 personas,

162 1320 253 1361 sciens
266 1319 354 1347 omnia
374 1327 433 1354 quae
448 1319 482 1346 ad
497 1318 557 1346 ﬁdei
578 1318 697 1353 regulam
712 1318 858 1363 pertineat.

198 1364 257 1393 XV.
274 1363 357 1399 Hujus
369 1364 524 1399 magisterio
534 1369 562 1392 et
573 1364 695 1391 doctrina
707 1361 813 1391 eaalitus
824 1361 955 1400 inspirata

163 1419 180 1439 a
205 1418 289 1447 puero
311 1411 417 1444 doetus,
441 1410 523 1438 corde
547 1410 638 1442 credo,
662 1418 709 1437 ore
730 1404 921 1449 conﬁteor-te,
939 1419 956 1438 ο

164 1465 271 1486 summa
289 1456 419 1488 Trinitas,
432 1456 519 1484 virtus
534 1464 596 1488 una,
613 1460 640 1483 et
654 1456 799 1484 indiscreta
817 1449 954 1491 maiestas.

163 1501 300 1541 Conﬁteor
312 1506 337 1530 te
346 1502 466 1535 Patrem,
480 1507 506 1530 ct
517 1502 626 1535 Filium,
640 1507 667 1530 et
678 1502 807 1540 Spiritum
821 1507 954 1541 sanctum,

153 1542 193 1578 lin
206 1549 330 1584 personis
346 1550 457 1583 trinum,
472 1550 499 1576 in
512 1549 662 1577 substantia
673 1558 756 1576 unum
766 1556 860 1582 verum
870 1549 954 1577 Deum

164 1573 394 1630 emitipotenlem,
415 1573 562 1622 visibilium
585 1598 612 1622 et
637 1580 814 1631 invisibilium
833 1594 955 1622 condito-

164 1633 314 1668 remfNon
337 1648 434 1675 corpus
447 1645 494 1667 aut
510 1640 536 1668 in
551 1648 666 1677 corpore
679 1641 807 1676 positum,
824 1648 911 1676 neque
923 1647 957 1667 ex

165 1687 280 1716 diversis
295 1686 436 1721 speciebus
450 1686 618 1714 ammixtum.
637 1680 684 1713 aut
697 1685 867 1722 memborum
881 1692 956 1712 com--

164 1731 309 1771 paginibus
323 1730 480 1766 efﬁgiatum,
495 1731 541 1758 sed
555 1731 635 1769 unius
649 1730 779 1766 simplicis
794 1734 820 1765 et
835 1730 958 1765 incorpo-

163 1786 230 1816 reas,
240 1777 383 1805 invisibilis
390 1782 418 1804 et
428 1777 666 1811 incircumscriptre
677 1771 789 1803 naturze.
803 1773 840 1803 Te
849 1775 958 1811 quidem

163 1831 260 1851 verum
288 1822 414 1855 Patrem,
444 1829 555 1849 summa:
578 1821 707 1859 bonitatis
739 1825 766 1860 et
791 1821 874 1848 totius
899 1819 959 1848 Dei—

164 1870 231 1897 tatis
244 1867 414 1905 principium,
437 1867 675 1902 incircumscripltc
688 1870 716 1894 et
729 1859 855 1904 ingenita
879 1859 960 1901 maje-

166 1916 246 1943 statis
259 1915 354 1946 Deum,
377 1922 408 1942 ex
424 1914 498 1941 nullo
511 1914 651 1941 ducentem
667 1905 796 1946 initium,‘
810 1913 856 1941 sed
870 1913 959 1940 omni-

165 1962 218 1990 bus
234 1952 339 1988 initium
355 1960 471 1991 dantem,
490 1960 570 1987 credo
585 1964 612 1986 et
631 1959 780 1992 conﬁteor;
796 1966 850 1986 non
866 1966 960 1992 corpo-

166 1999 218 2037 rali
242 2007 380 2043 progenie,
402 2014 489 2041 neque
508 2006 687 2036 extrinsecus,
712 2012 766 2031 non
787 2004 958 2036 necessitate,

167 2060 256 2087 neque
281 2051 436 2084 voluntate,
462 2051 509 2078 sed
533 2055 629 2077 natura
653 2049 751 2077 Filium
775 2054 957 2085 gent-mntem.

170 2106 181 2122 ι
200 2103 212 2117 δ
227 2096 362 2124 Conﬁteor
372 2100 399 2123 et
415 2101 441 2124 te
453 2104 545 2123 verum
561 2095 668 2128 Filium,
689 2102 721 2122 ex
740 2094 820 2121 Patre
835 2094 893 2121 sine
906 2093 959 2133 ini—

169 2146 210 2173 tio
231 2145 402 2180 ineﬂ‘abiliter
420 2148 534 2177 natum,
559 2151 654 2171 verum
674 2143 757 2170 Deum
782 2142 958 2178 unigenitum,

166 2199 220 2227 per
233 2198 312 2226 quem
329 2190 399 2218 facta
419 2195 481 2218 sunt
500 2190 607 2221 omnia,
625 2194 653 2216 et
673 2196 765 2216 verum
785 2188 874 2216 Patris
894 2189 961 2216 Ver-

167 2238 253 2269 bum;
269 2244 321 2264 non
338 2236 448 2269 factum,
466 2243 519 2263 non
533 2239 654 2263 creatum
665 2255 673 2268 ,
695 2242 748 2261 non
764 2234 957 2268 adoptativum,

167 2282 217 2311 sed
230 2282 349 2319 genitum
363 2286 391 2308 et
410 2281 489 2308 unius
504 2288 565 2308 cum
586 2280 666 2306 Patre
688 2279 856 2310 substantiae,
879 2282 959 2313 atque

166 2328 208 2356 ita
219 2335 268 2363 per
279 2327 368 2355 omnia
382 2326 512 2362 aequalem
534 2325 589 2353 Deo
605 2325 691 2357 Patri,
714 2328 744 2351 ut
765 2332 813 2351 nec
828 2328 958 2359 tempore,

167 2381 222 2402 nec
239 2373 331 2408 gradu,
349 2379 399 2399 nec
413 2375 545 2407 potestate
563 2378 622 2398 esse
636 2370 724 2405 possis
745 2369 866 2397 inferior.
890 2369 960 2396 Tan-

167 2413 281 2453 tumque
303 2412 362 2445 esse
381 2417 511 2444 conﬁteor
533 2421 569 2449 te,
594 2416 639 2451 qui
654 2416 761 2451 genitus
783 2423 823 2448 es,
843 2419 960 2450 quantus

167 2469 213 2502 est
227 2464 281 2498 ille,
296 2464 340 2499 qui
356 2469 382 2502 te
396 2463 496 2499 genuit.
517 2462 573 2490 Non
587 2466 676 2489 autem
691 2462 753 2497 quia
766 2462 826 2490 dico
840 2462 959 2498 genitum

166 2499 278 2547 aPatre
296 2499 404 2542 Filium,
426 2508 523 2536 divinae
537 2513 563 2535 et
578 2507 705 2535 ineﬁ‘abili
718 2507 885 2543 generationi
908 2507 958 2534 ali-

168 2554 243 2589 quod
273 2552 377 2589 tempus
403 2554 530 2582 ascribo:
555 2553 602 2580 sed
627 2560 676 2580 nec
697 2552 805 2580 Patrem
829 2553 889 2580 dico
910 2552 960 2579 ali-

168 2599 279 2637 quando
301 2599 463 2634 inctepisse,
487 2606 537 2625 nec
556 2603 582 2625 te
603 2597 661 2632 ejus
680 2597 787 2625 Filium.
815 2596 871 2624 Non
889 2597 960 2624 enim

169 2645 250 2673 aliter
263 2644 383 2684 conﬁteri
398 2651 540 2679 possumus
554 2648 684 2670 aeternum
703 2643 821 2675 Patrem,
836 2643 887 2670 nisi
901 2651 963 2670 con-

160 2686 297 2718 ﬁteantur
311 2685 435 2717 etiam'te
446 2693 609 2716 eoaeternum
622 2688 729 2715 Filium.
752 2688 791 2715 Ex
806 2688 875 2715 Filio
890 2689 960 2715 enim

163 2736 253 2764 ’Pater
270 2735 377 2768 dicitur,
396 2739 422 2762 et
440 2734 485 2770 qui
505 2742 611 2770 semper
624 2734 705 2763 Pater
718 2734 777 2768 fuit,
793 2742 899 2769 semper
912 2735 960 2762 ha-

169 2772 374 2809 buisseFilium
394 2788 446 2808 non
459 2781 571 2808 dubiant
591 2785 641 2809 est.
660 2791 669 2807 ι
697 2781 734 2809 Te
757 2789 862 2816 quoque
882 2782 963 2809 credo

171 2824 304 2866 Spiritum
326 2829 459 2859 sanctum,
483 2834 576 2854 verum
595 2826 689 2859 Deum,
713 2835 766 2854 non
782 2827 893 2859 factum,
914 2836 962 2855 nec

168 2885 174 2888 ’
193 2881 196 2883 ’
211 2890 225 2917 ρ
236 2883 313 2928 Apud
328 2883 478 2929 Pelagium,
495 2884 570 2913 initio
584 2883 768 2913 Confessionis
784 2892 846 2911 suae.

999 269 1040 294 tre
1061 265 1181 302 Filioque
1194 267 1410 301 inenarrabiliter
1423 266 1624 302 procedentem,
1649 271 1676 295 et
1696 268 1723 295 in
1739 267 1789 304 Pa-

998 314 1059 343 tre,
1087 312 1220 348 simulque
1244 312 1311 348 Filio
1332 313 1545 352 substantialiter
1563 317 1787 349 permanentem:

999 360 1080 392 atque
1102 358 1140 385 ita
1163 365 1212 395 per
1232 358 1322 394 omnia
1335 358 1390 386 Deo
1412 358 1487 386 Patri
1508 362 1536 395 et
1560 358 1628 401 Pilio
1647 358 1787 394 aequalem,

1001 407 1174 437 eoaeternum,
1200 408 1228 439 et
1251 405 1523 438 consubstantialem,
1549 409 1579 432 ut
1595 412 1682 441 neque
1697 405 1791 433 volun-

1000 453 1071 482 tate,
1088 457 1138 477 nec
1162 453 1305 485 potestate,
1332 457 1418 486 neque
1432 451 1591 486 aeternitate,
1618 458 1705 486 neque
1725 451 1790 479 sub-

1001 496 1100 523 stantia
1121 495 1223 525 ditTerri
1237 497 1326 531 possis
1338 497 1373 528 ab
1391 497 1441 530 eis,
1459 496 1501 524 vel
1515 497 1639 532 precedi,
1663 504 1679 524 a
1694 497 1791 531 quibus

1000 543 1134 577 procedis.
1161 542 1244 577 igitur
1266 546 1397 575 aeternum
1423 543 1531 571 Patrem
1555 543 1614 576 sine
1638 543 1790 576 nativitate,

1000 592 1132 616 aeternum
1150 588 1247 620 Filium
1262 596 1323 620 cum
1342 588 1493 621 nativitate,
1515 593 1646 618 aeternum
1661 587 1792 624 Spiritum

1001 637 1126 662 sanctum
1148 641 1209 663 cum
1230 634 1419 670 processione,
1442 634 1501 662 sine
1520 634 1671 667 nativitate.
1695 633 1792 661 Totum

1001 679 1110 707 Patrem
1125 680 1152 707 in
1167 679 1234 713 Filio
1247 683 1275 706 et
1287 679 1389 714 Spiritu
1412 683 1523 711 sancto.
1548 683 1635 712 totum
1654 679 1750 707 Filium
1764 679 1792 707 in

1001 726 1082 761 Patre
1094 730 1122 753 et
1137 725 1239 761 Spiritu
1252 730 1356 761 sancto,
1373 730 1459 760 totum
1473 725 1602 761 Spiritum
1618 729 1751 759 sanctum,
1765 725 1793 752 in

1001 773 1082 806 Patre
1094 776 1122 800 et
1134 772 1202 801 Filio
1215 777 1378 800 manentem.
1399 772 1521 804 Patrem,
1544 771 1650 803 Filium,
1665 775 1692 798 et
1707 770 1794 806 Spiri-

1002 820 1060 844 tum
1073 821 1208 849 sanctum,
1231 824 1313 843 unum
1327 816 1421 849 Deum,
1445 816 1666 851 omnipotentem,
1682 823 1734 848 una
1748 823 1796 850 po-

1003 866 1102 890 testate
1114 869 1221 897 unoque
1236 870 1332 898 regno,
1352 870 1405 889 una
1419 862 1572 897 majestate,
1595 870 1702 897 unaque
1714 865 1794 894 atter-

1004 909 1089 936 nitate
1103 916 1136 937 ex
1150 912 1223 942 tunc,
1233 913 1261 936 et
1269 916 1352 940 nunc,
1361 912 1389 936 et
1399 915 1506 943 semper
1516 908 1616 942 ubique
1626 913 1793 944 regnantem,

1003 955 1085 988 corde
1100 954 1180 982 credo
1194 957 1222 981 et
1233 961 1280 988 ore
1292 954 1434 981 conﬁteor.
1775 965 1777 967 -

1039 1000 1109 1035 Χνι.
1122 999 1163 1028 Ad
1179 1000 1249 1031 hanc
1264 999 1325 1027 ﬁdei
1342 999 1462 1036 regulam
1483 998 1600 1036 dirigens
1619 999 1795 1033 intentionem

1004 1053 1103 1078 meam,
1125 1049 1256 1080 quantum
1269 1053 1312 1080 me
1322 1052 1402 1080 posse
1414 1044 1512 1077 fecisti,
1530 1045 1600 1073 Deus
1620 1052 1706 1079 meus,
1722 1052 1796 1080 qua:-

1005 1093 1056 1120 sivi
1082 1096 1109 1120 te
1123 1096 1150 1119 et
1162 1092 1312 1120 desideravi
1334 1091 1471 1119 intellectu
1489 1092 1580 1120 videre
1593 1091 1664 1126 quod
1683 1090 1795 1125 credidi.

1005 1137 1090 1172 Hujus
1105 1137 1144 1164 rei
1157 1137 1245 1172 gratia
1258 1137 1396 1172 ingressus
1408 1144 1468 1164 sum
1481 1136 1626 1170 multarum
1638 1136 1796 1172 apothecam

1005 1183 1173 1216 deliciarum,
1186 1184 1283 1218 quibus
1296 1183 1416 1218 pascitur
1426 1187 1513 1211 mater
1525 1182 1646 1213 Ecclesia
1658 1191 1665 1209 ;
1681 1182 1725 1219 ubi
1736 1189 1799 1218 con-

1006 1229 1122 1258 siderari
1135 1229 1262 1264 plurima,
1277 1233 1305 1256 et
1316 1229 1386 1263 carpi
1400 1228 1542 1264 explorare
1555 1227 1669 1264 singula.
1689 1227 1797 1264 Etcum

1006 1276 1060 1303 huc
1075 1275 1189 1310 illucque
1202 1274 1298 1311 anxius
1309 1275 1457 1309 avidusque
1470 1275 1658 1307 discurrerem,
1673 1277 1701 1310 tu
1712 1275 1799 1302 bonus

1007 1321 1135 1357 adjuvare
1149 1321 1259 1359 cupiens
1281 1320 1443 1348 desiderium
1465 1320 1537 1355 quod
1558 1319 1657 1348 dedisti
1670 1340 1677 1354 ,
1701 1319 1798 1358 misisti

1007 1374 1117 1403 manum
1134 1367 1243 1402 pit-tatis
1255 1370 1317 1398 tuae,
1333 1369 1361 1394 et
1377 1365 1479 1393 solvisti
1494 1366 1593 1393 nodum
1614 1364 1799 1403 ambiguitatis

1008 1420 1093 1445 meae;
1116 1417 1144 1440 et
1158 1405 1346 1440 ideo‘delectat
1358 1419 1402 1439 me
1413 1412 1469 1449 jam
1485 1411 1561 1446 valde
1574 1403 1608 1439 de
1629 1416 1654 1448 te
1668 1403 1798 1449 cogitare.

1008 1458 1041 1492 de
1062 1461 1088 1486 te
1104 1457 1187 1494 loqui,
1213 1457 1360 1495 laudesque
1380 1461 1442 1496 tuas
1455 1465 1504 1493 pro
1524 1457 1631 1492 modulo
1644 1457 1799 1495 eriguitatis

1008 1511 1076 1541 meae
1096 1502 1258 1541 desideranti
1281 1504 1363 1541 corde
1383 1504 1562 1541 depromere;
1587 1504 1658 1540 utin
1673 1503 1799 1542 prtpsenti

1008 1549 1117 1588 quidem
1139 1549 1248 1587 miseria
1269 1549 1327 1587 solo
1345 1556 1473 1587 corpore,
1495 1553 1582 1588 tecum
1595 1553 1685 1578 autem
1698 1553 1798 1588 mepte,

1008 1585 1036 1623 et
1052 1585 1125 1634 omni
1146 1585 1275 1634 aviditate
1287 1585 1398 1633 tenear,
1414 1594 1449 1622 Mi
1463 1585 1585 1633 Domine,
1602 1594 1673 1633 petis
1688 1585 1758 1633 ἰνίῄρ
1773 1598 1801 1634 ει

1008 1648 1071 1672 une,
1090 1640 1210 1677 scientiae
1227 1640 1318 1679 lumen
1331 1639 1449 1678 accende
1461 1639 1489 1678 in
1505 1646 1559 1671 me,
1574 1647 1622 1676 per
1634 1640 1705 1679 quod
1720 1643 1747 1678 te
1759 1639 1801 1679 ip-

1009 1671 1127 1723 teﬂiaere
1140 1671 1359 1725 mediumin
1376 1671 1500 1723 ἑιύιξιὶω
1517 1671 1612 1723 Deut“.
1628 1671 1802 1731 εἷρρίςέίὲὶ-

1008 1738 1059 1766 .nus
1071 1735 1099 1758 et
1113 1739 1182 1768 unus
1194 1731 1265 1769 Qqua
1279 1740 1285 1757 =
1300 1736 1328 1768 at
1340 1730 1497 1769 isnorentis
1508 1731 1633 1769 tenebras
1644 1730 1730 1769 uasis
1742 1737 1801 1770 HI!-

1009 1777 1112 1812 gisque,
1131 1778 1201 1805 sicut
1218 1777 1322 1812 coepisti
1340 1784 1505 1805 removerea
1522 1785 1585 1810 me;
1604 1782 1634 1805 ut
1651 1777 1801 1813 spiritualia

1009 1821 1184 1859 spiritualiter
1197 1821 1312 1858 videam,
1330 1827 1461 1860 quantum
1478 1822 1605 1858 possibile
1620 1826 1662 1850 est
1676 1823 1801 1860 humana:

1009 1855 1157 1902 fragilitati.
1182 1867 1220 1894 Da
1236 1855 1302 1905 mibi
1359 1859 1401 1894 via
1417 1855 1544 1904 liac,—qua
1560 1872 1584 1895 te
1599 1869 1665 1896 duce
1681 1855 1798 1905 étadior,

1010 1912 1183 1948 intellectum,
1203 1918 1283 1948 atque
1296 1908 1398 1948 inspira
1421 1914 1486 1941 mihi
1497 1918 1536 1941 .et
1548 1922 1655 1949 semper
1672 1911 1738 1942 doce
1753 1922 1801 1950 per

1010 1959 1124 1995 gratiam
1142 1963 1225 1992 tuam,
1245 1958 1361 1995 qualiter
1379 1959 1405 1987 in
1426 1964 1452 1987 te
1476 1951 1747 1996 irrcpreheusibilitcr
1767 1961 1802 1989 sit

1010 2005 1183 2038 credendum,
1202 2010 1232 2032 ut
1252 2010 1279 2032 te
1292 2014 1372 2033 unttm
1393 2005 1477 2032 Deum
1492 2007 1673 2034 essentialiter
1687 2007 1798 2043 sapiam,

1010 2053 1037 2077 et
1049 2050 1355 2085 incompreliensibiliter
1377 2050 1477 2078 trinum
1493 2051 1670 2088 personaliter
1683 2048 1798 2088 capiam,

1009 2095 1117 2123 Patrem
1133 2096 1290 2132 ingenitum,
1304 2096 1336 2123 de
1350 2096 1430 2131 Patre
1445 2097 1622 2132 unigenitum,
1641 2097 1674 2124 de
1689 2104 1801 2134 utroque

1009 2143 1200 2179 procedentem
1215 2148 1242 2170 et
1261 2143 1288 2170 in
1310 2146 1423 2177 utroque
1448 2148 1648 2178 permanentem
1672 2143 1799 2179 Spiritum

1010 2192 1143 2216 sanctum.
1161 2187 1266 2215 Nullum
1285 2187 1370 2216 tribus
1385 2188 1584 2223 anticipatiouis
1597 2188 1637 2216 vel
1655 2189 1799 2224 posterita-

1012 2234 1046 2261 tis
1072 2234 1235 2261 intervenire
1252 2239 1417 2262 momentum
1430 2256 1437 2267 ,
1457 2243 1506 2262 nec
1523 2235 1621 2263 habere
1644 2235 1800 2271 indisperti-

1012 2286 1067 2308 tum
1080 2281 1230 2316 imperium.
1247 2280 1304 2317 Non
1320 2282 1347 2308 in
1367 2281 1491 2309 creandis
1507 2281 1657 2314 consilium,
1676 2282 1800 2317 regendis

1009 2325 1233 2360 perﬁciendisque
1246 2326 1378 2354 creaturis
1389 2326 1527 2359 auxilium,
1540 2334 1659 2362 opusque
1670 2326 1798 2354 divinum.

1010 2370 1091 2407 39o
1103 2371 1236 2407 Quidquid
1247 2370 1301 2398 illic
1312 2371 1433 2399 naturale
1446 2376 1487 2399 est
1501 2371 1678 2408 indisruptum
1692 2381 1698 2405 ;
1726 2372 1801 2407 quid-

1011 2417 1074 2452 quid
1088 2417 1229 2451 personale
1242 2421 1283 2444 est
1296 2416 1475 2444 ineoni'usuul.
1495 2417 1517 2445 Ο
1538 2418 1695 2453 mysterium
1708 2416 1799 2445 inelTa-

1010 2462 1062 2490 bile
1075 2468 1102 2489 et
1117 2470 1172 2497 prae
1185 2462 1289 2489 caeteris
1303 2462 1438 2490 intellectu
1454 2462 1563 2490 difﬁcile
1577 2465 1582 2490 !

1048 2513 1126 2540 lel.
1147 2513 1260 2548 Reliqua
1280 2521 1344 2541 vero
1362 2519 1541 2548 sacramenta,
1564 2522 1623 2550 qua:
1635 2518 1761 2550 tenentur
1773 2513 1800 2541 in

1013 2558 1133 2585 Ecclesia
1147 2562 1202 2591 tua,
1225 2559 1345 2592 Domine,
1358 2559 1489 2594 stupenda
1504 2565 1567 2587 sunt
1581 2565 1608 2588 et
1625 2559 1779 2587 veneranda
1792 2567 1799 2592 ;

1013 2603 1060 2631 sed
1079 2603 1149 2630 istud
1167 2603 1204 2630 tui
1226 2609 1423 2644 sacramentum
1440 2604 1567 2639 praecellit
1586 2604 1723 2632 universa.
1746 2603 1803 2631 Hoc

1013 2656 1109 2684 nempe
1126 2649 1164 2676 tui
1186 2649 1327 2676 individua:
1348 2649 1487 2678 Trinitatis
1507 2651 1674 2686 mysterium,
1692 2655 1720 2678 et
1738 2650 1801 2687 illud

1014 2694 1131 2722 caelestis
1151 2702 1250 2722 mensae
1265 2700 1464 2723 sacramentum
1476 2716 1483 2728 ,
1511 2703 1571 2731 quae
1587 2696 1678 2724 ﬁdeles
1702 2700 1729 2723 et
1743 2696 1802 2732 pias

1014 2739 1118 2767 animas
1134 2741 1221 2775 pascit
1232 2748 1322 2774 carne,
1344 2746 1371 2768 et
1385 2746 1459 2779 potat
1474 2742 1618 2778 sanguine,
1637 2748 1670 2769 ne
1682 2742 1803 2770 esuriant

1015 2792 1101 2820 neque
1112 2785 1205 2813 sitiant
1220 2786 1247 2813 in
1259 2792 1404 2819 aeternum;
1426 2785 1469 2813 fac
1484 2793 1538 2818 me,
1557 2786 1627 2813 Deus
1637 2794 1723 2820 meus,
1734 2784 1802 2823 pura

1014 2835 1041 2859 et
1056 2831 1169 2868 simplici
1181 2832 1344 2860 conscientia
1359 2831 1490 2867 praecipue
1506 2833 1575 2869 inter
1595 2837 1691 2871 cetera
1702 2833 1802 2866 sentire
