4038 6354
506 398 642 453 1039
1317 388 1377 441 Β.
1416 386 1479 442 F.
1519 383 1745 440 ALBlNl
1784 382 1914 439 SEU
1954 381 2084 438 ΑΙλο

2187 381 2228 435 ιι
2265 380 2549 439 OPERUM
2588 382 2765 438 PARS
2805 381 2937 437 Vill.
3422 446 3425 449 ἰ
3611 374 3759 436 low

502 518 558 566 et
583 509 819 574 credere,
844 520 1056 564 sumere
1078 510 1133 558 et
1156 503 1408 557 retinere.
1438 499 1513 554 Ne
1541 500 1708 564 sinas,
1736 512 1937 568 quaeso,
1973 497 2076 551 Do-
2103 505 2148 559 Α
2184 497 2279 551 tibi
2308 497 2415 552 Deo
2445 496 2588 552 Patri
2613 497 2782 567 possit
2808 494 3114 557 convenire,
3145 503 3207 548 ut
3242 502 3334 549 aut
3362 492 3500 548 Filio
3528 502 3638 559 tuo,
3668 500 3768 549 aut

503 602 669 668 mine,
705 601 862 656 ﬁdem
886 599 940 655 in
981 598 1058 652 eis
1094 608 1266 649 meam
1308 592 1644 661 aliquatenus
1673 587 1945 651 vacillare,
1984 586 2079 641 sed

2181 588 2401 659 Spiritui
2429 580 2614 644 sancto
2644 588 2931 644 convenire
2958 594 3209 657 nequeat.
3244 586 3484 643 Dicimus
3512 596 3563 641 te
3593 587 3765 642 Deum

502 694 580 751 ita
603 708 813 765 semper
846 692 911 747 de
948 689 1050 744 illis
1070 702 1169 759 pro
1210 694 1301 740 tua
1335 685 1543 739 tribuas
1569 683 1770 753 pietate
1805 680 1934 734 milii
1964 696 2080 734 cre-
2177 684 2394 739 Patrem
2420 682 2734 737 naturaliter
2756 697 2875 737 esse
2904 682 3068 736 Deum
3096 699 3109 743 ;
3140 681 3231 736 sed
3259 680 3580 736 naturaliter
3600 686 3687 734 est
3711 688 3771 736 et

501 781 631 838 dere
657 797 720 837 ac
745 779 1058 851 intelligere,
1092 777 1232 832 sicut
1260 774 1461 830 veritas
1490 787 1678 828 eorum
1705 785 1762 826 se
1790 770 1967 825 habet.
2000 768 2083 822 ln-

503 879 609 926 tret
635 871 688 926 in
712 886 806 925 cor
829 883 1006 924 meum
1043 868 1215 939 gratia
1240 874 1349 931 tua,
1377 880 1495 934 quae
1525 871 1678 919 sonet
1711 863 1827 917 sine
1851 877 1999 925 sono,
2029 871 2084 915 et

501 963 619 1017 sine
670 960 896 1031 strepitu
930 959 1177 1028 loquatur
1231 964 1501 1010 tantorum
1537 967 1751 1007 omnem
1800 951 2079 1005 veritatem

500 1049 900 1121 mysteriorum.
935 1048 1077 1102 Luce
1104 1054 1159 1101 et
1188 1044 1468 1100 dulcedine
1502 1043 1646 1097 intus
1676 1042 1894 1110 ubique,
1924 1048 1979 1094 et
2005 1038 2084 1092 fo-

501 1143 577 1197 ris
607 1141 844 1211 undique
887 1138 1173 1210 perfundat
1214 1138 1450 1191 animam
1495 1148 1669 1188 meam
1704 1132 1794 1186 illa
1827 1133 2082 1201 magistra

501 1235 758 1289 virtutum
802 1242 856 1286 et
899 1231 1059 1285 index
1095 1229 1335 1284 omnium
1374 1227 1700 1282 veritatum:
1739 1231 1794 1279 et
1827 1223 1906 1277 sic
1948 1223 2084 1276 irra-

500 1326 697 1382 diando
727 1334 782 1380 et
811 1323 1114 1396 saporando
1147 1337 1289 1385 eam,
1340 1321 1393 1374 in
1443 1319 1560 1390 ipso
1607 1317 1850 1373 veritatis
1898 1324 2084 1371 centro

502 1418 739 1474 stabiliat
787 1424 948 1487 atque
976 1415 1279 1479 conﬁrmet,
1318 1422 1377 1467 ut
1421 1427 1522 1467 nec
1554 1410 1714 1465 velim
1745 1426 1843 1465 nec
1883 1408 2084 1480 possim

501 1510 569 1566 de
600 1510 764 1565 tantis
795 1496 1065 1579 mysteriis
1101 1507 1257 1561 aliter
1291 1505 1513 1569 sentire,
1557 1504 1660 1559 nisi
1708 1504 1848 1557 sicut
1875 1510 2088 1572 oportet

502 1608 558 1655 et
584 1600 753 1655 decet.
812 1598 1002 1652 Mirum
1031 1606 1116 1652 est
1142 1597 1285 1667 quod
1330 1596 1502 1667 gestio
1531 1594 1728 1657 dicere,
1781 1594 1875 1649 sed
1906 1593 2085 1663 lingua

505 1705 609 1745 non
645 1688 878 1760 explicat
920 1688 1062 1759 quod
1092 1702 1244 1742 mens
1270 1694 1438 1757 optat.
1477 1684 1826 1756 Omnipotens
1851 1685 2083 1749 bonitas,

504 1782 658 1853 cujus
692 1781 908 1852 pietatis
939 1793 1097 1835 aures
1124 1779 1255 1848 ipsis
1288 1792 1583 1848 pauperum
1626 1783 1838 1830 tuorum
1876 1775 2086 1831 deside-

2178 777 2348 833 Filius
2375 776 2533 839 Deus,
2567 775 2883 829 naturaliter
2902 782 2983 829 est
3008 783 3061 829 et
3094 773 3327 843 Spiritus
3352 780 3572 828 sanctus
3591 771 3766 826 Deus:

2181 884 2288 922 non
2315 876 2494 922 tamen
2526 875 2635 921 tres
2661 866 2764 922 Dii.
2802 866 2895 921 sed
2930 881 3069 921 unus
3110 865 3431 920 naturaliter
3458 862 3619 927 Deus,
3664 862 3771 917 Pa-

2182 968 2294 1024 ter,
2334 965 2387 1013 et
2420 957 2606 1021 Filius,
2642 967 2697 1012 et
2734 956 2966 1027 Spiritus
3014 964 3252 1011 sanctus.
3299 956 3504 1011 Idcirco
3556 955 3773 1023 insepa-

2183 1049 2367 1103 rabilis
2395 1064 2455 1103 es
2484 1056 2668 1104 sancta
2697 1038 2943 1102 Trinitas
2962 1048 3103 1102 Deus
3139 1048 3190 1102 in
3224 1048 3471 1118 personis
3498 1062 3661 1103 sensu
3689 1045 3774 1100 in-

2182 1142 2485 1213 telligenda,
2540 1140 2785 1209 quamvis
2832 1140 2885 1194 in
2929 1156 3059 1195 voce
3103 1138 3419 1211 separabilia
3456 1138 3623 1193 habes
3672 1153 3771 1193 no-

2183 1233 2353 1297 mina,
2380 1232 2503 1302 quia
2532 1230 2793 1301 pluralem
2828 1245 3109 1285 numerum
3140 1230 3193 1284 in
3223 1239 3429 1284 natura:
3456 1229 3771 1284 nominibus

2184 1325 2485 1381 nullatenus
2511 1324 2723 1393 recipis.
2755 1322 2811 1377 ln
2849 1323 2951 1377 hoc
2985 1323 3130 1377 enim
3172 1322 3476 1377 ostenditur
3506 1334 3772 1391 personas

2184 1433 2291 1473 non
2322 1432 2482 1488 posse
2512 1416 2675 1471 dividi
2722 1416 2773 1470 in
2807 1424 2993 1469 sancta
3030 1413 3315 1477 Trinitate,
3349 1430 3468 1484 qua:
3508 1428 3651 1468 unus
3686 1426 3778 1466 ve-

2187 1526 2279 1567 rus
2302 1511 2442 1564 Deus
2469 1524 2547 1574 es,
2584 1509 2710 1578 quia
2742 1506 3027 1577 cujuslibet
3056 1523 3299 1578 persona:
3338 1523 3530 1562 nomen
3560 1522 3778 1577 semper

2189 1608 2254 1662 ad
2290 1607 2512 1662 alteram
2553 1605 2774 1676 reSpicit
2818 1620 3123 1675 personam.
3165 1604 3220 1659 Si
3257 1602 3470 1659 Patrem
3504 1604 3647 1665 dico,
3689 1603 3778 1658 Fi-

2188 1701 2315 1755 lium
2339 1699 2593 1764 ostendo;
2634 1700 2679 1754 si
2703 1698 2893 1753 Filium
2917 1700 3150 1759 nomino,
3183 1698 3397 1753 Patrem
3422 1698 3661 1768 prtetico
3686 1713 3699 1759 ;
3732 1697 3776 1750 si

2191 1790 2450 1860 Spiritum
2474 1796 2715 1845 sanctum
2744 1787 2969 1857 appello,
3007 1788 3233 1857 alicujus
3258 1802 3377 1842 esse
3404 1786 3656 1856 Spiritum
3687 1799 3778 1839 ne-

503 1874 602 1931 riis
634 1881 839 1944 patent,
878 1871 1112 1941 intellige
1138 1871 1428 1926 clamorem
1476 1869 1654 1925 cordis
1697 1869 1836 1924 servi
1882 1869 1987 1932 tui,
2034 1877 2084 1922 et

2192 1900 2341 1941 cesse
2372 1896 2455 1940 est
2480 1885 2719 1956 intelligi,
2756 1886 2805 1938 id
2840 1894 2942 1947 est,
2976 1884 3151 1938 Patris
3173 1891 3227 1937 et
3250 1881 3390 1936 Fili.

504 1966 625 2022 fave
654 1965 792 2021 votis
825 1964 978 2020 meis.
1023 1963 1241 2029 Prtesta,
1275 1962 1516 2027 Domine,
1547 1971 1608 2016 ut
1630 1962 1746 2033 ipso
1770 1962 1965 2016 mentis
1999 1976 2090 2031 pa-

503 2060 613 2116 lato
657 2059 907 2122 sentiam,
954 2065 1163 2130 gustem
1194 2065 1249 2112 et
1293 2056 1495 2125 sapiam
1524 2055 1638 2110 haec
1670 2054 1959 2109 ineffabilia
2002 2070 2091 2108 sa-

502 2159 798 2209 cramenta.
846 2149 1036 2220 Magna
1064 2148 1209 2204 enim
1253 2155 1378 2201 sunt
1409 2155 1463 2201 et
1492 2146 1629 2200 mira
1670 2145 1864 2200 valde:
1914 2155 1969 2198 et
1991 2160 2090 2214 ego

501 2244 757 2317 parvulus
798 2243 851 2297 in
882 2256 1071 2297 eorum
1101 2240 1537 2296 consideratione
1576 2237 1795 2303 delicio,
1842 2237 2089 2307 quotiens

508 2339 577 2393 ad
605 2338 857 2393 intuenda
904 2352 967 2391 ea
1004 2335 1129 2390 ﬁdei
1178 2333 1363 2389 oculos
1400 2332 1604 2387 attollo.
1658 2330 1764 2385 Sed
1811 2330 1937 2400 quia
1984 2344 2091 2384 uno

507 2429 666 2485 modo
710 2438 935 2498 utraque
986 2426 1141 2481 nobis
1195 2424 1502 2481 necessaria
1549 2430 1675 2478 sunt
1724 2422 1791 2476 ad
1840 2421 2087 2485 salutem,

504 2518 647 2574 Deus
680 2527 869 2574 auctor
894 2517 1155 2583 omnium,
1205 2515 1492 2571 invisibilis
1536 2514 1779 2580 Creator,
1815 2514 1906 2584 qui
1941 2529 2001 2569 es
2035 2514 2091 2567 in

506 2612 805 2667 substantia
832 2626 1041 2667 summa
1083 2619 1138 2665 et
1167 2625 1274 2665 una
1311 2608 1580 2673 divinitas,
1620 2615 1781 2676 atque
1816 2606 1872 2661 in
1905 2621 2092 2677 perso-

499 2706 586 2763 nis
611 2721 739 2763 vera
763 2714 816 2762 et
837 2704 1078 2777 perfecta
1101 2704 1357 2767 Trinitas,
1393 2710 1444 2758 te
1468 2703 1635 2758 Deum
1663 2701 1876 2756 Patrem
1903 2717 2086 2767 exoro,

500 2812 567 2852 ex
593 2812 699 2867 quo
719 2795 920 2860 omnia,
953 2802 1007 2848 et
1038 2793 1233 2848 Filium
1269 2800 1439 2857 tuum,
1472 2806 1570 2862 per
1602 2806 1762 2861 quem
1787 2790 1988 2855 omnia,
2017 2791 2091 2846 si-

500 2887 717 2959 mulque
740 2887 1000 2959 Spiritum
1026 2893 1292 2949 sanctum,
1327 2884 1380 2938 in
1416 2899 1523 2954 quo
1555 2883 1754 2938 omnia.
1797 2882 1873 2937 Te
1906 2883 2089 2937 Domi-

498 2997 630 3037 uutn
656 2997 853 3045 meum,
896 2995 1057 3050 quem
1080 2994 1249 3033 unum
1276 2986 1331 3033 et
1355 2992 1543 3033 verum
1575 2977 1630 3031 in
1663 2976 1926 3030 Trinitate
1955 2990 2087 3030 con-

504 3071 662 3127 tlteor
692 3072 878 3134 Deum,
925 3085 1032 3140 quo
1077 3070 1268 3133 creati,
1311 3068 1525 3123 liberati
1573 3076 1628 3123 et
1662 3067 1948 3122 illuminati
1998 3082 2089 3121 su-

503 3180 645 3229 mus,
671 3165 891 3236 supplex
938 3178 1087 3235 rogo,
1139 3170 1412 3217 tantorum
1457 3163 1645 3217 avidus
1684 3162 2082 3232 mysteriorum,

500 3253 645 3311 laeta
690 3270 797 3319 me,
840 3253 985 3309 nutri
1028 3268 1132 3317 me,
1166 3262 1220 3307 et
1261 3252 1314 3307 in
1361 3266 1670 3307 mensuram
1700 3252 1877 3306 anatis
1916 3265 2087 3320 usque

502 3344 728 3419 perfecti
763 3344 864 3399 viri
895 3357 1071 3399 meam
1105 3342 1334 3397 extende
1364 3341 1732 3413 exiguitatem,
1773 3348 1832 3394 ut
1862 3339 2090 3395 solidum

503 3438 649 3495 hunc
680 3444 736 3493 et
760 3436 1120 3508 perfectorum
1164 3435 1344 3490 cibum
1376 3447 1569 3504 capere
1610 3431 1836 3487 valeam.
1885 3432 2089 3502 Imper-

500 3528 694 3601 fectum
735 3528 873 3583 enim
897 3542 1067 3581 meum
1092 3524 1267 3579 vident
1302 3522 1439 3579 oculi
1467 3522 1569 3577 mei
1614 3520 1789 3592 (Paul.
1826 3535 2085 3586 cxxxvm,

503 3617 617 3690 ιδ).

570 3732 752 3791 XVIII.
791 3733 958 3789 Dator
1001 3731 1239 3789 omnium
1280 3729 1543 3786 bonorum
1576 3726 1720 3784 Deus
1760 3727 1952 3793 Pater,
2000 3726 2086 3782 cui

502 3843 776 3899 nunquam
814 3826 931 3882 sine
973 3840 1069 3896 spe
1116 3821 1499 3879 misericordiae
1554 3820 1916 3892 supplicatur,
1962 3835 2086 3874 cum

499 3918 638 3975 Filio
668 3928 778 3983 tuo,
808 3928 863 3974 et
905 3915 1109 3988 Spiritu
1133 3924 1343 3979 sancto,
1378 3914 1445 3968 da
1472 3912 1616 3982 quod
1667 3911 1933 3966 desiderat
1974 3918 2028 3963 et
2055 3924 2085 3963 a

502 4019 555 4067 te
579 4011 815 4081 postulat
854 4010 1030 4063 anima
1063 4022 1201 4063 mea.
1257 4007 1496 4074 Quorum
1527 4004 1669 4058 enim
1708 4018 1814 4056 una
1844 4008 1930 4056 est
1959 4000 2086 4055 sub—

500 4102 722 4166 stantia,
762 4115 926 4155 unum
970 4107 1054 4154 est
1084 4106 1138 4153 et
1168 4098 1385 4161 datum,
1425 4103 1479 4149 et
1520 4095 1654 4149 adeo
1684 4108 1789 4148 una
1820 4094 2081 4163 operatio,

501 4209 667 4248 unum
707 4193 923 4257 donum,
975 4202 1189 4260 unaque
1219 4195 1483 4258 potestas,
1528 4192 1588 4239 ut
1617 4185 1671 4239 in
1716 4184 1832 4254 ipsa
1872 4198 2084 4253 quoque

500 4299 853 4355 personarum
889 4282 1217 4353 proprietate
1255 4280 1410 4350 juxta
1451 4277 1852 4348 profundiorem
1881 4276 2085 4330 intelle-

502 4387 648 4431 cLum
677 4375 921 4446 quaedam
960 4374 1140 4428 unitas
1190 4372 1472 4426 sentiatur.
1516 4368 1891 4440 lnseparabilis
1924 4368 2083 4421 nimi-

503 4483 624 4526 rum
646 4475 850 4521 naturm
874 4474 976 4520 tuae
999 4465 1179 4518 unitas
1197 4479 1304 4517 non
1331 4469 1507 4532 potest
1534 4461 1862 4531 separabiles
1885 4460 2082 4514 habere

500 4573 779 4630 personas,
815 4556 941 4627 quia
973 4557 1113 4611 sicut
1143 4552 1382 4608 Trinitas
1402 4568 1462 4608 es
1496 4554 1548 4608 in
1574 4555 1798 4617 unitate,
1827 4562 1881 4607 et
1906 4553 2081 4607 unitas

501 4649 558 4704 in
582 4647 864 4712 Trinitate,
898 4646 977 4701 sic
1002 4645 1394 4715 separationem
1420 4658 1523 4697 non
1554 4652 1707 4712 potes
1741 4643 1940 4697 habere
1960 4658 2083 4713 per-

501 4754 774 4795 sonarum.
841 4736 1195 4792 Nominantur
1254 4735 1469 4804 quidem
1531 4734 1633 4790 illa:
1681 4751 1924 4805 persona:
1980 4735 2079 4789 ali-

499 4828 719 4900 quando
760 4828 1018 4899 singulm;
1069 4827 1163 4882 sed
1195 4827 1269 4880 ita
1300 4824 1514 4881 voluisti
1540 4835 1609 4892 te,
1656 4825 1891 4880 Trinitas
1921 4828 2077 4892 Deus,

501 4918 913 4989 inseparabilem
954 4917 1237 4972 ostendere
1278 4916 1331 4970 in
1366 4916 1632 4986 personis,
1671 4925 1731 4969 ut
1764 4916 1964 4970 nullum
2006 4916 2076 4971 ibi

500 5026 696 5067 nomen
721 5010 792 5065 sit
826 5010 879 5064 in
910 5009 1146 5079 qualibet
1173 5024 1400 5079 persona
1425 5049 1441 5073 ,
1489 5007 1633 5077 quod
1670 5007 1736 5062 ad
1778 5007 1936 5062 aliam
1959 5022 2080 5077 per-

502 5114 688 5154 sonam
724 5098 1015 5153 secundum
1061 5097 1337 5153 relationis
1372 5096 1608 5168 regulam
1656 5113 1761 5153 non
1793 5097 2078 5162 referatur,

502 5190 642 5245 sicut
669 5188 827 5243 Pater
852 5189 919 5244 ad
946 5188 1160 5254 Filium,
1200 5198 1252 5241 et
1278 5187 1445 5243 Filius
1467 5188 1532 5244 ad
1558 5188 1791 5254 Patrem,
1838 5187 1922 5241 vel
1959 5187 2080 5257 Spi-

500 5278 638 5333 ritus
672 5288 889 5335 sanctus
923 5279 989 5333 ad
1024 5278 1240 5334 Patrem
1275 5286 1329 5333 et
1377 5278 1570 5334 Filium
1607 5281 1885 5335 verissime
1916 5278 2085 5335 refer-

503 5376 607 5423 tur.
659 5367 733 5422 Ea
763 5384 885 5425 vero
931 5370 1168 5435 nomina,
1222 5385 1343 5440 qua:
1372 5372 1727 5426 substantiam
1772 5371 1853 5425 vel
1897 5380 2084 5441 poten-

502 5457 656 5519 tiam,
703 5457 786 5511 vel
821 5460 1110 5513 essentiam
1146 5471 1289 5513 tuam
1331 5460 1655 5529 significant,
1708 5461 1789 5514 vel
1824 5462 2080 5531 quidquid

500 5546 716 5618 preprie
760 5548 956 5603 dicitur
1000 5550 1175 5613 Dens,
1232 5549 1480 5604 omnibus
1522 5551 1769 5620 personis
1803 5552 2082 5620 aequaliter

501 5638 861 5705 conveniunt;
907 5648 968 5694 ut
994 5640 1136 5696 Deus
1163 5655 1409 5711 magnus,
1446 5643 1634 5706 bonus,
1667 5650 1920 5705 teteruus,
1967 5659 2081 5697 ont-

503 5730 768 5802 nipotens,
808 5741 863 5787 et
894 5732 1073 5788 omnia
1097 5748 1217 5804 qua:
1243 5733 1559 5788 naturaliter
1582 5734 1647 5788 de
1687 5741 1739 5789 te
1765 5732 1876 5788 Ι)ρο
1895 5734 2083 5790 dicun-

504 5827 608 5875 tnr.
645 5820 758 5879 Non
783 5832 865 5880 est
894 5823 1057 5896 igitur
1093 5822 1305 5896 aliquod
1341 5836 1543 5883 natura:
1574 5843 1790 5893 nomen,
1831 5827 1972 5896 quod
2004 5826 2082 5884 sic

2260 1977 2399 2032 XIX.
2435 1977 2511 2031 Tu
2541 1993 2668 2032 vero
2704 1978 2883 2032 unitas
2921 1977 3146 2031 Deitatis
3176 1988 3530 2044 personarum
3564 1969 3780 2041 plurali-

2192 2078 2301 2124 tate
2344 2068 2642 2139 multiplex,
2691 2067 3094 2123 nunierahiliter
3126 2082 3186 2121 es
3232 2062 3663 2124 innumerabilis,
3715 2076 3778 2116 ac

2193 2162 2393 2218 idcirco
2421 2162 2856 2216 mensurabiliter
2887 2157 3359 2219 immensurabilis,
3380 2164 3434 2211 et
3458 2153 3783 2226 pow’erabi-

2193 2254 2315 2308 liter
2334 2252 2787 2324 imponderabilis.
2810 2251 2923 2307 Non
2948 2252 3089 2306 enim
3114 2264 3335 2305 summa:
3357 2246 3639 2309 bonitatis,
3663 2259 3782 2315 qua:

2193 2356 2249 2402 tu
2276 2348 2389 2418 ipse
2411 2364 2491 2409 es,
2521 2347 2836 2417 profitemur
2871 2344 3151 2416 originem,
3198 2358 3265 2397 ex
3298 2357 3405 2410 qua
3434 2339 3645 2403 omnia,
3683 2352 3778 2408 per

2191 2456 2353 2511 quam
2379 2439 2579 2502 omnia,
2622 2438 2676 2492 in
2702 2454 2805 2508 qua
2841 2438 3042 2501 omnia,
3083 2436 3174 2491 sed
3198 2437 3313 2506 ejus
3357 2433 3779 2503 participatione

2191 2530 2420 2584 dicimus
2448 2529 2587 2582 bona
2610 2528 2810 2582 omnia.
2838 2525 2971 2580 Nam
2999 2536 3085 2581 tua
3113 2526 3288 2580 divina
3315 2522 3620 2579 substantia
3646 2534 3782 2576 sem-

2191 2636 2288 2691 per
2312 2620 2488 2676 caruit
2528 2635 2591 2674 ac
2617 2628 2767 2673 caret
2792 2618 3037 2683 materia,
3070 2618 3194 2671 lictit
3229 2630 3335 2670 non
3366 2623 3549 2669 careat
3582 2612 3775 2677 forma,

2190 2730 2351 2786 quam
2398 2713 2525 2769 dum
2558 2712 2825 2783 imprimis
2855 2711 3007 2781 quasi
3050 2708 3280 2781 sigillum
3325 2708 3491 2763 rebus
3534 2705 3777 2777 singulis,

2189 2823 2283 2863 eas
2320 2808 2435 2862 sine
2479 2806 2554 2861 tui
2598 2804 2871 2877 augmenti
2921 2812 3012 2857 aut
3058 2801 3363 2858 detrimenti
3415 2798 3779 2853 mntabditate

2187 2897 2375 2972 procul
2410 2897 2573 2952 dubio
2597 2913 2627 2951 a
2675 2904 2726 2950 te
2761 2895 2895 2950 facis
2920 2892 3139 2948 differri.
3179 2890 3447 2960 Quidquid
3493 2890 3546 2944 in
3582 2899 3775 2943 natura

2188 3002 2558 3049 creaturarum
2593 2997 2696 3053 est,
2734 2997 2981 3044 creatura
3027 2995 3119 3040 tua
3161 2992 3275 3049 est,
3306 2998 3340 3036 o
3374 2982 3517 3037 trina
3564 2980 3775 3041 Unitas.

2187 3092 2242 3139 et
2262 3099 2367 3139 una
2396 3081 2633 3137 Trinitas
2668 3080 2834 3143 Dens,
2879 3078 3033 3148 cujus
3054 3073 3443 3143 omnipotentia
3475 3071 3656 3126 omnia
3683 3086 3778 3142 gu-

2188 3173 2399 3235 bernat,
2442 3170 2579 3241 regit
2602 3177 2655 3224 et
2680 3168 2861 3237 implet
2888 3182 3007 3236 qua:
3029 3164 3251 3220 creavit.
3293 3162 3401 3217 Nec
3430 3162 3551 3216 ideo
3576 3171 3629 3215 te
3665 3174 3779 3214 om-

2191 3265 2281 3320 nia
2311 3263 2531 3334 implere
2554 3260 2803 3325 dicimus,
2838 3268 2897 3313 ut
2934 3269 2984 3313 te
3019 3266 3070 3312 te
3094 3255 3423 3313 contineant,
3465 3254 3558 3309 sed
3584 3263 3641 3308 nt
3664 3254 3779 3323 ipsa

2189 3354 2369 3426 potius
2414 3370 2444 3408 a
2492 3360 2542 3409 te
2570 3352 2966 3407 contineantur.
3024 3348 3134 3403 Nec
3176 3345 3533 3418 particulatim
3584 3343 3782 3413 imples

2190 3445 2369 3500 omnia
2396 3463 2407 3498 :
2437 3458 2537 3499 nec
2566 3443 2833 3499 ullatenus
2868 3442 2939 3496 ita
2970 3440 3266 3511 putandum
3287 3446 3382 3499 est,
3417 3445 3475 3489 ut
3507 3449 3775 3505 nnaqnze-

2189 3551 2294 3607 que
2321 3551 2407 3590 res
2431 3550 2527 3603 pro
2560 3531 2928 3605 magnitudine
2959 3530 3221 3600 partionis
3248 3543 3352 3584 sua:
3373 3526 3547 3596 capiat
3586 3535 3639 3579 te
3669 3541 3685 3588 ;
3727 3524 3781 3579 id

2188 3634 2291 3692 est,
2332 3624 2565 3679 maxima
2597 3622 2798 3692 majus,
2848 3630 2903 3675 et
2929 3621 3148 3675 minima
3179 3620 3354 3673 minus
3380 3635 3393 3681 ;
3427 3618 3550 3671 dum
3575 3616 3652 3669 sis
3683 3630 3779 3685 po-

2190 3718 2296 3773 tius
2325 3718 2434 3788 ipse
2462 3717 2525 3771 .in
2553 3714 2822 3776 omnibus,
2860 3714 2973 3768 sive
2997 3715 3177 3768 omnia
3223 3713 3275 3767 in
3311 3722 3385 3766 te.
3419 3709 3586 3778 Cujus
3607 3709 3779 3763 omni-

2187 3806 2427 3878 potentia
2463 3806 2645 3863 omnia
2692 3804 2981 3867 concludit,
3033 3819 3135 3858 nec
3176 3802 3434 3858 evadendi
3483 3801 3777 3870 potentiam

2193 3909 2334 3954 tuam
2366 3898 2486 3968 quis
2515 3898 2718 3953 aditum
2744 3896 2985 3951 invenire
3019 3895 3233 3965 poterit.
3283 3893 3387 3960 Qui
3417 3893 3563 3946 enim
3593 3900 3643 3946 te
3670 3907 3775 3945 non

2188 3989 2349 4046 habet
2369 3989 2656 4057 placatum,
2688 4001 3027 4055 nequaquam
3055 3984 3245 4039 evadet
3282 3985 3497 4036 iratum.
3548 3981 3777 4035 lmmen-
3836 4038 3849 4053 ,

2187 4081 2318 4136 sitas
2344 4081 2540 4151 quippe
2562 4079 2754 4134 divina:
2780 4076 3161 4148 magnitudinis
3198 4083 3301 4130 tuae
3327 4075 3431 4129 ista
3473 4082 3577 4135 est,
3614 4082 3670 4127 ut
3696 4071 3776 4125 in~

2188 4172 2491 4244 telligatnus
2517 4179 2569 4225 te
2596 4171 2737 4225 intra
2764 4170 2965 4231 omnia,
3000 4169 3095 4224 sed
3127 4184 3233 4223 non
3273 4167 3539 4222 inclusum
3567 4184 3583 4233 ;
3625 4176 3777 4221 extra

2185 4265 2386 4329 omnia,
2424 4264 2516 4319 sed
2561 4279 2667 4318 non
2702 4262 3000 4319 exclusum.
3053 4262 3119 4315 Et
3165 4262 3283 4317 ideo
3325 4260 3554 4314 interior
3590 4275 3671 4323 es,
3714 4267 3777 4313 ut

2185 4356 2366 4409 omnia
2399 4353 2714 4418 contineas;
2757 4352 2876 4406 ideo
2911 4351 3147 4406 exterior
3177 4366 3256 4415 es,
3286 4358 3343 4403 ut
3378 4347 3779 4403 incircumscri.

2184 4454 2289 4514 pta:
2314 4442 2696 4514 magnitudinis
2717 4451 2821 4495 tum
2848 4440 3212 4495 immensitate
3241 4442 3423 4494 omnia
3460 4439 3774 4493 concludas.

2185 4530 2289 4588 Per
2314 4533 2366 4587 id
2392 4546 2520 4603 ergo
2545 4532 2688 4602 quod
2730 4531 2971 4585 exterior
3007 4545 3085 4594 es,
3124 4528 3426 4584 ostenderis
3456 4544 3580 4583 esse
3617 4527 3781 4583 Crea-

2113 4608 2156 4665 D
2183 4630 2287 4677 tor.
2341 4622 2444 4677 Per
2476 4621 2530 4677 id
2572 4637 2701 4677 vero
2744 4622 2885 4691 quod
2934 4621 3157 4676 interior
3190 4636 3284 4684 es,
3341 4620 3529 4675 omnia
3574 4622 3773 4691 guber-

2166 4730 2316 4771 -nare
2340 4724 2394 4770 et
2429 4729 2615 4786 regere
2644 4715 3052 4770 detnonstraris.
3101 4713 3181 4769 Ac
3224 4730 3291 4768 ne
3331 4728 3395 4767 ea
3424 4728 3546 4783 quae
3590 4722 3772 4768 creata

2186 4816 2312 4864 sunt
2345 4810 2461 4863 sine
2507 4817 2556 4862 te
2585 4816 2785 4874 essent,
2837 4817 2893 4862 tu
2930 4809 3067 4862 intra
3101 4806 3283 4861 omnia
3325 4822 3404 4861 es.
3459 4806 3660 4861 Verum
3704 4820 3775 4860 uc

2185 4909 2339 4956 extra
2363 4909 2413 4955 te
2443 4909 2643 4963 essent.
2682 4910 2737 4955 tu
2773 4902 3013 4957 exterior
3035 4916 3127 4964 es;
3163 4908 3223 4955 ut
3245 4899 3426 4954 omnia
3451 4897 3779 4954 concludan-

2185 5000 2274 5047 tur
2301 5006 2331 5044 a
2379 4999 2448 5055 te,
2497 5006 2598 5045 non
2632 4990 2785 5047 loeali
2819 4991 3201 5061 magnitudine,
3236 4991 3330 5045 sed
3366 4989 3651 5061 potentiali
3681 5005 3779 5059 po-

2182 5080 2370 5145 tentia,
2411 5081 2536 5151 quia
2583 5080 2779 5150 ubique
2823 5096 2881 5135 es
2912 5095 3166 5150 praesens,
3205 5088 3260 5135 et
3283 5080 3464 5134 omnia
3514 5081 3609 5134 tibi
3642 5094 3781 5150 prae-

2182 5171 2385 5233 sentia;
2418 5170 2664 5241 quamvis
2688 5171 2904 5240 quidam
2928 5171 3029 5226 hoc
3051 5170 3372 5241 intelligant,
3398 5169 3622 5241 quidam
3647 5181 3781 5225 vero

2182 5278 2288 5319 non
2320 5262 2619 5333 intelligant

2251 5372 2408 5443 391
2442 5371 2558 5426 ΧΧ.
2604 5372 2726 5429 llaec
2760 5382 2817 5429 et
2852 5373 2959 5428 alia
3006 5372 3171 5431 multa
3225 5373 3410 5428 docuit
3462 5388 3549 5429 me
3599 5384 3783 5430 mater

2187 5466 2449 5530 Ecclesia,
2493 5474 2668 5520 mater
2713 5475 2925 5532 sancta,
2977 5465 3298 5520 universalis
3347 5475 3403 5520 et
3445 5467 3777 5531 orthodoxa,

2188 5557 2339 5628 cujus
2389 5572 2475 5612 me
2545 5555 2662 5611 fieri
2731 5558 3033 5612 membrum
3093 5557 3308 5611 voluisti
3378 5571 3479 5625 per
3540 5558 3777 5628 gratiam

2186 5657 2356 5713 tuam,
2404 5657 2458 5704 et
2498 5650 2564 5705 de
2607 5648 2760 5720 cujus
2806 5648 3013 5706 cwlesti
3062 5649 3306 5706 doctrina
3338 5665 3425 5705 me
3454 5649 3531 5705 ita
3561 5659 3783 5706 certum

2188 5748 2347 5809 atque
2391 5757 2644 5797 securum
2680 5742 2733 5798 in
2761 5741 3014 5799 omnibus
3041 5757 3140 5814 pro
3176 5749 3267 5798 tua
3300 5741 3530 5797 reddere
3570 5744 3783 5813 pietate

2187 5830 2436 5902 dignatus
2462 5848 2539 5901 cs,
2570 5832 2818 5901 Domine,
2847 5847 2944 5904 per
2968 5834 3239 5893 assiduam
3265 5842 3372 5891 tua
3396 5831 3784 5905 inspirationis
