  <div class='ocr_page' id='page_1' title='image "/cluster/home/n/w/nwhite01/storage/ocr_20150623/101/hvd.32044004824769/526.png"; bbox 0 0 4038 6354; ppageno 0'>
   <div class='ocr_carea' id='block_1_1' title="bbox 363 336 502 393">
    <p class='ocr_par' dir='ltr' id='par_1_1' title="bbox 363 336 502 393">
     <span class='ocr_line' id='line_1_1' title="bbox 363 336 502 393; baseline 0.014 -2"><span class='ocrx_word' id='word_1_1' title='bbox 363 336 502 393; x_wconf 68' lang='grc'><strong>1041</strong></span> 
     </span>
    </p>
   </div>
   <div class='ocr_carea' id='block_1_2' title="bbox 1066 324 2910 388">
    <p class='ocr_par' dir='ltr' id='par_1_2' title="bbox 1066 324 2910 388">
     <span class='ocr_line' id='line_1_2' title="bbox 1066 324 2910 388; baseline -0.003 -1"><span class='ocrx_word' id='word_1_2' title='bbox 1066 331 1213 387; x_wconf 84' lang='grc' dir='ltr'><strong>ΟΡΡ.</strong></span> <span class='ocrx_word' id='word_1_3' title='bbox 1257 330 1483 388; x_wconf 84' lang='lat' dir='ltr'><strong>DUBIA.</strong></span> <span class='ocrx_word' id='word_1_4' title='bbox 1525 360 1593 372; x_wconf 91' lang='lat'><strong>—-</strong></span> <span class='ocrx_word' id='word_1_5' title='bbox 1630 328 1858 386; x_wconf 78' lang='lat' dir='ltr'><strong>ALBINI</strong></span> <span class='ocrx_word' id='word_1_6' title='bbox 1894 324 2273 383; x_wconf 77' lang='lat' dir='ltr'><strong>CONI‘ESSIO</strong></span> <span class='ocrx_word' id='word_1_7' title='bbox 2308 324 2507 382; x_wconf 75' lang='lat' dir='ltr'><strong>FIDE].</strong></span> <span class='ocrx_word' id='word_1_8' title='bbox 2548 353 2619 368; x_wconf 89' lang='lat'><em>-</em></span> <span class='ocrx_word' id='word_1_9' title='bbox 2656 325 2835 384; x_wconf 79' lang='lat' dir='ltr'><strong>PARS</strong></span> <span class='ocrx_word' id='word_1_10' title='bbox 2868 326 2910 383; x_wconf 85' lang='grc' dir='ltr'><strong>Ι.</strong></span> 
     </span>
    </p>
   </div>
   <div class='ocr_carea' id='block_1_3' title="bbox 3474 324 3617 399">
    <p class='ocr_par' dir='ltr' id='par_1_3' title="bbox 3474 324 3617 399">
     <span class='ocr_line' id='line_1_3' title="bbox 3474 324 3617 399; baseline -0.014 -18"><span class='ocrx_word' id='word_1_11' title='bbox 3474 324 3617 399; x_wconf 70' lang='lat' dir='ltr'><strong>tota</strong></span> 
     </span>
    </p>
   </div>
   <div class='ocr_carea' id='block_1_4' title="bbox 361 437 3614 516">
    <p class='ocr_par' dir='ltr' id='par_1_4' title="bbox 361 437 3614 516">
     <span class='ocr_line' id='line_1_4' title="bbox 361 437 3614 516; baseline -0.003 -11"><span class='ocrx_word' id='word_1_12' title='bbox 361 448 835 512; x_wconf 87' lang='lat' dir='ltr'><strong>illuminationem,</strong></span> <span class='ocrx_word' id='word_1_13' title='bbox 877 462 938 502; x_wconf 81' lang='lat' dir='ltr'><strong>ac</strong></span> <span class='ocrx_word' id='word_1_14' title='bbox 969 447 1014 502; x_wconf 91' lang='lat' dir='ltr'><strong>si</strong></span> <span class='ocrx_word' id='word_1_15' title='bbox 1043 446 1231 511; x_wconf 88' lang='lat' dir='ltr'><strong>multa,</strong></span> <span class='ocrx_word' id='word_1_16' title='bbox 1278 461 1396 515; x_wconf 63' lang='lat' dir='ltr'><strong>quae</strong></span> <span class='ocrx_word' id='word_1_17' title='bbox 1432 444 1613 501; x_wconf 87' lang='lat' dir='ltr'><strong>clausa</strong></span> <span class='ocrx_word' id='word_1_18' title='bbox 1654 441 1927 516; x_wconf 81' lang='lat' dir='ltr'><strong>mysteriis</strong></span> <span class='ocrx_word' id='word_1_19' title='bbox 1955 440 2006 500; x_wconf 75' lang='grc' dir='ltr'><strong>Δ</strong></span> <span class='ocrx_word' id='word_1_20' title='bbox 2029 437 2152 493; x_wconf 86' lang='lat' dir='ltr'><strong>dem</strong></span> <span class='ocrx_word' id='word_1_21' title='bbox 2176 451 2439 508; x_wconf 64' lang='lat' dir='ltr'><strong>personae,</strong></span> <span class='ocrx_word' id='word_1_22' title='bbox 2479 438 2575 495; x_wconf 86' lang='lat' dir='ltr'><strong>sed</strong></span> <span class='ocrx_word' id='word_1_23' title='bbox 2610 456 2719 497; x_wconf 86' lang='lat' dir='ltr'><strong>una</strong></span> <span class='ocrx_word' id='word_1_24' title='bbox 2757 437 3092 504; x_wconf 75' lang='lat' dir='ltr'><strong>substantia;</strong></span> <span class='ocrx_word' id='word_1_25' title='bbox 3128 438 3269 494; x_wconf 92' lang='lat' dir='ltr'><strong>sicut</strong></span> <span class='ocrx_word' id='word_1_26' title='bbox 3293 437 3455 509; x_wconf 88' lang='lat' dir='ltr'><strong>ignis,</strong></span> <span class='ocrx_word' id='word_1_27' title='bbox 3485 451 3614 495; x_wconf 86' lang='lat' dir='ltr'><strong>can-</strong></span> 
     </span>
    </p>
   </div>
   <div class='ocr_carea' id='block_1_5' title="bbox 361 534 1932 609">
    <p class='ocr_par' dir='ltr' id='par_1_5' title="bbox 361 534 1932 609">
     <span class='ocr_line' id='line_1_5' title="bbox 361 534 1932 609; baseline -0.005 -14"><span class='ocrx_word' id='word_1_28' title='bbox 361 542 549 603; x_wconf 89' lang='lat' dir='ltr'><strong>latent,</strong></span> <span class='ocrx_word' id='word_1_29' title='bbox 572 553 678 593; x_wconf 91' lang='lat' dir='ltr'><strong>non</strong></span> <span class='ocrx_word' id='word_1_30' title='bbox 714 554 811 609; x_wconf 89' lang='lat' dir='ltr'><strong>per</strong></span> <span class='ocrx_word' id='word_1_31' title='bbox 838 537 1129 609; x_wconf 89' lang='lat' dir='ltr'><strong>speculum,</strong></span> <span class='ocrx_word' id='word_1_32' title='bbox 1160 538 1251 593; x_wconf 88' lang='lat' dir='ltr'><strong>sed</strong></span> <span class='ocrx_word' id='word_1_33' title='bbox 1278 536 1414 592; x_wconf 87' lang='lat' dir='ltr'><strong>facie</strong></span> <span class='ocrx_word' id='word_1_34' title='bbox 1445 536 1513 592; x_wconf 84' lang='lat' dir='ltr'><strong>ad</strong></span> <span class='ocrx_word' id='word_1_35' title='bbox 1536 535 1729 590; x_wconf 83' lang='lat' dir='ltr'><strong>faciem</strong></span> <span class='ocrx_word' id='word_1_36' title='bbox 1760 534 1932 588; x_wconf 85' lang='lat' dir='ltr'><strong>intue-</strong></span> 
     </span>
    </p>
   </div>
   <div class='ocr_carea' id='block_1_6' title="bbox 359 625 1930 700">
    <p class='ocr_par' dir='ltr' id='par_1_6' title="bbox 359 625 1930 700">
     <span class='ocr_line' id='line_1_6' title="bbox 359 625 1930 700; baseline -0.007 -11"><span class='ocrx_word' id='word_1_37' title='bbox 359 649 467 689; x_wconf 90' lang='lat' dir='ltr'><strong>rer.</strong></span> <span class='ocrx_word' id='word_1_38' title='bbox 500 632 693 688; x_wconf 88' lang='lat' dir='ltr'><strong>Docuit</strong></span> <span class='ocrx_word' id='word_1_39' title='bbox 722 632 900 700; x_wconf 78' lang='lat' dir='ltr'><strong>igitur,</strong></span> <span class='ocrx_word' id='word_1_40' title='bbox 933 638 986 685; x_wconf 89' lang='lat' dir='ltr'><strong>te</strong></span> <span class='ocrx_word' id='word_1_41' title='bbox 1013 630 1182 685; x_wconf 85' lang='lat' dir='ltr'><strong>solum</strong></span> <span class='ocrx_word' id='word_1_42' title='bbox 1208 628 1413 694; x_wconf 89' lang='lat' dir='ltr'><strong>vivum,</strong></span> <span class='ocrx_word' id='word_1_43' title='bbox 1444 636 1498 682; x_wconf 91' lang='lat' dir='ltr'><strong>et</strong></span> <span class='ocrx_word' id='word_1_44' title='bbox 1524 642 1711 682; x_wconf 87' lang='lat' dir='ltr'><strong>verum</strong></span> <span class='ocrx_word' id='word_1_45' title='bbox 1744 625 1930 689; x_wconf 89' lang='lat' dir='ltr'><strong>Deum,</strong></span> 
     </span>
    </p>
   </div>
   <div class='ocr_carea' id='block_1_7' title="bbox 356 713 1929 792">
    <p class='ocr_par' dir='ltr' id='par_1_7' title="bbox 356 713 1929 792">
     <span class='ocr_line' id='line_1_7' title="bbox 356 713 1929 792; baseline -0.008 -12"><span class='ocrx_word' id='word_1_46' title='bbox 356 740 463 780; x_wconf 83' lang='lat' dir='ltr'><strong>non</strong></span> <span class='ocrx_word' id='word_1_47' title='bbox 491 739 613 780; x_wconf 88' lang='lat' dir='ltr'><strong>esse</strong></span> <span class='ocrx_word' id='word_1_48' title='bbox 634 737 974 792; x_wconf 90' lang='lat' dir='ltr'><strong>corporeum,</strong></span> <span class='ocrx_word' id='word_1_49' title='bbox 1002 720 1086 776; x_wconf 90' lang='lat' dir='ltr'><strong>vel</strong></span> <span class='ocrx_word' id='word_1_50' title='bbox 1107 719 1437 791; x_wconf 88' lang='lat' dir='ltr'><strong>passibilem,</strong></span> <span class='ocrx_word' id='word_1_51' title='bbox 1466 726 1559 773; x_wconf 88' lang='lat' dir='ltr'><strong>aut</strong></span> <span class='ocrx_word' id='word_1_52' title='bbox 1579 713 1929 788; x_wconf 88' lang='lat' dir='ltr'><strong>palpabilem:</strong></span> 
     </span>
    </p>
   </div>
   <div class='ocr_carea' id='block_1_8' title="bbox 288 808 1928 886">
    <p class='ocr_par' dir='ltr' id='par_1_8' title="bbox 288 808 1928 886">
     <span class='ocr_line' id='line_1_8' title="bbox 288 808 1928 886; baseline -0.008 -12"><span class='ocrx_word' id='word_1_53' title='bbox 288 820 297 825; x_wconf 81' lang='grc'><em>”</em></span> <span class='ocrx_word' id='word_1_54' title='bbox 354 820 554 875; x_wconf 91' lang='lat' dir='ltr'><strong>nullam</strong></span> <span class='ocrx_word' id='word_1_55' title='bbox 596 817 669 872; x_wconf 89' lang='lat' dir='ltr'><strong>tui</strong></span> <span class='ocrx_word' id='word_1_56' title='bbox 697 825 903 886; x_wconf 81' lang='lat' dir='ltr'><strong>partem</strong></span> <span class='ocrx_word' id='word_1_57' title='bbox 949 815 1226 886; x_wconf 86' lang='lat' dir='ltr'><strong>corporeis</strong></span> <span class='ocrx_word' id='word_1_58' title='bbox 1273 813 1444 868; x_wconf 91' lang='lat' dir='ltr'><strong>oculis</strong></span> <span class='ocrx_word' id='word_1_59' title='bbox 1487 825 1648 881; x_wconf 88' lang='lat' dir='ltr'><strong>posse</strong></span> <span class='ocrx_word' id='word_1_60' title='bbox 1698 808 1928 863; x_wconf 89' lang='lat' dir='ltr'><strong>sentiri:</strong></span> 
     </span>
    </p>
   </div>
   <div class='ocr_carea' id='block_1_9' title="bbox 359 899 1931 974">
    <p class='ocr_par' dir='ltr' id='par_1_9' title="bbox 359 899 1931 974">
     <span class='ocr_line' id='line_1_9' title="bbox 359 899 1931 974; baseline -0.008 -10"><span class='ocrx_word' id='word_1_61' title='bbox 359 909 495 964; x_wconf 86' lang='lat' dir='ltr'><strong>nihil</strong></span> <span class='ocrx_word' id='word_1_62' title='bbox 526 910 592 963; x_wconf 91' lang='lat' dir='ltr'><strong>de</strong></span> <span class='ocrx_word' id='word_1_63' title='bbox 631 906 930 963; x_wconf 79' lang='lat' dir='ltr'><strong>subSIantia</strong></span> <span class='ocrx_word' id='word_1_64' title='bbox 958 914 1046 960; x_wconf 90' lang='lat' dir='ltr'><strong>tua</strong></span> <span class='ocrx_word' id='word_1_65' title='bbox 1074 915 1233 974; x_wconf 87' lang='lat' dir='ltr'><strong>atque</strong></span> <span class='ocrx_word' id='word_1_66' title='bbox 1257 912 1447 958; x_wconf 90' lang='lat' dir='ltr'><strong>natura</strong></span> <span class='ocrx_word' id='word_1_67' title='bbox 1484 902 1590 955; x_wconf 94' lang='lat' dir='ltr'><strong>ullo</strong></span> <span class='ocrx_word' id='word_1_68' title='bbox 1625 899 1784 953; x_wconf 89' lang='lat' dir='ltr'><strong>modo</strong></span> <span class='ocrx_word' id='word_1_69' title='bbox 1812 912 1931 953; x_wconf 90' lang='lat' dir='ltr'><strong>esse</strong></span> 
     </span>
    </p>
   </div>
   <div class='ocr_carea' id='block_1_10' title="bbox 355 988 1929 1064">
    <p class='ocr_par' dir='ltr' id='par_1_10' title="bbox 355 988 1929 1064">
     <span class='ocr_line' id='line_1_10' title="bbox 355 988 1929 1064; baseline -0.005 -15"><span class='ocrx_word' id='word_1_70' title='bbox 355 997 628 1059; x_wconf 63' lang='lat' dir='ltr'><strong>violabile,</strong></span> <span class='ocrx_word' id='word_1_71' title='bbox 668 1005 761 1050; x_wconf 88' lang='lat' dir='ltr'><strong>aut</strong></span> <span class='ocrx_word' id='word_1_72' title='bbox 790 995 1229 1064; x_wconf 87' lang='lat' dir='ltr'><strong>composititium,</strong></span> <span class='ocrx_word' id='word_1_73' title='bbox 1261 1003 1351 1047; x_wconf 88' lang='lat' dir='ltr'><strong>aut</strong></span> <span class='ocrx_word' id='word_1_74' title='bbox 1380 992 1584 1047; x_wconf 90' lang='lat' dir='ltr'><strong>ﬁctum.</strong></span> <span class='ocrx_word' id='word_1_75' title='bbox 1627 988 1769 1043; x_wconf 87' lang='lat' dir='ltr'><strong>Nihil</strong></span> <span class='ocrx_word' id='word_1_76' title='bbox 1800 989 1852 1043; x_wconf 90' lang='lat' dir='ltr'><strong>in</strong></span> <span class='ocrx_word' id='word_1_77' title='bbox 1878 994 1929 1042; x_wconf 85' lang='lat' dir='ltr'><strong>te</strong></span> 
     </span>
    </p>
   </div>
   <div class='ocr_carea' id='block_1_11' title="bbox 354 1083 1929 1159">
    <p class='ocr_par' dir='ltr' id='par_1_11' title="bbox 354 1083 1929 1159">
     <span class='ocr_line' id='line_1_11' title="bbox 354 1083 1929 1159; baseline -0.007 -15"><span class='ocrx_word' id='word_1_78' title='bbox 354 1088 530 1159; x_wconf 86' lang='lat' dir='ltr'><strong>majus</strong></span> <span class='ocrx_word' id='word_1_79' title='bbox 570 1095 661 1140; x_wconf 90' lang='lat' dir='ltr'><strong>aut</strong></span> <span class='ocrx_word' id='word_1_80' title='bbox 708 1085 930 1141; x_wconf 85' lang='lat' dir='ltr'><strong>inferius</strong></span> <span class='ocrx_word' id='word_1_81' title='bbox 965 1087 1281 1148; x_wconf 79' lang='lat' dir='ltr'><strong>habentem;</strong></span> <span class='ocrx_word' id='word_1_82' title='bbox 1318 1083 1411 1138; x_wconf 91' lang='lat' dir='ltr'><strong>sed</strong></span> <span class='ocrx_word' id='word_1_83' title='bbox 1439 1096 1535 1151; x_wconf 91' lang='lat' dir='ltr'><strong>per</strong></span> <span class='ocrx_word' id='word_1_84' title='bbox 1560 1095 1774 1136; x_wconf 89' lang='lat' dir='ltr'><strong>omnem</strong></span> <span class='ocrx_word' id='word_1_85' title='bbox 1814 1093 1929 1133; x_wconf 90' lang='lat' dir='ltr'><strong>mo-</strong></span> 
     </span>
    </p>
   </div>
   <div class='ocr_carea' id='block_1_12' title="bbox 356 1170 1927 1245">
    <p class='ocr_par' dir='ltr' id='par_1_12' title="bbox 356 1170 1927 1245">
     <span class='ocr_line' id='line_1_12' title="bbox 356 1170 1927 1245; baseline -0.006 -12"><span class='ocrx_word' id='word_1_86' title='bbox 356 1178 483 1235; x_wconf 89' lang='lat' dir='ltr'><strong>dum</strong></span> <span class='ocrx_word' id='word_1_87' title='bbox 514 1192 579 1232; x_wconf 77' lang='lat' dir='ltr'><strong>ex</strong></span> <span class='ocrx_word' id='word_1_88' title='bbox 605 1177 747 1231; x_wconf 88' lang='lat' dir='ltr'><strong>omni</strong></span> <span class='ocrx_word' id='word_1_89' title='bbox 773 1185 927 1245; x_wconf 87' lang='lat' dir='ltr'><strong>parte</strong></span> <span class='ocrx_word' id='word_1_90' title='bbox 951 1176 1067 1229; x_wconf 89' lang='lat' dir='ltr'><strong>sine</strong></span> <span class='ocrx_word' id='word_1_91' title='bbox 1089 1173 1429 1229; x_wconf 83' lang='lat' dir='ltr'><strong>deformitate</strong></span> <span class='ocrx_word' id='word_1_92' title='bbox 1456 1170 1776 1242; x_wconf 81' lang='lat' dir='ltr'><strong>perfectum,</strong></span> <span class='ocrx_word' id='word_1_93' title='bbox 1810 1171 1927 1224; x_wconf 89' lang='lat' dir='ltr'><strong>sine</strong></span> 
     </span>
    </p>
   </div>
   <div class='ocr_carea' id='block_1_13' title="bbox 356 1263 1927 1339">
    <p class='ocr_par' dir='ltr' id='par_1_13' title="bbox 356 1263 1927 1339">
     <span class='ocr_line' id='line_1_13' title="bbox 356 1263 1927 1339; baseline -0.004 -17"><span class='ocrx_word' id='word_1_94' title='bbox 356 1268 657 1339; x_wconf 89' lang='lat' dir='ltr'><strong>quantitate</strong></span> <span class='ocrx_word' id='word_1_95' title='bbox 706 1282 980 1338; x_wconf 89' lang='lat' dir='ltr'><strong>magnum,</strong></span> <span class='ocrx_word' id='word_1_96' title='bbox 1036 1267 1151 1320; x_wconf 89' lang='lat' dir='ltr'><strong>sine</strong></span> <span class='ocrx_word' id='word_1_97' title='bbox 1198 1264 1455 1334; x_wconf 84' lang='lat' dir='ltr'><strong>qualitate</strong></span> <span class='ocrx_word' id='word_1_98' title='bbox 1508 1263 1747 1327; x_wconf 89' lang='lat' dir='ltr'><strong>bonum,</strong></span> <span class='ocrx_word' id='word_1_99' title='bbox 1810 1263 1927 1317; x_wconf 88' lang='lat' dir='ltr'><strong>sine</strong></span> 
     </span>
    </p>
   </div>
   <div class='ocr_carea' id='block_1_14' title="bbox 356 1356 1926 1432">
    <p class='ocr_par' dir='ltr' id='par_1_14' title="bbox 356 1356 1926 1432">
     <span class='ocr_line' id='line_1_14' title="bbox 356 1356 1926 1432; baseline -0.004 -15"><span class='ocrx_word' id='word_1_100' title='bbox 356 1370 594 1432; x_wconf 84' lang='lat' dir='ltr'><strong>tempore</strong></span> <span class='ocrx_word' id='word_1_101' title='bbox 651 1362 1055 1430; x_wconf 88' lang='lat' dir='ltr'><strong>sempiternum,</strong></span> <span class='ocrx_word' id='word_1_102' title='bbox 1102 1360 1220 1415; x_wconf 92' lang='lat' dir='ltr'><strong>sine</strong></span> <span class='ocrx_word' id='word_1_103' title='bbox 1270 1368 1444 1415; x_wconf 91' lang='lat' dir='ltr'><strong>morte</strong></span> <span class='ocrx_word' id='word_1_104' title='bbox 1477 1358 1668 1423; x_wconf 88' lang='lat' dir='ltr'><strong>vitam,</strong></span> <span class='ocrx_word' id='word_1_105' title='bbox 1699 1357 1815 1412; x_wconf 90' lang='lat' dir='ltr'><strong>sine</strong></span> <span class='ocrx_word' id='word_1_106' title='bbox 1844 1356 1926 1412; x_wconf 89' lang='lat' dir='ltr'><strong>in-</strong></span> 
     </span>
    </p>
   </div>
   <div class='ocr_carea' id='block_1_15' title="bbox 354 1446 1926 1516">
    <p class='ocr_par' dir='ltr' id='par_1_15' title="bbox 354 1446 1926 1516">
     <span class='ocr_line' id='line_1_15' title="bbox 354 1446 1926 1516; baseline -0.003 -10"><span class='ocrx_word' id='word_1_107' title='bbox 354 1451 608 1507; x_wconf 87' lang='lat' dir='ltr'><strong>ﬁrmitate</strong></span> <span class='ocrx_word' id='word_1_108' title='bbox 636 1450 854 1516; x_wconf 80' lang='lat' dir='ltr'><strong>fortem,</strong></span> <span class='ocrx_word' id='word_1_109' title='bbox 881 1452 999 1507; x_wconf 86' lang='lat' dir='ltr'><strong>sine</strong></span> <span class='ocrx_word' id='word_1_110' title='bbox 1026 1451 1306 1506; x_wconf 89' lang='lat' dir='ltr'><strong>mendacio</strong></span> <span class='ocrx_word' id='word_1_111' title='bbox 1336 1450 1639 1513; x_wconf 85' lang='lat' dir='ltr'><strong>veritatem,</strong></span> <span class='ocrx_word' id='word_1_112' title='bbox 1672 1448 1788 1503; x_wconf 89' lang='lat' dir='ltr'><strong>sine</strong></span> <span class='ocrx_word' id='word_1_113' title='bbox 1807 1446 1926 1502; x_wconf 92' lang='lat' dir='ltr'><strong>loco</strong></span> 
     </span>
    </p>
   </div>
   <div class='ocr_carea' id='block_1_16' title="bbox 353 1538 1926 1615">
    <p class='ocr_par' dir='ltr' id='par_1_16' title="bbox 353 1538 1926 1615">
     <span class='ocr_line' id='line_1_16' title="bbox 353 1538 1926 1615; baseline -0.003 -16"><span class='ocrx_word' id='word_1_114' title='bbox 353 1544 552 1615; x_wconf 86' lang='lat' dir='ltr'><strong>ubique</strong></span> <span class='ocrx_word' id='word_1_115' title='bbox 585 1553 775 1610; x_wconf 87' lang='lat' dir='ltr'><strong>totum,</strong></span> <span class='ocrx_word' id='word_1_116' title='bbox 809 1546 925 1601; x_wconf 88' lang='lat' dir='ltr'><strong>sine</strong></span> <span class='ocrx_word' id='word_1_117' title='bbox 955 1546 1060 1599; x_wconf 90' lang='lat' dir='ltr'><strong>situ</strong></span> <span class='ocrx_word' id='word_1_118' title='bbox 1091 1544 1289 1612; x_wconf 92' lang='lat' dir='ltr'><strong>ubique</strong></span> <span class='ocrx_word' id='word_1_119' title='bbox 1323 1550 1662 1613; x_wconf 64' lang='lat' dir='ltr'><strong>praesentem,</strong></span> <span class='ocrx_word' id='word_1_120' title='bbox 1692 1538 1809 1615; x_wconf 82' lang='lat' dir='ltr'><strong>sine</strong></span> <span class='ocrx_word' id='word_1_121' title='bbox 1833 1555 1926 1595; x_wconf 76' lang='lat' dir='ltr'><strong>ex-</strong></span> 
     </span>
    </p>
   </div>
   <div class='ocr_carea' id='block_1_17' title="bbox 351 1633 1926 1707">
    <p class='ocr_par' dir='ltr' id='par_1_17' title="bbox 351 1633 1926 1707">
     <span class='ocr_line' id='line_1_17' title="bbox 351 1633 1926 1707; baseline -0.004 -15"><span class='ocrx_word' id='word_1_122' title='bbox 351 1640 597 1694; x_wconf 91' lang='lat' dir='ltr'><strong>tensione</strong></span> <span class='ocrx_word' id='word_1_123' title='bbox 619 1639 799 1693; x_wconf 89' lang='lat' dir='ltr'><strong>omnia</strong></span> <span class='ocrx_word' id='word_1_124' title='bbox 826 1637 1158 1707; x_wconf 90' lang='lat' dir='ltr'><strong>implentem,</strong></span> <span class='ocrx_word' id='word_1_125' title='bbox 1188 1637 1305 1691; x_wconf 90' lang='lat' dir='ltr'><strong>sine</strong></span> <span class='ocrx_word' id='word_1_126' title='bbox 1334 1635 1701 1690; x_wconf 88' lang='lat' dir='ltr'><strong>contractione</strong></span> <span class='ocrx_word' id='word_1_127' title='bbox 1726 1633 1926 1702; x_wconf 90' lang='lat' dir='ltr'><strong>ubique</strong></span> 
     </span>
    </p>
   </div>
   <div class='ocr_carea' id='block_1_18' title="bbox 350 1725 1922 1791">
    <p class='ocr_par' dir='ltr' id='par_1_18' title="bbox 350 1725 1922 1791">
     <span class='ocr_line' id='line_1_18' title="bbox 350 1725 1922 1791; baseline -0.004 -7"><span class='ocrx_word' id='word_1_128' title='bbox 350 1738 757 1791; x_wconf 87' lang='lat' dir='ltr'><strong>occurrentem,</strong></span> <span class='ocrx_word' id='word_1_129' title='bbox 813 1728 933 1781; x_wconf 91' lang='lat' dir='ltr'><strong>sine</strong></span> <span class='ocrx_word' id='word_1_130' title='bbox 988 1735 1135 1780; x_wconf 91' lang='lat' dir='ltr'><strong>motu</strong></span> <span class='ocrx_word' id='word_1_131' title='bbox 1188 1727 1370 1780; x_wconf 88' lang='lat' dir='ltr'><strong>omnia</strong></span> <span class='ocrx_word' id='word_1_132' title='bbox 1421 1725 1922 1787; x_wconf 88' lang='lat' dir='ltr'><strong>transcendentem,</strong></span> 
     </span>
    </p>
   </div>
   <div class='ocr_carea' id='block_1_19' title="bbox 2034 510 3647 599">
    <p class='ocr_par' dir='ltr' id='par_1_19' title="bbox 2034 510 3647 599">
     <span class='ocr_line' id='line_1_19' title="bbox 2034 510 3647 599; baseline 0.002 -14"><span class='ocrx_word' id='word_1_133' title='bbox 2034 531 2151 594; x_wconf 87' lang='lat' dir='ltr'><strong>dor,</strong></span> <span class='ocrx_word' id='word_1_134' title='bbox 2186 528 2354 594; x_wconf 88' lang='lat' dir='ltr'><strong>calor,</strong></span> <span class='ocrx_word' id='word_1_135' title='bbox 2390 528 2496 585; x_wconf 88' lang='lat' dir='ltr'><strong>tria</strong></span> <span class='ocrx_word' id='word_1_136' title='bbox 2528 533 2768 599; x_wconf 85' lang='lat' dir='ltr'><strong>nomina,</strong></span> <span class='ocrx_word' id='word_1_137' title='bbox 2810 530 2906 587; x_wconf 89' lang='lat' dir='ltr'><strong>sed</strong></span> <span class='ocrx_word' id='word_1_138' title='bbox 2945 545 3034 586; x_wconf 90' lang='lat' dir='ltr'><strong>res</strong></span> <span class='ocrx_word' id='word_1_139' title='bbox 3074 545 3180 586; x_wconf 90' lang='lat' dir='ltr'><strong>una</strong></span> <span class='ocrx_word' id='word_1_140' title='bbox 3207 548 3220 585; x_wconf 92' lang='lat'><strong>:</strong></span> <span class='ocrx_word' id='word_1_141' title='bbox 3249 530 3387 586; x_wconf 88' lang='lat' dir='ltr'><strong>sicut</strong></span> <span class='ocrx_word' id='word_1_142' title='bbox 3412 510 3647 587; x_wconf 38' lang='lat' dir='ltr'><strong>memo-J</strong></span> 
     </span>
    </p>
   </div>
   <div class='ocr_carea' id='block_1_20' title="bbox 2033 619 3616 693">
    <p class='ocr_par' dir='ltr' id='par_1_20' title="bbox 2033 619 3616 693">
     <span class='ocr_line' id='line_1_20' title="bbox 2033 619 3616 693; baseline 0.003 -19"><span class='ocrx_word' id='word_1_143' title='bbox 2033 620 2133 686; x_wconf 88' lang='lat' dir='ltr'><strong>ria,</strong></span> <span class='ocrx_word' id='word_1_144' title='bbox 2179 619 2510 687; x_wconf 90' lang='lat' dir='ltr'><strong>intellectus,</strong></span> <span class='ocrx_word' id='word_1_145' title='bbox 2547 622 2816 688; x_wconf 78' lang='lat' dir='ltr'><strong>voluntas,</strong></span> <span class='ocrx_word' id='word_1_146' title='bbox 2850 638 2971 693; x_wconf 69' lang='lat' dir='ltr'><strong>quae</strong></span> <span class='ocrx_word' id='word_1_147' title='bbox 2999 621 3371 693; x_wconf 88' lang='lat' dir='ltr'><strong>separabiliter</strong></span> <span class='ocrx_word' id='word_1_148' title='bbox 3396 621 3616 679; x_wconf 86' lang='lat' dir='ltr'><strong>demon-</strong></span> 
     </span>
    </p>
   </div>
   <div class='ocr_carea' id='block_1_21' title="bbox 2035 712 3615 787">
    <p class='ocr_par' dir='ltr' id='par_1_21' title="bbox 2035 712 3615 787">
     <span class='ocr_line' id='line_1_21' title="bbox 2035 712 3615 787; baseline 0.003 -20"><span class='ocrx_word' id='word_1_149' title='bbox 2035 720 2301 777; x_wconf 90' lang='lat' dir='ltr'><strong>strantur,</strong></span> <span class='ocrx_word' id='word_1_150' title='bbox 2356 722 2412 767; x_wconf 89' lang='lat' dir='ltr'><strong>et</strong></span> <span class='ocrx_word' id='word_1_151' title='bbox 2466 714 2894 785; x_wconf 88' lang='lat' dir='ltr'><strong>inseparabiliter</strong></span> <span class='ocrx_word' id='word_1_152' title='bbox 2950 724 3258 787; x_wconf 85' lang='lat' dir='ltr'><strong>operantur.</strong></span> <span class='ocrx_word' id='word_1_153' title='bbox 3311 712 3370 769; x_wconf 94' lang='lat' dir='ltr'><strong>Si</strong></span> <span class='ocrx_word' id='word_1_154' title='bbox 3413 713 3517 771; x_wconf 90' lang='lat' dir='ltr'><strong>hoc</strong></span> <span class='ocrx_word' id='word_1_155' title='bbox 3561 714 3615 770; x_wconf 89' lang='lat' dir='ltr'><strong>in</strong></span> 
     </span>
    </p>
   </div>
   <div class='ocr_carea' id='block_1_22' title="bbox 2030 801 3641 875">
    <p class='ocr_par' dir='ltr' id='par_1_22' title="bbox 2030 801 3641 875">
     <span class='ocr_line' id='line_1_22' title="bbox 2030 801 3641 875; baseline 0.004 -21"><span class='ocrx_word' id='word_1_156' title='bbox 2030 801 2297 855; x_wconf 86' lang='lat' dir='ltr'><strong>creaturis</strong></span> <span class='ocrx_word' id='word_1_157' title='bbox 2345 802 2640 869; x_wconf 85' lang='lat' dir='ltr'><strong>invenitur,</strong></span> <span class='ocrx_word' id='word_1_158' title='bbox 2676 805 2804 873; x_wconf 89' lang='lat' dir='ltr'><strong>quid</strong></span> <span class='ocrx_word' id='word_1_159' title='bbox 2831 806 2898 860; x_wconf 90' lang='lat' dir='ltr'><strong>de</strong></span> <span class='ocrx_word' id='word_1_160' title='bbox 2924 814 2974 860; x_wconf 90' lang='lat' dir='ltr'><strong>te</strong></span> <span class='ocrx_word' id='word_1_161' title='bbox 3017 804 3277 860; x_wconf 88' lang='lat' dir='ltr'><strong>Creatore</strong></span> <span class='ocrx_word' id='word_1_162' title='bbox 3311 803 3641 875; x_wconf 45' lang='lat' dir='ltr'><strong>intelliget]?</strong></span> 
     </span>
    </p>
   </div>
   <div class='ocr_carea' id='block_1_23' title="bbox 2029 892 3614 966">
    <p class='ocr_par' dir='ltr' id='par_1_23' title="bbox 2029 892 3614 966">
     <span class='ocr_line' id='line_1_23' title="bbox 2029 892 3614 966; baseline 0.004 -20"><span class='ocrx_word' id='word_1_163' title='bbox 2029 893 2156 947; x_wconf 91' lang='lat' dir='ltr'><strong>dum</strong></span> <span class='ocrx_word' id='word_1_164' title='bbox 2178 892 2295 947; x_wconf 88' lang='lat' dir='ltr'><strong>est?</strong></span> <span class='ocrx_word' id='word_1_165' title='bbox 2346 892 2548 948; x_wconf 87' lang='lat' dir='ltr'><strong>Natura</strong></span> <span class='ocrx_word' id='word_1_166' title='bbox 2614 898 2811 966; x_wconf 89' lang='lat' dir='ltr'><strong>quippe</strong></span> <span class='ocrx_word' id='word_1_167' title='bbox 2866 912 3090 952; x_wconf 73' lang='lat' dir='ltr'><strong>summae</strong></span> <span class='ocrx_word' id='word_1_168' title='bbox 3157 896 3453 951; x_wconf 90' lang='lat' dir='ltr'><strong>divinitatis</strong></span> <span class='ocrx_word' id='word_1_169' title='bbox 3508 905 3614 952; x_wconf 60' lang='lat' dir='ltr'><strong>tua!</strong></span> 
     </span>
    </p>
   </div>
   <div class='ocr_carea' id='block_1_24' title="bbox 2030 985 3616 1043">
    <p class='ocr_par' dir='ltr' id='par_1_24' title="bbox 2030 985 3616 1043">
     <span class='ocr_line' id='line_1_24' title="bbox 2030 985 3616 1043; baseline 0.001 -4"><span class='ocrx_word' id='word_1_170' title='bbox 2030 985 2319 1040; x_wconf 82' lang='lat' dir='ltr'><strong>immobilis</strong></span> <span class='ocrx_word' id='word_1_171' title='bbox 2382 994 2466 1041; x_wconf 89' lang='lat' dir='ltr'><strong>est</strong></span> <span class='ocrx_word' id='word_1_172' title='bbox 2516 988 2662 1041; x_wconf 91' lang='lat' dir='ltr'><strong>omni</strong></span> <span class='ocrx_word' id='word_1_173' title='bbox 2723 989 2882 1043; x_wconf 91' lang='lat' dir='ltr'><strong>modo</strong></span> <span class='ocrx_word' id='word_1_174' title='bbox 2940 996 2997 1042; x_wconf 89' lang='lat' dir='ltr'><strong>et</strong></span> <span class='ocrx_word' id='word_1_175' title='bbox 3057 987 3428 1043; x_wconf 90' lang='lat' dir='ltr'><strong>immutabilis.</strong></span> <span class='ocrx_word' id='word_1_176' title='bbox 3482 985 3616 1042; x_wconf 86' lang='lat' dir='ltr'><strong>Per-</strong></span> 
     </span>
    </p>
   </div>
   <div class='ocr_carea' id='block_1_25' title="bbox 2029 1075 3615 1141">
    <p class='ocr_par' dir='ltr' id='par_1_25' title="bbox 2029 1075 3615 1141">
     <span class='ocr_line' id='line_1_25' title="bbox 2029 1075 3615 1141; baseline 0 -11"><span class='ocrx_word' id='word_1_177' title='bbox 2029 1090 2176 1130; x_wconf 71' lang='lat' dir='ltr'><strong>sonae</strong></span> <span class='ocrx_word' id='word_1_178' title='bbox 2215 1089 2347 1130; x_wconf 88' lang='lat' dir='ltr'><strong>vero</strong></span> <span class='ocrx_word' id='word_1_179' title='bbox 2386 1075 2613 1131; x_wconf 90' lang='lat' dir='ltr'><strong>mobiles</strong></span> <span class='ocrx_word' id='word_1_180' title='bbox 2641 1085 2767 1131; x_wconf 92' lang='lat' dir='ltr'><strong>sunt</strong></span> <span class='ocrx_word' id='word_1_181' title='bbox 2798 1077 3093 1132; x_wconf 90' lang='lat' dir='ltr'><strong>secundum</strong></span> <span class='ocrx_word' id='word_1_182' title='bbox 3130 1076 3465 1141; x_wconf 87' lang='lat' dir='ltr'><strong>relationem,</strong></span> <span class='ocrx_word' id='word_1_183' title='bbox 3507 1090 3615 1132; x_wconf 90' lang='lat' dir='ltr'><strong>non</strong></span> 
     </span>
    </p>
   </div>
   <div class='ocr_carea' id='block_1_26' title="bbox 2019 1162 3613 1236">
    <p class='ocr_par' dir='ltr' id='par_1_26' title="bbox 2019 1162 3613 1236">
     <span class='ocr_line' id='line_1_26' title="bbox 2019 1162 3613 1236; baseline 0.003 -19"><span class='ocrx_word' id='word_1_184' title='bbox 2019 1162 2176 1231; x_wconf 79' lang='lat' dir='ltr'><strong>juxta</strong></span> <span class='ocrx_word' id='word_1_185' title='bbox 2202 1167 2620 1236; x_wconf 87' lang='lat' dir='ltr'><strong>proprietatem;</strong></span> <span class='ocrx_word' id='word_1_186' title='bbox 2649 1174 2704 1221; x_wconf 92' lang='lat' dir='ltr'><strong>et</strong></span> <span class='ocrx_word' id='word_1_187' title='bbox 2733 1166 2854 1222; x_wconf 83' lang='lat' dir='ltr'><strong>ideo</strong></span> <span class='ocrx_word' id='word_1_188' title='bbox 2880 1167 2933 1221; x_wconf 92' lang='lat' dir='ltr'><strong>in</strong></span> <span class='ocrx_word' id='word_1_189' title='bbox 2970 1166 3232 1223; x_wconf 87' lang='lat' dir='ltr'><strong>relatione</strong></span> <span class='ocrx_word' id='word_1_190' title='bbox 3258 1181 3613 1229; x_wconf 84' lang='lat' dir='ltr'><strong>personarum</strong></span> 
     </span>
    </p>
   </div>
   <div class='ocr_carea' id='block_1_27' title="bbox 2028 1255 3617 1321">
    <p class='ocr_par' dir='ltr' id='par_1_27' title="bbox 2028 1255 3617 1321">
     <span class='ocr_line' id='line_1_27' title="bbox 2028 1255 3617 1321; baseline 0.002 -11"><span class='ocrx_word' id='word_1_191' title='bbox 2028 1255 2289 1321; x_wconf 88' lang='lat' dir='ltr'><strong>Trinitas,</strong></span> <span class='ocrx_word' id='word_1_192' title='bbox 2320 1257 2374 1311; x_wconf 91' lang='lat' dir='ltr'><strong>in</strong></span> <span class='ocrx_word' id='word_1_193' title='bbox 2406 1266 2611 1313; x_wconf 61' lang='lat' dir='ltr'><strong>natura;</strong></span> <span class='ocrx_word' id='word_1_194' title='bbox 2652 1273 2782 1314; x_wconf 91' lang='lat' dir='ltr'><strong>vero</strong></span> <span class='ocrx_word' id='word_1_195' title='bbox 2828 1257 3132 1313; x_wconf 88' lang='lat' dir='ltr'><strong>substantia</strong></span> <span class='ocrx_word' id='word_1_196' title='bbox 3177 1259 3377 1313; x_wconf 89' lang='lat' dir='ltr'><strong>unitas.</strong></span> <span class='ocrx_word' id='word_1_197' title='bbox 3424 1256 3617 1313; x_wconf 82' lang='lat' dir='ltr'><strong>Unitas</strong></span> 
     </span>
    </p>
   </div>
   <div class='ocr_carea' id='block_1_28' title="bbox 2027 1347 3612 1419">
    <p class='ocr_par' dir='ltr' id='par_1_28' title="bbox 2027 1347 3612 1419">
     <span class='ocr_line' id='line_1_28' title="bbox 2027 1347 3612 1419; baseline 0.002 -18"><span class='ocrx_word' id='word_1_198' title='bbox 2027 1347 2293 1417; x_wconf 89' lang='lat' dir='ltr'><strong>siquidem</strong></span> <span class='ocrx_word' id='word_1_199' title='bbox 2326 1356 2546 1418; x_wconf 87' lang='lat' dir='ltr'><strong>propter</strong></span> <span class='ocrx_word' id='word_1_200' title='bbox 2579 1349 2999 1419; x_wconf 86' lang='lat' dir='ltr'><strong>inseparabilem</strong></span> <span class='ocrx_word' id='word_1_201' title='bbox 3038 1348 3267 1403; x_wconf 90' lang='lat' dir='ltr'><strong>Deitatis</strong></span> <span class='ocrx_word' id='word_1_202' title='bbox 3298 1347 3612 1415; x_wconf 88' lang='lat' dir='ltr'><strong>essentiam,</strong></span> 
     </span>
    </p>
   </div>
   <div class='ocr_carea' id='block_1_29' title="bbox 2028 1442 3615 1516">
    <p class='ocr_par' dir='ltr' id='par_1_29' title="bbox 2028 1442 3615 1516">
     <span class='ocr_line' id='line_1_29' title="bbox 2028 1442 3615 1516; baseline 0.002 -20"><span class='ocrx_word' id='word_1_203' title='bbox 2028 1442 2266 1499; x_wconf 87' lang='lat' dir='ltr'><strong>Trinitas</strong></span> <span class='ocrx_word' id='word_1_204' title='bbox 2303 1453 2481 1511; x_wconf 86' lang='lat' dir='ltr'><strong>autem</strong></span> <span class='ocrx_word' id='word_1_205' title='bbox 2516 1454 2737 1516; x_wconf 88' lang='lat' dir='ltr'><strong>propter</strong></span> <span class='ocrx_word' id='word_1_206' title='bbox 2766 1445 3131 1500; x_wconf 87' lang='lat' dir='ltr'><strong>diversitatem</strong></span> <span class='ocrx_word' id='word_1_207' title='bbox 3162 1444 3462 1499; x_wconf 89' lang='lat' dir='ltr'><strong>nominum.</strong></span> <span class='ocrx_word' id='word_1_208' title='bbox 3497 1443 3615 1499; x_wconf 85' lang='lat' dir='ltr'><strong>Non</strong></span> 
     </span>
    </p>
   </div>
   <div class='ocr_carea' id='block_1_30' title="bbox 2026 1535 3612 1610">
    <p class='ocr_par' dir='ltr' id='par_1_30' title="bbox 2026 1535 3612 1610">
     <span class='ocr_line' id='line_1_30' title="bbox 2026 1535 3612 1610; baseline 0.003 -21"><span class='ocrx_word' id='word_1_209' title='bbox 2026 1535 2169 1589; x_wconf 91' lang='lat' dir='ltr'><strong>enim</strong></span> <span class='ocrx_word' id='word_1_210' title='bbox 2196 1537 2410 1591; x_wconf 90' lang='lat' dir='ltr'><strong>nomina</strong></span> <span class='ocrx_word' id='word_1_211' title='bbox 2436 1545 2665 1604; x_wconf 87' lang='lat' dir='ltr'><strong>tantum,</strong></span> <span class='ocrx_word' id='word_1_212' title='bbox 2696 1538 2788 1593; x_wconf 91' lang='lat' dir='ltr'><strong>sed</strong></span> <span class='ocrx_word' id='word_1_213' title='bbox 2816 1540 2980 1593; x_wconf 91' lang='lat' dir='ltr'><strong>etiam</strong></span> <span class='ocrx_word' id='word_1_214' title='bbox 3000 1539 3276 1594; x_wconf 90' lang='lat' dir='ltr'><strong>nominum</strong></span> <span class='ocrx_word' id='word_1_215' title='bbox 3305 1540 3612 1610; x_wconf 90' lang='lat' dir='ltr'><strong>proprieta-</strong></span> 
     </span>
    </p>
   </div>
   <div class='ocr_carea' id='block_1_31' title="bbox 2028 1626 3602 1707">
    <p class='ocr_par' dir='ltr' id='par_1_31' title="bbox 2028 1626 3602 1707">
     <span class='ocr_line' id='line_1_31' title="bbox 2028 1626 3602 1707; baseline 0.004 -29"><span class='ocrx_word' id='word_1_216' title='bbox 2028 1634 2126 1690; x_wconf 91' lang='lat' dir='ltr'><strong>tes,</strong></span> <span class='ocrx_word' id='word_1_217' title='bbox 2154 1626 2256 1707; x_wconf 85' lang='lat' dir='ltr'><strong>hoc</strong></span> <span class='ocrx_word' id='word_1_218' title='bbox 2305 1635 2424 1695; x_wconf 84' lang='lat' dir='ltr'><strong>est,</strong></span> <span class='ocrx_word' id='word_1_219' title='bbox 2475 1643 2736 1697; x_wconf 87' lang='lat' dir='ltr'><strong>personas</strong></span> <span class='ocrx_word' id='word_1_220' title='bbox 2778 1629 2896 1695; x_wconf 89' lang='lat' dir='ltr'><strong>vel,</strong></span> <span class='ocrx_word' id='word_1_221' title='bbox 2945 1637 3004 1683; x_wconf 92' lang='lat' dir='ltr'><strong>ut</strong></span> <span class='ocrx_word' id='word_1_222' title='bbox 3044 1628 3217 1685; x_wconf 62' lang='lat' dir='ltr'><strong>Graeci</strong></span> <span class='ocrx_word' id='word_1_223' title='bbox 3261 1629 3602 1701; x_wconf 78' lang='lat' dir='ltr'><strong>exprimunt,</strong></span> 
     </span>
    </p>
   </div>
   <div class='ocr_carea' id='block_1_32' title="bbox 2025 1718 3610 1788">
    <p class='ocr_par' dir='ltr' id='par_1_32' title="bbox 2025 1718 3610 1788">
     <span class='ocr_line' id='line_1_32' title="bbox 2025 1718 3610 1788; baseline 0.003 -17"><span class='ocrx_word' id='word_1_224' title='bbox 2025 1718 2356 1783; x_wconf 77' lang='grc' dir='ltr'><strong>ὑποστάσεις,</strong></span> <span class='ocrx_word' id='word_1_225' title='bbox 2383 1718 2436 1773; x_wconf 93' lang='lat' dir='ltr'><strong>id</strong></span> <span class='ocrx_word' id='word_1_226' title='bbox 2467 1730 2570 1784; x_wconf 92' lang='lat' dir='ltr'><strong>est,</strong></span> <span class='ocrx_word' id='word_1_227' title='bbox 2603 1721 2979 1775; x_wconf 88' lang='lat' dir='ltr'><strong>subsistentias</strong></span> <span class='ocrx_word' id='word_1_228' title='bbox 3008 1720 3347 1788; x_wconf 82' lang='lat' dir='ltr'><strong>conﬁtemur,</strong></span> <span class='ocrx_word' id='word_1_229' title='bbox 3379 1722 3495 1777; x_wconf 67' lang='lat' dir='ltr'><strong>haec</strong></span> <span class='ocrx_word' id='word_1_230' title='bbox 3525 1728 3610 1776; x_wconf 86' lang='lat' dir='ltr'><strong>ta-</strong></span> 
     </span>
    </p>
   </div>
   <div class='ocr_carea' id='block_1_33' title="bbox 349 1797 3611 1883">
    <p class='ocr_par' dir='ltr' id='par_1_33' title="bbox 349 1797 3611 1883">
     <span class='ocr_line' id='line_1_33' title="bbox 349 1797 3611 1883; baseline -0.002 -8"><span class='ocrx_word' id='word_1_231' title='bbox 349 1820 467 1875; x_wconf 89' lang='lat' dir='ltr'><strong>sine</strong></span> <span class='ocrx_word' id='word_1_232' title='bbox 493 1828 633 1874; x_wconf 90' lang='lat' dir='ltr'><strong>statu</strong></span> <span class='ocrx_word' id='word_1_233' title='bbox 673 1819 815 1872; x_wconf 90' lang='lat' dir='ltr'><strong>intra</strong></span> <span class='ocrx_word' id='word_1_234' title='bbox 854 1818 1033 1872; x_wconf 87' lang='lat' dir='ltr'><strong>omnia</strong></span> <span class='ocrx_word' id='word_1_235' title='bbox 1079 1825 1406 1880; x_wconf 85' lang='lat' dir='ltr'><strong>manentem,</strong></span> <span class='ocrx_word' id='word_1_236' title='bbox 1459 1815 1576 1870; x_wconf 89' lang='lat' dir='ltr'><strong>sine</strong></span> <span class='ocrx_word' id='word_1_237' title='bbox 1632 1815 1926 1883; x_wconf 80' lang='lat' dir='ltr'><strong>indigentia</strong></span> <span class='ocrx_word' id='word_1_238' title='bbox 1962 1797 2005 1855; x_wconf 79' lang='grc' dir='ltr'><strong>Β</strong></span> <span class='ocrx_word' id='word_1_239' title='bbox 2032 1823 2155 1863; x_wconf 77' lang='lat' dir='ltr'><strong>men</strong></span> <span class='ocrx_word' id='word_1_240' title='bbox 2183 1809 2411 1865; x_wconf 85' lang='lat' dir='ltr'><strong>dicimus</strong></span> <span class='ocrx_word' id='word_1_241' title='bbox 2448 1811 2513 1865; x_wconf 89' lang='lat' dir='ltr'><strong>de</strong></span> <span class='ocrx_word' id='word_1_242' title='bbox 2555 1820 2629 1876; x_wconf 84' lang='lat' dir='ltr'><strong>te,</strong></span> <span class='ocrx_word' id='word_1_243' title='bbox 2666 1811 2808 1867; x_wconf 91' lang='lat' dir='ltr'><strong>Deus</strong></span> <span class='ocrx_word' id='word_1_244' title='bbox 2849 1821 3051 1876; x_wconf 89' lang='lat' dir='ltr'><strong>noster,</strong></span> <span class='ocrx_word' id='word_1_245' title='bbox 3100 1821 3157 1866; x_wconf 89' lang='lat' dir='ltr'><strong>ut</strong></span> <span class='ocrx_word' id='word_1_246' title='bbox 3201 1821 3380 1883; x_wconf 87' lang='lat' dir='ltr'><strong>potest</strong></span> <span class='ocrx_word' id='word_1_247' title='bbox 3417 1812 3611 1869; x_wconf 56' lang='lat' dir='ltr'><strong>intelli.</strong></span> 
     </span>
    </p>
   </div>
   <div class='ocr_carea' id='block_1_34' title="bbox 354 1905 1932 1976">
    <p class='ocr_par' dir='ltr' id='par_1_34' title="bbox 354 1905 1932 1976">
     <span class='ocr_line' id='line_1_34' title="bbox 354 1905 1932 1976; baseline -0.003 -12"><span class='ocrx_word' id='word_1_248' title='bbox 354 1910 536 1964; x_wconf 89' lang='lat' dir='ltr'><strong>omnia</strong></span> <span class='ocrx_word' id='word_1_249' title='bbox 564 1917 861 1972; x_wconf 89' lang='lat' dir='ltr'><strong>creantem,</strong></span> <span class='ocrx_word' id='word_1_250' title='bbox 903 1908 1016 1963; x_wconf 89' lang='lat' dir='ltr'><strong>sine</strong></span> <span class='ocrx_word' id='word_1_251' title='bbox 1047 1906 1228 1961; x_wconf 91' lang='lat' dir='ltr'><strong>labore</strong></span> <span class='ocrx_word' id='word_1_252' title='bbox 1264 1906 1444 1962; x_wconf 87' lang='lat' dir='ltr'><strong>omnia</strong></span> <span class='ocrx_word' id='word_1_253' title='bbox 1475 1912 1774 1976; x_wconf 77' lang='lat' dir='ltr'><strong>regentem,</strong></span> <span class='ocrx_word' id='word_1_254' title='bbox 1814 1905 1932 1959; x_wconf 91' lang='lat' dir='ltr'><strong>sine</strong></span> 
     </span>
    </p>
   </div>
   <div class='ocr_carea' id='block_1_35' title="bbox 349 1997 1930 2063">
    <p class='ocr_par' dir='ltr' id='par_1_35' title="bbox 349 1997 1930 2063">
     <span class='ocr_line' id='line_1_35' title="bbox 349 1997 1930 2063; baseline -0.003 -9"><span class='ocrx_word' id='word_1_255' title='bbox 349 2000 427 2054; x_wconf 90' lang='lat' dir='ltr'><strong>tui</strong></span> <span class='ocrx_word' id='word_1_256' title='bbox 476 2000 631 2053; x_wconf 91' lang='lat' dir='ltr'><strong>initio</strong></span> <span class='ocrx_word' id='word_1_257' title='bbox 676 1999 928 2054; x_wconf 89' lang='lat' dir='ltr'><strong>omnibus</strong></span> <span class='ocrx_word' id='word_1_258' title='bbox 973 1998 1184 2052; x_wconf 90' lang='lat' dir='ltr'><strong>initium</strong></span> <span class='ocrx_word' id='word_1_259' title='bbox 1229 1997 1468 2063; x_wconf 85' lang='lat' dir='ltr'><strong>dantem,</strong></span> <span class='ocrx_word' id='word_1_260' title='bbox 1503 1997 1620 2051; x_wconf 90' lang='lat' dir='ltr'><strong>sine</strong></span> <span class='ocrx_word' id='word_1_261' title='bbox 1648 1997 1725 2051; x_wconf 93' lang='lat' dir='ltr'><strong>tui</strong></span> <span class='ocrx_word' id='word_1_262' title='bbox 1756 2005 1930 2051; x_wconf 88' lang='lat' dir='ltr'><strong>muta-</strong></span> 
     </span>
    </p>
   </div>
   <div class='ocr_carea' id='block_1_36' title="bbox 346 2086 1930 2157">
    <p class='ocr_par' dir='ltr' id='par_1_36' title="bbox 346 2086 1930 2157">
     <span class='ocr_line' id='line_1_36' title="bbox 346 2086 1930 2157; baseline -0.003 -13"><span class='ocrx_word' id='word_1_263' title='bbox 346 2091 494 2146; x_wconf 87' lang='lat' dir='ltr'><strong>tione</strong></span> <span class='ocrx_word' id='word_1_264' title='bbox 531 2090 709 2144; x_wconf 89' lang='lat' dir='ltr'><strong>omnia</strong></span> <span class='ocrx_word' id='word_1_265' title='bbox 755 2087 1029 2143; x_wconf 88' lang='lat' dir='ltr'><strong>mutabilia</strong></span> <span class='ocrx_word' id='word_1_266' title='bbox 1070 2086 1377 2152; x_wconf 84' lang='lat' dir='ltr'><strong>facientem,</strong></span> <span class='ocrx_word' id='word_1_267' title='bbox 1424 2095 1586 2157; x_wconf 91' lang='lat' dir='ltr'><strong>atque</strong></span> <span class='ocrx_word' id='word_1_268' title='bbox 1635 2100 1849 2155; x_wconf 80' lang='lat' dir='ltr'><strong>semper</strong></span> <span class='ocrx_word' id='word_1_269' title='bbox 1869 2093 1930 2140; x_wconf 90' lang='lat' dir='ltr'><strong>.et</strong></span> 
     </span>
    </p>
   </div>
   <div class='ocr_carea' id='block_1_37' title="bbox 346 2176 1170 2247">
    <p class='ocr_par' dir='ltr' id='par_1_37' title="bbox 346 2176 1170 2247">
     <span class='ocr_line' id='line_1_37' title="bbox 346 2176 1170 2247; baseline -0.006 -13"><span class='ocrx_word' id='word_1_270' title='bbox 346 2179 542 2247; x_wconf 89' lang='lat' dir='ltr'><strong>ubique</strong></span> <span class='ocrx_word' id='word_1_271' title='bbox 566 2179 685 2232; x_wconf 83' lang='lat' dir='ltr'><strong>sine</strong></span> <span class='ocrx_word' id='word_1_272' title='bbox 707 2176 812 2232; x_wconf 84' lang='lat' dir='ltr'><strong>ﬁne</strong></span> <span class='ocrx_word' id='word_1_273' title='bbox 839 2185 1170 2247; x_wconf 83' lang='lat' dir='ltr'><strong>regnantem.</strong></span> 
     </span>
    </p>
   </div>
   <div class='ocr_carea' id='block_1_38' title="bbox 418 2267 1930 2337">
    <p class='ocr_par' dir='ltr' id='par_1_38' title="bbox 418 2267 1930 2337">
     <span class='ocr_line' id='line_1_38' title="bbox 418 2267 1930 2337; baseline -0.001 -14"><span class='ocrx_word' id='word_1_274' title='bbox 418 2268 557 2323; x_wconf 74' lang='lat' dir='ltr'><strong>XXI.</strong></span> <span class='ocrx_word' id='word_1_275' title='bbox 598 2268 822 2323; x_wconf 90' lang='lat' dir='ltr'><strong>Domine</strong></span> <span class='ocrx_word' id='word_1_276' title='bbox 871 2268 1012 2323; x_wconf 91' lang='lat' dir='ltr'><strong>Deus</strong></span> <span class='ocrx_word' id='word_1_277' title='bbox 1056 2282 1178 2329; x_wconf 88' lang='lat' dir='ltr'><strong>une,</strong></span> <span class='ocrx_word' id='word_1_278' title='bbox 1227 2267 1369 2323; x_wconf 89' lang='lat' dir='ltr'><strong>Deus</strong></span> <span class='ocrx_word' id='word_1_279' title='bbox 1413 2267 1673 2333; x_wconf 85' lang='lat' dir='ltr'><strong>Trinitas,</strong></span> <span class='ocrx_word' id='word_1_280' title='bbox 1706 2282 1825 2337; x_wconf 58' lang='lat' dir='ltr'><strong>qua</strong></span> <span class='ocrx_word' id='word_1_281' title='bbox 1853 2267 1930 2322; x_wconf 53' lang='lat' dir='ltr'><strong>in-</strong></span> 
     </span>
    </p>
   </div>
   <div class='ocr_carea' id='block_1_39' title="bbox 347 2358 1927 2431">
    <p class='ocr_par' dir='ltr' id='par_1_39' title="bbox 347 2358 1927 2431">
     <span class='ocr_line' id='line_1_39' title="bbox 347 2358 1927 2431; baseline -0.001 -16"><span class='ocrx_word' id='word_1_282' title='bbox 347 2358 907 2431; x_wconf 88' lang='lat' dir='ltr'><strong>comprehensibiliter</strong></span> <span class='ocrx_word' id='word_1_283' title='bbox 951 2358 1112 2413; x_wconf 89' lang='lat' dir='ltr'><strong>rebus</strong></span> <span class='ocrx_word' id='word_1_284' title='bbox 1151 2358 1402 2413; x_wconf 91' lang='lat' dir='ltr'><strong>omnibus</strong></span> <span class='ocrx_word' id='word_1_285' title='bbox 1442 2359 1749 2425; x_wconf 80' lang='lat' dir='ltr'><strong>antecellis,</strong></span> <span class='ocrx_word' id='word_1_286' title='bbox 1794 2360 1927 2414; x_wconf 91' lang='lat' dir='ltr'><strong>adeo</strong></span> 
     </span>
    </p>
   </div>
   <div class='ocr_carea' id='block_1_40' title="bbox 351 2448 1928 2519">
    <p class='ocr_par' dir='ltr' id='par_1_40' title="bbox 351 2448 1928 2519">
     <span class='ocr_line' id='line_1_40' title="bbox 351 2448 1928 2519; baseline -0.002 -14"><span class='ocrx_word' id='word_1_287' title='bbox 351 2464 411 2505; x_wconf 89' lang='lat' dir='ltr'><strong>es</strong></span> <span class='ocrx_word' id='word_1_288' title='bbox 438 2448 747 2515; x_wconf 74' lang='lat' dir='ltr'><strong>ineffabilis,</strong></span> <span class='ocrx_word' id='word_1_289' title='bbox 779 2448 1005 2514; x_wconf 85' lang='lat' dir='ltr'><strong>inﬁnita,</strong></span> <span class='ocrx_word' id='word_1_290' title='bbox 1035 2458 1089 2503; x_wconf 88' lang='lat' dir='ltr'><strong>et</strong></span> <span class='ocrx_word' id='word_1_291' title='bbox 1114 2448 1691 2518; x_wconf 84' lang='lat' dir='ltr'><strong>incomprehensibilis,</strong></span> <span class='ocrx_word' id='word_1_292' title='bbox 1718 2456 1778 2503; x_wconf 89' lang='lat' dir='ltr'><strong>ut</strong></span> <span class='ocrx_word' id='word_1_293' title='bbox 1802 2464 1928 2519; x_wconf 83' lang='lat' dir='ltr'><strong>par-</strong></span> 
     </span>
    </p>
   </div>
   <div class='ocr_carea' id='block_1_41' title="bbox 288 2541 1923 2611">
    <p class='ocr_par' dir='ltr' id='par_1_41' title="bbox 288 2541 1923 2611">
     <span class='ocr_line' id='line_1_41' title="bbox 288 2541 1923 2611; baseline 0 -16"><span class='ocrx_word' id='word_1_294' title='bbox 288 2564 291 2565; x_wconf 51' lang='grc' dir='ltr'><em>ν</em></span> <span class='ocrx_word' id='word_1_295' title='bbox 353 2543 633 2596; x_wconf 90' lang='lat' dir='ltr'><strong>vissimum</strong></span> <span class='ocrx_word' id='word_1_296' title='bbox 679 2542 748 2596; x_wconf 89' lang='lat' dir='ltr'><strong>sit</strong></span> <span class='ocrx_word' id='word_1_297' title='bbox 788 2541 942 2596; x_wconf 86' lang='lat' dir='ltr'><strong>valde</strong></span> <span class='ocrx_word' id='word_1_298' title='bbox 986 2556 1165 2607; x_wconf 86' lang='lat' dir='ltr'><strong>omne,</strong></span> <span class='ocrx_word' id='word_1_299' title='bbox 1212 2541 1356 2610; x_wconf 90' lang='lat' dir='ltr'><strong>quod</strong></span> <span class='ocrx_word' id='word_1_300' title='bbox 1397 2541 1462 2596; x_wconf 90' lang='lat' dir='ltr'><strong>de</strong></span> <span class='ocrx_word' id='word_1_301' title='bbox 1505 2549 1558 2595; x_wconf 89' lang='lat' dir='ltr'><strong>te</strong></span> <span class='ocrx_word' id='word_1_302' title='bbox 1591 2541 1696 2596; x_wconf 90' lang='lat' dir='ltr'><strong>dici</strong></span> <span class='ocrx_word' id='word_1_303' title='bbox 1726 2548 1923 2611; x_wconf 88' lang='lat' dir='ltr'><strong>potest.</strong></span> 
     </span>
    </p>
   </div>
   <div class='ocr_carea' id='block_1_42' title="bbox 347 2631 1927 2703">
    <p class='ocr_par' dir='ltr' id='par_1_42' title="bbox 347 2631 1927 2703">
     <span class='ocr_line' id='line_1_42' title="bbox 347 2631 1927 2703; baseline -0.001 -14"><span class='ocrx_word' id='word_1_304' title='bbox 347 2633 510 2689; x_wconf 81' lang='lat' dir='ltr'><strong>Multa</strong></span> <span class='ocrx_word' id='word_1_305' title='bbox 539 2635 682 2689; x_wconf 89' lang='lat' dir='ltr'><strong>enim</strong></span> <span class='ocrx_word' id='word_1_306' title='bbox 713 2633 962 2699; x_wconf 88' lang='lat' dir='ltr'><strong>dicimus,</strong></span> <span class='ocrx_word' id='word_1_307' title='bbox 1006 2633 1102 2689; x_wconf 91' lang='lat' dir='ltr'><strong>sed</strong></span> <span class='ocrx_word' id='word_1_308' title='bbox 1147 2631 1302 2703; x_wconf 91' lang='lat' dir='ltr'><strong>plene</strong></span> <span class='ocrx_word' id='word_1_309' title='bbox 1347 2632 1420 2698; x_wconf 90' lang='lat' dir='ltr'><strong>id,</strong></span> <span class='ocrx_word' id='word_1_310' title='bbox 1467 2632 1610 2703; x_wconf 85' lang='lat' dir='ltr'><strong>quod</strong></span> <span class='ocrx_word' id='word_1_311' title='bbox 1635 2646 1713 2697; x_wconf 90' lang='lat' dir='ltr'><strong>es,</strong></span> <span class='ocrx_word' id='word_1_312' title='bbox 1746 2632 1927 2687; x_wconf 90' lang='lat' dir='ltr'><strong>dicere</strong></span> 
     </span>
    </p>
   </div>
   <div class='ocr_carea' id='block_1_43' title="bbox 346 2724 1926 2798">
    <p class='ocr_par' dir='ltr' id='par_1_43' title="bbox 346 2724 1926 2798">
     <span class='ocr_line' id='line_1_43' title="bbox 346 2724 1926 2798; baseline -0.001 -16"><span class='ocrx_word' id='word_1_313' title='bbox 346 2742 454 2782; x_wconf 88' lang='lat' dir='ltr'><strong>non</strong></span> <span class='ocrx_word' id='word_1_314' title='bbox 501 2726 817 2798; x_wconf 89' lang='lat' dir='ltr'><strong>possumus,</strong></span> <span class='ocrx_word' id='word_1_315' title='bbox 863 2734 918 2781; x_wconf 88' lang='lat' dir='ltr'><strong>et</strong></span> <span class='ocrx_word' id='word_1_316' title='bbox 954 2727 1080 2797; x_wconf 90' lang='lat' dir='ltr'><strong>quia</strong></span> <span class='ocrx_word' id='word_1_317' title='bbox 1121 2726 1493 2782; x_wconf 89' lang='lat' dir='ltr'><strong>universorum</strong></span> <span class='ocrx_word' id='word_1_318' title='bbox 1536 2724 1926 2781; x_wconf 65' lang='lat' dir='ltr'><strong>consummatio</strong></span> 
     </span>
    </p>
   </div>
   <div class='ocr_carea' id='block_1_44' title="bbox 345 2815 1922 2889">
    <p class='ocr_par' dir='ltr' id='par_1_44' title="bbox 345 2815 1922 2889">
     <span class='ocr_line' id='line_1_44' title="bbox 345 2815 1922 2889; baseline -0.002 -16"><span class='ocrx_word' id='word_1_319' title='bbox 345 2833 660 2874; x_wconf 79' lang='lat' dir='ltr'><strong>sermonum</strong></span> <span class='ocrx_word' id='word_1_320' title='bbox 709 2820 824 2889; x_wconf 88' lang='lat' dir='ltr'><strong>ipse</strong></span> <span class='ocrx_word' id='word_1_321' title='bbox 868 2833 947 2873; x_wconf 90' lang='lat' dir='ltr'><strong>es.</strong></span> <span class='ocrx_word' id='word_1_322' title='bbox 992 2817 1124 2872; x_wconf 91' lang='lat' dir='ltr'><strong>Cum</strong></span> <span class='ocrx_word' id='word_1_323' title='bbox 1154 2831 1282 2887; x_wconf 88' lang='lat' dir='ltr'><strong>ergo</strong></span> <span class='ocrx_word' id='word_1_324' title='bbox 1324 2816 1728 2888; x_wconf 91' lang='lat' dir='ltr'><strong>pervenerimus</strong></span> <span class='ocrx_word' id='word_1_325' title='bbox 1755 2815 1823 2869; x_wconf 92' lang='lat' dir='ltr'><strong>ad</strong></span> <span class='ocrx_word' id='word_1_326' title='bbox 1850 2823 1922 2880; x_wconf 86' lang='lat' dir='ltr'><strong>te,</strong></span> 
     </span>
    </p>
   </div>
   <div class='ocr_carea' id='block_1_45' title="bbox 344 2907 1925 2979">
    <p class='ocr_par' dir='ltr' id='par_1_45' title="bbox 344 2907 1925 2979">
     <span class='ocr_line' id='line_1_45' title="bbox 344 2907 1925 2979; baseline -0.002 -16"><span class='ocrx_word' id='word_1_327' title='bbox 344 2910 634 2963; x_wconf 88' lang='lat' dir='ltr'><strong>cessabunt</strong></span> <span class='ocrx_word' id='word_1_328' title='bbox 675 2908 861 2979; x_wconf 92' lang='lat' dir='ltr'><strong>procul</strong></span> <span class='ocrx_word' id='word_1_329' title='bbox 904 2909 1069 2963; x_wconf 85' lang='lat' dir='ltr'><strong>dubio</strong></span> <span class='ocrx_word' id='word_1_330' title='bbox 1110 2907 1275 2962; x_wconf 89' lang='lat' dir='ltr'><strong>multa</strong></span> <span class='ocrx_word' id='word_1_331' title='bbox 1317 2908 1421 2962; x_wconf 89' lang='lat' dir='ltr'><strong>ista</strong></span> <span class='ocrx_word' id='word_1_332' title='bbox 1451 2922 1569 2976; x_wconf 81' lang='lat' dir='ltr'><strong>quae</strong></span> <span class='ocrx_word' id='word_1_333' title='bbox 1595 2907 1839 2970; x_wconf 88' lang='lat' dir='ltr'><strong>dicimus,</strong></span> <span class='ocrx_word' id='word_1_334' title='bbox 1870 2913 1925 2960; x_wconf 90' lang='lat' dir='ltr'><strong>et</strong></span> 
     </span>
    </p>
   </div>
   <div class='ocr_carea' id='block_1_46' title="bbox 345 2998 1921 3065">
    <p class='ocr_par' dir='ltr' id='par_1_46' title="bbox 345 2998 1921 3065">
     <span class='ocr_line' id='line_1_46' title="bbox 345 2998 1921 3065; baseline -0.003 -9"><span class='ocrx_word' id='word_1_335' title='bbox 345 3002 590 3056; x_wconf 73' lang='lat' dir='ltr'><strong>manebis</strong></span> <span class='ocrx_word' id='word_1_336' title='bbox 628 3017 767 3056; x_wconf 90' lang='lat' dir='ltr'><strong>unus</strong></span> <span class='ocrx_word' id='word_1_337' title='bbox 803 3002 983 3055; x_wconf 91' lang='lat' dir='ltr'><strong>omnia</strong></span> <span class='ocrx_word' id='word_1_338' title='bbox 1011 3001 1067 3055; x_wconf 91' lang='lat' dir='ltr'><strong>in</strong></span> <span class='ocrx_word' id='word_1_339' title='bbox 1093 3001 1359 3065; x_wconf 86' lang='lat' dir='ltr'><strong>omnibus,</strong></span> <span class='ocrx_word' id='word_1_340' title='bbox 1382 3008 1454 3054; x_wconf 82' lang='lat' dir='ltr'><strong>et</strong></span> <span class='ocrx_word' id='word_1_341' title='bbox 1491 3000 1609 3055; x_wconf 86' lang='lat' dir='ltr'><strong>sine</strong></span> <span class='ocrx_word' id='word_1_342' title='bbox 1641 2998 1747 3054; x_wconf 86' lang='lat' dir='ltr'><strong>ﬁne</strong></span> <span class='ocrx_word' id='word_1_343' title='bbox 1773 2998 1921 3053; x_wconf 75' lang='lat' dir='ltr'><strong>dice-</strong></span> 
     </span>
    </p>
   </div>
   <div class='ocr_carea' id='block_1_47' title="bbox 345 3088 1920 3157">
    <p class='ocr_par' dir='ltr' id='par_1_47' title="bbox 345 3088 1920 3157">
     <span class='ocr_line' id='line_1_47' title="bbox 345 3088 1920 3157; baseline -0.003 -11"><span class='ocrx_word' id='word_1_344' title='bbox 345 3107 698 3157; x_wconf 83' lang='lat' dir='ltr'><strong>musunum,</strong></span> <span class='ocrx_word' id='word_1_345' title='bbox 742 3091 1023 3146; x_wconf 87' lang='lat' dir='ltr'><strong>laudantes</strong></span> <span class='ocrx_word' id='word_1_346' title='bbox 1053 3102 1106 3146; x_wconf 91' lang='lat' dir='ltr'><strong>te</strong></span> <span class='ocrx_word' id='word_1_347' title='bbox 1136 3106 1321 3154; x_wconf 89' lang='lat' dir='ltr'><strong>unum,</strong></span> <span class='ocrx_word' id='word_1_348' title='bbox 1352 3100 1407 3145; x_wconf 90' lang='lat' dir='ltr'><strong>et</strong></span> <span class='ocrx_word' id='word_1_349' title='bbox 1437 3092 1487 3144; x_wconf 90' lang='lat' dir='ltr'><strong>in</strong></span> <span class='ocrx_word' id='word_1_350' title='bbox 1522 3099 1573 3144; x_wconf 91' lang='lat' dir='ltr'><strong>te</strong></span> <span class='ocrx_word' id='word_1_351' title='bbox 1601 3088 1726 3144; x_wconf 88' lang='lat' dir='ltr'><strong>facti</strong></span> <span class='ocrx_word' id='word_1_352' title='bbox 1757 3088 1920 3143; x_wconf 73' lang='lat' dir='ltr'><strong>etiam</strong></span> 
     </span>
    </p>
   </div>
   <div class='ocr_carea' id='block_1_48' title="bbox 345 3149 1998 3251">
    <p class='ocr_par' dir='ltr' id='par_1_48' title="bbox 345 3149 1998 3251">
     <span class='ocr_line' id='line_1_48' title="bbox 345 3149 1998 3251; baseline -0.002 -16"><span class='ocrx_word' id='word_1_353' title='bbox 345 3196 445 3235; x_wconf 89' lang='lat' dir='ltr'><strong>nos</strong></span> <span class='ocrx_word' id='word_1_354' title='bbox 478 3196 673 3245; x_wconf 89' lang='lat' dir='ltr'><strong>unum;</strong></span> <span class='ocrx_word' id='word_1_355' title='bbox 712 3182 957 3235; x_wconf 83' lang='lat' dir='ltr'><strong>videntes</strong></span> <span class='ocrx_word' id='word_1_356' title='bbox 987 3191 1038 3235; x_wconf 92' lang='lat' dir='ltr'><strong>te</strong></span> <span class='ocrx_word' id='word_1_357' title='bbox 1061 3179 1261 3251; x_wconf 82' lang='lat' dir='ltr'><strong>jugiter</strong></span> <span class='ocrx_word' id='word_1_358' title='bbox 1301 3180 1419 3234; x_wconf 90' lang='lat' dir='ltr'><strong>sine</strong></span> <span class='ocrx_word' id='word_1_359' title='bbox 1461 3178 1566 3233; x_wconf 89' lang='lat' dir='ltr'><strong>ﬁne</strong></span> <span class='ocrx_word' id='word_1_360' title='bbox 1602 3178 1923 3247; x_wconf 89' lang='lat' dir='ltr'><strong>incorrupti-</strong></span> <span class='ocrx_word' id='word_1_361' title='bbox 1951 3149 1998 3213; x_wconf 67' lang='grc' dir='ltr'><strong>θ</strong></span> 
     </span>
    </p>
   </div>
   <div class='ocr_carea' id='block_1_49' title="bbox 342 3269 1923 3341">
    <p class='ocr_par' dir='ltr' id='par_1_49' title="bbox 342 3269 1923 3341">
     <span class='ocr_line' id='line_1_49' title="bbox 342 3269 1923 3341; baseline -0.002 -14"><span class='ocrx_word' id='word_1_362' title='bbox 342 3271 527 3335; x_wconf 87' lang='lat' dir='ltr'><strong>bilem,</strong></span> <span class='ocrx_word' id='word_1_363' title='bbox 558 3286 765 3326; x_wconf 92' lang='lat' dir='ltr'><strong>summe</strong></span> <span class='ocrx_word' id='word_1_364' title='bbox 790 3271 1218 3341; x_wconf 84' lang='lat' dir='ltr'><strong>inseparabilem,</strong></span> <span class='ocrx_word' id='word_1_365' title='bbox 1261 3285 1493 3341; x_wconf 89' lang='lat' dir='ltr'><strong>vereque</strong></span> <span class='ocrx_word' id='word_1_366' title='bbox 1536 3269 1923 3324; x_wconf 65' lang='lat' dir='ltr'><strong>immutabilem</strong></span> 
     </span>
    </p>
   </div>
   <div class='ocr_carea' id='block_1_50' title="bbox 345 3361 1926 3435">
    <p class='ocr_par' dir='ltr' id='par_1_50' title="bbox 345 3361 1926 3435">
     <span class='ocr_line' id='line_1_50' title="bbox 345 3361 1926 3435; baseline 0.001 -18"><span class='ocrx_word' id='word_1_367' title='bbox 345 3361 695 3428; x_wconf 85' lang='lat' dir='ltr'><strong>Trinitatem;</strong></span> <span class='ocrx_word' id='word_1_368' title='bbox 730 3365 866 3418; x_wconf 91' lang='lat' dir='ltr'><strong>etin</strong></span> <span class='ocrx_word' id='word_1_369' title='bbox 900 3372 949 3418; x_wconf 90' lang='lat' dir='ltr'><strong>te</strong></span> <span class='ocrx_word' id='word_1_370' title='bbox 992 3365 1169 3417; x_wconf 91' lang='lat' dir='ltr'><strong>omnia</strong></span> <span class='ocrx_word' id='word_1_371' title='bbox 1214 3365 1464 3429; x_wconf 89' lang='lat' dir='ltr'><strong>scientes,</strong></span> <span class='ocrx_word' id='word_1_372' title='bbox 1510 3372 1566 3418; x_wconf 90' lang='lat' dir='ltr'><strong>et</strong></span> <span class='ocrx_word' id='word_1_373' title='bbox 1605 3378 1764 3419; x_wconf 91' lang='lat' dir='ltr'><strong>omne</strong></span> <span class='ocrx_word' id='word_1_374' title='bbox 1796 3380 1926 3435; x_wconf 86' lang='lat' dir='ltr'><strong>gau-</strong></span> 
     </span>
    </p>
   </div>
   <div class='ocr_carea' id='block_1_51' title="bbox 342 3452 1924 3521">
    <p class='ocr_par' dir='ltr' id='par_1_51' title="bbox 342 3452 1924 3521">
     <span class='ocr_line' id='line_1_51' title="bbox 342 3452 1924 3521; baseline 0.001 -14"><span class='ocrx_word' id='word_1_375' title='bbox 342 3452 491 3507; x_wconf 88' lang='lat' dir='ltr'><strong>dium</strong></span> <span class='ocrx_word' id='word_1_376' title='bbox 546 3453 599 3507; x_wconf 90' lang='lat' dir='ltr'><strong>in</strong></span> <span class='ocrx_word' id='word_1_377' title='bbox 648 3461 699 3506; x_wconf 89' lang='lat' dir='ltr'><strong>te</strong></span> <span class='ocrx_word' id='word_1_378' title='bbox 755 3452 1139 3521; x_wconf 87' lang='lat' dir='ltr'><strong>perpetualiter</strong></span> <span class='ocrx_word' id='word_1_379' title='bbox 1184 3468 1495 3507; x_wconf 89' lang='lat' dir='ltr'><strong>mansurum</strong></span> <span class='ocrx_word' id='word_1_380' title='bbox 1544 3452 1804 3508; x_wconf 82' lang='lat' dir='ltr'><strong>habentes</strong></span> <span class='ocrx_word' id='word_1_381' title='bbox 1855 3455 1924 3509; x_wconf 86' lang='lat' dir='ltr'><strong>ab</strong></span> 
     </span>
    </p>
   </div>
   <div class='ocr_carea' id='block_1_52' title="bbox 340 3547 1925 3619">
    <p class='ocr_par' dir='ltr' id='par_1_52' title="bbox 340 3547 1925 3619">
     <span class='ocr_line' id='line_1_52' title="bbox 340 3547 1925 3619; baseline 0.001 -17"><span class='ocrx_word' id='word_1_382' title='bbox 340 3548 489 3602; x_wconf 89' lang='lat' dir='ltr'><strong>omni</strong></span> <span class='ocrx_word' id='word_1_383' title='bbox 522 3547 698 3601; x_wconf 87' lang='lat' dir='ltr'><strong>sanati</strong></span> <span class='ocrx_word' id='word_1_384' title='bbox 726 3547 983 3616; x_wconf 81' lang='lat' dir='ltr'><strong>languore</strong></span> <span class='ocrx_word' id='word_1_385' title='bbox 1014 3556 1065 3601; x_wconf 90' lang='lat' dir='ltr'><strong>et</strong></span> <span class='ocrx_word' id='word_1_386' title='bbox 1097 3549 1148 3600; x_wconf 90' lang='lat' dir='ltr'><strong>in</strong></span> <span class='ocrx_word' id='word_1_387' title='bbox 1176 3547 1320 3601; x_wconf 91' lang='lat' dir='ltr'><strong>illam</strong></span> <span class='ocrx_word' id='word_1_388' title='bbox 1362 3548 1782 3603; x_wconf 88' lang='lat' dir='ltr'><strong>immortalitatis</strong></span> <span class='ocrx_word' id='word_1_389' title='bbox 1812 3549 1925 3619; x_wconf 66' lang='lat' dir='ltr'><strong>glo-</strong></span> 
     </span>
    </p>
   </div>
   <div class='ocr_carea' id='block_1_53' title="bbox 343 3639 1923 3711">
    <p class='ocr_par' dir='ltr' id='par_1_53' title="bbox 343 3639 1923 3711">
     <span class='ocr_line' id='line_1_53' title="bbox 343 3639 1923 3711; baseline 0 -15"><span class='ocrx_word' id='word_1_390' title='bbox 343 3642 482 3697; x_wconf 90' lang='lat' dir='ltr'><strong>riam</strong></span> <span class='ocrx_word' id='word_1_391' title='bbox 540 3639 947 3704; x_wconf 85' lang='lat' dir='ltr'><strong>transformati,</strong></span> <span class='ocrx_word' id='word_1_392' title='bbox 1000 3656 1121 3695; x_wconf 91' lang='lat' dir='ltr'><strong>cum</strong></span> <span class='ocrx_word' id='word_1_393' title='bbox 1175 3641 1378 3695; x_wconf 81' lang='lat' dir='ltr'><strong>venerit</strong></span> <span class='ocrx_word' id='word_1_394' title='bbox 1436 3640 1570 3695; x_wconf 86' lang='lat' dir='ltr'><strong>visio</strong></span> <span class='ocrx_word' id='word_1_395' title='bbox 1622 3641 1755 3706; x_wconf 70' lang='lat' dir='ltr'><strong>lucc,</strong></span> <span class='ocrx_word' id='word_1_396' title='bbox 1804 3657 1923 3711; x_wconf 70' lang='lat' dir='ltr'><strong>quae</strong></span> 
     </span>
    </p>
   </div>
   <div class='ocr_carea' id='block_1_54' title="bbox 346 3730 1922 3801">
    <p class='ocr_par' dir='ltr' id='par_1_54' title="bbox 346 3730 1922 3801">
     <span class='ocr_line' id='line_1_54' title="bbox 346 3730 1922 3801; baseline -0.003 -11"><span class='ocrx_word' id='word_1_397' title='bbox 346 3734 521 3790; x_wconf 86' lang='lat' dir='ltr'><strong>danda</strong></span> <span class='ocrx_word' id='word_1_398' title='bbox 550 3732 807 3797; x_wconf 60' lang='lat' dir='ltr'><strong>,faciead</strong></span> <span class='ocrx_word' id='word_1_399' title='bbox 844 3731 1036 3785; x_wconf 86' lang='lat' dir='ltr'><strong>faciem</strong></span> <span class='ocrx_word' id='word_1_400' title='bbox 1082 3730 1431 3801; x_wconf 86' lang='lat' dir='ltr'><strong>promittitur,</strong></span> <span class='ocrx_word' id='word_1_401' title='bbox 1480 3730 1696 3800; x_wconf 88' lang='lat' dir='ltr'><strong>quando</strong></span> <span class='ocrx_word' id='word_1_402' title='bbox 1744 3731 1922 3801; x_wconf 89' lang='lat' dir='ltr'><strong>palam</strong></span> 
     </span>
    </p>
   </div>
   <div class='ocr_carea' id='block_1_55' title="bbox 342 3822 1922 3892">
    <p class='ocr_par' dir='ltr' id='par_1_55' title="bbox 342 3822 1922 3892">
     <span class='ocr_line' id='line_1_55' title="bbox 342 3822 1922 3892; baseline -0.001 -12"><span class='ocrx_word' id='word_1_403' title='bbox 342 3826 500 3880; x_wconf 91' lang='lat' dir='ltr'><strong>nobis</strong></span> <span class='ocrx_word' id='word_1_404' title='bbox 552 3824 619 3878; x_wconf 91' lang='lat' dir='ltr'><strong>de</strong></span> <span class='ocrx_word' id='word_1_405' title='bbox 668 3823 887 3877; x_wconf 87' lang='lat' dir='ltr'><strong>cunctis</strong></span> <span class='ocrx_word' id='word_1_406' title='bbox 921 3822 1325 3876; x_wconf 90' lang='lat' dir='ltr'><strong>annuntiabitur</strong></span> <span class='ocrx_word' id='word_1_407' title='bbox 1373 3822 1666 3892; x_wconf 79' lang='lat' dir='ltr'><strong>mysteriis,</strong></span> <span class='ocrx_word' id='word_1_408' title='bbox 1706 3831 1760 3877; x_wconf 91' lang='lat' dir='ltr'><strong>et</strong></span> <span class='ocrx_word' id='word_1_409' title='bbox 1796 3823 1922 3879; x_wconf 89' lang='lat' dir='ltr'><strong>ﬁdei</strong></span> 
     </span>
    </p>
   </div>
   <div class='ocr_carea' id='block_1_56' title="bbox 340 3913 1923 3988">
    <p class='ocr_par' dir='ltr' id='par_1_56' title="bbox 340 3913 1923 3988">
     <span class='ocr_line' id='line_1_56' title="bbox 340 3913 1923 3988; baseline -0.001 -18"><span class='ocrx_word' id='word_1_410' title='bbox 340 3914 571 3988; x_wconf 88' lang='lat' dir='ltr'><strong>species,</strong></span> <span class='ocrx_word' id='word_1_411' title='bbox 606 3922 767 3983; x_wconf 90' lang='lat' dir='ltr'><strong>atque</strong></span> <span class='ocrx_word' id='word_1_412' title='bbox 792 3914 909 3984; x_wconf 91' lang='lat' dir='ltr'><strong>spei</strong></span> <span class='ocrx_word' id='word_1_413' title='bbox 940 3928 1026 3967; x_wconf 89' lang='lat' dir='ltr'><strong>res</strong></span> <span class='ocrx_word' id='word_1_414' title='bbox 1056 3914 1364 3977; x_wconf 85' lang='lat' dir='ltr'><strong>succedent,</strong></span> <span class='ocrx_word' id='word_1_415' title='bbox 1412 3922 1537 3967; x_wconf 93' lang='lat' dir='ltr'><strong>tunc</strong></span> <span class='ocrx_word' id='word_1_416' title='bbox 1574 3913 1773 3969; x_wconf 88' lang='lat' dir='ltr'><strong>clarius</strong></span> <span class='ocrx_word' id='word_1_417' title='bbox 1804 3930 1923 3969; x_wconf 89' lang='lat' dir='ltr'><strong>cer-</strong></span> 
     </span>
    </p>
   </div>
   <div class='ocr_carea' id='block_1_57' title="bbox 341 4004 1922 4076">
    <p class='ocr_par' dir='ltr' id='par_1_57' title="bbox 341 4004 1922 4076">
     <span class='ocr_line' id='line_1_57' title="bbox 341 4004 1922 4076; baseline 0 -14"><span class='ocrx_word' id='word_1_418' title='bbox 341 4008 555 4076; x_wconf 88' lang='lat' dir='ltr'><strong>tiusque</strong></span> <span class='ocrx_word' id='word_1_419' title='bbox 590 4006 823 4061; x_wconf 90' lang='lat' dir='ltr'><strong>scientes</strong></span> <span class='ocrx_word' id='word_1_420' title='bbox 851 4006 1177 4061; x_wconf 86' lang='lat' dir='ltr'><strong>intuebimur</strong></span> <span class='ocrx_word' id='word_1_421' title='bbox 1217 4004 1350 4059; x_wconf 92' lang='lat' dir='ltr'><strong>nihil</strong></span> <span class='ocrx_word' id='word_1_422' title='bbox 1393 4015 1633 4061; x_wconf 88' lang='lat' dir='ltr'><strong>creatum</strong></span> <span class='ocrx_word' id='word_1_423' title='bbox 1676 4016 1769 4061; x_wconf 92' lang='lat' dir='ltr'><strong>aut</strong></span> <span class='ocrx_word' id='word_1_424' title='bbox 1808 4022 1922 4062; x_wconf 90' lang='lat' dir='ltr'><strong>ser-</strong></span> 
     </span>
    </p>
   </div>
   <div class='ocr_carea' id='block_1_58' title="bbox 340 4094 1922 4167">
    <p class='ocr_par' dir='ltr' id='par_1_58' title="bbox 340 4094 1922 4167">
     <span class='ocr_line' id='line_1_58' title="bbox 340 4094 1922 4167; baseline 0 -16"><span class='ocrx_word' id='word_1_425' title='bbox 340 4096 494 4151; x_wconf 88' lang='lat' dir='ltr'><strong>viens</strong></span> <span class='ocrx_word' id='word_1_426' title='bbox 521 4096 574 4149; x_wconf 91' lang='lat' dir='ltr'><strong>in</strong></span> <span class='ocrx_word' id='word_1_427' title='bbox 601 4105 671 4161; x_wconf 93' lang='lat' dir='ltr'><strong>te,</strong></span> <span class='ocrx_word' id='word_1_428' title='bbox 704 4095 943 4150; x_wconf 90' lang='lat' dir='ltr'><strong>Trinitas</strong></span> <span class='ocrx_word' id='word_1_429' title='bbox 974 4110 1102 4149; x_wconf 90' lang='lat' dir='ltr'><strong>una.</strong></span> <span class='ocrx_word' id='word_1_430' title='bbox 1141 4094 1282 4149; x_wconf 88' lang='lat' dir='ltr'><strong>Nihil</strong></span> <span class='ocrx_word' id='word_1_431' title='bbox 1325 4096 1605 4167; x_wconf 56' lang='lat' dir='ltr'><strong>inaequale,</strong></span> <span class='ocrx_word' id='word_1_432' title='bbox 1645 4096 1776 4151; x_wconf 91' lang='lat' dir='ltr'><strong>nihil</strong></span> <span class='ocrx_word' id='word_1_433' title='bbox 1800 4112 1922 4166; x_wconf 83' lang='lat' dir='ltr'><strong>gra-</strong></span> 
     </span>
    </p>
   </div>
   <div class='ocr_carea' id='block_1_59' title="bbox 340 4187 1915 4259">
    <p class='ocr_par' dir='ltr' id='par_1_59' title="bbox 340 4187 1915 4259">
     <span class='ocr_line' id='line_1_59' title="bbox 340 4187 1915 4259; baseline 0.001 -18"><span class='ocrx_word' id='word_1_434' title='bbox 340 4188 415 4242; x_wconf 89' lang='lat' dir='ltr'><strong>tia</strong></span> <span class='ocrx_word' id='word_1_435' title='bbox 445 4187 667 4258; x_wconf 80' lang='lat' dir='ltr'><strong>:equale,</strong></span> <span class='ocrx_word' id='word_1_436' title='bbox 704 4188 833 4243; x_wconf 92' lang='lat' dir='ltr'><strong>nihil</strong></span> <span class='ocrx_word' id='word_1_437' title='bbox 864 4190 1126 4253; x_wconf 87' lang='lat' dir='ltr'><strong>anterius,</strong></span> <span class='ocrx_word' id='word_1_438' title='bbox 1159 4190 1515 4259; x_wconf 89' lang='lat' dir='ltr'><strong>posteriusve,</strong></span> <span class='ocrx_word' id='word_1_439' title='bbox 1553 4197 1645 4243; x_wconf 87' lang='lat' dir='ltr'><strong>aut</strong></span> <span class='ocrx_word' id='word_1_440' title='bbox 1700 4190 1915 4257; x_wconf 89' lang='lat' dir='ltr'><strong>minus;</strong></span> 
     </span>
    </p>
   </div>
   <div class='ocr_carea' id='block_1_60' title="bbox 339 4279 1920 4352">
    <p class='ocr_par' dir='ltr' id='par_1_60' title="bbox 339 4279 1920 4352">
     <span class='ocr_line' id='line_1_60' title="bbox 339 4279 1920 4352; baseline 0.001 -18"><span class='ocrx_word' id='word_1_441' title='bbox 339 4280 474 4334; x_wconf 89' lang='lat' dir='ltr'><strong>nihil</strong></span> <span class='ocrx_word' id='word_1_442' title='bbox 497 4290 815 4336; x_wconf 72' lang='lat' dir='ltr'><strong>extraneum</strong></span> <span class='ocrx_word' id='word_1_443' title='bbox 852 4290 945 4335; x_wconf 90' lang='lat' dir='ltr'><strong>aut</strong></span> <span class='ocrx_word' id='word_1_444' title='bbox 978 4279 1203 4335; x_wconf 84' lang='lat' dir='ltr'><strong>oﬁiciale</strong></span> <span class='ocrx_word' id='word_1_445' title='bbox 1229 4280 1404 4345; x_wconf 85' lang='lat' dir='ltr'><strong>alteri,</strong></span> <span class='ocrx_word' id='word_1_446' title='bbox 1440 4280 1568 4335; x_wconf 90' lang='lat' dir='ltr'><strong>nihil</strong></span> <span class='ocrx_word' id='word_1_447' title='bbox 1601 4282 1920 4352; x_wconf 75' lang='lat' dir='ltr'><strong>pervasioue</strong></span> 
     </span>
    </p>
   </div>
   <div class='ocr_carea' id='block_1_61' title="bbox 341 4368 1920 4444">
    <p class='ocr_par' dir='ltr' id='par_1_61' title="bbox 341 4368 1920 4444">
     <span class='ocr_line' id='line_1_61' title="bbox 341 4368 1920 4444; baseline 0.001 -18"><span class='ocrx_word' id='word_1_448' title='bbox 341 4380 436 4427; x_wconf 87' lang='lat' dir='ltr'><strong>aut</strong></span> <span class='ocrx_word' id='word_1_449' title='bbox 458 4368 803 4444; x_wconf 87' lang='lat' dir='ltr'><strong>subreptione</strong></span> <span class='ocrx_word' id='word_1_450' title='bbox 849 4374 1130 4438; x_wconf 89' lang='lat' dir='ltr'><strong>insertum,</strong></span> <span class='ocrx_word' id='word_1_451' title='bbox 1178 4372 1311 4426; x_wconf 88' lang='lat' dir='ltr'><strong>nihil</strong></span> <span class='ocrx_word' id='word_1_452' title='bbox 1345 4373 1585 4427; x_wconf 76' lang='lat' dir='ltr'><strong>moribus</strong></span> <span class='ocrx_word' id='word_1_453' title='bbox 1618 4373 1700 4427; x_wconf 89' lang='lat' dir='ltr'><strong>vel</strong></span> <span class='ocrx_word' id='word_1_454' title='bbox 1729 4374 1920 4428; x_wconf 74' lang='lat' dir='ltr'><strong>volun-</strong></span> 
     </span>
    </p>
   </div>
   <div class='ocr_carea' id='block_1_62' title="bbox 2031 1900 3611 1972">
    <p class='ocr_par' dir='ltr' id='par_1_62' title="bbox 2031 1900 3611 1972">
     <span class='ocr_line' id='line_1_62' title="bbox 2031 1900 3611 1972; baseline 0.003 -19"><span class='ocrx_word' id='word_1_455' title='bbox 2031 1900 2211 1970; x_wconf 89' lang='lat' dir='ltr'><strong>gentia</strong></span> <span class='ocrx_word' id='word_1_456' title='bbox 2249 1902 2484 1956; x_wconf 88' lang='lat' dir='ltr'><strong>humana</strong></span> <span class='ocrx_word' id='word_1_457' title='bbox 2532 1916 2747 1972; x_wconf 90' lang='lat' dir='ltr'><strong>capere.</strong></span> <span class='ocrx_word' id='word_1_458' title='bbox 2795 1901 3062 1957; x_wconf 61' lang='lat' dir='ltr'><strong>Caeterum</strong></span> <span class='ocrx_word' id='word_1_459' title='bbox 3102 1903 3224 1972; x_wconf 88' lang='lat' dir='ltr'><strong>quis</strong></span> <span class='ocrx_word' id='word_1_460' title='bbox 3271 1903 3326 1957; x_wconf 90' lang='lat' dir='ltr'><strong>in</strong></span> <span class='ocrx_word' id='word_1_461' title='bbox 3368 1903 3470 1959; x_wconf 89' lang='lat' dir='ltr'><strong>hac</strong></span> <span class='ocrx_word' id='word_1_462' title='bbox 3500 1904 3611 1958; x_wconf 89' lang='lat' dir='ltr'><strong>vita</strong></span> 
     </span>
    </p>
   </div>
   <div class='ocr_carea' id='block_1_63' title="bbox 2030 1991 3610 2065">
    <p class='ocr_par' dir='ltr' id='par_1_63' title="bbox 2030 1991 3610 2065">
     <span class='ocr_line' id='line_1_63' title="bbox 2030 1991 3610 2065; baseline 0.001 -18"><span class='ocrx_word' id='word_1_463' title='bbox 2030 1993 2237 2061; x_wconf 92' lang='lat' dir='ltr'><strong>positus</strong></span> <span class='ocrx_word' id='word_1_464' title='bbox 2257 1992 2342 2046; x_wconf 86' lang='lat' dir='ltr'><strong>vel</strong></span> <span class='ocrx_word' id='word_1_465' title='bbox 2374 1991 2670 2048; x_wconf 87' lang='lat' dir='ltr'><strong>cristallino</strong></span> <span class='ocrx_word' id='word_1_466' title='bbox 2700 2003 2917 2064; x_wconf 91' lang='lat' dir='ltr'><strong>pectore</strong></span> <span class='ocrx_word' id='word_1_467' title='bbox 2943 1993 3170 2049; x_wconf 70' lang='lat' dir='ltr'><strong>sufﬁciat</strong></span> <span class='ocrx_word' id='word_1_468' title='bbox 3204 2004 3491 2065; x_wconf 88' lang='lat' dir='ltr'><strong>penetrare</strong></span> <span class='ocrx_word' id='word_1_469' title='bbox 3532 1995 3610 2049; x_wconf 89' lang='lat' dir='ltr'><strong>tui</strong></span> 
     </span>
    </p>
   </div>
   <div class='ocr_carea' id='block_1_64' title="bbox 2030 2082 3606 2157">
    <p class='ocr_par' dir='ltr' id='par_1_64' title="bbox 2030 2082 3606 2157">
     <span class='ocr_line' id='line_1_64' title="bbox 2030 2082 3606 2157; baseline 0.001 -19"><span class='ocrx_word' id='word_1_470' title='bbox 2030 2084 2201 2154; x_wconf 89' lang='lat' dir='ltr'><strong>ipsius</strong></span> <span class='ocrx_word' id='word_1_471' title='bbox 2242 2082 2524 2139; x_wconf 87' lang='lat' dir='ltr'><strong>Trinitatis</strong></span> <span class='ocrx_word' id='word_1_472' title='bbox 2556 2084 2765 2139; x_wconf 89' lang='lat' dir='ltr'><strong>interna</strong></span> <span class='ocrx_word' id='word_1_473' title='bbox 2797 2085 3086 2157; x_wconf 83' lang='lat' dir='ltr'><strong>mysteria?</strong></span> <span class='ocrx_word' id='word_1_474' title='bbox 3117 2083 3398 2152; x_wconf 84' lang='lat' dir='ltr'><strong>Quomodo</strong></span> <span class='ocrx_word' id='word_1_475' title='bbox 3426 2084 3606 2150; x_wconf 88' lang='lat' dir='ltr'><strong>Pater,</strong></span> 
     </span>
    </p>
   </div>
   <div class='ocr_carea' id='block_1_65' title="bbox 2028 2174 3610 2247">
    <p class='ocr_par' dir='ltr' id='par_1_65' title="bbox 2028 2174 3610 2247">
     <span class='ocr_line' id='line_1_65' title="bbox 2028 2174 3610 2247; baseline 0.003 -19"><span class='ocrx_word' id='word_1_476' title='bbox 2028 2174 2201 2229; x_wconf 91' lang='lat' dir='ltr'><strong>Filius</strong></span> <span class='ocrx_word' id='word_1_477' title='bbox 2228 2184 2284 2229; x_wconf 89' lang='lat' dir='ltr'><strong>et</strong></span> <span class='ocrx_word' id='word_1_478' title='bbox 2311 2174 2545 2244; x_wconf 90' lang='lat' dir='ltr'><strong>Spiritus</strong></span> <span class='ocrx_word' id='word_1_479' title='bbox 2583 2184 2802 2231; x_wconf 89' lang='lat' dir='ltr'><strong>sanctus</strong></span> <span class='ocrx_word' id='word_1_480' title='bbox 2833 2186 2944 2232; x_wconf 90' lang='lat' dir='ltr'><strong>tres</strong></span> <span class='ocrx_word' id='word_1_481' title='bbox 2969 2192 3215 2247; x_wconf 67' lang='lat' dir='ltr'><strong>persona:</strong></span> <span class='ocrx_word' id='word_1_482' title='bbox 3246 2179 3398 2244; x_wconf 82' lang='lat' dir='ltr'><strong>estis,</strong></span> <span class='ocrx_word' id='word_1_483' title='bbox 3424 2187 3481 2233; x_wconf 92' lang='lat' dir='ltr'><strong>et</strong></span> <span class='ocrx_word' id='word_1_484' title='bbox 3505 2193 3610 2233; x_wconf 88' lang='lat' dir='ltr'><strong>una</strong></span> 
     </span>
    </p>
   </div>
   <div class='ocr_carea' id='block_1_66' title="bbox 2030 2267 3611 2339">
    <p class='ocr_par' dir='ltr' id='par_1_66' title="bbox 2030 2267 3611 2339">
     <span class='ocr_line' id='line_1_66' title="bbox 2030 2267 3611 2339; baseline 0.004 -20"><span class='ocrx_word' id='word_1_485' title='bbox 2030 2276 2254 2332; x_wconf 89' lang='lat' dir='ltr'><strong>natura;</strong></span> <span class='ocrx_word' id='word_1_486' title='bbox 2294 2268 2562 2336; x_wconf 88' lang='lat' dir='ltr'><strong>quomodo</strong></span> <span class='ocrx_word' id='word_1_487' title='bbox 2600 2277 2657 2321; x_wconf 92' lang='lat' dir='ltr'><strong>tu</strong></span> <span class='ocrx_word' id='word_1_488' title='bbox 2692 2267 2855 2322; x_wconf 89' lang='lat' dir='ltr'><strong>Pater</strong></span> <span class='ocrx_word' id='word_1_489' title='bbox 2885 2268 3082 2324; x_wconf 88' lang='lat' dir='ltr'><strong>diceris</strong></span> <span class='ocrx_word' id='word_1_490' title='bbox 3109 2269 3400 2339; x_wconf 89' lang='lat' dir='ltr'><strong>ingenitus,</strong></span> <span class='ocrx_word' id='word_1_491' title='bbox 3442 2268 3611 2326; x_wconf 84' lang='lat' dir='ltr'><strong>Filius</strong></span> 
     </span>
    </p>
   </div>
   <div class='ocr_carea' id='block_1_67' title="bbox 2029 2357 3611 2431">
    <p class='ocr_par' dir='ltr' id='par_1_67' title="bbox 2029 2357 3611 2431">
     <span class='ocr_line' id='line_1_67' title="bbox 2029 2357 3611 2431; baseline 0.003 -19"><span class='ocrx_word' id='word_1_492' title='bbox 2029 2357 2269 2428; x_wconf 77' lang='lat' dir='ltr'><strong>genitus,</strong></span> <span class='ocrx_word' id='word_1_493' title='bbox 2309 2357 2543 2427; x_wconf 90' lang='lat' dir='ltr'><strong>Spiritus</strong></span> <span class='ocrx_word' id='word_1_494' title='bbox 2573 2374 2705 2414; x_wconf 89' lang='lat' dir='ltr'><strong>vero</strong></span> <span class='ocrx_word' id='word_1_495' title='bbox 2731 2366 2971 2425; x_wconf 89' lang='lat' dir='ltr'><strong>sanctus,</strong></span> <span class='ocrx_word' id='word_1_496' title='bbox 3004 2374 3103 2415; x_wconf 88' lang='lat' dir='ltr'><strong>nec</strong></span> <span class='ocrx_word' id='word_1_497' title='bbox 3128 2361 3361 2431; x_wconf 86' lang='lat' dir='ltr'><strong>genitus,</strong></span> <span class='ocrx_word' id='word_1_498' title='bbox 3402 2375 3502 2416; x_wconf 89' lang='lat' dir='ltr'><strong>nec</strong></span> <span class='ocrx_word' id='word_1_499' title='bbox 3531 2362 3611 2417; x_wconf 80' lang='lat' dir='ltr'><strong>in-</strong></span> 
     </span>
    </p>
   </div>
   <div class='ocr_carea' id='block_1_68' title="bbox 1994 2446 3611 2521">
    <p class='ocr_par' dir='ltr' id='par_1_68' title="bbox 1994 2446 3611 2521">
     <span class='ocr_line' id='line_1_68' title="bbox 1994 2446 3611 2521; baseline 0.004 -19"><span class='ocrx_word' id='word_1_500' title='bbox 1994 2446 2263 2516; x_wconf 75' lang='lat' dir='ltr'><strong>.gcnitus,</strong></span> <span class='ocrx_word' id='word_1_501' title='bbox 2311 2446 2408 2501; x_wconf 90' lang='lat' dir='ltr'><strong>sed</strong></span> <span class='ocrx_word' id='word_1_502' title='bbox 2448 2449 2745 2518; x_wconf 89' lang='lat' dir='ltr'><strong>procedens</strong></span> <span class='ocrx_word' id='word_1_503' title='bbox 2778 2450 3019 2516; x_wconf 87' lang='lat' dir='ltr'><strong>dicatur;</strong></span> <span class='ocrx_word' id='word_1_504' title='bbox 3055 2452 3320 2521; x_wconf 89' lang='lat' dir='ltr'><strong>quomodo</strong></span> <span class='ocrx_word' id='word_1_505' title='bbox 3350 2452 3519 2508; x_wconf 85' lang='lat' dir='ltr'><strong>Filius</strong></span> <span class='ocrx_word' id='word_1_506' title='bbox 3545 2453 3611 2508; x_wconf 91' lang='lat' dir='ltr'><strong>de</strong></span> 
     </span>
    </p>
   </div>
   <div class='ocr_carea' id='block_1_69' title="bbox 2031 2536 3608 2615">
    <p class='ocr_par' dir='ltr' id='par_1_69' title="bbox 2031 2536 3608 2615">
     <span class='ocr_line' id='line_1_69' title="bbox 2031 2536 3608 2615; baseline 0.006 -22"><span class='ocrx_word' id='word_1_507' title='bbox 2031 2546 2100 2602; x_wconf 92' lang='lat' dir='ltr'><strong>te,</strong></span> <span class='ocrx_word' id='word_1_508' title='bbox 2125 2536 2304 2605; x_wconf 90' lang='lat' dir='ltr'><strong>Pater,</strong></span> <span class='ocrx_word' id='word_1_509' title='bbox 2349 2547 2509 2594; x_wconf 88' lang='lat' dir='ltr'><strong>natus</strong></span> <span class='ocrx_word' id='word_1_510' title='bbox 2542 2549 2647 2606; x_wconf 88' lang='lat' dir='ltr'><strong>est,</strong></span> <span class='ocrx_word' id='word_1_511' title='bbox 2674 2540 2909 2610; x_wconf 90' lang='lat' dir='ltr'><strong>Spiritus</strong></span> <span class='ocrx_word' id='word_1_512' title='bbox 2933 2551 3152 2598; x_wconf 90' lang='lat' dir='ltr'><strong>sanctus</strong></span> <span class='ocrx_word' id='word_1_513' title='bbox 3179 2544 3244 2599; x_wconf 89' lang='lat' dir='ltr'><strong>de</strong></span> <span class='ocrx_word' id='word_1_514' title='bbox 3274 2552 3328 2600; x_wconf 91' lang='lat' dir='ltr'><strong>te</strong></span> <span class='ocrx_word' id='word_1_515' title='bbox 3360 2546 3608 2615; x_wconf 88' lang='lat' dir='ltr'><strong>procedit</strong></span> 
     </span>
    </p>
   </div>
   <div class='ocr_carea' id='block_1_70' title="bbox 2025 2626 3606 2705">
    <p class='ocr_par' dir='ltr' id='par_1_70' title="bbox 2025 2626 3606 2705">
     <span class='ocr_line' id='line_1_70' title="bbox 2025 2626 3606 2705; baseline 0.006 -23"><span class='ocrx_word' id='word_1_516' title='bbox 2025 2640 2095 2693; x_wconf 88' lang='lat' dir='ltr'><strong>et_</strong></span> <span class='ocrx_word' id='word_1_517' title='bbox 2120 2626 2287 2694; x_wconf 89' lang='lat' dir='ltr'><strong>Filio;</strong></span> <span class='ocrx_word' id='word_1_518' title='bbox 2338 2629 2607 2697; x_wconf 90' lang='lat' dir='ltr'><strong>quomodo</strong></span> <span class='ocrx_word' id='word_1_519' title='bbox 2650 2629 2819 2685; x_wconf 86' lang='lat' dir='ltr'><strong>Filius</strong></span> <span class='ocrx_word' id='word_1_520' title='bbox 2867 2633 3138 2688; x_wconf 89' lang='lat' dir='ltr'><strong>nascendo</strong></span> <span class='ocrx_word' id='word_1_521' title='bbox 3184 2648 3291 2688; x_wconf 89' lang='lat' dir='ltr'><strong>non</strong></span> <span class='ocrx_word' id='word_1_522' title='bbox 3338 2637 3606 2705; x_wconf 90' lang='lat' dir='ltr'><strong>procedit,</strong></span> 
     </span>
    </p>
   </div>
   <div class='ocr_carea' id='block_1_71' title="bbox 2028 2716 3605 2793">
    <p class='ocr_par' dir='ltr' id='par_1_71' title="bbox 2028 2716 3605 2793">
     <span class='ocr_line' id='line_1_71' title="bbox 2028 2716 3605 2793; baseline 0.004 -22"><span class='ocrx_word' id='word_1_523' title='bbox 2028 2716 2265 2788; x_wconf 89' lang='lat' dir='ltr'><strong>Spiritus</strong></span> <span class='ocrx_word' id='word_1_524' title='bbox 2313 2726 2534 2774; x_wconf 89' lang='lat' dir='ltr'><strong>sanctus</strong></span> <span class='ocrx_word' id='word_1_525' title='bbox 2580 2721 2919 2790; x_wconf 89' lang='lat' dir='ltr'><strong>procedendo</strong></span> <span class='ocrx_word' id='word_1_526' title='bbox 2971 2736 3079 2776; x_wconf 88' lang='lat' dir='ltr'><strong>non</strong></span> <span class='ocrx_word' id='word_1_527' title='bbox 3125 2722 3405 2789; x_wconf 90' lang='lat' dir='ltr'><strong>nascitur;</strong></span> <span class='ocrx_word' id='word_1_528' title='bbox 3468 2739 3605 2793; x_wconf 89' lang='lat' dir='ltr'><strong>quo-</strong></span> 
     </span>
    </p>
   </div>
   <div class='ocr_carea' id='block_1_72' title="bbox 2023 2808 3605 2880">
    <p class='ocr_par' dir='ltr' id='par_1_72' title="bbox 2023 2808 3605 2880">
     <span class='ocr_line' id='line_1_72' title="bbox 2023 2808 3605 2880; baseline 0.002 -13"><span class='ocrx_word' id='word_1_529' title='bbox 2023 2811 2186 2867; x_wconf 84' lang='lat' dir='ltr'><strong>modo</strong></span> <span class='ocrx_word' id='word_1_530' title='bbox 2220 2810 2390 2867; x_wconf 90' lang='lat' dir='ltr'><strong>Filius</strong></span> <span class='ocrx_word' id='word_1_531' title='bbox 2415 2828 2521 2868; x_wconf 90' lang='lat' dir='ltr'><strong>non</strong></span> <span class='ocrx_word' id='word_1_532' title='bbox 2556 2812 2623 2869; x_wconf 90' lang='lat' dir='ltr'><strong>de</strong></span> <span class='ocrx_word' id='word_1_533' title='bbox 2654 2829 2734 2880; x_wconf 90' lang='lat' dir='ltr'><strong>se,</strong></span> <span class='ocrx_word' id='word_1_534' title='bbox 2765 2814 2859 2870; x_wconf 91' lang='lat' dir='ltr'><strong>sed</strong></span> <span class='ocrx_word' id='word_1_535' title='bbox 2886 2814 2953 2869; x_wconf 90' lang='lat' dir='ltr'><strong>de</strong></span> <span class='ocrx_word' id='word_1_536' title='bbox 2980 2823 3033 2870; x_wconf 92' lang='lat' dir='ltr'><strong>te</strong></span> <span class='ocrx_word' id='word_1_537' title='bbox 3054 2825 3157 2880; x_wconf 91' lang='lat' dir='ltr'><strong>est,</strong></span> <span class='ocrx_word' id='word_1_538' title='bbox 3194 2831 3296 2871; x_wconf 91' lang='lat' dir='ltr'><strong>nec</strong></span> <span class='ocrx_word' id='word_1_539' title='bbox 3320 2825 3503 2872; x_wconf 90' lang='lat' dir='ltr'><strong>tamen</strong></span> <span class='ocrx_word' id='word_1_540' title='bbox 3528 2808 3605 2871; x_wconf 86' lang='lat' dir='ltr'><strong>tui</strong></span> 
     </span>
    </p>
   </div>
   <div class='ocr_carea' id='block_1_73' title="bbox 2025 2903 3604 2979">
    <p class='ocr_par' dir='ltr' id='par_1_73' title="bbox 2025 2903 3604 2979">
     <span class='ocr_line' id='line_1_73' title="bbox 2025 2903 3604 2979; baseline 0.004 -22"><span class='ocrx_word' id='word_1_541' title='bbox 2025 2911 2108 2957; x_wconf 91' lang='lat' dir='ltr'><strong>est</strong></span> <span class='ocrx_word' id='word_1_542' title='bbox 2130 2903 2418 2973; x_wconf 87' lang='lat' dir='ltr'><strong>posterior,</strong></span> <span class='ocrx_word' id='word_1_543' title='bbox 2445 2906 2511 2959; x_wconf 91' lang='lat' dir='ltr'><strong>de</strong></span> <span class='ocrx_word' id='word_1_544' title='bbox 2540 2919 2647 2974; x_wconf 93' lang='lat' dir='ltr'><strong>quo</strong></span> <span class='ocrx_word' id='word_1_545' title='bbox 2677 2913 2791 2971; x_wconf 93' lang='lat' dir='ltr'><strong>est;</strong></span> <span class='ocrx_word' id='word_1_546' title='bbox 2826 2906 3093 2976; x_wconf 91' lang='lat' dir='ltr'><strong>quomodo</strong></span> <span class='ocrx_word' id='word_1_547' title='bbox 3121 2906 3356 2979; x_wconf 89' lang='lat' dir='ltr'><strong>Spiritus</strong></span> <span class='ocrx_word' id='word_1_548' title='bbox 3383 2916 3604 2964; x_wconf 87' lang='lat' dir='ltr'><strong>sanctus</strong></span> 
     </span>
    </p>
   </div>
   <div class='ocr_carea' id='block_1_74' title="bbox 2024 2993 3607 3072">
    <p class='ocr_par' dir='ltr' id='par_1_74' title="bbox 2024 2993 3607 3072">
     <span class='ocr_line' id='line_1_74' title="bbox 2024 2993 3607 3072; baseline 0.007 -25"><span class='ocrx_word' id='word_1_549' title='bbox 2024 2993 2091 3047; x_wconf 90' lang='lat' dir='ltr'><strong>de</strong></span> <span class='ocrx_word' id='word_1_550' title='bbox 2108 3002 2159 3049; x_wconf 90' lang='lat' dir='ltr'><strong>te</strong></span> <span class='ocrx_word' id='word_1_551' title='bbox 2174 2993 2416 3065; x_wconf 90' lang='lat' dir='ltr'><strong>procedit</strong></span> <span class='ocrx_word' id='word_1_552' title='bbox 2438 3005 2493 3050; x_wconf 93' lang='lat' dir='ltr'><strong>et</strong></span> <span class='ocrx_word' id='word_1_553' title='bbox 2507 2996 2661 3061; x_wconf 86' lang='lat' dir='ltr'><strong>Filio,</strong></span> <span class='ocrx_word' id='word_1_554' title='bbox 2679 3014 2777 3053; x_wconf 89' lang='lat' dir='ltr'><strong>nec</strong></span> <span class='ocrx_word' id='word_1_555' title='bbox 2802 3007 2982 3055; x_wconf 90' lang='lat' dir='ltr'><strong>tamen</strong></span> <span class='ocrx_word' id='word_1_556' title='bbox 3002 3016 3033 3055; x_wconf 93' lang='lat' dir='ltr'><strong>a</strong></span> <span class='ocrx_word' id='word_1_557' title='bbox 3047 2999 3200 3058; x_wconf 87' lang='lat' dir='ltr'><strong>vobis</strong></span> <span class='ocrx_word' id='word_1_558' title='bbox 3212 3002 3557 3072; x_wconf 69' lang='lat' dir='ltr'><strong>prmceditttr,</strong></span> <span class='ocrx_word' id='word_1_559' title='bbox 3574 3017 3607 3058; x_wconf 82' lang='lat' dir='ltr'><strong>a</strong></span> 
     </span>
    </p>
   </div>
   <div class='ocr_carea' id='block_1_75' title="bbox 2025 3087 3607 3159">
    <p class='ocr_par' dir='ltr' id='par_1_75' title="bbox 2025 3087 3607 3159">
     <span class='ocr_line' id='line_1_75' title="bbox 2025 3087 3607 3159; baseline 0.008 -20"><span class='ocrx_word' id='word_1_560' title='bbox 2025 3087 2222 3154; x_wconf 90' lang='lat' dir='ltr'><strong>quibus</strong></span> <span class='ocrx_word' id='word_1_561' title='bbox 2247 3090 2519 3156; x_wconf 87' lang='lat' dir='ltr'><strong>procedit;</strong></span> <span class='ocrx_word' id='word_1_562' title='bbox 2552 3093 2820 3159; x_wconf 91' lang='lat' dir='ltr'><strong>quomodo</strong></span> <span class='ocrx_word' id='word_1_563' title='bbox 2848 3093 2950 3146; x_wconf 89' lang='lat' dir='ltr'><strong>tria</strong></span> <span class='ocrx_word' id='word_1_564' title='bbox 2987 3110 3150 3149; x_wconf 91' lang='lat' dir='ltr'><strong>unum</strong></span> <span class='ocrx_word' id='word_1_565' title='bbox 3176 3095 3327 3159; x_wconf 90' lang='lat' dir='ltr'><strong>estis,</strong></span> <span class='ocrx_word' id='word_1_566' title='bbox 3358 3104 3415 3150; x_wconf 90' lang='lat' dir='ltr'><strong>et</strong></span> <span class='ocrx_word' id='word_1_567' title='bbox 3443 3110 3607 3152; x_wconf 73' lang='lat' dir='ltr'><strong>unum</strong></span> 
     </span>
    </p>
   </div>
   <div class='ocr_carea' id='block_1_76' title="bbox 2032 3176 3610 3251">
    <p class='ocr_par' dir='ltr' id='par_1_76' title="bbox 2032 3176 3610 3251">
     <span class='ocr_line' id='line_1_76' title="bbox 2032 3176 3610 3251; baseline 0.007 -22"><span class='ocrx_word' id='word_1_568' title='bbox 2032 3176 2152 3242; x_wconf 88' lang='lat' dir='ltr'><strong>tria;</strong></span> <span class='ocrx_word' id='word_1_569' title='bbox 2182 3192 2380 3243; x_wconf 83' lang='lat' dir='ltr'><strong>quomo</strong></span> <span class='ocrx_word' id='word_1_570' title='bbox 2390 3178 2451 3231; x_wconf 63' lang='lat' dir='ltr'><strong>do</strong></span> <span class='ocrx_word' id='word_1_571' title='bbox 2473 3178 2701 3234; x_wconf 89' lang='lat' dir='ltr'><strong>invicem</strong></span> <span class='ocrx_word' id='word_1_572' title='bbox 2718 3180 2941 3237; x_wconf 75' lang='lat' dir='ltr'><strong>relative</strong></span> <span class='ocrx_word' id='word_1_573' title='bbox 2963 3182 3065 3237; x_wconf 84' lang='lat' dir='ltr'><strong>tria</strong></span> <span class='ocrx_word' id='word_1_574' title='bbox 3080 3184 3233 3251; x_wconf 89' lang='lat' dir='ltr'><strong>estis,</strong></span> <span class='ocrx_word' id='word_1_575' title='bbox 3248 3184 3610 3240; x_wconf 84' lang='lat' dir='ltr'><strong>essentialitcr</strong></span> 
     </span>
    </p>
   </div>
   <div class='ocr_carea' id='block_1_77' title="bbox 2027 3269 3607 3341">
    <p class='ocr_par' dir='ltr' id='par_1_77' title="bbox 2027 3269 3607 3341">
     <span class='ocr_line' id='line_1_77' title="bbox 2027 3269 3607 3341; baseline 0.006 -19"><span class='ocrx_word' id='word_1_576' title='bbox 2027 3284 2222 3334; x_wconf 89' lang='lat' dir='ltr'><strong>unum;</strong></span> <span class='ocrx_word' id='word_1_577' title='bbox 2276 3269 2545 3338; x_wconf 90' lang='lat' dir='ltr'><strong>quomodo</strong></span> <span class='ocrx_word' id='word_1_578' title='bbox 2589 3270 2765 3326; x_wconf 91' lang='lat' dir='ltr'><strong>trinus</strong></span> <span class='ocrx_word' id='word_1_579' title='bbox 2809 3281 2863 3328; x_wconf 89' lang='lat' dir='ltr'><strong>et</strong></span> <span class='ocrx_word' id='word_1_580' title='bbox 2912 3289 3050 3328; x_wconf 90' lang='lat' dir='ltr'><strong>unus</strong></span> <span class='ocrx_word' id='word_1_581' title='bbox 3098 3273 3260 3341; x_wconf 91' lang='lat' dir='ltr'><strong>Deus,</strong></span> <span class='ocrx_word' id='word_1_582' title='bbox 3316 3290 3423 3329; x_wconf 91' lang='lat' dir='ltr'><strong>non</strong></span> <span class='ocrx_word' id='word_1_583' title='bbox 3465 3275 3607 3331; x_wconf 90' lang='lat' dir='ltr'><strong>Ioca-</strong></span> 
     </span>
    </p>
   </div>
   <div class='ocr_carea' id='block_1_78' title="bbox 2026 3360 3603 3437">
    <p class='ocr_par' dir='ltr' id='par_1_78' title="bbox 2026 3360 3603 3437">
     <span class='ocr_line' id='line_1_78' title="bbox 2026 3360 3603 3437; baseline 0.006 -23"><span class='ocrx_word' id='word_1_584' title='bbox 2026 3360 2150 3415; x_wconf 91' lang='lat' dir='ltr'><strong>liter</strong></span> <span class='ocrx_word' id='word_1_585' title='bbox 2188 3361 2281 3416; x_wconf 91' lang='lat' dir='ltr'><strong>sed</strong></span> <span class='ocrx_word' id='word_1_586' title='bbox 2320 3361 2517 3431; x_wconf 89' lang='lat' dir='ltr'><strong>ubique</strong></span> <span class='ocrx_word' id='word_1_587' title='bbox 2554 3377 2648 3426; x_wconf 89' lang='lat' dir='ltr'><strong>es,</strong></span> <span class='ocrx_word' id='word_1_588' title='bbox 2703 3372 2759 3417; x_wconf 91' lang='lat' dir='ltr'><strong>et</strong></span> <span class='ocrx_word' id='word_1_589' title='bbox 2802 3379 2909 3418; x_wconf 91' lang='lat' dir='ltr'><strong>non</strong></span> <span class='ocrx_word' id='word_1_590' title='bbox 2952 3364 3318 3436; x_wconf 88' lang='lat' dir='ltr'><strong>particulatim</strong></span> <span class='ocrx_word' id='word_1_591' title='bbox 3368 3367 3603 3437; x_wconf 84' lang='lat' dir='ltr'><strong>ubique,</strong></span> 
     </span>
    </p>
   </div>
   <div class='ocr_carea' id='block_1_79' title="bbox 2026 3453 3605 3527">
    <p class='ocr_par' dir='ltr' id='par_1_79' title="bbox 2026 3453 3605 3527">
     <span class='ocr_line' id='line_1_79' title="bbox 2026 3453 3605 3527; baseline 0.006 -20"><span class='ocrx_word' id='word_1_592' title='bbox 2026 3453 2120 3508; x_wconf 81' lang='lat' dir='ltr'><strong>sed</strong></span> <span class='ocrx_word' id='word_1_593' title='bbox 2148 3454 2345 3523; x_wconf 86' lang='lat' dir='ltr'><strong>ubique</strong></span> <span class='ocrx_word' id='word_1_594' title='bbox 2369 3461 2531 3521; x_wconf 92' lang='lat' dir='ltr'><strong>totus,</strong></span> <span class='ocrx_word' id='word_1_595' title='bbox 2568 3455 2766 3526; x_wconf 90' lang='lat' dir='ltr'><strong>ubique</strong></span> <span class='ocrx_word' id='word_1_596' title='bbox 2793 3471 3052 3527; x_wconf 64' lang='lat' dir='ltr'><strong>praesens.</strong></span> <span class='ocrx_word' id='word_1_597' title='bbox 3090 3458 3207 3514; x_wconf 89' lang='lat' dir='ltr'><strong>sine</strong></span> <span class='ocrx_word' id='word_1_598' title='bbox 3229 3459 3353 3523; x_wconf 90' lang='lat' dir='ltr'><strong>situ,</strong></span> <span class='ocrx_word' id='word_1_599' title='bbox 3386 3457 3505 3515; x_wconf 92' lang='lat' dir='ltr'><strong>loco</strong></span> <span class='ocrx_word' id='word_1_600' title='bbox 3530 3467 3605 3517; x_wconf 71' lang='lat' dir='ltr'><strong>‘et</strong></span> 
     </span>
    </p>
   </div>
   <div class='ocr_carea' id='block_1_80' title="bbox 2026 3556 2613 3605">
    <p class='ocr_par' dir='ltr' id='par_1_80' title="bbox 2026 3556 2613 3605">
     <span class='ocr_line' id='line_1_80' title="bbox 2026 3556 2613 3605; baseline 0.009 -5"><span class='ocrx_word' id='word_1_601' title='bbox 2026 3556 2196 3601; x_wconf 89' lang='lat' dir='ltr'><strong>motu.</strong></span> <span class='ocrx_word' id='word_1_602' title='bbox 2612 3602 2613 3605; x_wconf 47' lang='grc' dir='ltr'><strong>η</strong></span> 
     </span>
    </p>
   </div>
   <div class='ocr_carea' id='block_1_81' title="bbox 2094 3638 3603 3713">
    <p class='ocr_par' dir='ltr' id='par_1_81' title="bbox 2094 3638 3603 3713">
     <span class='ocr_line' id='line_1_81' title="bbox 2094 3638 3603 3713; baseline 0.004 -20"><span class='ocrx_word' id='word_1_603' title='bbox 2094 3638 2282 3693; x_wconf 72' lang='lat' dir='ltr'><strong>XXIII.</strong></span> <span class='ocrx_word' id='word_1_604' title='bbox 2320 3639 2451 3707; x_wconf 83' lang='lat' dir='ltr'><strong>Quis</strong></span> <span class='ocrx_word' id='word_1_605' title='bbox 2474 3640 2598 3705; x_wconf 88' lang='lat' dir='ltr'><strong>ista,</strong></span> <span class='ocrx_word' id='word_1_606' title='bbox 2629 3656 2779 3713; x_wconf 91' lang='lat' dir='ltr'><strong>rogo,</strong></span> <span class='ocrx_word' id='word_1_607' title='bbox 2808 3640 3146 3698; x_wconf 85' lang='lat' dir='ltr'><strong>consideret?</strong></span> <span class='ocrx_word' id='word_1_608' title='bbox 3167 3642 3287 3712; x_wconf 88' lang='lat' dir='ltr'><strong>quis</strong></span> <span class='ocrx_word' id='word_1_609' title='bbox 3317 3644 3433 3699; x_wconf 69' lang='lat' dir='ltr'><strong>hzcc</strong></span> <span class='ocrx_word' id='word_1_610' title='bbox 3456 3658 3603 3699; x_wconf 86' lang='lat' dir='ltr'><strong>com-</strong></span> 
     </span>
    </p>
   </div>
   <div class='ocr_carea' id='block_1_82' title="bbox 2023 3728 3606 3804">
    <p class='ocr_par' dir='ltr' id='par_1_82' title="bbox 2023 3728 3606 3804">
     <span class='ocr_line' id='line_1_82' title="bbox 2023 3728 3606 3804; baseline 0.005 -22"><span class='ocrx_word' id='word_1_611' title='bbox 2023 3728 2319 3797; x_wconf 88' lang='lat' dir='ltr'><strong>prehendat</strong></span> <span class='ocrx_word' id='word_1_612' title='bbox 2356 3729 2693 3799; x_wconf 90' lang='lat' dir='ltr'><strong>quantalibet</strong></span> <span class='ocrx_word' id='word_1_613' title='bbox 2737 3732 3006 3802; x_wconf 84' lang='lat' dir='ltr'><strong>probitate</strong></span> <span class='ocrx_word' id='word_1_614' title='bbox 3040 3732 3121 3787; x_wconf 89' lang='lat' dir='ltr'><strong>vel</strong></span> <span class='ocrx_word' id='word_1_615' title='bbox 3148 3732 3372 3788; x_wconf 89' lang='lat' dir='ltr'><strong>scientia</strong></span> <span class='ocrx_word' id='word_1_616' title='bbox 3410 3735 3606 3804; x_wconf 66' lang='lat' dir='ltr'><strong>praedi-</strong></span> 
     </span>
    </p>
   </div>
   <div class='ocr_carea' id='block_1_83' title="bbox 2025 3821 3602 3897">
    <p class='ocr_par' dir='ltr' id='par_1_83' title="bbox 2025 3821 3602 3897">
     <span class='ocr_line' id='line_1_83' title="bbox 2025 3821 3602 3897; baseline 0.006 -24"><span class='ocrx_word' id='word_1_617' title='bbox 2025 3822 2149 3875; x_wconf 87' lang='lat' dir='ltr'><strong>tus?</strong></span> <span class='ocrx_word' id='word_1_618' title='bbox 2183 3821 2296 3876; x_wconf 84' lang='lat' dir='ltr'><strong>Hoc</strong></span> <span class='ocrx_word' id='word_1_619' title='bbox 2325 3832 2504 3877; x_wconf 89' lang='lat' dir='ltr'><strong>tamen</strong></span> <span class='ocrx_word' id='word_1_620' title='bbox 2536 3825 2590 3877; x_wconf 90' lang='lat' dir='ltr'><strong>in</strong></span> <span class='ocrx_word' id='word_1_621' title='bbox 2619 3839 2711 3894; x_wconf 87' lang='lat' dir='ltr'><strong>spe</strong></span> <span class='ocrx_word' id='word_1_622' title='bbox 2752 3825 3128 3894; x_wconf 90' lang='lat' dir='ltr'><strong>promissionis</strong></span> <span class='ocrx_word' id='word_1_623' title='bbox 3165 3827 3457 3897; x_wconf 85' lang='lat' dir='ltr'><strong>repositum</strong></span> <span class='ocrx_word' id='word_1_624' title='bbox 3498 3836 3602 3895; x_wconf 86' lang='lat' dir='ltr'><strong>est,</strong></span> 
     </span>
    </p>
   </div>
   <div class='ocr_carea' id='block_1_84' title="bbox 2024 3913 3607 3990">
    <p class='ocr_par' dir='ltr' id='par_1_84' title="bbox 2024 3913 3607 3990">
     <span class='ocr_line' id='line_1_84' title="bbox 2024 3913 3607 3990; baseline 0.005 -25"><span class='ocrx_word' id='word_1_625' title='bbox 2024 3913 2151 3981; x_wconf 87' lang='lat' dir='ltr'><strong>quia</strong></span> <span class='ocrx_word' id='word_1_626' title='bbox 2182 3914 2484 3969; x_wconf 83' lang='lat' dir='ltr'><strong>videbimus</strong></span> <span class='ocrx_word' id='word_1_627' title='bbox 2531 3924 2601 3981; x_wconf 93' lang='lat' dir='ltr'><strong>te,</strong></span> <span class='ocrx_word' id='word_1_628' title='bbox 2647 3916 2901 3981; x_wconf 89' lang='lat' dir='ltr'><strong>Domine;</strong></span> <span class='ocrx_word' id='word_1_629' title='bbox 2947 3925 3001 3972; x_wconf 91' lang='lat' dir='ltr'><strong>et</strong></span> <span class='ocrx_word' id='word_1_630' title='bbox 3045 3927 3195 3974; x_wconf 91' lang='lat' dir='ltr'><strong>tanto</strong></span> <span class='ocrx_word' id='word_1_631' title='bbox 3237 3919 3607 3990; x_wconf 87' lang='lat' dir='ltr'><strong>unusquisque</strong></span> 
     </span>
    </p>
   </div>
   <div class='ocr_carea' id='block_1_85' title="bbox 2023 4008 3604 4083">
    <p class='ocr_par' dir='ltr' id='par_1_85' title="bbox 2023 4008 3604 4083">
     <span class='ocr_line' id='line_1_85' title="bbox 2023 4008 3604 4083; baseline 0.005 -24"><span class='ocrx_word' id='word_1_632' title='bbox 2023 4008 2405 4077; x_wconf 87' lang='lat' dir='ltr'><strong>perspicacius,</strong></span> <span class='ocrx_word' id='word_1_633' title='bbox 2443 4018 2643 4079; x_wconf 89' lang='lat' dir='ltr'><strong>quanto</strong></span> <span class='ocrx_word' id='word_1_634' title='bbox 2681 4010 2769 4065; x_wconf 93' lang='lat' dir='ltr'><strong>hic</strong></span> <span class='ocrx_word' id='word_1_635' title='bbox 2813 4011 3007 4066; x_wconf 81' lang='lat' dir='ltr'><strong>vixerit</strong></span> <span class='ocrx_word' id='word_1_636' title='bbox 3041 4012 3256 4083; x_wconf 91' lang='lat' dir='ltr'><strong>purius;</strong></span> <span class='ocrx_word' id='word_1_637' title='bbox 3296 4012 3422 4083; x_wconf 91' lang='lat' dir='ltr'><strong>quia</strong></span> <span class='ocrx_word' id='word_1_638' title='bbox 3448 4028 3604 4068; x_wconf 85' lang='lat' dir='ltr'><strong>mttu-</strong></span> 
     </span>
    </p>
   </div>
   <div class='ocr_carea' id='block_1_86' title="bbox 2023 4104 3598 4178">
    <p class='ocr_par' dir='ltr' id='par_1_86' title="bbox 2023 4104 3598 4178">
     <span class='ocr_line' id='line_1_86' title="bbox 2023 4104 3598 4178; baseline 0.002 -20"><span class='ocrx_word' id='word_1_639' title='bbox 2023 4104 2291 4167; x_wconf 85' lang='lat' dir='ltr'><strong>dicordes,</strong></span> <span class='ocrx_word' id='word_1_640' title='bbox 2324 4113 2461 4161; x_wconf 88' lang='lat' dir='ltr'><strong>teste</strong></span> <span class='ocrx_word' id='word_1_641' title='bbox 2491 4104 2792 4177; x_wconf 91' lang='lat' dir='ltr'><strong>Scriptura,</strong></span> <span class='ocrx_word' id='word_1_642' title='bbox 2821 4106 3078 4162; x_wconf 86' lang='lat' dir='ltr'><strong>videbunt</strong></span> <span class='ocrx_word' id='word_1_643' title='bbox 3108 4107 3271 4162; x_wconf 84' lang='lat' dir='ltr'><strong>Deum</strong></span> <span class='ocrx_word' id='word_1_644' title='bbox 3301 4105 3514 4178; x_wconf 79' lang='lat' dir='ltr'><strong>(Matth.</strong></span> <span class='ocrx_word' id='word_1_645' title='bbox 3545 4121 3598 4175; x_wconf 89' lang='lat' dir='ltr'><strong>v,</strong></span> 
     </span>
    </p>
   </div>
   <div class='ocr_carea' id='block_1_87' title="bbox 2023 4194 3603 4267">
    <p class='ocr_par' dir='ltr' id='par_1_87' title="bbox 2023 4194 3603 4267">
     <span class='ocr_line' id='line_1_87' title="bbox 2023 4194 3603 4267; baseline 0.003 -18"><span class='ocrx_word' id='word_1_646' title='bbox 2023 4194 2100 4264; x_wconf 91' lang='lat'><strong>8).</strong></span> <span class='ocrx_word' id='word_1_647' title='bbox 2143 4194 2343 4264; x_wconf 85' lang='lat' dir='ltr'><strong>Aperte</strong></span> <span class='ocrx_word' id='word_1_648' title='bbox 2388 4209 2622 4266; x_wconf 88' lang='lat' dir='ltr'><strong>namque</strong></span> <span class='ocrx_word' id='word_1_649' title='bbox 2666 4196 2959 4261; x_wconf 85' lang='lat' dir='ltr'><strong>videbitur,</strong></span> <span class='ocrx_word' id='word_1_650' title='bbox 3009 4207 3202 4253; x_wconf 86' lang='lat' dir='ltr'><strong>cuncta</strong></span> <span class='ocrx_word' id='word_1_651' title='bbox 3251 4199 3447 4253; x_wconf 90' lang='lat' dir='ltr'><strong>mentis</strong></span> <span class='ocrx_word' id='word_1_652' title='bbox 3489 4196 3603 4267; x_wconf 88' lang='lat' dir='ltr'><strong>jam</strong></span> 
     </span>
    </p>
   </div>
   <div class='ocr_carea' id='block_1_88' title="bbox 2022 4284 3600 4358">
    <p class='ocr_par' dir='ltr' id='par_1_88' title="bbox 2022 4284 3600 4358">
     <span class='ocr_line' id='line_1_88' title="bbox 2022 4284 3600 4358; baseline 0.003 -20"><span class='ocrx_word' id='word_1_653' title='bbox 2022 4284 2234 4341; x_wconf 84' lang='lat' dir='ltr'><strong>detersa</strong></span> <span class='ocrx_word' id='word_1_654' title='bbox 2264 4286 2508 4358; x_wconf 83' lang='lat' dir='ltr'><strong>caligine,</strong></span> <span class='ocrx_word' id='word_1_655' title='bbox 2540 4287 2809 4357; x_wconf 85' lang='lat' dir='ltr'><strong>quomodo</strong></span> <span class='ocrx_word' id='word_1_656' title='bbox 2855 4287 3043 4353; x_wconf 87' lang='lat' dir='ltr'><strong>Filius,</strong></span> <span class='ocrx_word' id='word_1_657' title='bbox 3093 4288 3183 4358; x_wconf 90' lang='lat' dir='ltr'><strong>qui</strong></span> <span class='ocrx_word' id='word_1_658' title='bbox 3226 4288 3449 4343; x_wconf 90' lang='lat' dir='ltr'><strong>oriendo</strong></span> <span class='ocrx_word' id='word_1_659' title='bbox 3494 4297 3600 4356; x_wconf 89' lang='lat' dir='ltr'><strong>est,</strong></span> 
     </span>
    </p>
   </div>
   <div class='ocr_carea' id='block_1_89' title="bbox 2025 4377 3603 4450">
    <p class='ocr_par' dir='ltr' id='par_1_89' title="bbox 2025 4377 3603 4450">
     <span class='ocr_line' id='line_1_89' title="bbox 2025 4377 3603 4450; baseline 0.003 -19"><span class='ocrx_word' id='word_1_660' title='bbox 2025 4377 2139 4442; x_wconf 62' lang='lat' dir='ltr'><strong>tibi,</strong></span> <span class='ocrx_word' id='word_1_661' title='bbox 2165 4377 2345 4444; x_wconf 87' lang='lat' dir='ltr'><strong>Pater,</strong></span> <span class='ocrx_word' id='word_1_662' title='bbox 2394 4380 2461 4434; x_wconf 91' lang='lat' dir='ltr'><strong>de</strong></span> <span class='ocrx_word' id='word_1_663' title='bbox 2505 4394 2612 4449; x_wconf 93' lang='lat' dir='ltr'><strong>quo</strong></span> <span class='ocrx_word' id='word_1_664' title='bbox 2639 4380 2832 4444; x_wconf 90' lang='lat' dir='ltr'><strong>oritur,</strong></span> <span class='ocrx_word' id='word_1_665' title='bbox 2870 4380 3201 4450; x_wconf 88' lang='lat' dir='ltr'><strong>subsequens</strong></span> <span class='ocrx_word' id='word_1_666' title='bbox 3246 4395 3352 4434; x_wconf 91' lang='lat' dir='ltr'><strong>non</strong></span> <span class='ocrx_word' id='word_1_667' title='bbox 3396 4389 3507 4445; x_wconf 90' lang='lat' dir='ltr'><strong>est;</strong></span> <span class='ocrx_word' id='word_1_668' title='bbox 3547 4389 3603 4436; x_wconf 89' lang='lat' dir='ltr'><strong>et</strong></span> 
     </span>
    </p>
   </div>
   <div class='ocr_carea' id='block_1_90' title="bbox 342 4463 3600 4564">
    <p class='ocr_par' dir='ltr' id='par_1_90' title="bbox 342 4463 3600 4564">
     <span class='ocr_line' id='line_1_90' title="bbox 342 4463 3600 4564; baseline 0.002 -45"><span class='ocrx_word' id='word_1_669' title='bbox 342 4474 453 4520; x_wconf 91' lang='lat' dir='ltr'><strong>tate</strong></span> <span class='ocrx_word' id='word_1_670' title='bbox 499 4466 801 4530; x_wconf 86' lang='lat' dir='ltr'><strong>diversum,</strong></span> <span class='ocrx_word' id='word_1_671' title='bbox 855 4464 988 4518; x_wconf 90' lang='lat' dir='ltr'><strong>nihil</strong></span> <span class='ocrx_word' id='word_1_672' title='bbox 1038 4464 1214 4519; x_wconf 77' lang='lat' dir='ltr'><strong>ofﬁcio</strong></span> <span class='ocrx_word' id='word_1_673' title='bbox 1261 4463 1552 4535; x_wconf 84' lang='lat' dir='ltr'><strong>singulare,</strong></span> <span class='ocrx_word' id='word_1_674' title='bbox 1607 4481 1707 4519; x_wconf 88' lang='lat' dir='ltr'><strong>nec</strong></span> <span class='ocrx_word' id='word_1_675' title='bbox 1764 4466 1917 4521; x_wconf 87' lang='lat' dir='ltr'><strong>alteri</strong></span> <span class='ocrx_word' id='word_1_676' title='bbox 1951 4504 2000 4564; x_wconf 66' lang='grc' dir='ltr'><strong>Β</strong></span> <span class='ocrx_word' id='word_1_677' title='bbox 2024 4469 2293 4538; x_wconf 90' lang='lat' dir='ltr'><strong>quomodo</strong></span> <span class='ocrx_word' id='word_1_678' title='bbox 2328 4468 2564 4539; x_wconf 88' lang='lat' dir='ltr'><strong>Spiritus</strong></span> <span class='ocrx_word' id='word_1_679' title='bbox 2600 4470 2906 4534; x_wconf 89' lang='lat' dir='ltr'><strong>amborum,</strong></span> <span class='ocrx_word' id='word_1_680' title='bbox 2938 4470 3032 4540; x_wconf 90' lang='lat' dir='ltr'><strong>qui</strong></span> <span class='ocrx_word' id='word_1_681' title='bbox 3067 4486 3165 4541; x_wconf 88' lang='lat' dir='ltr'><strong>per</strong></span> <span class='ocrx_word' id='word_1_682' title='bbox 3198 4471 3600 4541; x_wconf 90' lang='lat' dir='ltr'><strong>processionem</strong></span> 
     </span>
    </p>
   </div>
   <div class='ocr_carea' id='block_1_91' title="bbox 338 4556 1919 4629">
    <p class='ocr_par' dir='ltr' id='par_1_91' title="bbox 338 4556 1919 4629">
     <span class='ocr_line' id='line_1_91' title="bbox 338 4556 1919 4629; baseline 0.001 -16"><span class='ocrx_word' id='word_1_683' title='bbox 338 4557 808 4622; x_wconf 90' lang='lat' dir='ltr'><strong>communicabile,</strong></span> <span class='ocrx_word' id='word_1_684' title='bbox 853 4557 982 4611; x_wconf 86' lang='lat' dir='ltr'><strong>nihil</strong></span> <span class='ocrx_word' id='word_1_685' title='bbox 1028 4556 1345 4613; x_wconf 88' lang='lat' dir='ltr'><strong>confusum:</strong></span> <span class='ocrx_word' id='word_1_686' title='bbox 1392 4557 1487 4613; x_wconf 91' lang='lat' dir='ltr'><strong>sed</strong></span> <span class='ocrx_word' id='word_1_687' title='bbox 1532 4565 1702 4612; x_wconf 82' lang='lat' dir='ltr'><strong>totum</strong></span> <span class='ocrx_word' id='word_1_688' title='bbox 1743 4558 1919 4629; x_wconf 86' lang='lat' dir='ltr'><strong>perfe-</strong></span> 
     </span>
    </p>
   </div>
   <div class='ocr_carea' id='block_1_92' title="bbox 338 4647 1921 4717">
    <p class='ocr_par' dir='ltr' id='par_1_92' title="bbox 338 4647 1921 4717">
     <span class='ocr_line' id='line_1_92' title="bbox 338 4647 1921 4717; baseline 0.001 -15"><span class='ocrx_word' id='word_1_689' title='bbox 338 4655 506 4709; x_wconf 88' lang='lat' dir='ltr'><strong>ctum,</strong></span> <span class='ocrx_word' id='word_1_690' title='bbox 551 4647 678 4717; x_wconf 87' lang='lat' dir='ltr'><strong>quia</strong></span> <span class='ocrx_word' id='word_1_691' title='bbox 713 4655 878 4701; x_wconf 77' lang='lat' dir='ltr'><strong>tutum</strong></span> <span class='ocrx_word' id='word_1_692' title='bbox 905 4661 972 4701; x_wconf 75' lang='lat' dir='ltr'><strong>ex</strong></span> <span class='ocrx_word' id='word_1_693' title='bbox 1008 4662 1135 4711; x_wconf 89' lang='lat' dir='ltr'><strong>uno,</strong></span> <span class='ocrx_word' id='word_1_694' title='bbox 1164 4656 1218 4702; x_wconf 91' lang='lat' dir='ltr'><strong>et</strong></span> <span class='ocrx_word' id='word_1_695' title='bbox 1242 4662 1427 4713; x_wconf 91' lang='lat' dir='ltr'><strong>unum,</strong></span> <span class='ocrx_word' id='word_1_696' title='bbox 1473 4662 1579 4702; x_wconf 90' lang='lat' dir='ltr'><strong>non</strong></span> <span class='ocrx_word' id='word_1_697' title='bbox 1616 4655 1795 4702; x_wconf 89' lang='lat' dir='ltr'><strong>tamen</strong></span> <span class='ocrx_word' id='word_1_698' title='bbox 1828 4664 1921 4703; x_wconf 81' lang='lat' dir='ltr'><strong>so-</strong></span> 
     </span>
    </p>
   </div>
   <div class='ocr_carea' id='block_1_93' title="bbox 337 4737 1920 4813">
    <p class='ocr_par' dir='ltr' id='par_1_93' title="bbox 337 4737 1920 4813">
     <span class='ocr_line' id='line_1_93' title="bbox 337 4737 1920 4813; baseline 0 -20"><span class='ocrx_word' id='word_1_699' title='bbox 337 4737 614 4802; x_wconf 83' lang='lat' dir='ltr'><strong>litarium,</strong></span> <span class='ocrx_word' id='word_1_700' title='bbox 666 4739 921 4813; x_wconf 84' lang='lat' dir='ltr'><strong>quoniam</strong></span> <span class='ocrx_word' id='word_1_701' title='bbox 964 4752 1231 4792; x_wconf 89' lang='lat' dir='ltr'><strong>summum</strong></span> <span class='ocrx_word' id='word_1_702' title='bbox 1277 4738 1496 4803; x_wconf 88' lang='lat' dir='ltr'><strong>bonum,</strong></span> <span class='ocrx_word' id='word_1_703' title='bbox 1557 4747 1612 4792; x_wconf 90' lang='lat' dir='ltr'><strong>et</strong></span> <span class='ocrx_word' id='word_1_704' title='bbox 1656 4754 1920 4794; x_wconf 89' lang='lat' dir='ltr'><strong>summam</strong></span> 
     </span>
    </p>
   </div>
   <div class='ocr_carea' id='block_1_94' title="bbox 341 4828 1921 4900">
    <p class='ocr_par' dir='ltr' id='par_1_94' title="bbox 341 4828 1921 4900">
     <span class='ocr_line' id='line_1_94' title="bbox 341 4828 1921 4900; baseline 0.001 -17"><span class='ocrx_word' id='word_1_705' title='bbox 341 4828 702 4898; x_wconf 86' lang='lat' dir='ltr'><strong>sapientiam,</strong></span> <span class='ocrx_word' id='word_1_706' title='bbox 758 4836 813 4882; x_wconf 87' lang='lat' dir='ltr'><strong>et</strong></span> <span class='ocrx_word' id='word_1_707' title='bbox 857 4843 1121 4882; x_wconf 90' lang='lat' dir='ltr'><strong>summam</strong></span> <span class='ocrx_word' id='word_1_708' title='bbox 1173 4828 1560 4898; x_wconf 83' lang='lat' dir='ltr'><strong>benignitatem</strong></span> <span class='ocrx_word' id='word_1_709' title='bbox 1605 4837 1656 4882; x_wconf 88' lang='lat' dir='ltr'><strong>te</strong></span> <span class='ocrx_word' id='word_1_710' title='bbox 1702 4828 1921 4900; x_wconf 86' lang='lat' dir='ltr'><strong>(sancte</strong></span> 
     </span>
    </p>
   </div>
   <div class='ocr_carea' id='block_1_95' title="bbox 340 4917 1919 4992">
    <p class='ocr_par' dir='ltr' id='par_1_95' title="bbox 340 4917 1919 4992">
     <span class='ocr_line' id='line_1_95' title="bbox 340 4917 1919 4992; baseline 0.003 -20"><span class='ocrx_word' id='word_1_711' title='bbox 340 4917 523 4990; x_wconf 84' lang='lat' dir='ltr'><strong>Pater)</strong></span> <span class='ocrx_word' id='word_1_712' title='bbox 570 4919 809 4973; x_wconf 90' lang='lat' dir='ltr'><strong>omnium</strong></span> <span class='ocrx_word' id='word_1_713' title='bbox 840 4920 1183 4990; x_wconf 87' lang='lat' dir='ltr'><strong>principium,</strong></span> <span class='ocrx_word' id='word_1_714' title='bbox 1221 4930 1275 4973; x_wconf 87' lang='lat' dir='ltr'><strong>et</strong></span> <span class='ocrx_word' id='word_1_715' title='bbox 1299 4921 1583 4975; x_wconf 89' lang='lat' dir='ltr'><strong>veritatem</strong></span> <span class='ocrx_word' id='word_1_716' title='bbox 1616 4929 1779 4987; x_wconf 90' lang='lat' dir='ltr'><strong>tuam,</strong></span> <span class='ocrx_word' id='word_1_717' title='bbox 1820 4937 1919 4992; x_wconf 90' lang='lat' dir='ltr'><strong>per</strong></span> 
     </span>
    </p>
   </div>
   <div class='ocr_carea' id='block_1_96' title="bbox 338 5014 1911 5085">
    <p class='ocr_par' dir='ltr' id='par_1_96' title="bbox 338 5014 1911 5085">
     <span class='ocr_line' id='line_1_96' title="bbox 338 5014 1911 5085; baseline 0.001 -16"><span class='ocrx_word' id='word_1_718' title='bbox 338 5030 501 5085; x_wconf 87' lang='lat' dir='ltr'><strong>quam</strong></span> <span class='ocrx_word' id='word_1_719' title='bbox 545 5023 596 5069; x_wconf 87' lang='lat' dir='ltr'><strong>te</strong></span> <span class='ocrx_word' id='word_1_720' title='bbox 642 5014 1010 5085; x_wconf 75' lang='lat' dir='ltr'><strong>intelligimus,</strong></span> <span class='ocrx_word' id='word_1_721' title='bbox 1062 5014 1206 5068; x_wconf 89' lang='lat' dir='ltr'><strong>nulla</strong></span> <span class='ocrx_word' id='word_1_722' title='bbox 1259 5030 1324 5069; x_wconf 77' lang='lat' dir='ltr'><strong>ex</strong></span> <span class='ocrx_word' id='word_1_723' title='bbox 1360 5027 1515 5085; x_wconf 88' lang='lat' dir='ltr'><strong>parte</strong></span> <span class='ocrx_word' id='word_1_724' title='bbox 1547 5016 1642 5071; x_wconf 90' lang='lat' dir='ltr'><strong>tibi</strong></span> <span class='ocrx_word' id='word_1_725' title='bbox 1675 5017 1911 5071; x_wconf 89' lang='lat' dir='ltr'><strong>dissimi-</strong></span> 
     </span>
    </p>
   </div>
   <div class='ocr_carea' id='block_1_97' title="bbox 337 5103 1914 5177">
    <p class='ocr_par' dir='ltr' id='par_1_97' title="bbox 337 5103 1914 5177">
     <span class='ocr_line' id='line_1_97' title="bbox 337 5103 1914 5177; baseline 0.003 -19"><span class='ocrx_word' id='word_1_726' title='bbox 337 5104 466 5170; x_wconf 90' lang='lat' dir='ltr'><strong>lem,</strong></span> <span class='ocrx_word' id='word_1_727' title='bbox 495 5119 613 5174; x_wconf 73' lang='lat' dir='ltr'><strong>qua:</strong></span> <span class='ocrx_word' id='word_1_728' title='bbox 659 5103 831 5158; x_wconf 89' lang='lat' dir='ltr'><strong>forma</strong></span> <span class='ocrx_word' id='word_1_729' title='bbox 859 5114 944 5159; x_wconf 89' lang='lat' dir='ltr'><strong>est</strong></span> <span class='ocrx_word' id='word_1_730' title='bbox 989 5105 1229 5159; x_wconf 91' lang='lat' dir='ltr'><strong>omnium</strong></span> <span class='ocrx_word' id='word_1_731' title='bbox 1275 5113 1331 5159; x_wconf 90' lang='lat' dir='ltr'><strong>et</strong></span> <span class='ocrx_word' id='word_1_732' title='bbox 1378 5121 1495 5176; x_wconf 82' lang='lat' dir='ltr'><strong>quae</strong></span> <span class='ocrx_word' id='word_1_733' title='bbox 1544 5106 1657 5161; x_wconf 91' lang='lat' dir='ltr'><strong>sola</strong></span> <span class='ocrx_word' id='word_1_734' title='bbox 1708 5108 1914 5177; x_wconf 91' lang='lat' dir='ltr'><strong>implet,</strong></span> 
     </span>
    </p>
   </div>
   <div class='ocr_carea' id='block_1_98' title="bbox 337 5194 1913 5267">
    <p class='ocr_par' dir='ltr' id='par_1_98' title="bbox 337 5194 1913 5267">
     <span class='ocr_line' id='line_1_98' title="bbox 337 5194 1913 5267; baseline 0.003 -18"><span class='ocrx_word' id='word_1_735' title='bbox 337 5195 482 5267; x_wconf 90' lang='lat' dir='ltr'><strong>quod</strong></span> <span class='ocrx_word' id='word_1_736' title='bbox 508 5203 765 5266; x_wconf 90' lang='lat' dir='ltr'><strong>appetunt</strong></span> <span class='ocrx_word' id='word_1_737' title='bbox 790 5195 990 5261; x_wconf 91' lang='lat' dir='ltr'><strong>omnia,</strong></span> <span class='ocrx_word' id='word_1_738' title='bbox 1017 5194 1283 5265; x_wconf 88' lang='lat' dir='ltr'><strong>simulque</strong></span> <span class='ocrx_word' id='word_1_739' title='bbox 1306 5196 1479 5266; x_wconf 92' lang='lat' dir='ltr'><strong>ipsum</strong></span> <span class='ocrx_word' id='word_1_740' title='bbox 1510 5198 1789 5266; x_wconf 90' lang='lat' dir='ltr'><strong>utriusque</strong></span> <span class='ocrx_word' id='word_1_741' title='bbox 1814 5198 1913 5253; x_wconf 92' lang='lat' dir='ltr'><strong>do-</strong></span> 
     </span>
    </p>
   </div>
   <div class='ocr_carea' id='block_1_99' title="bbox 337 5284 1910 5355">
    <p class='ocr_par' dir='ltr' id='par_1_99' title="bbox 337 5284 1910 5355">
     <span class='ocr_line' id='line_1_99' title="bbox 337 5284 1910 5355; baseline 0.003 -16"><span class='ocrx_word' id='word_1_742' title='bbox 337 5298 490 5349; x_wconf 89' lang='lat' dir='ltr'><strong>num,</strong></span> <span class='ocrx_word' id='word_1_743' title='bbox 523 5299 631 5355; x_wconf 93' lang='lat' dir='ltr'><strong>quo</strong></span> <span class='ocrx_word' id='word_1_744' title='bbox 676 5284 835 5339; x_wconf 88' lang='lat' dir='ltr'><strong>beata</strong></span> <span class='ocrx_word' id='word_1_745' title='bbox 866 5292 1009 5349; x_wconf 93' lang='lat' dir='ltr'><strong>sunt,</strong></span> <span class='ocrx_word' id='word_1_746' title='bbox 1043 5299 1377 5354; x_wconf 61' lang='lat' dir='ltr'><strong>quaecunque</strong></span> <span class='ocrx_word' id='word_1_747' title='bbox 1408 5285 1565 5339; x_wconf 87' lang='lat' dir='ltr'><strong>beata</strong></span> <span class='ocrx_word' id='word_1_748' title='bbox 1600 5295 1725 5340; x_wconf 90' lang='lat' dir='ltr'><strong>sunt</strong></span> <span class='ocrx_word' id='word_1_749' title='bbox 1752 5287 1806 5341; x_wconf 92' lang='lat' dir='ltr'><strong>in</strong></span> <span class='ocrx_word' id='word_1_750' title='bbox 1837 5297 1910 5354; x_wconf 89' lang='lat' dir='ltr'><strong>te,</strong></span> 
     </span>
    </p>
   </div>
   <div class='ocr_carea' id='block_1_100' title="bbox 242 5373 1915 5439">
    <p class='ocr_par' dir='ltr' id='par_1_100' title="bbox 242 5373 1915 5439">
     <span class='ocr_line' id='line_1_100' title="bbox 242 5373 1915 5439; baseline 0.003 -12"><span class='ocrx_word' id='word_1_751' title='bbox 242 5400 245 5401; x_wconf 53' lang='grc' dir='ltr'><em>ν</em></span> <span class='ocrx_word' id='word_1_752' title='bbox 338 5383 539 5429; x_wconf 89' lang='lat' dir='ltr'><strong>etcum</strong></span> <span class='ocrx_word' id='word_1_753' title='bbox 563 5384 614 5429; x_wconf 88' lang='lat' dir='ltr'><strong>te</strong></span> <span class='ocrx_word' id='word_1_754' title='bbox 636 5373 862 5430; x_wconf 91' lang='lat' dir='ltr'><strong>colimus</strong></span> <span class='ocrx_word' id='word_1_755' title='bbox 894 5382 948 5427; x_wconf 91' lang='lat' dir='ltr'><strong>et</strong></span> <span class='ocrx_word' id='word_1_756' title='bbox 973 5373 1292 5439; x_wconf 90' lang='lat' dir='ltr'><strong>adoramus;</strong></span> <span class='ocrx_word' id='word_1_757' title='bbox 1321 5389 1479 5428; x_wconf 91' lang='lat' dir='ltr'><strong>unam</strong></span> <span class='ocrx_word' id='word_1_758' title='bbox 1510 5375 1716 5431; x_wconf 74' lang='lat' dir='ltr'><strong>scilicet</strong></span> <span class='ocrx_word' id='word_1_759' title='bbox 1742 5385 1796 5431; x_wconf 92' lang='lat' dir='ltr'><strong>et</strong></span> <span class='ocrx_word' id='word_1_760' title='bbox 1831 5376 1915 5432; x_wconf 89' lang='lat' dir='ltr'><strong>in-</strong></span> 
     </span>
    </p>
   </div>
   <div class='ocr_carea' id='block_1_101' title="bbox 337 5466 1140 5521">
    <p class='ocr_par' dir='ltr' id='par_1_101' title="bbox 337 5466 1140 5521">
     <span class='ocr_line' id='line_1_101' title="bbox 337 5466 1140 5521; baseline 0.001 -1"><span class='ocrx_word' id='word_1_761' title='bbox 337 5466 777 5521; x_wconf 84' lang='lat' dir='ltr'><strong>commutabilem</strong></span> <span class='ocrx_word' id='word_1_762' title='bbox 802 5466 1140 5521; x_wconf 82' lang='lat' dir='ltr'><strong>Trinitatem.</strong></span> 
     </span>
    </p>
   </div>
   <div class='ocr_carea' id='block_1_102' title="bbox 411 5552 1915 5629">
    <p class='ocr_par' dir='ltr' id='par_1_102' title="bbox 411 5552 1915 5629">
     <span class='ocr_line' id='line_1_102' title="bbox 411 5552 1915 5629; baseline 0.005 -20"><span class='ocrx_word' id='word_1_763' title='bbox 411 5552 576 5610; x_wconf 70' lang='lat' dir='ltr'><strong>XXII.</strong></span> <span class='ocrx_word' id='word_1_764' title='bbox 616 5554 751 5610; x_wconf 91' lang='lat' dir='ltr'><strong>Cum</strong></span> <span class='ocrx_word' id='word_1_765' title='bbox 780 5556 922 5609; x_wconf 90' lang='lat' dir='ltr'><strong>enim</strong></span> <span class='ocrx_word' id='word_1_766' title='bbox 948 5556 1106 5610; x_wconf 89' lang='lat' dir='ltr'><strong>tertio</strong></span> <span class='ocrx_word' id='word_1_767' title='bbox 1132 5555 1412 5625; x_wconf 89' lang='lat' dir='ltr'><strong>repetitur,</strong></span> <span class='ocrx_word' id='word_1_768' title='bbox 1441 5555 1583 5626; x_wconf 92' lang='lat' dir='ltr'><strong>quod</strong></span> <span class='ocrx_word' id='word_1_769' title='bbox 1614 5572 1777 5613; x_wconf 91' lang='lat' dir='ltr'><strong>unum</strong></span> <span class='ocrx_word' id='word_1_770' title='bbox 1802 5568 1915 5629; x_wconf 90' lang='lat' dir='ltr'><strong>est,</strong></span> 
     </span>
    </p>
   </div>
   <div class='ocr_carea' id='block_1_103' title="bbox 339 5648 1920 5715">
    <p class='ocr_par' dir='ltr' id='par_1_103' title="bbox 339 5648 1920 5715">
     <span class='ocr_line' id='line_1_103' title="bbox 339 5648 1920 5715; baseline 0.006 -14"><span class='ocrx_word' id='word_1_771' title='bbox 339 5660 451 5702; x_wconf 86' lang='lat' dir='ltr'><strong>non</strong></span> <span class='ocrx_word' id='word_1_772' title='bbox 494 5660 755 5701; x_wconf 90' lang='lat' dir='ltr'><strong>numerus</strong></span> <span class='ocrx_word' id='word_1_773' title='bbox 791 5658 1163 5715; x_wconf 87' lang='lat' dir='ltr'><strong>coacervatur,</strong></span> <span class='ocrx_word' id='word_1_774' title='bbox 1207 5648 1302 5703; x_wconf 90' lang='lat' dir='ltr'><strong>sed</strong></span> <span class='ocrx_word' id='word_1_775' title='bbox 1335 5662 1502 5704; x_wconf 91' lang='lat' dir='ltr'><strong>unum</strong></span> <span class='ocrx_word' id='word_1_776' title='bbox 1537 5649 1666 5706; x_wconf 89' lang='lat' dir='ltr'><strong>illud</strong></span> <span class='ocrx_word' id='word_1_777' title='bbox 1690 5666 1809 5709; x_wconf 87' lang='lat' dir='ltr'><strong>esse</strong></span> <span class='ocrx_word' id='word_1_778' title='bbox 1831 5668 1920 5710; x_wconf 83' lang='lat' dir='ltr'><strong>as-</strong></span> 
     </span>
    </p>
   </div>
   <div class='ocr_carea' id='block_1_104' title="bbox 342 5728 1950 5815">
    <p class='ocr_par' dir='ltr' id='par_1_104' title="bbox 342 5728 1950 5815">
     <span class='ocr_line' id='line_1_104' title="bbox 342 5728 1950 5815; baseline 0.005 -20"><span class='ocrx_word' id='word_1_779' title='bbox 342 5739 559 5795; x_wconf 82' lang='lat' dir='ltr'><strong>seritur.</strong></span> <span class='ocrx_word' id='word_1_780' title='bbox 599 5736 857 5813; x_wconf 85' lang='lat' dir='ltr'><strong>Gignens,</strong></span> <span class='ocrx_word' id='word_1_781' title='bbox 890 5742 1120 5813; x_wconf 85' lang='lat' dir='ltr'><strong>genitus,</strong></span> <span class='ocrx_word' id='word_1_782' title='bbox 1170 5750 1227 5797; x_wconf 88' lang='lat' dir='ltr'><strong>et</strong></span> <span class='ocrx_word' id='word_1_783' title='bbox 1265 5743 1581 5813; x_wconf 86' lang='lat' dir='ltr'><strong>procedens,</strong></span> <span class='ocrx_word' id='word_1_784' title='bbox 1634 5754 1746 5801; x_wconf 80' lang='lat' dir='ltr'><strong>tres</strong></span> <span class='ocrx_word' id='word_1_785' title='bbox 1798 5728 1950 5815; x_wconf 46' lang='lat' dir='ltr'><strong>qui:</strong></span> 
     </span>
    </p>
   </div>
   <div class='ocr_carea' id='block_1_105' title="bbox 2022 4556 3601 4630">
    <p class='ocr_par' dir='ltr' id='par_1_105' title="bbox 2022 4556 3601 4630">
     <span class='ocr_line' id='line_1_105' title="bbox 2022 4556 3601 4630; baseline 0.003 -20"><span class='ocrx_word' id='word_1_786' title='bbox 2022 4556 2356 4627; x_wconf 92' lang='lat' dir='ltr'><strong>producitur,</strong></span> <span class='ocrx_word' id='word_1_787' title='bbox 2388 4572 2418 4610; x_wconf 92' lang='lat' dir='ltr'><strong>a</strong></span> <span class='ocrx_word' id='word_1_788' title='bbox 2451 4558 2604 4612; x_wconf 88' lang='lat' dir='ltr'><strong>vobis</strong></span> <span class='ocrx_word' id='word_1_789' title='bbox 2632 4556 3030 4628; x_wconf 85' lang='lat' dir='ltr'><strong>proferentibus</strong></span> <span class='ocrx_word' id='word_1_790' title='bbox 3060 4574 3167 4613; x_wconf 89' lang='lat' dir='ltr'><strong>non</strong></span> <span class='ocrx_word' id='word_1_791' title='bbox 3194 4561 3442 4630; x_wconf 64' lang='lat' dir='ltr'><strong>praeitur;</strong></span> <span class='ocrx_word' id='word_1_792' title='bbox 3468 4576 3601 4630; x_wconf 84' lang='lat' dir='ltr'><strong>quo-</strong></span> 
     </span>
    </p>
   </div>
   <div class='ocr_carea' id='block_1_106' title="bbox 2024 4646 3602 4713">
    <p class='ocr_par' dir='ltr' id='par_1_106' title="bbox 2024 4646 3602 4713">
     <span class='ocr_line' id='line_1_106' title="bbox 2024 4646 3602 4713; baseline 0.004 -14"><span class='ocrx_word' id='word_1_793' title='bbox 2024 4646 2183 4701; x_wconf 91' lang='lat' dir='ltr'><strong>modo</strong></span> <span class='ocrx_word' id='word_1_794' title='bbox 2206 4656 2261 4700; x_wconf 89' lang='lat' dir='ltr'><strong>et</strong></span> <span class='ocrx_word' id='word_1_795' title='bbox 2282 4662 2447 4700; x_wconf 92' lang='lat' dir='ltr'><strong>unum</strong></span> <span class='ocrx_word' id='word_1_796' title='bbox 2475 4647 2817 4702; x_wconf 90' lang='lat' dir='ltr'><strong>divisibiliter</strong></span> <span class='ocrx_word' id='word_1_797' title='bbox 2840 4648 2964 4713; x_wconf 89' lang='lat' dir='ltr'><strong>tria,</strong></span> <span class='ocrx_word' id='word_1_798' title='bbox 2989 4656 3043 4703; x_wconf 89' lang='lat' dir='ltr'><strong>et</strong></span> <span class='ocrx_word' id='word_1_799' title='bbox 3073 4650 3175 4703; x_wconf 88' lang='lat' dir='ltr'><strong>tria</strong></span> <span class='ocrx_word' id='word_1_800' title='bbox 3202 4649 3602 4706; x_wconf 88' lang='lat' dir='ltr'><strong>indivisibiliter</strong></span> 
     </span>
    </p>
   </div>
   <div class='ocr_carea' id='block_1_107' title="bbox 2023 4738 3595 4811">
    <p class='ocr_par' dir='ltr' id='par_1_107' title="bbox 2023 4738 3595 4811">
     <span class='ocr_line' id='line_1_107' title="bbox 2023 4738 3595 4811; baseline 0.003 -18"><span class='ocrx_word' id='word_1_801' title='bbox 2023 4754 2190 4793; x_wconf 90' lang='lat' dir='ltr'><strong>unum</strong></span> <span class='ocrx_word' id='word_1_802' title='bbox 2232 4739 2381 4793; x_wconf 88' lang='lat' dir='ltr'><strong>estis.</strong></span> <span class='ocrx_word' id='word_1_803' title='bbox 2435 4740 2563 4794; x_wconf 79' lang='lat' dir='ltr'><strong>Visa</strong></span> <span class='ocrx_word' id='word_1_804' title='bbox 2605 4740 2750 4793; x_wconf 90' lang='lat' dir='ltr'><strong>enim</strong></span> <span class='ocrx_word' id='word_1_805' title='bbox 2786 4738 3020 4805; x_wconf 89' lang='lat' dir='ltr'><strong>claritas,</strong></span> <span class='ocrx_word' id='word_1_806' title='bbox 3079 4756 3142 4795; x_wconf 89' lang='lat' dir='ltr'><strong>ac</strong></span> <span class='ocrx_word' id='word_1_807' title='bbox 3182 4741 3234 4794; x_wconf 92' lang='lat' dir='ltr'><strong>in</strong></span> <span class='ocrx_word' id='word_1_808' title='bbox 3273 4740 3595 4811; x_wconf 89' lang='lat' dir='ltr'><strong>patefactam</strong></span> 
     </span>
    </p>
   </div>
   <div class='ocr_carea' id='block_1_108' title="bbox 2024 4824 3598 4903">
    <p class='ocr_par' dir='ltr' id='par_1_108' title="bbox 2024 4824 3598 4903">
     <span class='ocr_line' id='line_1_108' title="bbox 2024 4824 3598 4903; baseline 0.001 -16"><span class='ocrx_word' id='word_1_809' title='bbox 2024 4832 2180 4887; x_wconf 91' lang='lat' dir='ltr'><strong>nobis</strong></span> <span class='ocrx_word' id='word_1_810' title='bbox 2210 4842 2314 4886; x_wconf 71' lang='lat' dir='ltr'><strong>tuae</strong></span> <span class='ocrx_word' id='word_1_811' title='bbox 2344 4830 2643 4900; x_wconf 86' lang='lat' dir='ltr'><strong>majestatis</strong></span> <span class='ocrx_word' id='word_1_812' title='bbox 2670 4832 2902 4901; x_wconf 88' lang='lat' dir='ltr'><strong>speciem</strong></span> <span class='ocrx_word' id='word_1_813' title='bbox 2932 4824 3125 4903; x_wconf 91' lang='lat' dir='ltr'><strong>purum</strong></span> <span class='ocrx_word' id='word_1_814' title='bbox 3148 4834 3378 4889; x_wconf 89' lang='lat' dir='ltr'><strong>amantis</strong></span> <span class='ocrx_word' id='word_1_815' title='bbox 3401 4834 3598 4889; x_wconf 88' lang='lat' dir='ltr'><strong>mentis</strong></span> 
     </span>
    </p>
   </div>
   <div class='ocr_carea' id='block_1_109' title="bbox 2024 4921 3594 4995">
    <p class='ocr_par' dir='ltr' id='par_1_109' title="bbox 2024 4921 3594 4995">
     <span class='ocr_line' id='line_1_109' title="bbox 2024 4921 3594 4995; baseline 0.004 -20"><span class='ocrx_word' id='word_1_816' title='bbox 2024 4922 2276 4976; x_wconf 89' lang='lat' dir='ltr'><strong>intuitum</strong></span> <span class='ocrx_word' id='word_1_817' title='bbox 2301 4922 2516 4991; x_wconf 90' lang='lat' dir='ltr'><strong>rapiens</strong></span> <span class='ocrx_word' id='word_1_818' title='bbox 2536 4921 2853 4976; x_wconf 88' lang='lat' dir='ltr'><strong>sublevabit.</strong></span> <span class='ocrx_word' id='word_1_819' title='bbox 2888 4921 3000 4985; x_wconf 88' lang='lat' dir='ltr'><strong>Sed</strong></span> <span class='ocrx_word' id='word_1_820' title='bbox 3024 4927 3137 4995; x_wconf 88' lang='lat' dir='ltr'><strong>ipsa</strong></span> <span class='ocrx_word' id='word_1_821' title='bbox 3160 4924 3379 4981; x_wconf 88' lang='lat' dir='ltr'><strong>claritas</strong></span> <span class='ocrx_word' id='word_1_822' title='bbox 3401 4935 3594 4982; x_wconf 84' lang='lat' dir='ltr'><strong>natura</strong></span> 
     </span>
    </p>
   </div>
   <div class='ocr_carea' id='block_1_110' title="bbox 2024 5011 3596 5082">
    <p class='ocr_par' dir='ltr' id='par_1_110' title="bbox 2024 5011 3596 5082">
     <span class='ocr_line' id='line_1_110' title="bbox 2024 5011 3596 5082; baseline 0.002 -14"><span class='ocrx_word' id='word_1_823' title='bbox 2024 5021 2126 5076; x_wconf 90' lang='lat' dir='ltr'><strong>est,</strong></span> <span class='ocrx_word' id='word_1_824' title='bbox 2142 5022 2197 5067; x_wconf 92' lang='lat' dir='ltr'><strong>et</strong></span> <span class='ocrx_word' id='word_1_825' title='bbox 2208 5013 2323 5082; x_wconf 88' lang='lat' dir='ltr'><strong>ipsa</strong></span> <span class='ocrx_word' id='word_1_826' title='bbox 2333 5020 2522 5067; x_wconf 88' lang='lat' dir='ltr'><strong>natura</strong></span> <span class='ocrx_word' id='word_1_827' title='bbox 2538 5011 2754 5067; x_wconf 87' lang='lat' dir='ltr'><strong>claritas</strong></span> <span class='ocrx_word' id='word_1_828' title='bbox 2770 5021 2871 5068; x_wconf 89' lang='lat' dir='ltr'><strong>est.</strong></span> <span class='ocrx_word' id='word_1_829' title='bbox 2889 5013 3019 5082; x_wconf 67' lang='lat' dir='ltr'><strong>Quae</strong></span> <span class='ocrx_word' id='word_1_830' title='bbox 3031 5015 3283 5070; x_wconf 90' lang='lat' dir='ltr'><strong>nimirum</strong></span> <span class='ocrx_word' id='word_1_831' title='bbox 3295 5015 3431 5070; x_wconf 91' lang='lat' dir='ltr'><strong>visio</strong></span> <span class='ocrx_word' id='word_1_832' title='bbox 3451 5030 3596 5071; x_wconf 91' lang='lat' dir='ltr'><strong>nunc</strong></span> 
     </span>
    </p>
   </div>
   <div class='ocr_carea' id='block_1_111' title="bbox 2023 5105 3595 5179">
    <p class='ocr_par' dir='ltr' id='par_1_111' title="bbox 2023 5105 3595 5179">
     <span class='ocr_line' id='line_1_111' title="bbox 2023 5105 3595 5179; baseline 0.002 -19"><span class='ocrx_word' id='word_1_833' title='bbox 2023 5105 2129 5160; x_wconf 87' lang='lat' dir='ltr'><strong>ﬁde</strong></span> <span class='ocrx_word' id='word_1_834' title='bbox 2154 5106 2461 5171; x_wconf 87' lang='lat' dir='ltr'><strong>inchoatur,</strong></span> <span class='ocrx_word' id='word_1_835' title='bbox 2487 5106 2581 5160; x_wconf 88' lang='lat' dir='ltr'><strong>sed</strong></span> <span class='ocrx_word' id='word_1_836' title='bbox 2606 5106 2805 5162; x_wconf 90' lang='lat' dir='ltr'><strong>tuncin</strong></span> <span class='ocrx_word' id='word_1_837' title='bbox 2822 5107 3001 5178; x_wconf 91' lang='lat' dir='ltr'><strong>specie</strong></span> <span class='ocrx_word' id='word_1_838' title='bbox 3025 5108 3356 5179; x_wconf 85' lang='lat' dir='ltr'><strong>perﬁcietur,</strong></span> <span class='ocrx_word' id='word_1_839' title='bbox 3378 5106 3595 5177; x_wconf 87' lang='lat' dir='ltr'><strong>quando</strong></span> 
     </span>
    </p>
   </div>
   <div class='ocr_carea' id='block_1_112' title="bbox 2023 5197 3592 5271">
    <p class='ocr_par' dir='ltr' id='par_1_112' title="bbox 2023 5197 3592 5271">
     <span class='ocr_line' id='line_1_112' title="bbox 2023 5197 3592 5271; baseline 0.003 -20"><span class='ocrx_word' id='word_1_840' title='bbox 2023 5212 2347 5252; x_wconf 66' lang='lat' dir='ltr'><strong>comrernam</strong></span> <span class='ocrx_word' id='word_1_841' title='bbox 2364 5197 2458 5252; x_wconf 91' lang='lat' dir='ltr'><strong>tibi</strong></span> <span class='ocrx_word' id='word_1_842' title='bbox 2475 5199 2792 5269; x_wconf 90' lang='lat' dir='ltr'><strong>sapientiam</strong></span> <span class='ocrx_word' id='word_1_843' title='bbox 2803 5241 2817 5264; x_wconf 93' lang='lat'><strong>,</strong></span> <span class='ocrx_word' id='word_1_844' title='bbox 2832 5216 2992 5271; x_wconf 90' lang='lat' dir='ltr'><strong>quam</strong></span> <span class='ocrx_word' id='word_1_845' title='bbox 3008 5200 3167 5255; x_wconf 90' lang='lat' dir='ltr'><strong>modo</strong></span> <span class='ocrx_word' id='word_1_846' title='bbox 3186 5215 3285 5270; x_wconf 90' lang='lat' dir='ltr'><strong>per</strong></span> <span class='ocrx_word' id='word_1_847' title='bbox 3297 5214 3394 5255; x_wconf 90' lang='lat' dir='ltr'><strong>ora</strong></span> <span class='ocrx_word' id='word_1_848' title='bbox 3408 5199 3592 5255; x_wconf 85' lang='lat' dir='ltr'><strong>docto-</strong></span> 
     </span>
    </p>
   </div>
   <div class='ocr_carea' id='block_1_113' title="bbox 2002 5286 3594 5367">
    <p class='ocr_par' dir='ltr' id='par_1_113' title="bbox 2002 5286 3594 5367">
     <span class='ocr_line' id='line_1_113' title="bbox 2002 5286 3594 5367; baseline 0.001 -25"><span class='ocrx_word' id='word_1_849' title='bbox 2002 5302 2144 5355; x_wconf 30' lang='lat' dir='ltr'><strong>,rum</strong></span> <span class='ocrx_word' id='word_1_850' title='bbox 2166 5286 2430 5341; x_wconf 91' lang='lat' dir='ltr'><strong>sumimus</strong></span> <span class='ocrx_word' id='word_1_851' title='bbox 2455 5287 2509 5341; x_wconf 92' lang='lat' dir='ltr'><strong>in</strong></span> <span class='ocrx_word' id='word_1_852' title='bbox 2531 5288 2648 5359; x_wconf 89' lang='lat' dir='ltr'><strong>ipso</strong></span> <span class='ocrx_word' id='word_1_853' title='bbox 2678 5287 2825 5345; x_wconf 83' lang='lat' dir='ltr'><strong>fonte</strong></span> <span class='ocrx_word' id='word_1_854' title='bbox 2845 5289 3160 5346; x_wconf 88' lang='lat' dir='ltr'><strong>biberimus.</strong></span> <span class='ocrx_word' id='word_1_855' title='bbox 3190 5288 3382 5345; x_wconf 87' lang='lat' dir='ltr'><strong>Omnia</strong></span> <span class='ocrx_word' id='word_1_856' title='bbox 3398 5297 3594 5367; x_wconf 86' lang='lat' dir='ltr'><strong>autem</strong></span> 
     </span>
    </p>
   </div>
   <div class='ocr_carea' id='block_1_114' title="bbox 2023 5380 3589 5451">
    <p class='ocr_par' dir='ltr' id='par_1_114' title="bbox 2023 5380 3589 5451">
     <span class='ocr_line' id='line_1_114' title="bbox 2023 5380 3589 5451; baseline 0.001 -16"><span class='ocrx_word' id='word_1_857' title='bbox 2023 5387 2361 5435; x_wconf 86' lang='lat' dir='ltr'><strong>sacramenta</strong></span> <span class='ocrx_word' id='word_1_858' title='bbox 2381 5418 2396 5444; x_wconf 95' lang='lat'><strong>,</strong></span> <span class='ocrx_word' id='word_1_859' title='bbox 2427 5386 2482 5433; x_wconf 90' lang='lat' dir='ltr'><strong>et</strong></span> <span class='ocrx_word' id='word_1_860' title='bbox 2503 5389 2694 5436; x_wconf 89' lang='lat' dir='ltr'><strong>cuncta</strong></span> <span class='ocrx_word' id='word_1_861' title='bbox 2725 5381 2880 5436; x_wconf 90' lang='lat' dir='ltr'><strong>nobis</strong></span> <span class='ocrx_word' id='word_1_862' title='bbox 2914 5394 3040 5440; x_wconf 89' lang='lat' dir='ltr'><strong>tunc</strong></span> <span class='ocrx_word' id='word_1_863' title='bbox 3068 5380 3329 5451; x_wconf 89' lang='lat' dir='ltr'><strong>patebunt</strong></span> <span class='ocrx_word' id='word_1_864' title='bbox 3370 5395 3589 5437; x_wconf 83' lang='lat' dir='ltr'><strong>arcana.</strong></span> 
     </span>
    </p>
   </div>
   <div class='ocr_carea' id='block_1_115' title="bbox 2017 5469 3594 5547">
    <p class='ocr_par' dir='ltr' id='par_1_115' title="bbox 2017 5469 3594 5547">
     <span class='ocr_line' id='line_1_115' title="bbox 2017 5469 3594 5547; baseline 0.001 -18"><span class='ocrx_word' id='word_1_865' title='bbox 2017 5469 2137 5529; x_wconf 85' lang='lat' dir='ltr'><strong>Non</strong></span> <span class='ocrx_word' id='word_1_866' title='bbox 2165 5470 2445 5527; x_wconf 90' lang='lat' dir='ltr'><strong>doctorum</strong></span> <span class='ocrx_word' id='word_1_867' title='bbox 2468 5471 2667 5538; x_wconf 88' lang='lat' dir='ltr'><strong>verbis,</strong></span> <span class='ocrx_word' id='word_1_868' title='bbox 2703 5487 2811 5527; x_wconf 87' lang='lat' dir='ltr'><strong>non</strong></span> <span class='ocrx_word' id='word_1_869' title='bbox 2837 5472 2911 5527; x_wconf 90' lang='lat' dir='ltr'><strong>ibi</strong></span> <span class='ocrx_word' id='word_1_870' title='bbox 2936 5472 3060 5527; x_wconf 91' lang='lat' dir='ltr'><strong>ullis</strong></span> <span class='ocrx_word' id='word_1_871' title='bbox 3089 5472 3446 5545; x_wconf 85' lang='lat' dir='ltr'><strong>indigebimus</strong></span> <span class='ocrx_word' id='word_1_872' title='bbox 3475 5490 3594 5547; x_wconf 84' lang='lat' dir='ltr'><strong>my-</strong></span> 
     </span>
    </p>
   </div>
   <div class='ocr_carea' id='block_1_116' title="bbox 2019 5562 3591 5632">
    <p class='ocr_par' dir='ltr' id='par_1_116' title="bbox 2019 5562 3591 5632">
     <span class='ocr_line' id='line_1_116' title="bbox 2019 5562 3591 5632; baseline 0 -11"><span class='ocrx_word' id='word_1_873' title='bbox 2019 5563 2219 5621; x_wconf 90' lang='lat' dir='ltr'><strong>steriis.</strong></span> <span class='ocrx_word' id='word_1_874' title='bbox 2256 5562 2419 5620; x_wconf 88' lang='lat' dir='ltr'><strong>Facie</strong></span> <span class='ocrx_word' id='word_1_875' title='bbox 2444 5566 2511 5620; x_wconf 92' lang='lat' dir='ltr'><strong>ad</strong></span> <span class='ocrx_word' id='word_1_876' title='bbox 2541 5563 2735 5620; x_wconf 89' lang='lat' dir='ltr'><strong>faciem</strong></span> <span class='ocrx_word' id='word_1_877' title='bbox 2770 5562 3070 5621; x_wconf 89' lang='lat' dir='ltr'><strong>videbimus</strong></span> <span class='ocrx_word' id='word_1_878' title='bbox 3095 5574 3168 5630; x_wconf 87' lang='lat' dir='ltr'><strong>te,</strong></span> <span class='ocrx_word' id='word_1_879' title='bbox 3193 5565 3288 5621; x_wconf 87' lang='lat' dir='ltr'><strong>sed</strong></span> <span class='ocrx_word' id='word_1_880' title='bbox 3314 5566 3458 5632; x_wconf 91' lang='lat' dir='ltr'><strong>inde,</strong></span> <span class='ocrx_word' id='word_1_881' title='bbox 3486 5566 3591 5623; x_wconf 85' lang='lat' dir='ltr'><strong>nisi</strong></span> 
     </span>
    </p>
   </div>
   <div class='ocr_carea' id='block_1_117' title="bbox 2017 5655 3593 5729">
    <p class='ocr_par' dir='ltr' id='par_1_117' title="bbox 2017 5655 3593 5729">
     <span class='ocr_line' id='line_1_117' title="bbox 2017 5655 3593 5729; baseline 0.002 -19"><span class='ocrx_word' id='word_1_882' title='bbox 2017 5656 2191 5723; x_wconf 86' lang='lat' dir='ltr'><strong>fallor,</strong></span> <span class='ocrx_word' id='word_1_883' title='bbox 2223 5656 2363 5713; x_wconf 90' lang='lat' dir='ltr'><strong>unde</strong></span> <span class='ocrx_word' id='word_1_884' title='bbox 2393 5655 2566 5729; x_wconf 90' lang='lat' dir='ltr'><strong>angeli</strong></span> <span class='ocrx_word' id='word_1_885' title='bbox 2594 5665 2647 5711; x_wconf 92' lang='lat' dir='ltr'><strong>te</strong></span> <span class='ocrx_word' id='word_1_886' title='bbox 2677 5656 2881 5711; x_wconf 88' lang='lat' dir='ltr'><strong>vident.</strong></span> <span class='ocrx_word' id='word_1_887' title='bbox 2929 5655 3069 5723; x_wconf 83' lang='lat' dir='ltr'><strong>Quid</strong></span> <span class='ocrx_word' id='word_1_888' title='bbox 3107 5671 3207 5712; x_wconf 91' lang='lat' dir='ltr'><strong>nos</strong></span> <span class='ocrx_word' id='word_1_889' title='bbox 3251 5664 3379 5713; x_wconf 91' lang='lat' dir='ltr'><strong>tunc</strong></span> <span class='ocrx_word' id='word_1_890' title='bbox 3422 5666 3593 5713; x_wconf 84' lang='lat' dir='ltr'><strong>tatere</strong></span> 
     </span>
    </p>
   </div>
   <div class='ocr_carea' id='block_1_118' title="bbox 2013 5746 3588 5819">
    <p class='ocr_par' dir='ltr' id='par_1_118' title="bbox 2013 5746 3588 5819">
     <span class='ocr_line' id='line_1_118' title="bbox 2013 5746 3588 5819; baseline 0.002 -17"><span class='ocrx_word' id='word_1_891' title='bbox 2013 5747 2236 5817; x_wconf 87' lang='lat' dir='ltr'><strong>poterit,</strong></span> <span class='ocrx_word' id='word_1_892' title='bbox 2253 5747 2469 5817; x_wconf 81' lang='lat' dir='ltr'><strong>quando</strong></span> <span class='ocrx_word' id='word_1_893' title='bbox 2486 5756 2545 5802; x_wconf 90' lang='lat' dir='ltr'><strong>tu</strong></span> <span class='ocrx_word' id='word_1_894' title='bbox 2567 5747 2707 5805; x_wconf 87' lang='lat' dir='ltr'><strong>Deus</strong></span> <span class='ocrx_word' id='word_1_895' title='bbox 2729 5756 2929 5817; x_wconf 80' lang='lat' dir='ltr'><strong>noster,</strong></span> <span class='ocrx_word' id='word_1_896' title='bbox 2953 5746 3063 5803; x_wconf 90' lang='lat' dir='ltr'><strong>vita</strong></span> <span class='ocrx_word' id='word_1_897' title='bbox 3086 5749 3403 5819; x_wconf 90' lang='lat' dir='ltr'><strong>viventium,</strong></span> <span class='ocrx_word' id='word_1_898' title='bbox 3427 5765 3588 5806; x_wconf 79' lang='lat' dir='ltr'><strong>causa</strong></span> 
     </span>
    </p>
   </div>
  </div>
