4038 6354
369 329 512 403 αιὸιὸ

1059 337 1207 398 OPP.
1248 297 1476 398 nobis.
1515 364 1587 382 -
1621 327 1850 396 sum
1881 307 2262 395 'CONFESSiO
2297 335 2496 395 FIDEI;
2536 359 2608 382 ἀ
2643 339 2822 397 mss
2839 322 2876 396 ἰ

3496 335 3626 400 uno
3640 343 3645 349 '

367 434 724 518 alternatione
783 459 888 515 diei
942 441 1221 529 noctisque
1277 473 1614 528 nequaquam
1669 456 1930 510 variatur.
1949 453 2014 526 ,Δ
2037 463 2190 506 meus
2215 452 2356 521 pius,
2385 449 2501 508 Rex
2529 427 2685 509 meus
2708 469 2954 526 magnus.
2990 454 3072 534 'l‘e'_
3092 465 3254 510 unum
3284 456 3448 510 Deum
3479 460 3621 526 colu,
3641 467 3654 516 ,·

367 555 511 621 Deus
538 555 632 612 lux
658 570 806 621 vera,
849 569 967 624 qua:
1008 554 1122 609 sine
1165 555 1386 610 acoessu
1412 568 1494 616 ea,
1521 565 1642 622 quae
1663 550 1837 620 eligis,
1879 549 1943 603 il-

363 645 588 712 lustras,
627 653 686 702 et
716 643 834 700 sine
860 659 1077 701 recessu
1100 659 1181 710 ea,
1220 660 1338 713 quae
1364 643 1596 714 respuis,
1637 643 1860 707 deseris,
1887 649 1944 696 et

363 736 486 792 ideo
509 737 564 792 in
601 743 652 792 te
681 729 861 792 nullus
893 735 1134 791 defectus
1175 733 1552 791 mulabilitatis
1589 735 1757 790 venit.
1798 731 1942 789 Deus

363 809 456 896 qui
503 826 557 880 in
604 825 887 894 temetipso
939 826 1201 880 manendo
1248 823 1618 891 immutabilis,
1666 825 1743 879 sic
1790 823 1843 878 in
1883 837 1941 879 se

362 918 700 974 transeuntia
724 913 1033 982 condidisti,
1067 924 1126 970 ut
1151 913 1290 986 apud
1319 924 1369 969 te
1401 930 1738 985 nequaquam
1767 921 1942 968 trans-

362 1006 440 1061 ire
464 1007 678 1076 possint
701 1024 713 1060 :
737 1017 789 1060 et
812 1005 930 1062 ideo
954 1005 1008 1061 in
1030 1005 1322 1082 conspectu
1357 1015 1446 1059 tuo
1472 1015 1684 1075 tempus
1714 1021 1818 1058 non
1848 1005 1940 1059 de—

358 1097 497 1166 ﬂuit,
512 1100 654 1170 quod
679 1099 815 1172 apud
838 1115 935 1154 nos
959 1098 1088 1155 foris
1107 1089 1520 1168 decurrit.ID'cus
1541 1097 1593 1151 in
1615 1096 1766 1166 cujus
1783 1103 1939 1149 aeter-

358 1191 529 1246 nitate
548 1191 652 1246 iixa
675 1201 893 1247 manent
913 1206 976 1246 ea
999 1199 1118 1262 qna:
1139 1206 1244 1245 non
1271 1191 1375 1244 lixa
1397 1188 1635 1244 exterius
1653 1173 1814 1258 393
1839 1199 1938 1241 sae-

356 1281 600 1342 culorum
635 1283 906 1336 volumine
945 1281 1200 1336 eiuanaut
1225 1296 1238 1334 :
1263 1288 1318 1334 et
1364 1279 1484 1334 ideo
1531 1278 1805 1332 aaternitas
1843 1281 1933 1331 tua

356 1359 472 1428 dies
492 1381 575 1428 est
598 1389 726 1439 una,
744 1389 863 1442 qua:
887 1388 984 1427 nec
1004 1369 1107 1426 fine
1134 1371 1427 1434 clauditur,
1449 1369 1550 1424 nec
1571 1368 1730 1423 initio
1753 1367 1932 1438 aperi-

321 1482 335 1489 ·
355 1471 462 1516 tur.
481 1447 640 1528 Deus,
662 1454 752 1532 qui
775 1463 892 1518 sine
917 1459 1275 1518 mutabilitate
1293 1459 1452 1517 simul
1473 1461 1664 1516 cuncta
1683 1459 1930 1529 respicis,

355 1553 473 1608 sine
515 1541 840 1609 distentione
871 1551 1314 1624 comprehendis;
1346 1562 1400 1610 et
1430 1552 1589 1618 bona,
1618 1550 1930 1624 quaejuvas,

353 1654 408 1701 et
429 1643 591 1712 iam,
621 1647 739 1717 quis
765 1647 998 1715 jii'dic‘as,
1029 1655 1082 1702 et
1109 1657 1228 1716 qua!
1265 1648 1460 1717 iuvans
1503 1661 1840 1709 remanens,
1877 1652 1933 1698 et

350 1750 471 1806 qua:
486 1736 736 1806 judicans
781 1739 1038 1804 damnas;
1076 1740 1130 1792 in
1167 1739 1272 1803 his,
1304 1755 1423 1808 quae
1450 1739 1664 1793 diverso
1687 1737 1931 1807 disponis

2045 557 2210 594 unum
2238 543 2480 597 omnium
2512 551 2827 598 naturarum
2851 543 3191 616 principium,
3219 555 3248 598 a
3276 551 3384 616 quo
3408 548 3628 603 univer-

2042 631 2174 686 sitas
2199 631 2254 686 et
2275 631 2582 700 inchoatur,
2609 643 2665 689 et
2691 635 2988 706 perﬁcitur,
3013 643 3064 691 et
3088 638 3426 692 continetur:
3453 653 3622 694 unum

2042 724 2210 778 Deum
2229 765 2244 790 ,
2287 740 2321 780 a
2357 741 2464 797 quo
2492 741 2706 795 sumus,
2749 745 2847 802 per
2871 731 3031 801 quem
3057 743 3274 797 sumus,
3311 734 3365 788 in
3393 749 3501 804 quo
3529 749 3623 791 su-

2041 821 2177 878 mus,
2213 832 2244 869 a
2271 832 2380 888 quo
2408 817 2772 887 discessimus,
2799 823 2885 876 cui
2911 823 3200 879 dissimiles
3229 823 3360 881 facti
3387 839 3576 883 sumus
3603 844 3642 882 εΔ

2040 905 2359 990 principium
2399 907 2467 964 ad
2506 907 2650 980 quod
2689 913 3038 976 recurrimus,
3086 923 3140 970 et
3183 915 3412 972 formam
3457 927 3619 990 quam

2040 1000 2338 1069 sequimur,
2363 1009 2420 1056 et
2444 1005 2674 1073 gratiam
2703 1019 2807 1076 qua
2839 1007 3250 1065 reconciliamur
3274 1029 3285 1064 :
3316 1025 3481 1066 unum
3513 1028 3622 1082 quo

2039 1099 2263 1148 auctore
2301 1093 2503 1149 conditi
2546 1111 2763 1163 sumus;
2807 1109 2860 1154 et
2900 1101 3303 1159 similitudinem
3332 1119 3429 1174 per
3454 1119 3618 1175 quam

2037 1183 2104 1239 ad
2131 1185 2391 1240 unitatem
2421 1188 2801 1257 reformantur,
2845 1202 2900 1247 et
2931 1205 3119 1263 pacem
3157 1213 3262 1268 qua
3298 1199 3490 1253 unitati
3524 1200 3622 1268 ad:

2036 1276 2304 1333 barremus
2329 1297 2342 1332 :
2378 1295 2543 1336 unum
2571 1281 2770 1350 Deum,
2803 1301 2909 1356 quo
2935 1287 3191 1345 Creatore
3213 1292 3476 1357 vivimus,
3519 1303 3618 1362 per

2036 1377 2193 1438 quem
2222 1369 2504 1428 reformati
2535 1375 2810 1444 sapienter
2835 1378 3088 1446 vivimus,
3135 1395 3292 1450 quem
3335 1383 3620 1454 diligentes

2035 1469 2088 1514 et
2114 1475 2221 1530 quo
2249 1461 2493 1519 fruentes
2536 1463 2693 1521 beate
2729 1469 2980 1523 vivimus.
3034 1470 3110 1524 Te
3148 1471 3326 1535 laudo,
3355 1473 3618 1530 benedico

2034 1555 2195 1619 atque
2225 1550 2415 1620 adoro,
2447 1552 2659 1624 iureque
2693 1549 2994 1613 clementia:
3036 1567 3094 1615 et
3137 1559 3366 1615 bonitati
3412 1565 3617 1632 gratias

2001 1642 2210 1698 refero
2251 1661 2351 1716 pro
2396 1648 2666 1704 universis
2715 1650 2823 1706 tuis
2873 1651 3029 1710 donis
3076 1667 3139 1708 ac
3186 1653 3328 1710 datis
3350 1695 3366 1720 ,
3415 1663 3470 1710 ct
3517 1671 3616 1725 pro

2031 1738 2284 1793 omnibus
2327 1739 2606 1796 beneﬁciis
2649 1743 3037 1799 misericordia:
3080 1753 3215 1812 ture,
3259 1762 3377 1817 quae
3423 1749 3616 1802 anima:

345 1829 560 1893 ordine,
601 1828 848 1883 diversus
885 1845 990 1884 non
1034 1845 1111 1884 es.
1146 1831 1308 1896 Deus,
1337 1831 1429 1899 qui
1461 1845 1625 1899 opera
1654 1839 1744 1883 tua
1772 1837 1927 1882 extra
1960 1803 2008 1874 Β
2038 1828 2362 1898 corporique
2409 1846 2530 1886 meo
2574 1831 2804 1902 largiris,
2855 1841 2912 1888 et
2957 1849 3169 1905 semper
3206 1803 3430 1907 lar-gitus
3476 1851 3538 1892 es
3583 1853 3616 1893 a

344 1922 670 1988 circumdas,
692 1929 749 1977 et
772 1922 913 1976 intra
938 1923 1130 1992 reples,
1157 1939 1319 1992 supra
1351 1923 1583 1996 tegisnet
1603 1921 1884 2000 infrafers
1907 1942 1920 1977 :

341 2023 399 2070 et
425 2016 552 2071 licet
578 2017 653 2070 sis
675 2016 922 2085 superior
954 2031 1051 2085 per
1072 2017 1386 2084 potentiam,
1438 2014 1663 2070 inferior
1688 2031 1785 2104 per
1811 2031 1929 2070 sus-

344 2107 728 2182 tentationem,
781 2106 1022 2186 exterior
1067 2121 1166 2175 per
1205 2106 1650 2186 magnitudinem,
1702 2105 1929 2158 interior

340 2217 441 2276 per
465 2185 856 2276 subtilitatem;
885 2208 1072 2254 tamen
1121 2198 1369 2268 superior
1399 2189 1451 2251 et
1474 2185 1697 2251 inferior
1725 2213 1784 2251 es
1810 2197 1926 2252 sine

339 2269 482 2357 loco,
777 2290 895 2368 sine
940 2288 1242 2352 latitudine,
1265 2287 1492 2348 subtilis
1520 2287 1636 2342 sine
1667 2295 1926 2341 extenua-

339 2383 492 2458 tione
514 2401 528 2436 :
553 2391 620 2454 et.
647 2383 770 2456 ideo
798 2397 895 2458 per
917 2381 1112 2460 molem
1149 2381 1393 2452 corporis
1418 2378 1683 2452 nusquam
1709 2383 1787 2447 es,
1829 2381 1926 2436 sed

335 2488 436 2546 per
467 2474 993 2544 incircumscriptam
1023 2472 1382 2528 substantiam
1414 2465 1467 2527 et
1498 2469 1920 2527 immensitatem

249 2615 258 2626 ,
336 2564 793 2620 incommutabilis
845 2573 1052 2618 natura;
1105 2579 1371 2634 nusquam
1423 2564 1572 2618 dces.
1627 2561 1731 2618 Sed
1793 2563 1921 2634 quia

335 2655 496 2728 longe
515 2647 701 2722 distas,
722 2651 967 2722 Creator,
991 2673 1023 2711 a
1047 2666 1316 2724 creatura,
1343 2657 1584 2728 cogitare
1611 2659 1731 2730 quis
1754 2657 1917 2724 valet,

334 2747 570 2820 qualiter
605 2741 681 2802 sis
711 2747 765 2802 in
803 2741 944 2812 loco,
972 2749 1063 2818 qui
1090 2763 1196 2812 non
1241 2747 1452 2817 caperis
1498 2741 1652 2802 loco?
1689 2749 1922 2804 Omnino

333 2843 479 2896 enim
506 2842 558 2896 in
585 2831 702 2897 loCo
719 2835 856 2898 esse
878 2856 982 2896 non
1008 2849 1182 2914 potes,
1205 2841 1460 2911 quoniam
1497 2839 1694 2910 ubique
1717 2855 1798 2906 es,
1825 2841 1918 2896 sed

333 2921 444 2992 nun
495 2935 549 2990 in
593 2934 732 2990 loco.
762 2931 880 3006 Ipse
927 2934 1024 2988 tibi
1061 2933 1212 2988 locus
1241 2925 1468 2988 illocalis
1507 2935 1746 2989 crcderis
1775 2945 1912 2999 eSSe,

333 3010 570 3096 Spiritus
638 3021 1080 3095 circumscriptus
1109 3075 1120 3084 ,
1149 3021 1252 3096 [F.
1275 3067 1289 3091 ,
1349 3023 1849 3096 incircumscriptus
1868 3023 1909 3096 ].

332 3117 489 3195 Unde
522 3120 738 3177 diiiicile
777 3107 1051 3176 invenitur
1090 3117 1182 3176 ubi
1228 3119 1340 3186 sis,
1402 3121 1495 3175 sed
1550 3121 1718 3175 multo
1774 3117 1911 3174 difﬂ-

2039 1937 2228 1991 puero,
2277 1933 2330 1976 et
2374 1938 2405 1978 a
2447 1926 2729 1980 cunabulis
2765 1927 2920 1992 meis,
2962 1938 3184 1997 pr0pter
3221 1937 3274 1984 te
3319 1939 3375 1985 et
3419 1946 3615 1987 nomen

1993 2005 2002 2009 ”
2035 2009 2186 2066 tuum
2217 2011 2483 2069 sanctum.
2534 2015 2687 2071 Unde
2725 2026 2978 2088 expertus
3010 2019 3194 2084 didici,
3229 2021 3354 2089 quia
3383 2029 3439 2076 tu
3468 2021 3612 2079 Deus

2031 2109 2233 2168 noster,
2285 2105 2426 2176 Deus
2471 2120 2531 2159 es
2578 2105 2800 2186 infinita:
2839 2109 3246 2176 misericordiae,
3294 2119 3348 2166 et
3391 2112 3612 2181 pietatis

2031 2196 2325 2258 immensae,
2361 2197 2454 2267 qui
2493 2211 2677 2254 servos
2705 2207 2825 2255 tuos
2855 2201 2997 2255 inter
3021 2192 3243 2258 adversa
3273 2199 3330 2258 ἐι
3351 2204 3610 2275 proitpe'ra

2030 2285 2352 2341 mirabiliter
2377 2287 2566 2358 dirigis
2595 2287 2757 2358 atque
2783 2289 3042 2346 custodis.
3078 2291 3276 2363 Sicque
3305 2294 3628 2351 moderaris-

2027 2375 2192 2430 vitam
2222 2391 2408 2431 eorum
2438 2377 2490 2432 in
2516 2387 2746 2448 utraque
2771 2389 2946 2450 parte,
2972 2391 3032 2437 ut
3058 2384 3284 2438 adversa
3311 2388 3622 2456 prosperis,

2027 2457 2080 2520 e't
2125 2465 2385 2538 prospera
2431 2469 2726 2524 succedant
2773 2471 3036 2528 adversis.
3088 2472 3451 2544 Conﬁtentur
3483 2481 3607 2548 ergo

2025 2555 2137 2622 tibi,
2158 2555 2398 2624 Domitio,
2419 2560 2593 2614 omnia
2619 2577 2777 2632 Opera
2802 2573 2916 2630 tua,
2941 2574 2986 2618 et
3011 2567 3180 2620 sancti
3204 2569 3284 2620 tui
3304 2568 3620 2624 benedicunt-

2025 2653 2117 2707 t‘ibi
2144 2651 2316 2727 (Psal.
2345 2671 2525 2721 cxuv,
2557 2656 2646 2728 10)
2673 2675 2686 2710 :
2733 2666 2788 2712 et
2827 2665 2886 2713 ut
2929 2659 3234 2717 confitendo
3261 2661 3620 2731 resipiscam;

2025 2757 2130 2799 non
2161 2755 2375 2801 cessent
2417 2757 2446 2800 a
2486 2747 2733 2804 laudibus
2772 2750 2880 2804 tuis
2919 2751 3020 2820 ipsi
3061 2751 3225 2806 etiam
3268 2761 3608 2823 peccatores.

2024 2827 2262 2903 Querum
2291 2853 2429 2893 unus
2457 2853 2576 2909 ego,
2625 2840 2752 2910 licet
2792 2841 2847 2894 in
2893 2844 3129 2912 peccatis
3155 2843 3400 2913 pronior,
3441 2844 3606 2901 corde

2024 2939 2203 2986 tamen
2245 2932 2571 2988 desideranti
2615 2941 2738 2988 tuas
2780 2936 3010 2991 decanto
3043 2936 3267 2994 laudes:
3303 2939 3349 2994 si
3380 2951 3486 2996 non
3513 2954 3602 3008 ea,

2022 3035 2127 3092 qua
2174 3023 2344 3079 debeo
2387 3023 2690 3095 dignitate,
2745 3023 2921 3093 facio,
2973 3041 3078 3097 qua
3125 3028 3275 3083 valeo
3319 3028 3599 3086 facultate.

2021 3115 2270 3186 Respice,
2293 3114 2496 3188 quaeso,
2519 3132 2709 3173 sereno
2731 3118 2882 3173 vultu
2911 3119 2978 3173 ad
3003 3115 3107 3174 hoc
3129 3135 3265 3175 mete
3289 3121 3630 3193 exiguitatis'

328 3192 490 3276 cilius
544 3214 632 3268 ubi
689 3228 796 3269 non
851 3214 945 3270 sis.
1004 3212 1136 3280 Quis
1189 3169 1418 3268 sine,te
1475 3211 1770 3268 subsistere
1825 3213 1910 3268 vel
1939 3169 1986 3234 C
2016 3169 2368 3279 obsequium,
2409 3207 2462 3264 et
2483 3169 2819 3280 ,pr0pitiahill
2849 3210 3160 3282 dignatione
3189 3169 3598 3283 accipeotantllé-

327 3306 727 3378 essevpotest?
784 3306 850 3361 Et
901 3314 1080 3362 tamen
1140 3316 1314 3363 tecum
1374 3322 1481 3360 Ion
1543 3307 1730 3360 omnes
1781 3321 1908 3375 pos-

326 3407 459 3460 sunt
474 3413 612 3472 esse.
653 3379 844 3454 Omnia
863 3398 1007 3453 enim
1034 3414 1063 3452 a
1086 3407 1139 3452 te
1153 3395 1302 3462 sunt,
1327 3405 1379 3451 et
1399 3397 1492 3465 per
1513 3404 1564 3449 te
1587 3397 1904 3450 subsistunt.

345 3539 349 3542 _
401 3489 633 3564 XXVlli.
675 3489 820 3546 Deus
845 3505 971 3543 vera
999 3497 1054 3544 et
1081 3490 1289 3544 iniinita
1313 3489 1615 3552 beatitudo,
1643 3504 1671 3540 a
1699 3503 1824 3556 quo,
1855 3493 1910 3540 et

324 3597 425 3654 per
443 3597 610 3655 quem
630 3621 646 3646 ,
683 3588 740 3635 et
765 3581 818 3635 in
843 3595 951 3650 quo
979 3581 1139 3636 beata
1168 3587 1292 3635 sunt
1326 3575 1504 3635 omnia
1526 3621 1539 3644 ,
1576 3591 1908 3649 qumcunque

323 3687 455 3729 vere
478 3671 639 3727 beata
667 3680 815 3726 sunt.
847 3671 991 3726 Deus
1015 3686 1144 3725 vera
1170 3679 1225 3726 et
1248 3686 1457 3724 summa
1485 3670 1614 3734 vita,
1641 3685 1670 3722 a
1699 3683 1825 3739 quo,
1855 3676 1908 3722 et

321 3778 636 3834 perquam,
665 3771 723 3818 et
752 3763 809 3818 in
838 3779 945 3834 quo
971 3763 1157 3818 vivunt
1187 3763 1389 3829 omnia,
1422 3763 1754 3832 quacunque
1783 3777 1907 3816 vere

323 3869 647 3926 summeque
673 3855 862 3910 vivunt
891 3855 1091 3910 omnia.
1127 3855 1267 3909 Deus
1296 3853 1493 3909 bonum
1520 3863 1572 3909 et
1599 3854 1902 3924 pulchrum,

323 3961 356 4001 a
381 3961 512 4018 quo,
551 3962 651 4018 per
679 3959 871 4016 quem,
917 3953 972 4000 et
1011 3945 1062 4000 in
1103 3961 1209 4014 quo
1251 3947 1392 4002 bona
1437 3955 1489 4000 et
1527 3945 1750 4015 pulchra
1781 3953 1906 3998 sunt

322 4038 526 4101 omnia,
557 4052 891 4110 quaecunque
917 4053 1042 4092 vere
1069 4039 1207 4094 bona
1237 4048 1289 4092 et
1318 4037 1541 4108 pulchra
1569 4048 1712 4092 sunt.
1767 4037 1906 4091 Deus

323 4144 488 4198 supra
517 4144 674 4200 quem
706 4128 874 4193 nihil,
903 4136 1056 4183 extra
1089 4143 1249 4198 quem
1277 4127 1441 4194 nihil,
1473 4128 1588 4182 sine
1614 4144 1719 4198 quo
1750 4127 1902 4183 nihil.

322 4221 466 4294 Deus
493 4221 594 4275 sub
624 4236 730 4290 quo
761 4228 956 4286 totum,
987 4236 1108 4276 cum
1138 4236 1244 4291 quo
1277 4229 1471 4286 totum,
1495 4220 1548 4274 in
1577 4237 1683 4290 quo
1713 4229 1901 4274 totum.

324 4311 470 4366 Deus
497 4326 528 4364 a
557 4299 663 4386 quo
691 4311 902 4376 omnia,
935 4327 1030 4382 per
1059 4325 1216 4381 quem
1248 4311 1454 4374 omnia,
1485 4311 1538 4364 in
1568 4327 1674 4381 quo
1700 4313 1900 4366 omnia.

325 4401 468 4458 Deus
508 4399 662 4480 cujus
703 4389 834 4456 fides
874 4416 971 4456 nos
1011 4402 1245 4466 excitat,
1288 4401 1412 4472 spes
1441 4401 1632 4472 erigit,
1669 4403 1904 4456 charitas

2016 3303 2129 3358 lum
2159 3303 2487 3358 sacriﬁcium
2518 3303 2873 3360 confessionis
2905 3305 3028 3359 ﬁdei
3061 3319 3224 3370 meze,
3253 3314 3315 3360 ut
3337 3306 3406 3361 ad
3431 3315 3486 3362 te
3513 3322 3600 3362 re-

2013 3393 2137 3448 deat
2167 3395 2308 3463 quod
2347 3409 2378 3448 a
2416 3401 2468 3447 te
2492 3395 2660 3448 venit.
2708 3393 2822 3448 Non
2859 3394 3156 3464 respiciens
3188 3403 3396 3450 tantum
3435 3397 3504 3451 ad
3545 3395 3600 3450 id

2013 3483 2157 3554 quod
2186 3483 2412 3538 devotus
2442 3481 2632 3547 offero,
2653 3492 2912 3552 quantum
2935 3483 3002 3538 ad
3022 3498 3086 3538 ea
3107 3499 3227 3553 quae
3249 3483 3604 3539 devotissimo-

2012 3570 2192 3627 dicere
2220 3573 2362 3626 volui
2401 3580 2455 3625 et
2482 3572 2620 3626 volo.
2670 3573 2940 3642 Quidquid
2969 3575 3112 3627 enim
3143 3574 3395 3638 dedecet,
3426 3573 3508 3628 vel
3538 3580 3598 3630 te

2011 3666 2251 3731 offendit,
2283 3666 2542 3720 abhorret
2571 3665 2750 3719 anima
2779 3679 2920 3720 mea.
2957 3665 3170 3721 Utinam
3198 3680 3411 3734 possem
3441 3666 3594 3732 talia,

2011 3759 2187 3829 qualia
2242 3756 2317 3812 illi
2368 3755 2663 3828 hymnidici
2717 3756 3030 3826 angelorum
3083 3757 3279 3811 chori!
3340 3755 3385 3812 Ο
3425 3771 3592 3828 quam

2009 3853 2239 3909 libenter
2272 3861 2361 3909 me
2399 3852 2453 3908 in
2487 3849 2736 3908 laudibus
2768 3852 2876 3906 tuis
2911 3860 3085 3907 totum
3121 3851 3454 3908 eii‘underem
3475 3891 3492 3918 ,
3537 3859 3595 3909 et

2009 3944 2312 4000 luculenter
2335 3945 2390 4000 in
2423 3944 2600 3999 medio
2627 3944 2881 4000 Ecclesia:
2910 3959 3130 4000 carmen
3159 3953 3267 4000 tuae
3296 3945 3482 4016 gloria:
3511 3945 3595 4000 ina

2008 4035 2299 4109 fatigabilis
2323 4049 2635 4108 perorarem
2665 4037 2677 4090 l
2709 4035 2815 4092 Sed
2845 4037 2970 4106 quia
2999 4043 3057 4091 ut
3083 4037 3158 4092 illi
3188 4051 3419 4108 nequeo,
3453 4043 3594 4094 nun-

2007 4119 2134 4201 quid
2162 4145 2387 4200 prorsus
2420 4130 2609 4185 tacebo
2637 4147 2649 4182 :
2684 4143 2783 4193 var,
2811 4129 3057 4196 Domine,
3088 4131 3390 4185 tacentibus
3418 4132 3484 4187 de
3512 4138 3588 4198 te,

2007 4211 2098 4291 qui
2131 4235 2224 4276 ora
2254 4230 2529 4276 mutorum
2559 4220 2802 4285 resolvis,
2835 4231 2882 4275 et
2911 4221 3116 4292 linguas
3142 4221 3591 4294 infantiumfacil

2007 4313 2230 4367 disertus
2257 4311 2407 4384 (Sap.
2440 4328 2495 4378 x,
2518 4311 2633 4384 21)!
2673 4313 2872 4368 Verum
2898 4315 3024 4383 quia
3053 4315 3292 4384 parvulis
3319 4315 3444 4372 licet
3469 4315 3590 4373 latro”

2008 4404 2100 4458 des
2121 4411 2242 4458 tuas
2263 4401 2344 4458 vel
2368 4401 2660 4469 balbutire,
2683 4405 2899 4474 suscipe
2920 4405 3260 4472 sacrificium,
3285 4421 3498 4477 precor,
3521 4409 3589 4466 do

313 4494 520 4564 Jungit.
557 4492 698 4549 Deus
724 4493 816 4564 qui
850 4503 1033 4574 petere
1063 4493 1220 4564 jubes
1239 4534 1253 4558 ,
1294 4502 1348 4546 et
1379 4493 1622 4548 invenire
1653 4493 1786 4548 facis
1807 4536 1819 4560 ,
1852 4501 1905 4548 et
1931 4529 1984 4590 υ
2007 4504 2169 4550 manu
2195 4495 2391 4562 linguae
2415 4511 2570 4562 mete,
2596 4495 2664 4550 de
2689 4495 2870 4550 cordis
2895 4509 3100 4551 amore.

320 4584 664 4654 pulsantibus
690 4585 886 4656 aperis.
928 4583 1069 4640 Deus
1099 4601 1128 4638 a
1156 4601 1262 4654 quo
1290 4583 1458 4638 averti
1490 4585 1683 4639 cadere
1716 4592 1818 4648 est,
1849 4585 1902 4639 in

321 4690 484 4748 quem
522 4676 762 4730 converti
817 4690 1099 4746 resurgere
1135 4683 1237 4740 est,
1275 4676 1327 4730 in
1373 4692 1479 4747 quo
1521 4691 1741 4729 manere
1771 4692 1900 4730 con-

321 4770 516 4826 sistere
547 4777 649 4823 est.
697 4768 842 4823 Deus
869 4783 1027 4838 quem
1058 4767 1268 4823 nescire
1298 4767 1435 4824 mori
1471 4777 1586 4834 est,
1628 4769 1785 4823 nosse
1817 4768 1899 4823 vi-

320 4877 448 4917 vere
459 4869 574 4926 est,
597 4876 853 4932 spernere
875 4861 1054 4930 perire
1080 4869 1182 4926 est,
1205 4859 1291 4915 cui
1318 4861 1520 4915 servire
1545 4875 1704 4930 regna
1715 4875 1770 4914 re
1795 4867 1896 4915 est.

319 4949 466 5006 Deus
510 4950 666 5028 cujus
707 4951 923 5020 pietatis
955 4965 1055 5021 0pc
1101 4958 1157 5005 et
1202 4951 1339 5004 bene
1382 4951 1549 5005 servit
1591 4949 1896 5019 subjectus,

317 5053 376 5100 et
407 5043 546 5098 bene
573 5044 882 5098 dominatur
909 5043 1192 5114 praelatus,
1235 5051 1288 5096 et
1319 5041 1438 5096 ideo
1469 5042 1584 5095 sine
1618 5049 1668 5096 te
1703 5050 1900 5095 neuter

316 5151 510 5194 eorum
537 5145 686 5192 recto
720 5137 922 5192 incedit
953 5137 1163 5215 ordine.
1217 5137 1357 5190 Deus
1394 5135 1678 5190 invisibilis
1711 5143 1764 5188 et
1799 5136 1899 5188 im-

315 5249 535 5300 mense,
570 5231 856 5288 ineffabilis
888 5241 943 5288 et
970 5240 1198 5298 aeterne,
1244 5227 1804 5301 incomprehensibilis
1845 5237 1900 5284 et

317 5328 666 5399 inoorporee,
695 5325 1018 5382 immortalis
1047 5333 1101 5381 et
1127 5332 1382 5398 perpetuo
1401 5365 1414 5388 ,
1447 5322 1900 5377 incommutabilis

314 5425 374 5478 et
405 5418 872 5490 incircumscripte
896 5457 910 5481 ,
935 5415 1197 5471 mirabilis
1237 5423 1291 5470 et
1330 5411 1629 5480 benedicte,
1668 5413 1753 5467 cui
1777 5427 1897 5468 esse

315 5518 373 5566 et
419 5510 624 5576 vivere,
653 5517 846 5580 sapere
885 5517 939 5563 et
971 5507 1288 5577 intelligere,
1319 5507 1459 5562 scire
1489 5514 1543 5560 et
1571 5520 1750 5576 posse,
1778 5503 1896 5575 pul-

317 5601 608 5656 chrescere
635 5609 690 5656 et
713 5601 925 5656 clarere
953 5615 1120 5654 unum
1155 5607 1209 5653 et
1235 5598 1376 5653 idem
1405 5605 1519 5658 est,
1551 5596 1640 5651 oui
1669 5596 1895 5666 simplex

317 5709 400 5760 es,
426 5702 480 5750 et
503 5695 666 5750 dividi
693 5712 800 5764 non
825 5703 980 5766 potes
1039 5735 1044 5739 .
1089 5739 1096 5746 .

391 5783 582 5841 XXIX.
624 5785 702 5840 Tu
735 5800 793 5838 es
819 5786 961 5842 Deus
992 5799 1142 5840 meus
1171 5785 1326 5840 vivus
1353 5790 1408 5839 et
1432 5783 1609 5848 vertis,
1641 5779 1898 5840 Dominus

2080 4585 2248 4642 XXX.
2293 4587 2399 4643 Sed
2429 4589 2647 4660 ignosce
2668 4629 2682 4653 ,
2722 4601 2885 4659 rogo,
2921 4589 3178 4653 Domine,
3214 4589 3587 4661 indignissimo

2004 4678 2060 4733 'et
2105 4677 2340 4743 infelici,
2386 4685 2563 4732 tecum
2599 4677 2667 4732 de
2705 4685 2758 4733 te
2797 4678 2995 4732 diutius
3035 4677 3360 4750 colloquentl
3401 4696 3580 4739 servo.

2005 4757 2226 4839 ignosce
2251 4769 2356 4840 pie,
2383 4770 2510 4840 quia
2545 4785 2652 4823 non
2685 4769 2991 4824 temeritate
3015 4773 3467 4842 przesumptionis,
3491 4777 3585 4832 sed

2007 4862 2262 4916 aviditate
2300 4859 2376 4934 tui
2417 4860 2669 4915 desiderii
2715 4860 2840 4914 huic
2883 4859 3340 4917 deﬂoratluncula:
3363 4878 3584 4935 operam

2005 4953 2161 5011 dedi,
2211 4959 2270 5005 ut
2311 4943 2476 5005 breve
2523 4959 2577 5004 et
2620 4951 2868 5008 manuale
2894 4951 3120 5008 verbum
3164 4969 3374 5010 mecum
3417 4957 3486 5012 de
3529 4957 3584 5013 te

2003 5033 2217 5111 semper
2245 5043 2502 5096 haberem
2522 5083 2536 5106 ,
2572 5055 2637 5096 ex
2673 5042 2826 5111 cujus
2859 5043 3088 5100 lectione
3114 5048 3327 5115 quoties
3361 5047 3579 5116 tepetio',

2001 5123 2060 5188 in
2091 5145 2240 5188 tuum
2273 5134 2603 5189 reaccendar
2630 5149 2889 5191 amorem.
2925 5136 3124 5193 Sumus
3151 5139 3292 5194 enim
3319 5140 3378 5194 in
3403 5139 3582 5196 medio

1999 5217 2320 5295 iaqucorum
2343 5224 2526 5295 positi,
2549 5233 2605 5280 et
2629 5228 2750 5283 ideo
2775 5227 2932 5284 facile
2957 5244 2987 5284 a
3011 5229 3215 5286 caelesti
3242 5229 3582 5301 frigescimus

1997 5317 2293 5376 desiderio.
2329 5317 2482 5374 Unde
2507 5319 2810 5392 indigemus
2836 5322 3054 5377 assiduo
3079 5330 3445 5387 monumento,
3473 5335 3581 5393 quo

2003 5408 2369 5480 expergefacti
2395 5451 2410 5476 ,
2459 5410 2528 5470 ad
2577 5419 2631 5466 te
2677 5420 2921 5468 nostrum
2965 5425 3150 5468 verum
3197 5411 3580 5484 summumque

2001 5501 2224 5567 bonum,
2255 5517 2380 5557 cum
2409 5499 2710 5569 deﬁnimus,
2739 5513 3102 5558 recurremus.
3146 5501 3324 5558 Multa!
3349 5502 3581 5574 denique

1995 5594 2130 5650 sunt
2157 5591 2666 5667 contemplationes,
2701 5599 2897 5668 quibus
2924 5589 3105 5653 anima
3133 5598 3326 5654 devota
3351 5599 3450 5654 tibi
3473 5595 3576 5654 ex;

1986 5674 2182 5743 ‘erucia
2191 5697 2280 5743 tur
2299 5698 2353 5744 et
2374 5689 2604 5761 proﬁcit,
2630 5690 2726 5744 sed
2744 5689 2888 5743 nulla
2904 5701 3090 5744 earum
3117 5689 3191 5744 ita
3214 5704 3302 5745 me
3317 5690 3572 5755 oblatas.

1987 5765 2056 5834 "et
2089 5787 2242 5836 mens
2280 5775 2399 5836 mea
2435 5779 2694 5847 intendit,
2739 5781 2881 5836 sicut
2909 5773 2998 5838 illa
3023 5779 3150 5853 quae
3179 5774 3250 5838 de
3275 5792 3368 5842 tua
3395 5776 3577 5857 agitur
