4038 6354
483 270 622 330 1041

1281 271 1342 328 Β.
1387 271 1444 328 F.
1485 270 1712 327 ALBINI
1750 270 1885 328 SEU
1918 270 2191 330 ALCUINI
2230 270 2515 332 OPERUM
2553 277 2733 336 PARS
2767 277 2898 337 VII].

3588 284 3730 347 £0438

479 381 829 454 proprietate.
886 381 1089 438 idcirco
1136 383 1502 438 necessarium
1550 382 1677 437 duxi
1726 382 1871 437 hunc
1916 382 2049 437 mihi
2080 395 2126 451 Α
2155 399 2219 440 ac
2237 386 3014 455 sempiternum,immortalem
3036 401 3197 463 atque
3215 394 3732 469 incommutabilem,

480 475 655 531 solum
681 476 972 531 decernere
997 474 1119 549 [Ρη
1143 474 1455 548 decerpere]
1488 477 1888 532 sermunculum
1910 516 1925 542 ,
1960 478 2053 533 ubi

482 571 550 626 de
580 570 965 640 omnipotentia
995 569 1292 638 maiestatis
1334 578 1468 635 tum,
1511 571 1651 624 sicut
1692 570 1853 624 corde
1893 570 2056 624 credo

481 662 548 716 ad
570 660 858 730 justitiam,
899 661 975 716 ita
1002 677 1097 717 ore
1123 662 1383 717 conﬁteor
1410 663 1476 718 ad
1504 662 1730 717 salutem
1749 702 1765 728 ,
1810 671 1860 717 te
1887 663 2055 717 Deum

479 751 696 806 Patrem
735 752 1065 822 ingenitum,
1109 761 1161 808 te
1201 752 1396 807 Filium
1427 754 1792 823 unigenitum,
1840 762 1892 807 te
1936 753 2057 824 Spi-

479 842 644 897 ritum
678 852 924 898 sanctum
955 844 1317 914 paracletum,
1348 853 1590 899 sanctam
1631 852 1688 899 et
1727 844 2056 899 individuam

480 932 822 1000 Trinitatem,
861 951 1023 990 unum
1054 937 1243 1002 Deum,
1282 937 1335 991 in
1367 935 1732 1005 magnitudine
1760 934 2054 1001 inﬁnitum,

479 1028 534 1084 in
566 1030 765 1085 virtute
793 1032 1217 1101 omnipotentem
1238 1073 1252 1098 ,
1296 1032 1351 1087 in
1380 1031 1619 1087 bonitate
1651 1047 1917 1086 summum
1937 1073 1953 1097 ,
2000 1032 2057 1087 in

476 1122 742 1193 sapientia
772 1124 1200 1180 inmstimabilem
1223 1166 1237 1188 ,
1281 1125 1333 1179 in
1364 1124 1602 1180 consiliis
1630 1124 1925 1181 terribilem
1944 1166 1958 1189 ,
2000 1124 2056 1181 in

469 1212 688 1283 judiciis
710 1214 943 1284 justum,
979 1216 1030 1269 in
1058 1216 1478 1285 cogitationibus
1502 1216 1923 1270 secretissimum
1943 1255 1957 1278 ,
2000 1215 2055 1271 in

474 1304 653 1360 verbis
683 1320 959 1373 veracem,
991 1307 1043 1362 in
1072 1308 1326 1377 operibus
1355 1315 1598 1363 sanctum
1619 1348 1632 1373 ,
1666 1308 1718 1361 in
1749 1307 2055 1361 misericor-

474 1394 577 1451 diis
614 1397 924 1466 copiosum,
973 1415 1101 1471 erga
1146 1400 1519 1470 delinquentes
1564 1398 2050 1472 patientissimum,

472 1502 602 1559 erga
624 1492 947 1560 ptenitentes
964 1494 1133 1563 pium.
1173 1493 1397 1563 Semper
1419 1494 1559 1551 idem
1588 1493 1762 1564 ipsum
1790 1502 2051 1549 aeternum

2160 491 2319 547 quem
2344 493 2443 533 nec
2464 481 2638 550 spatia
2658 479 2903 547 dilatant,
2923 481 3086 555 39al
3113 499 3211 540 nec
3236 485 3471 543 brevitas
3492 487 3734 552 locorum

2162 581 2430 639 angustat,
2459 586 2558 626 nec
2586 572 2925 643 receptacula
2953 577 3060 629 ulla
3091 586 3386 643 coarctant,
3419 594 3522 638 nec
3546 584 3735 641 volun-

2163 671 2248 719 tas
2273 664 2479 729 variat,
2524 681 2624 721 nec
2659 668 2999 723 necessitudo
3026 672 3349 741 corrumpit,
3397 689 3498 729 nec
3541 687 3733 735 moesta

2162 756 2513 825 perturbant,
2562 771 2662 812 nec
2711 757 2829 813 [tnta
2877 760 3207 826 demulcent;
3258 763 3344 816 cui
3392 780 3493 821 nec
3535 766 3736 825 oblivio

2168 845 2331 910 tollit,
2359 861 2458 901 nec
2483 849 2743 902 memoria
2774 846 2967 913 reddit,
3000 864 3099 905 nec
3126 854 3400 923 praeterita
3431 864 3734 925 transeunt,

2158 952 2259 991 nec
2287 936 2463 992 futura
2498 940 2826 993 succedunt:
2872 942 2956 995 cui
3002 956 3101 998 nec
3142 945 3293 1015 origo
3335 946 3585 1013 initium,
3634 966 3739 1006 nec

2157 1036 2401 1098 tempora
2432 1029 2851 1094 incrementum,
2897 1047 2997 1087 nec
3023 1048 3182 1089 casus
3219 1034 3380 1090 ﬁnem
3409 1038 3558 1092 dabit
3579 1078 3594 1102 ,
3640 1039 3741 1095 sed

2158 1130 2282 1175 ante
2307 1121 2520 1181 saecula,
2552 1130 2606 1177 et
2635 1123 2688 1177 in
2718 1124 2950 1188 sacculis,
2978 1134 3033 1179 et
3056 1126 3151 1196 per
3175 1128 3367 1183 satcula
3396 1129 3451 1183 in
3474 1140 3741 1187 internum

2156 1212 2318 1278 vivis,
2364 1223 2419 1268 et
2460 1223 2545 1269 cst
2586 1214 2683 1268 tibi
2728 1215 2982 1285 perennis
3012 1215 3152 1281 laus,
3198 1228 3252 1272 et
3294 1228 3498 1273 aeterna
3540 1221 3738 1289 gloria,

2156 1321 2368 1360 summa
2395 1315 2657 1376 potestas,
2683 1314 2737 1362 et
2762 1308 3051 1379 singularis
3075 1310 3271 1376 honor,
3305 1320 3622 1382 perpetuum
3656 1329 3744 1368 ro-

2156 1412 2342 1468 gnum,
2362 1407 2415 1451 et
2435 1398 2551 1452 sine
2577 1397 2683 1451 ﬁne
2708 1397 2990 1469 imperium
3012 1415 3109 1471 per
3131 1401 3364 1467 inﬁnita,
3389 1414 3445 1458 et
3465 1402 3743 1460 indefessa

2156 1497 2212 1544 et
2236 1489 2558 1545 immortalia
2584 1489 2778 1547 saecula
2805 1490 3141 1548 saeculorum.
3172 1493 3364 1549 Amen.

468 1630 3707 1666 FW“

1880 1769 2132 1850 PARS
2210 1768 2322 1847 II.

1614 1928 1715 1987 DE
1772 1925 2041 1985 VEBBO
2094 1919 2598 1981 INCARNATO.

536 2138 577 2199 Ι.
619 2137 897 2212 Superiori
915 2135 1130 2208 quidem
1157 2132 1502 2192 sermunculo
1523 2130 1892 2190 Confessionis
1917 2131 2045 2189 ﬁdei
2078 2134 2125 2195 Β
2150 2133 2463 2199 comperta;
2496 2139 2616 2198 quae
2642 2134 2925 2198 coeperunt
2949 2125 3202 2197 primitus
3229 2129 3479 2187 enarrari
3502 2145 3605 2204 per
3629 2131 3739 2193 υο.

465 2234 624 2299 meae,
667 2230 1010 2302 omnipotens
1035 2227 1294 2289 Trinitas,
1344 2225 1486 2281 Deus
1528 2240 1687 2290 unus,
1731 2223 1911 2280 cordis
1939 2223 2047 2279 mei

465 2324 739 2395 inspector
757 2330 814 2377 et
836 2329 1129 2385 scrutator,
1150 2316 1431 2375 confessus
1454 2332 1572 2373 sum
1596 2316 2049 2387 omnipotentiam

466 2415 769 2483 maiestatis
805 2423 930 2480 tute,
973 2422 1029 2469 et
1071 2410 1411 2481 maiestatem
1451 2410 1858 2482 omnipotentiae
1899 2418 2045 2464 tuae:

466 2522 609 2564 nunc
645 2515 822 2563 autem
851 2504 1085 2577 qualiter
1109 2504 1343 2560 humano
1379 2504 1564 2576 generi
1606 2502 1660 2558 in
1690 2502 1797 2557 ﬁne
1826 2501 2053 2561 saeculo.

467 2614 588 2655 rum
613 2598 897 2655 subvenire
926 2598 1177 2670 dignatus
1205 2610 1283 2661 es,
1320 2612 1458 2667 puro
1485 2596 1646 2651 corde
1688 2603 1743 2650 et
1784 2593 2052 2650 catholico

468 2706 563 2747 ore
604 2689 885 2747 conﬁteor.
919 2688 999 2744 Tu
1046 2688 1214 2754 enim,
1259 2688 1601 2759 omnipotens
1647 2686 1809 2741 Pater
1858 2685 2045 2752 solus,

466 2798 732 2853 nusquam
758 2781 952 2853 legeris
979 2781 1195 2837 missus.
1231 2779 1304 2834 De
1334 2778 1624 2851 Unigenito
1649 2787 1827 2833 autem
1857 2787 1948 2833 tuo
1973 2778 2049 2834 ita

466 2876 653 2935 scribit
693 2875 1017 2947 Apostolus:
1060 2871 1192 2930 Cum
1232 2874 1368 2928 venit
1412 2872 1679 2945 plenitudo
1723 2882 2046 2942 temporum,

468 2969 610 3023 misit
638 2967 777 3021 Deus
809 2965 1006 3020 Filium
1046 2982 1199 3019 suum
1228 2963 1423 3032 factum
1460 2980 1525 3018 ex
1556 2962 1804 3026 muliere,
1843 2962 2046 3031 factum

466 3060 560 3113 sub
603 3058 712 3128 lege
740 3055 882 3128 [ϐαι.
912 3072 987 3123 tv,
1019 3055 1097 3128 4).
1147 3054 1283 3109 Cum
1327 3064 1507 3110 autem
1555 3055 1670 3109 ait:
1718 3055 1865 3110 misit
1907 3055 2048 3111 Deus

463 3149 660 3205 Filium
690 3166 846 3205 suum
875 3150 1075 3206 factum
1106 3166 1174 3205 ex
1205 3151 1447 3213 muliere,
1480 3152 1613 3207 satis
1642 3151 1881 3208 ostendit
1904 3152 2048 3221 quod

465 3242 521 3297 in
567 3242 710 3298 hunc
755 3245 1012 3298 mundum
1056 3245 1254 3299 missus
1297 3244 1552 3309 advenit,
1606 3260 1728 3299 cum
1772 3243 1837 3298 de
1880 3242 2047 3297 Maria

465 3346 681 3405 semper
707 3334 917 3406 virgine
955 3345 1138 3401 natus,
1181 3350 1340 3392 verus
1380 3346 1434 3392 et
1474 3335 1747 3407 perfectus
1789 3336 1951 3391 homo
1991 3337 2046 3391 in

465 3424 625 3479 terris
653 3425 916 3495 apparuit.
954 3426 1090 3494 Quid
1122 3426 1285 3499 igitur
1311 3436 1392 3482 est
1420 3427 1561 3496 quod
1588 3427 1654 3483 de
1683 3426 1772 3482 illo
1802 3427 2047 3499 Evange-

462 3512 586 3572 lista
614 3517 689 3572 ait
714 3535 726 3571 :
760 3517 827 3572 In
857 3519 1052 3573 mundo
1078 3530 1210 3583 erat,
1239 3529 1286 3574 et
1314 3520 1539 3575 mundus
1562 3536 1655 3591 per
1675 3521 1845 3591 ipsum
1872 3520 2045 3589 factus

462 3617 538 3662 est
569 3606 750 3679 (Joan.
780 3626 815 3671 ι,
855 3610 939 3681 10)
962 3610 986 3664 ?
1013 3609 1143 3666 Illuc
1171 3626 1300 3681 ergo
1330 3612 1528 3667 missus
1557 3621 1642 3668 est
1668 3628 1765 3683 per
1788 3613 2044 3668 humani-

464 3706 650 3764 tatem,
673 3700 759 3755 ubi
785 3717 999 3773 semper
1021 3701 1119 3757 fuit
1138 3719 1236 3773 per
1255 3704 1612 3759 divinitatem.
1644 3704 1816 3771 Quam
1839 3705 2047 3761 scilicet

460 3792 773 3849 missionem
816 3811 951 3866 opus
989 3811 1111 3851 esse
1151 3807 1353 3852 sanctae
1381 3798 1661 3853 Trinitatis
1690 3800 1852 3854 corde
1881 3800 2047 3855 credo

463 3882 531 3938 ad
560 3883 851 3950 justitiam,
883 3898 937 3941 et
970 3902 1065 3942 ore
1100 3886 1362 3943 conﬁteor
1387 3888 1452 3943 ad
1483 3888 1732 3943 salutem.
1779 3888 2046 3946 Cancrum

462 3976 587 4046 quia
617 3978 780 4033 voluit
811 3978 976 4035 Filius
1004 3981 1236 4035 hominis
1268 3981 1403 4045 ﬁeri,
1437 3990 1683 4036 neutram
1715 3993 1895 4037 tamen
1924 3998 2045 4039 cre-

461 4065 638 4123 dimus
667 4068 720 4123 in
751 4067 974 4124 alteram
1005 4072 1365 4126 substantiam
1392 4073 1731 4136 commutari,
1762 4072 2044 4129 Trinitatis

460 4158 720 4227 mysterio
759 4169 1007 4229 quartam
1040 4176 1145 4216 non
1187 4162 1306 4216 addi
1354 4176 1673 4232 personam,
1710 4163 1886 4227 uniri,
1933 4178 2041 4218 non

461 4244 715 4302 confundi
744 4249 902 4305 Verbi
935 4250 1099 4306 divini
1131 4251 1471 4321 hominisque
1496 4251 1871 4316 substantiam,
1904 4262 1960 4306 ut
1987 4254 2040 4308 in

463 4334 651 4400 Deum,
684 4338 828 4407 quod
856 4354 923 4394 ex
952 4340 1107 4394 nobis
1131 4352 1440 4411 susceptum
1471 4341 1674 4406 fuerat,
1703 4342 2037 4412 perveniret,

460 4433 516 4481 et
545 4426 704 4492 illud,
747 4430 889 4497 quod
923 4446 1197 4500 nunquam
1236 4447 1343 4486 non
1378 4431 1581 4498 fuerat,
1624 4434 1766 4488 idem
1801 4448 2037 4504 semper,

460 4520 605 4591 quod
635 4520 828 4587 fuerat,
860 4516 1219 4593 permaneret.
1267 4524 1385 4595 Ipse
1410 4527 1577 4591 enim,
1605 4526 1697 4597 qui
1728 4526 1901 4583 factus
1931 4543 2039 4583 non

459 4620 583 4678 est,
630 4614 844 4668 domum
877 4613 977 4669 sibi
1013 4615 1239 4671 mirabili
1276 4616 1451 4681 motio,
1488 4631 1594 4671 non
1628 4618 1929 4688 explicabili
1961 4617 2038 4675 fe-

460 4703 564 4769 cit;
607 4713 865 4775 tempore,
909 4721 1015 4761 non
1043 4708 1269 4762 consilio
1300 4722 1523 4771 novam,
1565 4708 1617 4763 in
1660 4708 1747 4763 illo
1782 4709 2036 4780 deinceps

458 4807 886 4869 permanentem,
913 4815 1013 4855 nec
1043 4799 1150 4856 ullo
1180 4811 1419 4871 tempore
1448 4800 1756 4857 ﬁniendam.
1787 4801 1893 4857 Iste
1921 4818 2034 4858 me-

458 4887 637 4945 diator
663 4888 757 4945 Dei
796 4899 851 4945 et
891 4892 1196 4959 hominum,
1243 4894 1406 4948 homo
1430 4893 1677 4948 Christus
1702 4892 1890 4960 Jesus,
1937 4895 2034 4950 sed

457 4981 621 5037 homo
650 4982 767 5038 sine
794 4993 1017 5055 peccato
1059 4985 1203 5040 solus
1244 4984 1610 5040 manifestavit
1651 5000 1846 5041 nomen
1883 4994 2033 5040 tuum

456 5074 801 5131 hominibus:
840 5078 926 5132 his
955 5079 1314 5148 potissimum,
1358 5094 1494 5148 quos
1541 5088 1596 5133 tu
1641 5079 1691 5133 ei
1734 5078 1928 5134 dedisti
1967 5080 2034 5135 de

458 5164 677 5231 mundo,
724 5175 778 5222 et
818 5169 1157 5223 annuntiavit
1188 5169 1268 5223 eis
1295 5169 1507 5231 omnia,
1554 5177 1607 5224 et
1649 5177 1802 5224 tanto
1848 5169 2031 5225 verius

456 5266 661 5326 quanto
681 5259 890 5313 caeteris
909 5258 1182 5314 efﬁcacius
1203 5261 1368 5314 novit.
1398 5259 1463 5314 Hi
1482 5260 1623 5315 enim
1642 5268 1769 5314 sunt
1790 5260 1877 5329 qui
1903 5275 2031 5315 con-

457 5345 630 5401 stituti
656 5357 782 5402 sunt
811 5349 1082 5420 principes
1111 5365 1272 5420 super
1308 5365 1520 5405 onmem
1551 5360 1768 5415 terram,
1800 5366 2029 5421 quorum

457 5435 585 5492 tuba
614 5440 1008 5508 praedicationis
1048 5444 1114 5497 ad
1153 5443 1316 5498 totius
1345 5442 1528 5497 mundi
1564 5456 1723 5497 aures
1758 5444 2024 5512 pervenit.

455 5525 549 5585 Isti
579 5546 807 5603 namque
836 5535 975 5589 sicut
1000 5534 1069 5590 ah
1098 5535 1251 5591 initio
1278 5535 1545 5599 viderunt,
1577 5542 1630 5588 et
1657 5533 1889 5589 ministri
1913 5533 2028 5590 fue-

457 5635 585 5680 runt
624 5630 915 5695 sermonis,
962 5628 1299 5684 tradiderunt
1343 5627 1497 5682 nobis
1537 5642 1634 5699 per
1657 5627 2033 5684 successiones

460 5714 709 5785 Patrum,
757 5719 910 5777 multi
948 5720 1102 5791 regni
1147 5726 1223 5777 tui
1265 5719 1549 5791 mysteria,
1592 5733 1867 5789 nunquam
1906 5728 2033 5775 ante

2156 2221 2382 2286 minum,
2412 2230 2466 2275 te
2489 2219 2747 2275 nimirum
2774 2220 2934 2276 verba
2963 2220 3172 2277 illorum
3199 2223 3475 2281 credibilia
3505 2226 3741 2290 faciente

2152 2312 2343 2385 signis,
2388 2320 2443 2366 et
2481 2311 2771 2383 portentis,
2818 2320 2874 2367 et
2917 2313 3079 2369 variis
3117 2314 3433 2383 virtutibus,
3474 2318 3739 2393 mirisque

2152 2405 2323 2461 sancti
2359 2402 2595 2474 Spiritus
2630 2401 3097 2460 distributionibus
3130 2408 3431 2462 secundum
3462 2417 3617 2465 tuam
3647 2427 3737 2468 vo-

2152 2495 2435 2551 luntatem.

2222 2597 2286 2653 Il.
2329 2597 2453 2653 Haec
2480 2611 2613 2653 sane
2639 2610 2801 2653 causa
2831 2605 2935 2663 est,
2965 2613 3071 2669 qua
3101 2596 3246 2666 freti,
3277 2601 3395 2657 sine
3419 2600 3529 2659 ulla
3560 2606 3734 2663 susci—

2150 2690 2329 2762 pimus
2354 2689 2724 2760 ambiguitate,
2754 2690 3012 2761 quidquid
3043 2700 3217 2746 mater
3240 2691 3481 2750 Ecclesia
3511 2698 3730 2753 univer-

2152 2779 2280 2836 salis
2320 2788 2375 2835 et
2416 2779 2706 2851 apostolica
2734 2778 2925 2846 docet;
2976 2796 3146 2853 usque
3188 2784 3345 2851 adeo,
3385 2796 3445 2841 ut
3480 2803 3582 2858 pro
3613 2798 3731 2845 tan-

2150 2884 2327 2932 torum
2363 2876 2803 2931 documentorum
2834 2876 2950 2947 ejus
2980 2877 3307 2943 assertione,
3352 2889 3503 2934 certa
3537 2879 3730 2939 ﬁrmati

2151 2965 2256 3023 ﬁde
2296 2981 2394 3038 per
2422 2967 2651 3039 gratiam
2681 2977 2860 3033 tuam,
2907 2969 3054 3023 omni
3097 2978 3489 3025 tormentorum
3534 2988 3729 3044 genere

2150 3058 2290 3113 mori
2320 3073 2425 3112 non
2456 3059 2760 3123 timeamus,
2805 3058 3036 3114 scientes
3082 3074 3179 3129 pro
3221 3070 3374 3115 certo
3407 3061 3577 3115 vitam
3615 3060 3730 3132 glo-

2102 3150 2103 3153 “
2149 3150 2349 3206 riosam
2398 3149 2551 3204 nobis
2596 3159 2799 3204 restare
2844 3158 2966 3220 post
3010 3160 3258 3205 mortem.
3311 3150 3421 3208 Hac
3462 3153 3729 3224 siquidem

2069 3480 2119 3548 ο

2066 4844 2115 4906 Ι)

2151 3240 2486 3294 corroborati
2517 3240 2810 3295 securitate
2839 3242 3100 3306 canimus,
3131 3241 3409 3312 psallimus
3456 3255 3511 3299 et
3538 3244 3732 3302 scribi-

2151 3348 2270 3389 mus
2309 3333 2514 3389 alacres
2556 3334 2839 3404 avidique,
2887 3349 3029 3391 nunc
3057 3334 3224 3391 verbo
3250 3350 3316 3390 ex
3343 3336 3534 3402 verbo,
3584 3352 3731 3395 nunc

2151 3438 2310 3480 sensu
2347 3440 2414 3479 ex
2449 3440 2639 3488 sensu,
2681 3426 2976 3480 secundum
3006 3426 3347 3497 apostolicam
3377 3427 3728 3482 traditionem

2149 3515 2394 3571 mirabile
2419 3516 2609 3571 salutis
2637 3525 2835 3571 nostra:
2860 3532 3014 3587 opus,
3042 3517 3093 3572 id
3121 3527 3223 3583 est,
3246 3517 3369 3573 illud
3392 3518 3614 3588 pietatis
3639 3533 3727 3574 sa-

2150 3617 2507 3674 cramentum,
2528 3609 2667 3679 quod
2689 3610 3079 3680 manifestatum
3101 3621 3176 3664 est
3196 3612 3247 3664 in
3272 3627 3446 3675 carne,
3458 3612 3725 3682 justi/ica-

2148 3709 2257 3754 tum
2287 3712 2359 3755 est
2392 3700 2446 3754 in
2477 3702 2696 3772 spiritu,
2729 3703 2972 3773 apparuit
3005 3701 3231 3773 angelis.
3270 3703 3616 3773 prtrdicatnm
3651 3714 3723 3758 est

2146 3790 2408 3861 gentibus,
2455 3791 2709 3844 creditum
2743 3801 2818 3845 est
2850 3791 2905 3844 in
2936 3791 3152 3855 mundo,
3196 3802 3518 3862 assumptum
3556 3803 3632 3847 est
3670 3793 3723 3846 in

2146 3881 2313 3951 gloria
2344 3880 2396 3952 (1
2427 3879 2560 3935 Tim.
2591 3897 2671 3946 ιιι,
2700 3881 2776 3952 6).
2831 3880 2935 3937 Sed
2977 3882 3090 3937 ιιτεο
3124 3882 3246 3936 dum
3278 3883 3489 3953 cogito,
3539 3883 3719 3938 mirari

2146 3988 2357 4028 mecum
2388 3989 2493 4028 non
2522 3988 2676 4028 cesso
2712 3972 2853 4027 illam
2882 3970 3187 4028 Judazorum
3221 3973 3585 4045 impietatem,
3630 3975 3718 4045 qui

2145 4079 2364 4119 manum
2398 4065 2612 4120 mittere
2643 4066 2695 4119 in
2722 4064 2996 4120 Christum
3036 4064 3352 4131 Dominum,
3396 4081 3503 4122 non
3533 4067 3720 4122 timue-

2144 4165 2271 4212 runt
2298 4157 2475 4212 verbis
2505 4157 2815 4212 cmlcstihus
2852 4157 3216 4224 intonantem,
3260 4160 3532 4230 tantisque
3560 4160 3718 4215 mira-

2142 4249 2278 4305 culis
2303 4259 2694 4305 coruscantem.
2741 4249 2786 4305 Ο
2814 4250 2977 4306 corda
3007 4252 3153 4306 saxis
3181 4251 3430 4318 duriora,
3462 4261 3519 4307 et
3547 4251 3716 4307 brutis

2141 4338 2272 4395 feris
2300 4339 2543 4395 stultiora
2568 4342 2581 4394 !
2627 4341 2736 4404 ubi,
2768 4356 2917 4413 rogo,
2949 4350 3067 4396 erat
3094 4356 3285 4397 sensus
3312 4354 3368 4397 et
3392 4342 3533 4398 ratio
3557 4343 3720 4398 mise-

2140 4444 2361 4494 rorum;
2399 4431 2615 4500 quando
2653 4430 2929 4487 caelestem
2969 4431 3219 4487 videbant
3248 4434 3546 4499 medicum,
3598 4435 3713 4489 inll-

2138 4517 2307 4573 uitam
2349 4518 2715 4590 languentium
2763 4519 2972 4577 turbam
3016 4523 3185 4593 gratis
3222 4538 3449 4589 sanare,
3501 4524 3551 4579 id
3596 4534 3707 4588 est,

2137 4611 2409 4667 dmmones
2454 4622 2728 4678 excutere,
2760 4627 2931 4668 czecos
2963 4613 3310 4679 reluminare,
3341 4614 3585 4687 leprosos
3621 4632 3710 4671 cu-

2134 4717 2287 4768 rare,
2335 4702 2659 4775 paralyticos
2694 4705 3053 4776 restringere,
3094 4707 3357 4761 cadavera
3394 4707 3521 4763 vita:
3562 4709 3709 4763 resti-

2141 4802 2310 4856 tuere,
2350 4803 2406 4850 et
2447 4795 2563 4850 hac
2605 4794 2878 4865 multaque
2919 4795 3021 4850 alia
3060 4797 3227 4852 solius
3262 4798 3411 4853 verbi
3450 4808 3708 4869 potestate

2138 4885 2254 4941 sine
2282 4901 2429 4941 mora
2461 4886 2665 4955 agere?
2703 4887 2838 4953 Quid
2866 4887 3173 4957 cogitabant
3199 4888 3250 4942 in
3281 4889 3534 4944 cordibus
3562 4892 3704 4958 casei,

2136 4991 2258 5031 cum
2303 4978 2417 5047 ipsa
2458 4992 2671 5048 quoque
2710 4976 2972 5033 elementa
3015 4977 3258 5033 famulari
3299 4979 3347 5034 ei
3392 4991 3702 5047 cernerent,

2134 5069 2270 5124 adeo
2308 5078 2367 5123 ut
2409 5071 2682 5142 ingressus
2708 5085 2857 5125 mare
2882 5071 3056 5126 ventis
3085 5071 3403 5142 imperaret,
3448 5073 3704 5142 procellas

2133 5172 2531 5234 compesceret,
2572 5166 2861 5221 ostendens
2889 5181 2948 5221 se
2976 5166 3315 5221 evidentibus
3352 5144 3521 5236 signis
3560 5176 3700 5220 tuum

2133 5270 2254 5310 esse
2281 5254 2497 5321 Filium,
2530 5255 2672 5312 Deus
2698 5256 2875 5323 Pater,
2906 5268 2959 5311 et
2987 5256 3161 5322 illum,
3193 5256 3283 5327 qui
3315 5271 3345 5310 a
3377 5265 3430 5311 te
3457 5255 3585 5311 olim
3611 5270 3701 5328 per

2128 5360 2282 5405 vates
2307 5348 2465 5405 saluti
2494 5359 2691 5406 nostrae
2719 5350 2901 5407 multis
2921 5351 3092 5406 modis
3115 5350 3412 5421 promissus
3434 5358 3537 5407 est.
3564 5349 3700 5406 Tan-

2129 5442 2249 5499 dem
2290 5443 2464 5513 gentis
2506 5441 2723 5514 perﬁdzc
2761 5441 2998 5507 invidia,
3043 5440 3175 5496 diris
3215 5439 3457 5496 consiliis
3500 5440 3697 5497 diutius

2126 5533 2347 5603 agitata,
2374 5532 2646 5589 Christum
2672 5533 2785 5588 dari
2815 5532 2917 5588 sibi
2944 5533 2996 5587 in
3022 5546 3238 5587 crucem
3267 5529 3449 5585 multis
3474 5530 3695 5587 extorsit

2127 5621 2470 5678 clamoribus.
2502 5621 2829 5678 Prtedixerat
2855 5630 2910 5676 et
2933 5621 3047 5692 ipse
3071 5619 3188 5676 illos
3210 5620 3323 5676 hac
3348 5620 3423 5675 ita
3447 5629 3689 5676 acturos:

2126 5732 2315 5790 parum
2348 5715 2394 5769 si
2425 5731 2531 5771 non
2566 5724 2624 5772 et
2654 5715 2930 5787 prophetae
2967 5722 3131 5783 retro,
3178 5722 3235 5770 et
3277 5723 3459 5771 tamen
3505 5711 3687 5767 affixas
