4038 6354
359 323 499 383 1049

1017 317 1164 376 OPP.
1202 318 1427 379 DUBIA.
1474 350 1546 364 —
1579 320 1806 379 ALBINI
1839 317 2220 380 CONFESSIO
2254 321 2455 380 FlDEl.
2497 353 2567 365 --
2600 321 2782 381 PARS
2816 324 2880 382 ll.

3462 331 3600 386 1050

354 442 523 508 cruci,
557 441 815 514 Spiritum
844 456 967 498 cum
993 439 1159 498 verbo
1186 451 1376 516 sponte
1400 441 1623 511 dimisit,
1652 449 1925 516 praevento
1951 438 2001 501 A
2030 437 2157 493 tiam
2204 446 2371 504 tuam,
2404 439 2564 496 talem
2585 481 2601 508 ,
2640 448 2696 496 tu
2726 442 2813 497 cui
2839 441 3017 499 omnia
3045 451 3171 499 sunt
3195 441 3466 515 possibilia
3483 485 3499 512 ,
3546 454 3603 503 et

354 532 627 591 carniﬁcis
651 531 850 588 ofﬁcio.

422 627 507 687 lll.
548 628 749 684 Eodem
775 643 904 685 vero
924 636 1206 686 momento
1232 631 1347 687 dies
1374 632 1548 688 media
1577 631 1925 689 delitescente

351 722 464 780 sole
493 722 547 776 in
577 731 788 777 noctem
818 728 1023 776 mutata
1052 731 1153 778 est.
1197 723 1348 779 Tunc
1367 723 1533 781 ,ιιιᾶωί
1563 740 1722 781 cruce
1748 727 1923 781 detra-

351 824 495 872 ctum
535 813 888 885 sepulcroque
923 815 1188 884 positum,
1232 831 1424 887 magna
1467 817 1631 872 etiam
1674 817 1923 873 militaris

349 904 607 960 custodiae
653 903 925 975 diligentia
971 904 1460 973 circumsederunt,
1503 922 1592 973 ne,
1623 909 1747 977 quia
1783 923 1919 978 prie-

347 997 559 1052 dixerat
595 1012 653 1052 se
690 997 846 1051 tertia
884 1006 1315 1052 resurrecturum
1346 996 1461 1062 die,
1503 998 1747 1068 discipuli
1784 998 1919 1053 clam

258 1090 263 1093 ⁴
346 1091 550 1157 amoliti
574 1106 768 1161 corpus
792 1099 1072 1161 suspectos
1107 1088 1370 1145 fallerent.
1390 1091 1587 1146 Verum
1613 1091 1680 1146 ad
1704 1093 1919 1147 tertiam

344 1181 518 1239 lucem
549 1197 811 1238 concussa
842 1190 1059 1252 repente
1086 1189 1250 1247 terra,
1274 1188 1327 1235 et
1351 1180 1490 1235 mole
1516 1181 1775 1247 revoluta,
1800 1197 1919 1251 qua;

342 1276 685 1331 obstruxerat
718 1282 1153 1337 monumentum,
1204 1280 1259 1328 et
1302 1270 1545 1329 custodia
1593 1288 1793 1344 pavore
1838 1272 1918 1326 fu-

340 1374 482 1437 gata,
508 1364 666 1419 nullis
689 1364 1068 1435 apparentibus
1096 1364 1391 1434 discipulis,
1422 1363 1554 1419 nihil
1582 1364 1635 1418 in
1663 1363 1800 1429 loco,
1826 1364 1917 1420 ubi

338 1455 543 1526 positus
570 1463 674 1520 est,
705 1463 971 1526 repertum
1001 1462 1105 1519 est,
1130 1465 1326 1525 prieter
1353 1455 1575 1510 exuvias
1605 1455 1911 1525 sepulturrc.

338 1544 696 1601 Nihilominus
733 1554 914 1601 tamen
949 1546 1215 1617 primores
1250 1544 1554 1601 Judaaorum
1583 1546 1651 1600 ab
1680 1547 1913 1618 incoepta

336 1650 440 1691 non
471 1644 745 1692 cessantes
773 1635 1017 1707 perﬁdia,
1051 1635 1332 1706 loquentes
1359 1652 1487 1692 vera
1514 1637 1761 1707 pecuniis
1789 1650 1913 1692 cor-

336 1736 627 1799 ruperunt,
673 1737 734 1784 ut
762 1744 886 1784 eum
923 1744 954 1784 a
992 1728 1267 1799 discipulis
1305 1730 1618 1801 subreptum
1668 1730 1914 1786 securius

332 1823 665 1894 iactitarent.
719 1822 871 1879 Iusto
914 1823 1116 1894 judicio
1156 1833 1268 1890 tuo,
1316 1824 1562 1890 Domine,
1611 1833 1673 1880 ut
1699 1840 1913 1880 sacrum

334 1923 566 1969 testatur
589 1914 938 1970 vaticinium:
989 1924 1044 1969 et
1086 1914 1236 1984 prius
1282 1913 1491 1969 multati
1541 1925 1668 1971 sunt
1714 1917 1913 1973 intelli-

333 2007 512 2077 gentia
538 2006 841 2072 oculorum,
884 2007 1200 2077 auriumque
1227 2005 1399 2078 fruge.
1433 2014 1488 2062 et
1516 2015 1734 2077 postea,
1774 2008 1915 2065 sicut

331 2097 618 2165 videmus,
662 2097 886 2169 projecti
927 2107 1052 2154 sunt
1099 2115 1130 2153 a
1178 2098 1397 2169 propria
1440 2098 1601 2165 sede,
1662 2107 1717 2155 et
1768 2116 1912 2155 nunc

332 2194 593 2265 dispersi,
647 2188 966 2265 palabundi,
1010 2201 1066 2249 et
1112 2192 1236 2248 cteli
1286 2192 1493 2263 solique
1539 2193 1623 2248 sui
1669 2201 1912 2248 extorres

332 2293 595 2355 vagantur
618 2299 714 2354 per
737 2286 921 2340 orbem
947 2284 1065 2339 sine
1093 2284 1230 2355 lege,
1262 2284 1378 2339 sine
1408 2298 1553 2353 rege,
1588 2284 1706 2338 sine
1730 2297 1913 2339 sacer-

333 2373 477 2440 dote,
500 2382 553 2429 et
574 2373 690 2429 sine
714 2372 1000 2428 oblatione.
1034 2372 1240 2440 Quibus
1262 2374 1427 2427 etiam
1454 2388 1556 2428 nec
1577 2373 1909 2429 advenarum

326 2464 447 2534 iure
477 2473 672 2520 terram
703 2465 935 2535 patriam
966 2463 1155 2519 saltem
1186 2464 1417 2535 vestigio
1449 2464 1685 2519 salutare
1710 2478 1907 2519 conce-

338 2558 495 2612 litur.
545 2555 736 2613 Merito
767 2556 891 2611 talia
931 2557 1233 2627 patiuntur,
1268 2557 1359 2625 qui
1391 2556 1675 2611 Dominum
1724 2554 1909 2625 gloriae

331 2648 499 2705 livore
526 2651 704 2720 potius
733 2646 1135 2704 cruciﬁxerunt.
1186 2646 1354 2718 Igitur
1381 2646 1629 2703 Christus
1659 2663 1784 2702 vere
1822 2664 1908 2702 re-

330 2757 576 2814 surgens,
625 2743 718 2798 sed
767 2757 873 2798 non
923 2741 1088 2807 solus,
1138 2741 1308 2797 noluit
1350 2740 1509 2812 395
1540 2756 1597 2796 se
1636 2741 1688 2795 in
1717 2740 1908 2811 vulgus

328 2834 579 2899 educere,
612 2832 840 2889 fortasse
879 2848 948 2889 ne
984 2833 1132 2902 impii
1163 2847 1348 2887 errore
1377 2830 1753 2895 liberarentur,
1788 2831 1902 2898 sed,

325 2925 468 2997 quod
498 2922 804 2981 credibilius
831 2932 945 2989 est,
991 2933 1051 2977 ut
1096 2922 1230 2977 ﬁdes
1260 2936 1363 2977 non
1393 2920 1648 2975 mediocri
1682 2920 1906 2990 prrcmio

328 3017 595 3073 destinata
624 3013 940 3071 difﬁcultate
967 3022 1271 3079 constaret,
1316 3028 1437 3068 cum
1466 3011 1740 3082 discipulis
1767 3028 1902 3083 qua-

326 3106 573 3177 draginta
617 3105 733 3160 dies
778 3106 919 3177 egit,
971 3105 1196 3160 testibus
1241 3103 1448 3160 scilicet
1493 3104 1898 3174 praeordinatis,

323 3168 524 3252 docens
554 3210 648 3251 eos
686 3168 1121 3267 quzevdocerent.
1175 3193 1379 3250 Dehinc
1407 3168 1614 3249 cunctis
1643 3193 1898 3264 expletis,
1931 3168 1977 3230 (ἶ

322 3304 509 3346 coram
557 3289 667 3343 suis
716 3287 769 3343 in
820 3295 1003 3344 monte
1045 3286 1370 3343 circumfusa
1418 3286 1558 3342 nube
1606 3288 1659 3341 in
1707 3287 1904 3342 coelum

323 3378 585 3437 ascendit.
616 3376 783 3446 Quem
811 3379 952 3434 sicut
976 3379 1373 3442 ascendentem,
1403 3379 1475 3432 ita
1500 3386 1783 3432 venturum
1809 3393 1905 3431 an-

322 3470 496 3542 gelica
524 3469 868 3525 attestatione
902 3468 1292 3539 praestolamur.
1347 3468 1461 3524 Duo
1489 3469 1632 3524 enim
1661 3469 1902 3538 praedicti

324 3573 452 3619 sunt
482 3561 781 3616 adventus:
820 3560 1029 3631 primus
1053 3560 1301 3631 quidem,
1340 3560 1431 3630 qui
1464 3559 1576 3630 jam
1604 3569 1902 3631 expunctus

322 3663 428 3721 est,
454 3655 508 3710 in
536 3652 837 3708 humilitate
862 3652 1187 3708 conditionis
1211 3654 1489 3719 humanze;
1516 3653 1783 3709 secundus
1808 3670 1901 3708 au-

322 3758 454 3810 tem,
478 3745 569 3815 qui
592 3743 961 3799 concludendo
985 3742 1179 3799 saeculo
1206 3743 1471 3807 imminet,
1493 3743 1547 3798 in
1574 3741 1903 3799 sublimitate

322 3835 519 3893 diviuie
543 3835 841 3906 potestatis,
870 3834 1085 3906 quando
1116 3834 1341 3889 decurso
1369 3831 1527 3901 hujus
1560 3833 1735 3887 aetatis
1762 3842 1899 3888 tem-

320 3942 475 4001 pore,
500 3927 745 3998 judicare
770 3928 980 3984 venerit
1012 3928 1187 3998 justos
1217 3926 1270 3980 in
1300 3925 1464 3979 vitam
1492 3933 1769 3989 aeternam,
1802 3926 1901 3980 im-

320 4022 442 4094 pios
465 4029 519 4077 et
537 4028 870 4091 peccatores,
898 4020 989 4090 qui
1020 4018 1523 4073 thesaurizaverunt
1548 4016 1651 4071 sibi
1681 4016 1816 4071 iram
1844 4017 1900 4072 in

324 4113 412 4169 die
440 4112 551 4176 irae,
584 4111 637 4165 in
667 4111 983 4181 supplicium
1017 4118 1309 4174 :elernum;
1352 4107 1627 4163 suscitatis
1652 4108 1901 4162 omnibus

322 4203 393 4258 ab
418 4202 569 4256 initio
590 4200 875 4264 defunctis,
901 4208 957 4255 et
979 4198 1306 4265 reformatis,
1334 4206 1497 4269 atque
1524 4199 1807 4253 recensitis
1831 4200 1901 4253 ad

322 4291 603 4362 utriusque
632 4290 809 4345 meriti
836 4290 1269 4360 expunctionem.

392 4381 481 4439 ιν.
509 4384 610 4439 Ubi
637 4400 703 4439 ne
738 4392 957 4453 peccata
985 4399 1103 4438 mea
1134 4383 1332 4448 multa,
1380 4398 1500 4453 qua:
1529 4399 1673 4440 nunc
1704 4383 1895 4450 latent,

322 4484 619 4547 appareant
665 4490 845 4531 coram
892 4475 1121 4546 angelis,
1167 4482 1223 4529 ct
1263 4475 1513 4531 omnibus
1558 4476 1785 4541 sanctis,
1830 4477 1896 4532 da

323 4567 476 4632 mihi,
507 4566 749 4632 Domine,
780 4580 928 4637 rogo,
972 4565 1168 4631 locum,
1209 4566 1462 4635 spatium,
1496 4574 1552 4620 et
1581 4566 1787 4622 fructus
1821 4567 1899 4621 di-

323 4667 442 4732 gnr'e
478 4659 824 4731 paenitentizc.
856 4657 934 4712 Da
963 4673 1060 4713 cor
1083 4657 1374 4713 contritum
1419 4666 1474 4711 et
1516 4656 1853 4713 humiliatum
1880 4674 1895 4724 ;

322 4754 388 4809 da
415 4754 640 4825 gratiam
673 4752 1053 4823 lacrymarum,
1081 4751 1148 4805 da
1166 4749 1345 4804 lumen
1370 4750 1423 4803 in
1448 4751 1632 4815 corde,
1664 4750 1729 4805 da
1757 4750 1899 4806 vires

324 4847 375 4900 in
397 4852 652 4915 corpore,
692 4851 753 4897 ut
792 4858 911 4912 quze
957 4840 1161 4912 agenda
1195 4848 1351 4905 sunt,
1392 4840 1625 4905 videam,
1655 4841 1804 4896 et'ad
1834 4856 1897 4896 ea

320 4934 610 5004 implenda,
638 4948 758 5003 qua:
784 4931 994 4987 dederis
1030 4931 1234 4994 videre,
1262 4928 1476 4985 fortiter
1501 4930 1891 4987 convalescam.

319 5027 575 5083 Miserere
621 5026 748 5090 mei,
794 5024 1045 5087 Domine,
1081 5023 1365 5087 miserere,
1418 5038 1483 5079 ne
1534 5024 1726 5094 perdas
1771 5038 1891 5091 me,

320 5132 524 5191 quaeso,
554 5130 678 5171 cum
706 5113 980 5185 peccatis,
1027 5112 1205 5177 vitiis,
1246 5112 1417 5182 culpis
1457 5119 1512 5166 et
1557 5112 1895 5182 negligentiis

319 5210 475 5265 meis.
508 5207 585 5263 Da
612 5207 742 5263 mihi
766 5215 985 5276 propter
1009 5218 1204 5258 nomen
1230 5212 1403 5268 tuum,
1435 5212 1490 5256 tu
1514 5202 1607 5272 qui
1632 5201 1896 5270 justiﬁcas

320 5300 550 5371 impios,
595 5306 650 5353 et
685 5296 930 5352 viviﬁcas
955 5304 1214 5359 mortuos,
1246 5302 1301 5347 et
1341 5292 1537 5347 multus
1560 5303 1893 5362 peccatores,

320 5400 375 5447 et
404 5405 511 5446 non
537 5397 700 5455 sunt;
744 5402 895 5459 rogo,
919 5388 984 5442 da
1010 5386 1237 5454 gratiam
1270 5392 1437 5448 tuam,
1470 5394 1527 5438 et
1558 5383 1783 5439 emenda
1813 5384 1895 5439 vi-

321 5490 433 5539 tam
471 5495 681 5537 meam:
723 5479 944 5534 meliora
989 5485 1138 5532 actus
1180 5489 1358 5541 meos,
1391 5490 1649 5545 compone
1677 5489 1921 5549 mores;

322 5572 451 5631 tolle
486 5572 553 5629 de
602 5586 690 5629 me
734 5570 877 5642 quod
905 5569 1001 5626 tibi
1032 5567 1299 5639 displicet,
1348 5574 1404 5622 et
1445 5567 1576 5621 mihi
1624 5575 1800 5632 nocet,
1844 5575 1898 5623 et

322 5663 502 5720 tribue
522 5679 622 5735 pro
647 5662 887 5719 bonitate
912 5671 1023 5728 tua,
1054 5660 1196 5731 quod
1218 5657 1360 5715 nosti
1385 5658 1479 5713 tibi
1502 5657 1716 5729 placere
1738 5675 1896 5731 posse

321 5764 382 5812 et
402 5757 535 5813 mihi
563 5755 837 5825 prodesse.
862 5753 971 5811 Fac
997 5767 1103 5820 me,
1132 5765 1347 5822 precor,
1373 5748 1624 5817 clemens,
1654 5764 1753 5821 per
1773 5767 1898 5825 gra-

1928 4525 1975 4585 Ι)

2024 529 2159 585 nihil
2203 529 2454 599 difﬁcile;
2490 542 2551 588 ut
2585 533 2799 605 placere
2832 533 3040 590 valeam
3084 550 3265 592 coram
3293 534 3464 593 oculis
3494 537 3601 596 tuis

2024 624 2077 679 in
2103 622 2350 679 veritate.
2379 625 2547 681 Tuam
2573 627 2660 697 pie
2681 642 2786 683 non
2816 628 3079 684 abhorreo
3102 628 3454 696 medicinam;
3479 644 3597 686 sum

2024 716 2169 771 enim
2215 715 2368 771 valde
2410 718 2677 775 inﬁrmus.
2730 720 2929 776 Ordine
2976 737 3083 791 quo
3127 721 3335 791 placet,
3384 723 3598 779 medere

2024 809 2203 864 multis
2231 809 2578 881 languoribus
2610 814 2771 878 meis,
2801 822 2858 868 et
2891 830 3129 885 excoque
3155 816 3383 871 scoriam
3408 831 3598 887 pecca-

2024 907 2197 955 torum
2230 916 2470 956 meorum
2498 903 2562 956 ad
2596 919 2812 973 purum,
2839 905 3152 975 priusquam
3187 905 3396 970 abeam,
3424 905 3598 961 modis

2021 994 2215 1064 quibus
2241 994 2335 1048 tibi
2365 993 2591 1048 videtur.
2625 994 2729 1049 Sed
2753 996 2933 1065 rogavi
2965 988 3135 1061 tuam,
3165 996 3410 1061 Domine,
3437 996 3597 1051 mise-

2020 1088 2329 1154 ricordiam,
2359 1097 2413 1144 et
2446 1103 2637 1160 rogare
2666 1104 2772 1143 non
2806 1104 2959 1145 cesso
2978 1131 2992 1154 ,
3029 1091 3155 1160 quia
3181 1092 3284 1147 hoc
3308 1091 3472 1147 nimis
3500 1091 3596 1146 de-

2018 1179 2215 1235 sidero.
2247 1179 2493 1234 Mollilica
2529 1194 2624 1234 cor
2654 1195 2833 1234 meum
2862 1179 3055 1235 durum
3095 1189 3149 1235 et
3190 1181 3462 1252 lapideum
3502 1188 3594 1235 tua

2017 1274 2251 1329 mirabili
2278 1283 2333 1329 et
2360 1275 2561 1345 potenti
2595 1274 2865 1329 unctione.
2896 1274 3167 1339 Molliﬁca,
3194 1290 3409 1345 precor,
3438 1284 3494 1329 et
3513 1272 3597 1328 fac

2018 1383 2104 1422 me
2129 1382 2227 1437 μη·
2248 1366 2424 1437 ignem
2455 1368 2914 1438 compunctionis,
2952 1367 3185 1422 hostiam
3213 1383 3390 1422 vivam
3417 1368 3594 1437 quoti-

2016 1456 2104 1512 die
2129 1472 2313 1513 coram
2344 1466 2398 1513 te
2425 1457 2561 1513 ﬁeri.
2595 1458 2825 1528 Respice
2851 1474 2955 1522 me,
2991 1458 3235 1521 Domine,
3264 1467 3318 1512 et
3338 1459 3597 1512 miserere

2016 1548 2163 1602 mei:
2203 1549 2270 1604 da
2300 1548 2432 1605 mihi
2480 1548 2729 1605 effectum
2774 1551 3048 1619 petitionis
3086 1559 3140 1605 et
3167 1548 3417 1605 desiderii
3450 1550 3591 1603 mei:

2015 1642 2083 1698 da
2117 1642 2283 1713 capiti
2310 1658 2431 1699 meo
2472 1658 2668 1713 aquam
2706 1643 3046 1707 immensam,
3074 1652 3128 1697 et
3155 1641 3325 1697 oculis
3355 1641 3490 1695 meis
3517 1640 3597 1695 in-

2014 1730 2177 1787 funde
2199 1748 2385 1787 verum
2410 1733 2612 1788 fontem
2637 1733 2998 1805 lacrymarum
3014 1732 3213 1803 iugiter
3232 1740 3594 1798 emanantem,

1943 1806 1992 1868 Β
2018 1834 2077 1880 ut
2118 1840 2215 1896 pro
2256 1825 2567 1881 vulneribus
2598 1827 2790 1881 animae
2835 1840 2968 1879 meae
3014 1825 3379 1879 indesinenter
3409 1823 3598 1879 diebus

2016 1930 2080 1971 ac
2105 1916 2350 1972 noctibus
2376 1915 2623 1981 defleam,
2670 1916 2840 1972 donec
2878 1924 3089 1985 tempus
3117 1924 3200 1969 est
3243 1912 3592 1985 acceptabile,

2014 2005 2186 2063 donec
2221 2005 2337 2061 dies
2364 2015 2490 2061 sunt
2518 2006 2729 2072 salutis,
2761 2007 2930 2061 donec
2955 2012 3112 2059 vacat
3139 2003 3267 2059 ﬁere
3297 2002 3435 2057 mala
3476 2017 3595 2072 quae

2012 2096 2138 2164 feci,
2185 2109 2239 2153 et
2287 2099 2527 2169 quotidie
2574 2099 2752 2164 facio;
2793 2106 2852 2152 ut
2885 2113 2981 2168 per
3005 2096 3336 2167 poenitentiae
3385 2094 3597 2150 labores

2012 2191 2121 2244 vita
2143 2201 2344 2245 aeterna
2373 2189 2624 2259 perfruar
2650 2204 2771 2243 cum
2812 2188 3069 2251 bonis,et
3096 2186 3283 2241 ultima
3313 2186 3592 2255 portione,

2010 2281 2200 2339 saltem
2238 2297 2359 2338 cum
2400 2282 2492 2337 illo
2520 2280 2810 2337 venerabili
2856 2281 3096 2345 latrone,
3146 2279 3240 2349 qui
3282 2293 3381 2348 per
3427 2291 3597 2332 unum

2010 2374 2233 2429 verbum
2265 2372 2487 2428 effectus
2533 2380 2617 2428 est
2643 2372 2818 2427 haeres
2861 2370 3098 2442 paradisi
3150 2370 3205 2424 in
3252 2370 3368 2439 ipso
3406 2369 3599 2425 mortis

2009 2466 2266 2531 articulo,
2312 2473 2533 2536 propter
2576 2472 2724 2519 tuam
2772 2462 3000 2519 multam
3045 2459 3474 2517 misericordiam
3541 2468 3600 2515 et

2010 2556 2329 2612 bonitatem.

2080 2647 2145 2703 V.
2173 2646 2333 2713 Audi,
2365 2648 2484 2718 pie,
2530 2646 2651 2702 audi
2677 2660 2867 2716 preces
2910 2646 3050 2701 servi
3083 2644 3196 2709 tui,
3242 2642 3593 2699 reminiscere

2009 2737 2414 2793 miserationum
2441 2747 2679 2802 tuarum,
2711 2737 2906 2808 quibus
2927 2735 3247 2791 mirabiliter
3270 2734 3593 2790 subventum

2007 2839 2091 2886 est
2136 2830 2372 2885 humano
2417 2830 2601 2900 generi
2647 2844 2745 2900 per
2780 2822 3075 2883 bonitatem
3106 2837 3275 2882 tuam.
3314 2824 3595 2893 Quomodo

2007 2937 2115 2976 non
2161 2921 2378 2986 amasti,
2406 2920 2600 2975 Pastor
2625 2922 2786 2985 bone,
2822 2920 2914 2989 qui
2956 2919 3171 2990 proprio
3197 2917 3333 2972 Filio
3364 2926 3455 2971 tuo
3485 2933 3595 2972 non

2005 3012 2313 3084 pepercisti,
2344 3013 2436 3067 sed
2463 3028 2562 3082 pro
2587 3013 2745 3067 nobis
2769 3011 2949 3082 impiis
2974 3026 3095 3066 eum
3119 3010 3424 3065 tradidisti?
3454 3009 3596 3064 Sub-

2008 3103 2152 3158 ditus
2173 3104 2263 3159 ille
2286 3104 2383 3185 tibi
2406 3119 2577 3173 usque
2606 3105 2672 3158 ad
2701 3113 2932 3159 mortem
2955 3102 3153 3169 crucis,
3178 3118 3319 3158 unus
3344 3102 3432 3157 ille
3456 3103 3596 3158 inter

2006 3206 2249 3251 mortuos
2274 3196 2443 3261 liber,
2487 3203 2811 3267 potestatem
2850 3195 3054 3250 habens
3077 3193 3310 3266 ponendi
3356 3194 3592 3251 animam

2005 3301 2183 3352 suam,
2209 3295 2266 3341 et
2291 3287 2485 3341 iterum
2516 3287 2760 3341 sumendi
2789 3301 2928 3342 eam.
2967 3285 3072 3341 Pro
3107 3286 3262 3342 nobis
3290 3287 3387 3341 tibi
3420 3285 3593 3341 victor

2005 3389 2059 3435 et
2085 3379 2335 3444 victima,
2379 3387 2436 3433 et
2480 3379 2601 3434 ideo
2630 3379 2806 3434 victor
2841 3378 2966 3448 quia
2997 3379 3235 3435 victima.
3288 3378 3395 3432 Pro
3439 3375 3595 3434 nobis

2006 3470 2101 3524 tibi
2130 3470 2384 3526 sacerdos
2415 3479 2467 3525 et
2499 3469 2845 3535 sacriﬁcium,
2875 3478 2934 3525 et
2986 3469 3106 3525 ideo
3149 3469 3422 3533 sacerdos,
3461 3468 3591 3539 quia

2004 3563 2348 3617 sacrificium.
2378 3562 2569 3617 Merito
2597 3562 2729 3617 mihi
2758 3578 2883 3633 spes
2911 3562 3088 3617 valida
3112 3562 3165 3617 in
3192 3562 3283 3617 illo
3310 3570 3413 3627 est,
3447 3562 3592 3631 quod

2005 3654 2221 3709 sanabis
2265 3668 2452 3708 omnes
2482 3654 2770 3724 languorcs
2800 3668 2949 3709 meos
2985 3670 3084 3725 per
3111 3668 3232 3709 eum
3253 3694 3269 3719 ,
3318 3653 3409 3722 qui
3439 3652 3593 3710 sedet

2004 3744 2070 3798 ad
2100 3729 2376 3798 dexteram
2423 3752 2609 3809 tuam,
2661 3753 2717 3798 et
2758 3744 3061 3814 interpellat
3114 3760 3213 3815 pro
3253 3745 3430 3800 nobis.
3491 3745 3593 3802 De-

2003 3849 2225 3905 Sperare
2270 3834 2454 3903 utique
2482 3835 2812 3904 potuissem,
2846 3836 2950 3890 nisi
2991 3836 3228 3891 Verbum
3274 3844 3423 3891 tuum
3462 3850 3593 3893 caro

2004 3925 2177 3990 ﬁeret,
2213 3933 2269 3980 et
2296 3925 2569 3982 habitaret
2597 3926 2650 3979 in
2683 3925 2856 3980 nobis.
2908 3925 2964 3980 Si
3008 3926 3177 3992 enim,
3216 3940 3339 3981 cum
3385 3926 3589 3983 inimici

2002 4031 2277 4080 essemus,
2326 4014 2658 4070 reconciliati
2690 4031 2875 4071 sumus
2903 4016 3001 4071 tibi
3049 4032 3145 4088 per
3191 4027 3422 4072 mortem
3468 4016 3590 4074 Filii

2004 4108 2100 4172 tui,
2128 4116 2333 4177 quanto
2366 4108 2538 4178 magis
2572 4123 2714 4163 nunc
2736 4108 2869 4163 salvi
2901 4108 3027 4164 facti
3059 4108 3127 4163 ab
3156 4110 3235 4163 ira
3264 4125 3360 4179 per
3380 4110 3590 4179 ipsum?

2002 4200 2203 4272 gratias
2231 4199 2329 4255 tibi
2357 4214 2457 4268 ago
2478 4242 2492 4264 ,
2535 4200 2998 4271 indulgentissime
3038 4201 3229 4267 Pater,
3278 4218 3377 4273 pro
3404 4212 3589 4260 sancta

2002 4290 2390 4355 incarnatione,
2436 4292 2702 4360 passione,
2736 4300 2940 4358 morte,
2987 4294 3415 4358 resurrectione,
3443 4302 3497 4349 et
3526 4295 3588 4360 in

2001 4381 2195 4437 ctelum
2221 4381 2535 4436 ascensione
2558 4380 2771 4437 Domini
2794 4382 2961 4438 nostri
2977 4380 3101 4439 Jesu
3118 4383 3317 4439 Christi
3339 4383 3457 4440 Filii
3486 4386 3582 4441 tui.

2000 4469 2267 4525 Bcnedico
2298 4484 2491 4525 nomen
2524 4479 2671 4526 tuum
2704 4472 2832 4526 totis
2858 4474 3195 4542 praecordiis,
3242 4489 3340 4543 pro
3374 4474 3463 4529 illa
3495 4490 3585 4531 sa-

2003 4559 2305 4615 cratissima
2335 4560 2612 4630 sanguinis
2639 4560 2920 4628 effusione,
2949 4578 3056 4633 qua
3084 4579 3271 4619 sumus
3291 4566 3583 4636 redempti;

2003 4652 2297 4723 implorans
2323 4652 2645 4709 ineffabilem
2668 4654 2966 4709 bonitatem
3011 4665 3178 4721 tuam,
3212 4671 3281 4711 ne
3304 4659 3587 4728 permittas

2003 4761 2102 4798 nos
2132 4745 2371 4816 ingratos
2418 4744 2580 4817 [esse]
2614 4746 2776 4801 tantis
2803 4746 3078 4803 beneﬁciis
3114 4758 3168 4804 et
3192 4750 3438 4821 indignos
3475 4760 3585 4809 tam

2002 4835 2185 4891 multis
2232 4837 2688 4892 miserationibus.
2727 4837 2925 4892 Sumus
2952 4839 3097 4895 enim
3127 4842 3205 4896 tui
3246 4844 3426 4912 operis
3457 4858 3586 4915 pars

2001 4946 2108 4985 non
2150 4929 2301 4993 vilis,
2344 4944 2479 4999 quos
2511 4938 2659 4984 tanto
2703 4930 2797 4984 tibi
2840 4929 3043 5000 placuit
3086 4932 3351 4990 redimere
3387 4936 3580 5005 pretio.

2000 5023 2132 5090 Quis
2159 5023 2318 5093 digna
2362 5022 2720 5078 admiratione
2749 5032 3036 5094 penetrare
3072 5036 3234 5098 queat
3262 5028 3582 5084 immensum

1998 5114 2219 5184 pelagus
2248 5112 2391 5166 illius
2428 5112 2623 5166 summi
2666 5113 2913 5181 consilii,
2954 5132 3063 5187 quo
3103 5125 3381 5187 susceptus
3422 5117 3583 5173 homo

2000 5205 2089 5261 ille
2116 5202 2415 5259 dominicus
2444 5204 2624 5259 unitus
2650 5213 2734 5260 est
2757 5220 2879 5260 cum
2911 5206 3018 5262 Deo
3043 5247 3057 5273 ,
3098 5215 3153 5261 et
3191 5218 3499 5278 assumptus
3526 5208 3579 5263 in

1999 5298 2192 5362 Deum,
2217 5312 2324 5351 non
2368 5295 2682 5352 confusione
2711 5297 3041 5361 substantia,
3090 5298 3185 5353 sed
3228 5298 3435 5353 unitate
3460 5314 3583 5370 per-

2001 5403 2167 5443 sonae.
2196 5386 2457 5443 Mediator
2482 5388 2677 5459 quippe
2702 5388 2809 5443 Dei
2835 5396 2891 5443 et
2914 5389 3191 5444 hominum
3218 5388 3467 5446 Christus
3490 5388 3579 5446 Je-

2003 5494 2114 5544 sus,
2147 5478 2403 5534 Dominus
2432 5487 2635 5545 noster,
2664 5478 2808 5555 Deus
2835 5479 3174 5550 omnipotens
3194 5521 3209 5546 ,
3238 5495 3581 5551 nequaquam

2003 5572 2143 5627 alter
2178 5579 2260 5626 est
2304 5572 2357 5627 in
2400 5572 2755 5636 humanitate,
2793 5571 2929 5626 alter
2956 5572 3011 5627 in
3056 5572 3356 5641 divinitate,
3386 5576 3481 5631 sed
3522 5576 3580 5631 in

2000 5675 2231 5738 utraque
2275 5675 2466 5721 natura
2512 5682 2652 5722 unus
2693 5665 2942 5736 idemque
2988 5667 3131 5724 Deus
3180 5667 3372 5737 homo,
3417 5670 3580 5728 homo

2001 5756 2163 5816 Deus.
2188 5755 2297 5814 Nec
2328 5758 2499 5829 igitur
2532 5772 2701 5829 purus
2741 5757 2903 5814 homo
2956 5769 3249 5833 conceptus
3302 5770 3420 5832 est.
3476 5776 3583 5822 nec
