4038 6354
430 318 570 395 ιδιι

1246 312 1305 378 ti.
1347 306 1678 378 rI‘ALmNt
1716 308 1851 371 seu
1890 302 2171 367 ALClllNi
2204 302 2491 365 OPERUM
2528 298 2710 359 rans
2745 298 2880 372 vni,
2948 320 2955 323 η

3560 298 3711 359 im

432 441 647 522 postea,
673 442 734 497 tit
756 442 902 497 Deus
925 430 1089 503 esset,
1131 436 1357 504 accepit,
1398 432 1491 487 sed
1515 420 1629 500 ipse
1657 426 1828 482 Filius
1858 434 2004 488 tuus,
2034 421 2088 483 Δ
2116 430 2349 522 teneam,
2374 415 2797 522 quod-deforme
2839 422 3194 522 componam,
3218 414 3387 522 .quod
3413 411 3707 485 pulchrum

434 542 688 598 manente
716 531 1144 591 incommutabili
1186 528 1444 593 essentia,
1476 530 1596 595 qua
1634 522 1710 578 illi
1750 530 1930 577 tecum
1959 525 2015 575 et

436 636 560 692 cum
590 631 793 704 Spiritu
823 633 1010 684 sancto
1038 633 1121 680 est
1148 630 1435 686 coasterna,
1464 618 1756 688 assumpsit
1794 622 2013 671 carnem

436 736 535 799 pro
557 732 741 780 nostra
766 720 958 784 salute,
987 719 1041 771 in
1067 731 1171 785 qua
1198 722 1433 769 aeternus
1467 719 1592 765 ante
1619 709 1816 765 saecula
1846 708 2016 777 possit

438 815 667 873 ostendi.
695 812 845 869 Unde
868 809 1113 880 quamvis
1153 806 1294 860 aliud
1322 806 1391 859 sit
1421 820 1483 858 ex
1512 812 1596 867 te,
1626 801 1780 855 aliud
1806 815 1870 853 ex
1900 814 2015 853 ma-

440 917 540 975 tre,
576 922 681 962 non
710 915 891 961 tamen
920 904 1056 957 alius
1098 909 1151 954 et
1180 901 1347 964 alius,
1392 906 1450 951 ut
1496 898 1633 961 duo,
1672 894 1815 964 quod
1849 894 2012 957 absit,

436 999 563 1054 Filii
588 1000 875 1053 dicantur:
910 995 1004 1049 sed
1033 993 1144 1061 ipse
1175 1000 1408 1044 mtcrnus
1446 1004 1511 1043 ex
1554 995 1607 1041 te
1652 987 1795 1040 Deus
1833 983 2013 1047 Pater,

438 1092 552 1161 ipse
578 1087 887 1157 temporalis
908 1094 976 1140 ex
1006 1092 1177 1138 matre
1205 1082 1410 1152 virgine
1434 1097 1445 1132 :
1482 1080 1594 1148 ipse
1617 1078 1707 1147 qui
1732 1076 1876 1140 fecit,
1904 1076 2016 1145 ipse

439 1181 530 1251 qui
554 1180 724 1235 factus
755 1185 857 1243 est,
885 1190 1111 1231 manens
1138 1190 1201 1227 ex
1232 1182 1462 1241 utroque
1491 1171 1543 1223 in
1567 1179 1793 1238 utraque
1824 1176 2017 1222 natura

438 1286 598 1336 unus,
629 1284 731 1325 nec
763 1276 1076 1323 naturarum
1103 1264 1441 1333 copulatione
1469 1260 1724 1317 confusus
1742 1301 1755 1324 ,
1784 1274 1885 1314 nec
1921 1274 2020 1313 na-

439 1370 680 1416 turarum
708 1359 1009 1430 geminatus
1037 1355 1397 1410 distinctione.

512 1451 598 1505 Vl.
618 1450 748 1516 Quis
767 1446 996 1501 suﬂiciat
1019 1444 1261 1498 mirabile
1278 1457 1419 1517 ppus
1449 1449 1611 1495 tanta:
1632 1439 2019 1494 misericordias

439 1542 557 1613 ipso
586 1540 782 1594 mentis
805 1538 1000 1592 intuitu
1030 1534 1414 1591 considerare?
1452 1534 1584 1601 Quis
1611 1536 1717 1587 non
1751 1533 2020 1587 miretur?

440 1635 572 1701 Quis
615 1647 719 1688 non
767 1630 1119 1687 revereatur?
1166 1629 1294 1696 Qua:
1341 1644 1442 1683 vox
1494 1626 1575 1682 vel
1619 1627 1801 1697 lingua
1844 1626 2021 1680 valeat

441 1725 648 1779 debitas
675 1724 966 1793 rependere
994 1720 1220 1775 laudes?
1259 1718 1302 1774 0
1336 1718 1509 1773 facilis
1539 1726 1593 1772 et
1617 1717 1879 1772 immensa
1903 1717 2017 1785 pie-

2115 514 2376 578 erteolam,
2405 512 2547 580 quod
2576 525 2768 565 sanum
2791 523 3023 574 servem,
3052 505 3493 583 quod‘infirmum
3519 523 3712 564 corro-

2114 605 2318 670 borem,
2356 612 2411 660 et
2439 612 2617 668 omne,
2649 599 2792 671 quod
2828 600 2922 653 tibi
2960 597 3156 669 placet,
3188 599 3492 653 custodiam
3522 615 3713 669 perse-

2114 707 2385 753 veranter.
2416 697 2521 751 Des
2556 696 2777 764 insuper
2815 693 2945 748 mihi
2968 691 3249 761 despicere
3278 693 3625 763 temporalia,
3652 700 3715 751 et

2117 791 2246 845 totis
2269 789 2473 843 viribus
2493 795 2698 843 aeterna
2725 785 2969 856 diligere,
2996 794 3057 837 ut
3085 791 3359 838 mortuum
3382 786 3512 838 mihi
3539 786 3712 855 depu-

2117 889 2224 935 tem
2256 880 2534 941 mundum,
2571 892 2671 932 nec
2695 877 2952 945 gaudens,
2987 890 3087 929 nec
3111 876 3304 945 lugens
3330 876 3395 929 de
3428 884 3705 947 tempora-

2116 972 2275 1035 libus,
2296 978 2478 1023 utnec
2499 976 2738 1022 metuam
2765 965 2967 1035 aliquid
2993 965 3309 1034 temporale,
3338 980 3441 1021 nec
3464 967 3707 1036 diligam.

2117 1061 2227 1117 Nec
2247 1061 2457 1116 blandis
2482 1072 2816 1127 corrumpar,
2842 1072 2943 1110 nec
2965 1056 3210 1110 adversis
3229 1056 3531 1111 concutiar.
3556 1056 3712 1125 Rogo

2119 1160 2297 1218 tuam,
2330 1160 2515 1207 sancte
2550 1150 2743 1214 Pater,
2784 1148 3159 1213 clementiam,
3207 1148 3262 1202 in
3293 1148 3512 1203 nomine
3540 1149 3710 1219 ipsius

2117 1246 2237 1301 Filii
2268 1245 2364 1309 tui,
2393 1244 2716 1299 circumcide
2744 1243 2798 1297 in
2828 1258 2914 1296 me
2941 1242 3121 1296 omnia
3142 1242 3273 1296 vitia
3301 1242 3482 1295 cordis
3506 1251 3563 1296 et
3587 1257 3708 1297 cor-

2117 1342 2285 1412 poris,
2316 1347 2371 1395 et
2399 1341 2464 1393 da
2494 1339 2624 1393 mihi
2649 1346 2996 1407 augmentum
3019 1336 3523 1405 perfectionemque
3540 1336 3715 1389 virtu-

2121 1443 2250 1489 tum.
2285 1431 2529 1485 lllumina
2555 1443 2773 1483 sensum
2802 1436 2857 1481 et
2884 1427 3119 1480 animam
3149 1440 3327 1479 meam
3350 1466 3364 1488 ,
3408 1433 3471 1478 ιιι
3510 1424 3644 1479 illud
3684 1442 3715 1479 a

2094 1528 2173 1581 te
2217 1534 2428 1594 petam,
2477 1521 2615 1590 quod
2654 1531 2708 1577 te
2748 1520 2979 1574 delectet
3007 1521 3217 1573 audire.
3246 1519 3392 1573 Doce
3430 1534 3540 1581 me,
3585 1519 3717 1587 quid

2120 1618 2381 1688 cogitare,
2400 1614 2529 1685 quid
2555 1628 2737 1681 agere,
2759 1613 2889 1683 quid
2912 1612 3073 1681 loqui,
3096 1611 3226 1680 quid
3254 1618 3436 1665 tacere
3464 1610 3715 1664 debeam.

2122 1710 2197 1763 Da
2230 1709 2357 1762 mihi
2384 1706 2743 1777 prudentiam,
2779 1700 3472 1770 fortitudinemjnstitiam,
3501 1711 3557 1756 et
3580 1711 3719 1756 tem-

442 1821 561 1873 tas!
593 1818 636 1874 Ο
660 1820 795 1873 mira
828 1831 1145 1887 semperque
1171 1815 1417 1869 miranda
1460 1814 1652 1869 divina:
1682 1813 2021 1883 pmpitiatio-
2056 1782 2096 1840 Β
2124 1802 2445 1872 ρθτδιιιίειῐησ
2476 1801 2553 1854 Da
2588 1798 2965 1853 diSCI'elionem
2992 1798 3045 1851 ίι]
3069 1796 3343 1859 omnibus.
3372 1795 3717 1850 discernendi

439 1913 525 1967 uis
550 1912 887 1983 benignitas!
922 1910 1107 1976 Miror,
1137 1918 1326 1980 stupeo
1351 1926 1365 1973 ;
1397 1910 1489 1962 sed
1518 1908 1701 1972 laetor,
1738 1917 1794 1961 et
1820 1907 2022 1961 multas

442 2005 644 2075 gratias
671 2019 788 2073 ago.
814 2004 912 2057 lrrc
933 2009 986 2056 et
1010 2002 1330 2071 perditionis
1361 2000 1454 2053 ﬁlii
1488 1999 1708 2063 fuimus,
1734 2006 1788 2052 ct
1809 2014 1935 2052 ecce
1966 1998 2021 2051 in

438 2094 577 2150 ﬁlios
596 2094 691 2149 Dei
712 2094 947 2163 adoptati
972 2108 1178 2148 sumus.
1206 2091 1455 2145 Ha’redes
1481 2091 1687 2161 quidem
1712 2090 1828 2154 Dei,
1856 2090 2024 2142 colur-

439 2187 584 2240 redes
613 2195 785 2240 autem
824 2183 1023 2239 Christi
1050 2183 1237 2255 (Rom.
1289 2197 1406 2246 vm,
1454 2181 1547 2253 7),
1600 2182 1675 2235 ait
1701 2180 2018 2249 Apostolus:

440 2276 614 2345 Caput
640 2276 893 2331 Ecclesiae
939 2274 1208 2338 Christus,
1254 2271 1453 2327 Christi
1499 2288 1697 2341 corpus
1741 2272 2021 2337 Ecclesia;

441 2365 641 2421 Christi
670 2381 797 2435 ergo
820 2364 1061 2419 membra
1088 2378 1302 2428 sumus;
1330 2365 1470 2418 unde
1498 2366 1599 2417 hoc
1627 2364 1797 2429 nobis,
1822 2372 1875 2417 et
1896 2363 2025 2432 quid

443 2468 542 2511 nos
577 2458 643 2511 ad
670 2450 826 2510 haec?
862 2455 987 2509 felix
1011 2455 1208 2518 anima,
1241 2470 1359 2523 quae
1387 2462 1548 2508 tanta:
1575 2453 1890 2523 dignitatem
1915 2452 2028 2522 glo-

442 2549 538 2604 riae
564 2550 844 2604 honestate
874 2549 997 2603 vitae
1017 2555 1071 2603 et
1095 2563 1305 2602 morum
1330 2547 1574 2601 obtinere
1604 2546 1819 2609 meruit,
1845 2546 2026 2600 divino

445 2640 645 2695 auxilio
666 2641 864 2695 vallata
904 2640 957 2693 in
987 2639 1255 2694 omnibus.
1304 2638 1445 2691 Deus
1472 2635 1755 2690 ineffabilis
1780 2644 1837 2689 et
1863 2635 2025 2689 incir-

444 2734 783 2804 cumscriptae
832 2734 1069 2797 naturae,
1117 2731 1394 2786 institutor
1435 2731 1674 2785 omnium
1717 2742 1929 2795 rerum,
1972 2735 2028 2782 et

443 2824 654 2881 Domini
684 2825 854 2880 nostri
890 2822 1017 2879 Jesu
1045 2823 1245 2879 Christi
1270 2823 1453 2887 Pater,
1485 2824 1573 2892 qui
1611 2821 1860 2876 eumdem
1892 2819 2025 2875 dile-

444 2924 588 2973 ctum
612 2917 806 2972 Filium
829 2917 895 2971 de
917 2918 1037 2971 sinu
1059 2924 1151 2971 tuo
1172 2917 1364 2971 misisti
1382 2916 1447 2971 ad
1464 2916 1734 2985 publicum
1758 2922 2024 2979 nostrum,

444 3011 718 3079 suscipere
740 3016 983 3064 nostram
1009 3009 1194 3073 vitam,
1220 3016 1279 3061 ut
1308 3009 1463 3063 nobis
1489 3009 1640 3062 daret
1658 3023 1831 3071 suam,
1860 3014 2029 3061 esset-

442 3112 547 3172 que
568 3100 840 3172 perfectus
863 3102 1005 3156 Deus
1034 3115 1099 3153 ex
1122 3108 1172 3153 te
1197 3099 1381 3165 Patre,
1402 3107 1455 3152 et
1476 3098 1752 3174 perfectgs
1777 3099 1937 3151 homo
1958 3112 2025 3151 ex

445 3203 653 3248 matre:
688 3201 832 3249 totus
856 3194 1017 3257 Deus,
1048 3202 1101 3246 et
1131 3202 1272 3248 totus
1299 3194 1481 3255 homo,
1510 3192 1673 3262 396
1692 3205 1830 3245 unus
1858 3192 2026 3244 idem-

443 3297 551 3355 que
588 3283 855 3349 Christus,
886 3292 1123 3338 :eternus
1150 3293 1206 3338 et
1232 3283 1575 3352 temperatis,
1626 3283 1945 3337 immortalis
1972 3290 2025 3338 et

444 3375 756 3437 moriturus,
790 3374 1017 3431 Creator
1058 3382 1113 3429 et
1160 3380 1403 3438 creatus,
1454 3373 1609 3429 fortis
1645 3380 1703 3428 et
1743 3373 2022 3439 inflrnms,

444 3466 682 3521 nutritor
723 3471 779 3520 et
824 3467 1091 3531 nutritus,
1139 3474 1329 3536 pastor
1367 3475 1422 3520 et
1463 3467 1608 3530 ovis,
1657 3464 2028 3534 temporaliter

445 3554 706 3620 mortuus,
732 3567 911 3613 tecum
942 3560 993 3613 in
1024 3566 1285 3614 aeternum
1306 3560 1511 3625 vivens,
1542 3560 1654 3614 suis
1679 3554 2026 3613 dilectoribus

442 3646 568 3701 vitae
594 3648 980 3718 municipatum
1010 3650 1331 3718 promittens
1359 3650 1525 3713 dedit,
1563 3658 1615 3704 et
1660 3651 1813 3705 nobis
1851 3649 2021 3703 dixit:

444 3734 801 3807 Quodcunque
828 3741 1077 3809 petieritis
1107 3739 1323 3796 Patrem
1368 3744 1425 3796 in
1465 3744 1673 3797 nomine
1698 3757 1809 3796 meo
1832 3782 1846 3807 ,
1880 3743 2025 3797 dabit

442 3824 585 3879 vobis
618 3825 800 3897 (Joan.
833 3842 923 3896 xv,
955 3829 1063 3900 i6).

516 3915 626 3971 ιιι.
666 3916 903 3973 Obsecro
938 3920 1138 3989 itaque,
1183 3921 1429 3987 Domine,
1474 3922 1528 3976 et
1571 3930 1624 3977 te
1665 3926 1827 3980 nimis
1877 3926 2025 3997 ptum

444 4022 573 4078 rogo
602 4009 656 4063 in
684 4010 901 4065 nomine
929 4011 1165 4080 ejusdem
1195 4011 1315 4066 Filii
1345 4013 1423 4066 tui
1448 4012 1800 4079 dilectissimi,
1836 4024 1895 4070 ut
1934 4019 2026 4073 des

444 4100 573 4154 mihi
599 4116 721 4156 cum
751 4104 938 4157 eodem
965 4104 1099 4158 Filio
1130 4110 1221 4159 tuo
1250 4112 1303 4159 te
1338 4107 1392 4160 in
1420 4107 1671 4162 omnibus
1708 4108 2027 4167 benedicere

445 4200 505 4247 et
522 4193 857 4263 glorificare:
883 4197 1006 4265 quia
1035 4212 1263 4266 quorum
1287 4214 1388 4252 una
1410 4206 1492 4253 est
1518 4201 1836 4267 substantia,
1860 4218 2026 4258 unum

445 4290 528 4335 est
557 4290 611 4336 et
634 4286 836 4338 datum.
869 4286 973 4340 Des
1003 4287 1165 4341 etiam
1207 4290 1337 4343 mihi
1368 4304 1464 4359 per
1493 4290 1671 4355 illum,
1704 4300 1757 4346 et
1784 4309 1905 4347 cum
1938 4294 2027 4349 illo

445 4374 789 4442 peccatorum
814 4377 1050 4431 omnium
1076 4381 1311 4445 veniam,
1336 4390 1391 4435 et
1411 4383 1785 4439 mandatorum
1808 4393 2025 4441 tuorum

2052 3141 2104 3210 α

2125 1896 2266 1948 inter
2310 1896 2583 1949 dexteram
2614 1898 2668 1946 et
2701 1892 2998 1947 sinistram.
3030 1889 3107 1943 Da
3136 1889 3302 1944 etiam
3333 1903 3555 1943 sensum
3582 1887 3717 1957 vigi-

2124 1985 2252 2049 lem,
2284 1992 2339 2037 et
2366 1983 2679 2052 providum.
2692 1980 3041 2044 intellectum,
3072 1988 3133 2034 ut
3164 1978 3368 2049 possim
3406 1978 3549 2032 inter
3576 1978 3715 2030 bona

2125 2076 2375 2143 malaque
2404 2074 2733 2128 discernere.
2764 2070 2932 2125 Aufer
2961 2085 2990 2123 a
3020 2070 3181 2124 corde
3210 2083 3335 2123 meo
3361 2067 3712 2123 alienationis

2127 2183 2367 2230 sensum,
2394 2181 2526 2221 cura
2565 2167 2620 2220 in
2648 2180 2733 2219 me
2764 2170 3036 2232 stuporem
3080 2164 3313 2227 mentis,
3360 2162 3605 2231 exstirpa
3652 2162 3718 2215 de

2126 2256 2423 2311 visceribus
2447 2255 2581 2309 meis
2610 2254 2833 2309 consilia
2869 2252 3192 2321 iniquitatis,
3217 2253 3436 2305 eradica
3466 2267 3496 2305 a
3530 2251 3715 2321 lingua

2127 2364 2248 2405 mea
2278 2348 2597 2404 detrahendi
2624 2345 3103 2408 consuetudinem,
3151 2343 3446 2399 mentiendi
3481 2343 3716 2397 facilita-

2128 2450 2259 2506 tem,
2286 2439 2539 2509 loquendi
2570 2437 2981 2502 scurrilitatem,
3009 2442 3063 2490 et
3082 2450 3271 2490 omnes
3290 2442 3448 2490 actus
3466 2434 3718 2490 vanitatis

2125 2549 2259 2589 mea:
2289 2542 2403 2586 arte
2430 2530 2711 2585 medicina
2736 2537 2840 2583 tua:
2863 2542 3013 2582 sana.

2198 2644 2328 2702 Vill.
2357 2645 2434 2699 Da
2478 2644 2607 2699 mihi
2651 2656 2863 2712 semper
2890 2640 3189 2712 profectum
3218 2640 3272 2694 in
3300 2638 3702 2709 purgatissima

2128 2738 2390 2802 moribus,
2423 2748 2545 2795 tene
2579 2750 2657 2789 me
2698 2735 2896 2789 virtute
2921 2731 3320 2802 omnipotentiae
3353 2738 3481 2793 tuae,
3521 2737 3579 2784 et
3613 2736 3718 2784 nou

2128 2830 2275 2884 sinas
2316 2843 2403 2881 me
2447 2827 2723 2882 voluntate
2767 2824 2971 2895 proprii
3012 2824 3223 2878 arbitrii
3270 2823 3509 2893 evagari.
3559 2820 3717 2877 Juxta

2130 2928 2278 2973 tuam
2307 2918 2703 2988 providentiam
2744 2918 2967 2987 dispone
2995 2928 3208 2970 omnem
3236 2914 3404 2967 vitam
3450 2928 3629 2968 meam
3666 2913 3721 2967 in

2128 3019 2217 3064 tua
2246 3011 2539 3064 voluntate.
2576 3008 2821 3062 Animam
2866 3009 3007 3062 hanc
3048 3007 3411 3076 peccatricem
3434 3046 3448 3065 ,
3482 3008 3585 3075 pro
3613 3019 3719 3075 qua

2130 3100 2377 3155 Christus
2398 3106 2643 3153 mortuus
2668 3106 2773 3162 est,
2806 3112 2910 3151 non
2937 3097 3219 3168 permittas
3248 3097 3445 3166 perire.
3482 3095 3720 3151 Frenum

2130 3200 2279 3245 suum
2308 3192 2361 3245 in
2391 3188 2622 3247 maxillis
2652 3191 2786 3245 meis
2814 3205 2976 3260 pone,
3007 3198 3061 3244 et
3085 3196 3343 3260 tanquam
3374 3196 3720 3244 mansuetum

2130 3285 2327 3339 animal
2360 3286 2515 3340 trahe
2545 3301 2631 3340 me
2654 3291 2777 3355 post
2810 3292 2880 3338 te.
2915 3284 2994 3338 Tu
3035 3285 3180 3338 enim
3208 3292 3397 3338 cuncta
3425 3286 3548 3351 quze
3582 3282 3719 3337 mihi

2130 3378 2439 3449 expediunt,
2471 3379 2632 3434 nosti.
2655 3377 2770 3433 Non
2790 3376 3030 3443 diabolo,
3046 3377 3155 3433 non
3178 3377 3329 3442 inihi,
3350 3382 3450 3431 non
3478 3375 3713 3438 mundo,

2128 3485 2235 3525 ron
2261 3470 2349 3525 alii
2376 3470 2533 3525 alicui
2552 3470 2712 3525 liceat
2739 3480 2829 3525 tua
2860 3471 2997 3525 dona
3028 3471 3362 3533 subvertere,
3389 3471 3511 3538 quia
3538 3476 3721 3523 totum

2130 3563 2319 3636 fragile
2348 3574 2427 3619 est
2454 3562 2714 3634 quidquid
2742 3564 2839 3619 tibi
2870 3565 3061 3619 nititur
3081 3562 3319 3619 obviare.
3347 3556 3547 3617 Fecisti
3574 3562 3719 3617 enim

2128 3671 2341 3711 mecum
2366 3672 2394 3709 a
2418 3671 2587 3726 puero
2623 3654 3050 3710 misericordiam
3072 3653 3315 3709 multam.
3349 3646 3559 3707 Perﬁce
3576 3649 3719 3722 quod

2131 3746 2363 3819 ccepisti.
2417 3749 2494 3803 Da
2538 3749 2667 3803 mihi
2715 3764 2925 3817 semper
2954 3756 3007 3801 et
3040 3747 3240 3816 ubique
3285 3754 3472 3801 contra
3506 3745 3719 3801 hostem

2132 3836 2584 3903 Crudelissimum,
2620 3838 2767 3909 pium
2810 3847 2915 3892 tua:
2957 3836 3286 3893 defensionis
3331 3837 3632 3900 auxilium,
3661 3846 3719 3891 ut

2130 3930 2269 3985 sicut
2312 3929 2658 4000 fragilitatem
2690 3945 2864 3984 meam
2896 3928 2987 3984 ille
3022 3928 3221 3983 invitus
3261 3945 3367 3984 non
3412 3937 3590 3983 cessat
3620 3926 3720 3982 im-

2128 4031 2332 4094 petere,
2376 4024 2449 4077 ita
2481 4024 2589 4078 tuis
2633 4031 2852 4095 cogatur
2879 4022 3084 4078 viribus
3116 4016 3373 4078 confusus
3402 4022 3713 4078 abscedere.

2130 4115 2331 4169 Praesta
2361 4124 2418 4169 ut
2442 4116 2541 4169 sim
2569 4110 2827 4185 partulus
2871 4115 2925 4169 in
2965 4114 3134 4170 oculis
3162 4114 3330 4180 meis,
3361 4124 3422 4169 ut
3452 4130 3636 4169 coram
3666 4122 3716 4167 te

2130 4207 2403 4260 inveniam
2431 4207 2676 4277 gratiam.
2718 4207 2793 4260 Da
2827 4216 2881 4260 et
2913 4206 3119 4275 adauge
3152 4206 3281 4260 mihi
3311 4220 3530 4274 semper
3558 4203 3715 4259 ﬁdem

2130 4298 2362 4363 firmam,
2395 4314 2541 4368 spem
2584 4299 2987 4362 inconcussam,
3022 4298 3343 4352 charitatem
3384 4295 3711 4367 perfectam,

2130 4382 2486 4445 humilitatem
2529 4388 2870 4461 profundam,
2918 4392 3229 4461 patientiam
3280 4391 3710 4454 invictissimum,

447 4461 1141 4568 custodiam-dilectionem
1171 4476 1315 4522 tuam
1358 4479 1409 4524 et
1432 4471 1729 4529 fraternum
1762 4493 2019 4533 amorem.
2050 4508 2102 4568 ι)
2129 4483 2374 4553 corporis
2406 4484 2704 4553 animmque
2734 4483 3036 4538 castitatem
3066 4495 3402 4554 perpetuam.
3436 4485 3510 4538 Da
3540 4484 3715 4539 cordis

446 4550 647 4641 Contra
689 4554 959 4609 diabolum
1006 4556 1165 4611 fortia
1210 4562 1524 4618 humilitatis
1568 4582 1752 4633 arma,
1800 4578 1854 4623 et
1898 4585 2024 4641 erga

446 4640 642 4698 fratres
685 4646 1005 4701 charitatem
1047 4650 1360 4719 perfectam.
1412 4654 1844 4725 Temperantiam
1894 4640 2021 4728 cibi,

429 4740 626 4802 potus,
672 4742 833 4805 atque
864 4739 1071 4807 somni,
1100 4750 1154 4795 et
1190 4744 1354 4799 totius
1384 4744 1621 4803 libidinis
1646 4758 1701 4803 et
1728 4753 1850 4806 vani
1878 4754 2023 4807 desi-

447 4824 583 4881 derii
617 4830 1034 4899 continentiam,
1080 4837 1317 4893 auditum
1367 4848 1605 4906 castum,
1646 4851 1701 4897 et
1727 4846 2022 4918 simplicem

446 4918 651 4975 visum.
676 4921 970 4979 Puritatem
1002 4929 1179 4983 cordis
1213 4938 1265 4985 et
1291 4932 1609 4988 munditiam
1634 4939 1894 5007 corporis.
1925 4939 2027 4994 Co-

446 5012 759 5081 gitationem
792 5019 1045 5073 mundam
1067 5061 1080 5085 ,
1120 5024 1176 5076 et
1203 5024 1313 5079 oris
1352 5026 1640 5097 cordisque
1681 5032 2021 5099 custodiam;

444 5113 505 5159 ut
530 5120 629 5163 nec
656 5122 750 5164 cor
772 5110 919 5166 intus
945 5113 1281 5183 iniquitatem
1302 5119 1590 5187 concipiat,
1618 5138 1719 5177 nec
1744 5123 1923 5195 lingua
1949 5125 2025 5181 fo-

446 5213 535 5253 ras
554 5204 821 5270 parturiat
847 5220 860 5257 :
902 5216 962 5259 ut
992 5222 1092 5263 nec
1120 5207 1251 5264 falsa
1275 5209 1486 5281 loquar,
1513 5231 1612 5271 nec
1643 5231 1768 5272 vera
1796 5226 2021 5285 taceam,

447 5305 546 5346 nec
573 5294 850 5351 salutifera
887 5299 1236 5367 abscondam,
1286 5320 1386 5358 nec
1416 5306 1691 5363 mortifera
1730 5312 2020 5381 proferam.

445 5383 646 5442 Precor
671 5392 835 5446 etiam
858 5401 918 5446 ut
944 5395 1038 5448 des
1064 5396 1192 5449 mihi
1225 5399 1596 5455 assiduitatem
1628 5406 1838 5471 orandi,
1883 5408 2026 5463 vires

441 5474 735 5566 jyejnna‘ndi,
768 5481 1123 5552 frequentiam
1162 5486 1393 5558 legendi,
1422 5499 1481 5545 ut
1522 5505 1786 5566 praecepta
1820 5506 1909 5551 tua
1938 5500 2023 5552 in-

446 5564 790 5638 fatigabilite'r
826 5571 1021 5643 legam,
1051 5584 1106 5630 et
1140 5577 1532 5649 inexplebiliter
1557 5564 1807 5656 diligam,
1839 5598 1890 5643 et
1916 5588 2026 5643 elli—

680 5662 1000 5733 compleam,
1029 5674 1084 5721 et
1103 5669 1361 5739 quidquid
1389 5674 1441 5727 in
1466 5690 1553 5729 me
1587 5682 1810 5747 pravum
1840 5681 2026 5751 depre-

448 5745 708 5816 hendero,
732 5763 833 5823 per
856 5757 1089 5827 gratiam
1113 5767 1259 5815 tuam
1292 5745 1600 5837 corrigami
1638 5762 1780 5839 quod
1817 5745 2024 5830 rectum

2129 4573 2531 4639 contritionem,
2562 4582 2615 4627 et
2645 4572 2846 4628 fontem
2878 4574 3259 4643 laerymarnm,
3300 4575 3364 4629 da
3396 4574 3709 4645 simplicita-

2129 4672 2256 4729 tem,
2289 4665 2650 4720 innocentiam
2680 4674 2737 4720 et
2765 4666 3055 4735 puritatem
3087 4667 3298 4731 cordis,
3329 4666 3710 4731 stabilitatem,

2126 4757 2483 4811 constantiam
2508 4766 2561 4811 et
2582 4758 2946 4827 integritatem
2973 4758 3185 4813 mentis.
3203 4754 3280 4811 Da
3292 4756 3439 4813 vires
3462 4759 3709 4823 invictas,

2127 4855 2187 4900 ut
2230 4847 2403 4901 victor
2443 4849 2548 4902 mei
2582 4850 2635 4902 in
2665 4849 2871 4903 cunctis
2911 4850 3156 4903 existant.
3206 4849 3525 4906 Dominetur
3564 4852 3711 4907 carni

2126 4939 2289 5003 ratio,
2317 4948 2370 4994 et
2406 4940 2605 4994 rationi
2634 4940 2805 5011 gratia
2830 4948 2944 5006 tua,
2973 4949 3031 4994 ut
3057 4956 3161 4994 non
3189 4942 3363 4996 vivam
3393 4942 3709 5009 bestialiter,

2127 5037 2311 5099 raptus
2341 5029 2541 5099 impetu
2574 5032 2773 5095 carnis,
2814 5028 2907 5085 sed
2940 5032 3008 5086 sit
3038 5033 3377 5087 conversatio
3402 5049 3524 5089 mea
3548 5034 3713 5089 hone-

2127 5130 2208 5177 sta
2240 5131 2293 5177 et
2322 5124 2623 5179 rationalis.
2652 5124 2761 5179 Fac
2790 5141 2875 5179 me
2906 5126 3187 5195 providum
3218 5126 3283 5181 ad
3307 5128 3485 5183 omnia
3528 5138 3582 5183 et
3609 5129 3712 5183 dis-

2126 5222 2332 5283 cretum
2358 5215 2409 5269 in
2438 5215 2663 5269 cunctis.
2680 5213 2878 5270 Tribue
2899 5216 3029 5271 mihi
3052 5216 3177 5271 nulli
3200 5220 3540 5274 occasionem
3563 5236 3710 5275 scan-

2127 5304 2235 5360 dali
2266 5306 2524 5374 prmbere,
2553 5306 2952 5375 simplicitatem
2982 5317 3037 5362 et
3060 5308 3342 5364 veritatem
3374 5310 3623 5383 diligere,
3658 5320 3712 5367 et

2126 5394 2392 5447 instanter
2419 5408 2502 5459 ea,
2554 5409 2670 5463 qua:
2712 5396 2862 5465 pacis
2908 5405 2963 5450 et
3006 5398 3288 5453 charitatis
3333 5411 3484 5465 sunt,
3535 5402 3706 5472 sequi.

2127 5485 2307 5555 Longe
2334 5484 2417 5539 fac
2459 5500 2487 5538 a
2531 5501 2618 5539 me
2653 5500 2866 5541 omnem
2895 5488 3246 5559 hypocrisim,
3279 5504 3603 5563 omnemque
3639 5494 3712 5548 si-

2128 5577 2499 5642 mulationem,
2530 5587 2584 5633 et
2608 5578 2693 5634 fac
2723 5595 2807 5635 me
2837 5579 2933 5634 tibi
2962 5582 3015 5635 in
3040 5582 3267 5637 veritate
3298 5586 3505 5641 servire

2196 5682 2288 5741 lx.
2315 5687 2561 5745 Concede
2594 5688 2749 5759 mihi,
2778 5710 2961 5763 qua:so
2981 5736 2995 5760 ,
3022 5686 3375 5753 bonoauimo
3408 5708 3631 5770 propter
3657 5710 3709 5756 te

2127 5776 2393 5846 majorum
2429 5778 2583 5837 subdi
2607 5781 2848 5853 imperiis
2865 5826 2879 5850 ,
2906 5782 2959 5839 et
2981 5770 3144 5841 alacri
3167 5782 3329 5844 corde
3355 5792 3420 5846 ad
3449 5790 3702 5848 obedien-
