4038 6354
306 347 444 458 ωδε

969 379 1118 436 ore.
1164 344 1390 436 suam.
1434 347 1503 417 -;
1539 347 1761 429 ALiiiiii
1800 371 1868 431 Ct

1970 349 2179 430 ’lissto
2217 355 2418 430 nam.
2461 353 2745 432 Lens
2781 373 2869 434 ιιι.

3404 371 3540 440 retu

303 485 451 555 tiam,
488 475 553 542 ad
581 473 1002 558 compassiorictit
1023 529 1038 553 ,
1083 477 1148 542 a‘d
1178 487 1516 544 concordiam
1559 487 1672 541 sine
1715 495 1865 540 mora
1890 489 1944 550 Α
2039 479 2103 536 Χ.
2145 482 2344 539 Precor
2375 495 2424 540 te
2461 499 2556 556 per
2583 485 2775 542 Filium
2807 483 2976 554 tuuiii,
3005 489 3209 561 νέειβὶἓὲ
3237 477 3405 550 meet
3434 495 3538 550 mi-

299 591 642 638 con'currere.
674 579 861 637 Excita
884 581 1154 652 torporem
1185 597 1360 639 meum
1391 573 1619 638 stimulis
1651 581 1786 646 tuis,
1817 585 1873 636 et
1971 573 2153 630 serere
2191 576 2294 631 mei
2329 596 2341 631 :
2382 579 2573 634 exaudi
2621 581 2920 637 orationem
2963 583 3166 650 meam,
3207 585 3264 641 ει
3301 585 3367 642 da
3405 585 3542 646 mihi

300 674 384 730 fac
405 689 490 729 me
513 665 728 750 strenue
754 667 1098 744 perseverare
1143 669 1194 729 in
1233 673 1513 746 prteceptis
1542 671 1596 728 et
1623 671 1870 727 laudibus

301 767 406 822 tuis
450 773 605 820 nocte
635 759 696 821 ac
725 763 831 820 die.
861 765 935 820 Da
974 755 1105 824 mihi
1142 767 1419 822 scientiam
1453 763 1708 822 humilem
1751 780 1870 834 quze

299 857 544 921 aidificat,
579 853 631 912 et
665 853 898 928 linguam
927 853 1193 914 eruditam
1233 870 1284 913 et
1317 859 1689 928 eloquentem,
1736 865 1872 912 utet

299 949 468 1003 bonos
498 947 704 1003 valeam
733 950 796 1001 ad
832 941 1050 1003 meliora
1081 951 1378 1013 exhortari,
1411 957 1464 1006 et
1492 949 1658 1003 malos
1679 949 1744 1002 ad
1767 955 1870 1002 tute

299 1039 633 1093 rectitudinis
675 1039 869 1093 lineam
910 1055 1182 1094 revocare.
1230 1037 1486 1103 lnfunde,
1519 1051 1680 1106 rogo,
1718 1037 1869 1092 cordi

299 1127 417 1202 meo
443 1144 538 1198 per
569 1127 760 1182 Filium
805 1139 972 1194 tuum,
1020 1138 1072 1184 et
1110 1129 1174 1184 da
1204 1129 1332 1184 mihi
1373 1145 1494 1184 cum
1525 1143 1588 1183 eo
1621 1129 1868 1198 spiritum

299 1223 572 1291 sapientiae
593 1229 647 1276 et
669 1209 1214 1289 intellectus,‘consilii
1243 1230 1295 1278 et
1321 1223 1666 1286 fortitudinis,
1695 1223 1868 1278 scien-

300 1317 384 1370 tiae
411 1324 467 1371 et
491 1311 721 1386 pietatis,
757 1325 810 1370 et
855 1315 999 1386 reple
1041 1332 1126 1370 me
1167 1325 1354 1371 sancto
1381 1317 1572 1384 timore
1601 1325 1654 1369 et
1681 1330 1868 1371 amore

299 1418 409 1464 tuo.
444 1409 517 1464 Da
543 1409 802 1480 irriguum
831 1409 1076 1479 superius
1095 1417 1148 1463 et
1169 1409 1426 1480 irriguum
1453 1405 1694 1462 inferius.
1720 1408 1866 1462 Dona

297 1501 426 1556 mihi
478 1501 903 1556 benedictionem
958 1501 1023 1555 de
1053 1502 1197 1554 'rore
1247 1500 1399 1564 coeli,
1445 1507 1498 1553 et
1545 1499 1868 1569 pinguedine

299 1599 471 1646 terra}.
510 1591 585 1645 Da
618 1601 678 1646 ut
705 1593 879 1647 anima
919 1607 1035 1646 mea
1061 1591 1248 1645 ardeat
1271 1592 1390 1660 igne
1413 1590 1612 1644 amoris
1637 1589 1732 1642 tui.
1760 1585 1867 1644 Fac

297 1699 380 1738 me
411 1683 608 1737 mundo
638 1683 852 1753 penitus
875 1682 1162 1752 exstingui.
1196 1680 1440 1737 Concede
1469 1679 1598 1735 mihi
1631 1696 1726 1735 cor
1741 1697 1868 1736 con-

299 1775 481 1827 tritum
525 1782 580 1828 et
619 1773 954 1828 humiliatum
990 1773 1189 1826 habere
1213 1787 1393 1826 coram
1423 1782 1492 1825 te.
1531 1769 1637 1826 Fac
1665 1789 1747 1826 me
1771 1787 1868 1842 per

247 1881 256 1884 ·
293 1867 522 1934 gratiam
557 1873 698 1918 tuam
730 1863 946 1933 peccata
991 1879 1109 1917 mea
1155 1863 1332 1918 omnia
1371 1864 1527 1926 flere,
1577 1873 1866 1932 antequam

292 1957 514 2010 moriar.
546 1956 620 2009 Da
648 1955 776 2010 mihi
817 1964 926 2010 tota
952 1955 1127 2008 anima
1155 1961 1210 2008 et
1233 1953 1356 2008 totis
1381 1951 1584 2008 viribus
1615 1953 1748 2008 meis
1773 1969 1866 2008 ex-

291 2046 510 2118 quirere
561 2046 752 2101 f'acicm
796 2055 938 2100 tuam
979 2059 1209 2114 semper.
1255 2033 1477 2099 lnfunde
1525 2041 1865 2100 dilectionem

297 2147 442 2192 tuam
469 2137 674 2206 pectori
708 2151 846 2201 meo,
879 2147 932 2190 et
969 2133 1143 2191 scribe
1184 2133 1389 2190 dulcem
1426 2135 1742 2189 memoriam
1785 2133 1864 2190 tui

296 2231 348 2285 in
376 2229 572 2283 tabulis
601 2229 776 2283 cordis
802 2228 924 2282 mei.
960 2221 1170 2282 lllustra
1208 2242 1293 2280 me
1324 2226 1441 2280 lucc
1475 2225 1707 2280 cmlestis
1739 2241 1867 2296 pru~

294 2317 505 2376 (lentiae.
534 2317 822 2390 Imaginem
853 2327 997 2373 tuam
1029 2313 1083 2372 in
1122 2313 1208 2371 me
1243 2315 1348 2372 non
1392 2311 1537 2371 sinas
1563 2315 1862 2379 obscurari,

294 2425 414 2482 quae
437 2413 481 2466 si
511 2419 561 2466 te
583 2407 871 2482 pricsrante
897 2403 1241 2472 defendatur,
1276 2421 1485 2476 semper
1510 2407 1726 2478 egregia
1761 2417 1861 2462 est.

292 2502 448 2558 Adsit
477 2502 624 2566 mihi,
669 2495 872 2571 qureso,
903 2497 1181 2555 beatorum
1219 2491 1532 2567 angelorum
1562 2499 1650 2568 pia
1677 2508 1731 2553 et
1761 2495 1865 2552 fida

294 2593 535 2649 custodia
565 2594 763 2662 ubique
785 2597 838 2647 et
868 2585 1102 2668 semper,
1135 2585 1186 2644 et
1214 2599 1432 2660 praesta,
1460 2595 1519 2644 ut
1539 2591 1676 2660 apud
1699 2598 1749 2642 te
1771 2603 1867 2658 pro

294 2699 383 2739 me
412 2683 629 2752 misero,
654 2681 894 2738 omnium
932 2690 1239 2737 sanctorum
1270 2681 1481 2750 agmina
1508 2677 1864 2744 intercedant,

297 2784 356 2832 ut
380 2787 565 2832 eorum
587 2773 835 2848 precibus
856 2785 910 2830 et
931 2773 1160 2840 meritis,
1191 2787 1289 2844 pro
1325 2783 1414 2828 tua
1442 2773 1642 2844 pietate
1676 2769 1868 2841 dignus

295 2863 502 2922 efficiar
527 2865 968 2936 promissionihus
991 2857 1110 2920 Filii
1139 2865 1238 2919 tui.
1265 2863 1508 2920 Concede
1529 2861 1660 2917 mihi
1688 2860 1868 2932 fragil-

295 2957 454 3023 limo,
490 2955 770 3013 beatorum
816 2957 1200 3014 monachorum
1229 2963 1441 3028 patrum
1475 2971 1717 3012 meorum
1746 2955 1868 3010 imi-

297 3047 400 3102 tari
428 3048 667 3118 vestigia.
698 3047 772 3102 Da
809 3047 940 3102 mihi
960 3063 1147 3103 eorum
1169 3043 1652 3112 mansuetudinem,
1677 3046 1865 3102 mode-

296 3142 478 3206 stiam,
510 3149 565 3196 et
609 3137 967 3207 tolerantiam,
1014 3141 1429 3211 benignitatem,
1471 3135 1862 3210 paupertatem,

1968 666 2196 738 gratiam
2234 676 2376 722 tuam
2413 680 2630 740 propter
2673 671 3068 731 multitudinem
3112 669 3367 734 bonitatis
3415 685 3539 747 tuae,

1969 775 2089 829 qua:
2134 775 2344 815 meeum
2385 760 2589 832 jugiter
2628 775 3000 834 perseverans,
3041 767 3229 824 doceat
3270 787 3354 827 me
3394 773 3542 829 ince-

1969 851 2096 908 der'e
2121 855 2302 908 ceram
2340 861 2392 908 te
2433 855 2723 910 secundum
2751 858 3077 914 voluntatem
3116 865 3262 916 tua'm
3291 861 3541 921 omnibus

1970 945 2162 999 diebus
2208 945 2331 999 vita:
2367 959 2520 1000 nteze.
2571 945 2720 1002 Hanc
2753 957 2909 1018 peto,
2957 951 3021 1005 da
3063 949 3195 1007 mihi
3231 965 3382 1019 eam,
3424 971 3542 1026 qua:

1970 1041 2056 1090 me
2091 1053 2214 1092 cum
2264 1039 2450 1094 amicis
2486 1039 2794 1108 pacificum,
2838 1051 2890 1098 et
2936 1057 3056 1100 cum
3089 1044 3320 1101 iniinieis
3351 1047 3544 1103 reddat

1970 1129 2340 1201 tranquillum,
2373 1145 2492 1202 quae
2523 1149 2608 1188 me
2644 1149 2671 1187 a
2700 1133 2862 1190 verbo
2891 1151 3081 1206 aspero
3112 1135 3353 1211 mitiget,
3391 1149 3445 1194 et
3476 1129 3544 1194 al)

1969 1223 2142 1279 otioso
2172 1239 2418 1277 sermone
2458 1223 2796 1302 compescat,
2842 1239 2961 1293 qua:
2995 1239 3081 1279 me
3120 1235 3331 1296 semper
3374 1227 3541 1283 Deum

1967 1313 2051 1366 vel
2083 1327 2202 1381 quae
2241 1311 2334 1366 Dei
2366 1321 2511 1379 sunt,
2556 1315 2793 1383 cogitare
2833 1315 3138 1386 compellat,
3169 1326 3223 1372 et
3257 1318 3440 1374 oculos
3475 1319 3542 1373 ab

1969 1405 2074 1459 isto
2097 1419 2234 1458 vano
2264 1405 2458 1458 saeculo
2490 1413 2699 1460 avertat
2727 1424 2738 1459 :
2779 1419 2897 1476 quae
2927 1408 3057 1463 mihi
3087 1403 3230 1463 omni
3261 1409 3390 1464 hora
3421 1419 3543 1465 ante

1969 1503 2314 1563 conspectum
2363 1506 2588 1550 mortem
2646 1497 2881 1568 ingerat,
2927 1505 2982 1555 et
3023 1500 3110 1555 hic
3151 1501 3384 1570 gaudere
3421 1517 3546 1570 pro-

1970 1585 2184 1651 hibeat;
2217 1601 2335 1655 quae
2364 1588 2572 1641 trabem
2605 1603 2666 1642 ac
2693 1587 2886 1644 molem
2924 1597 3268 1660 peccatorum
3299 1605 3542 1644 meorum

1971 1678 2316 1734 considerare
2356 1692 2441 1733 me
2478 1688 2533 1733 et
2576 1680 2830 1750 plangere
2871 1681 3052 1745 faciat,
3085 1685 3275 1737 etnon
3315 1682 3542 1737 aliorum

1971 1769 2166 1823 delicta
2197 1770 2340 1824 velut
2369 1769 2632 1826 festucam
2659 1769 2986 1826 levissimam
3012 1775 3335 1842 perscrutari
3365 1773 3568 1828 dimi't-'

1899 1835 1944 1896 Β
1973 1869 2053 1914 tat
2082 1877 2096 1914 :
2127 1868 2399 1930 postremo
2422 1875 2540 1930 quae
2570 1862 2749 1915 omnia
2792 1863 2974 1917 mundi
3003 1835 3100 1931 pro
3127 1865 3294 1919 nihilo
3316 1865 3535 1930 habere,

1965 1959 2022 2005 et
2049 1958 2102 2005 te
2141 1951 2312 2005 solum
2355 1951 2484 2006 totis
2527 1951 2680 2006 sitire
2719 1952 3015 2007 visceribus
3056 1953 3224 2007 Deum
3273 1961 3536 2018 nostrum,

1967 2057 2137 2110 usque
2166 2043 2219 2096 in
2271 2043 2432 2096 finem
2473 2044 2664 2097 doceat
2720 2059 2827 2108 me,
2872 2052 3030 2112 atque
3075 2053 3268 2113 potens
3312 2045 3540 2108 efficiat;

1967 2143 2022 2194 et
2046 2135 2185 2188 sicut
2209 2135 2449 2203 piissima
2481 2135 2844 2190 misericordia
2872 2145 2960 2189 tua
2977 2135 3169 2190 dedisti
3197 2135 3326 2190 mihi
3353 2133 3538 2190 volun-

1969 2235 2135 2282 tatem
2164 2226 2426 2281 veniendo
2455 2228 2522 2281 ad
2545 2229 2600 2282 te
2634 2242 2730 2296 per
2759 2227 2925 2293 illam,
2954 2229 3033 2283 sic
3071 2227 3274 2284 donare
3303 2230 3544 2301 digneris

1967 2319 2285 2388 sapientiam
2308 2329 2362 2373 et
2386 2319 2738 2384 intellectum,
2764 2321 3017 2374 virtutem
3047 2327 3104 2374 et
3127 2321 3540 2389 possibilitatem

1967 2409 2209 2478 corporis
2232 2417 2287 2462 et
2314 2409 2507 2463 animae
2534 2411 2601 2463 ad
2624 2410 2718 2464 tibi
2747 2425 2960 2479 semper
2979 2409 3322 2465 devotissime
3344 2411 3398 2465 in
3425 2423 3542 2465 om-

1968 2500 2126 2554 nibus
2145 2501 2506 2566 serviendum,
2521 2517 2618 2571 per
2631 2503 2874 2557 eamdem
2903 2504 3190 2574 benignam
3212 2503 3547 2574 magistram-

1969 2605 2073 2661 que
2091 2591 2320 2658 gratiam
2347 2601 2515 2656 tuam,
2547 2593 2664 2648 sine
2689 2607 2793 2662 qua
2831 2609 2931 2648 nec
2955 2595 3214 2664 cogitare,
3241 2609 3341 2649 nec
3375 2592 3542 2664 loqui,

1968 2694 2070 2735 nec
2110 2694 2269 2751 agere
2311 2681 2514 2750 aliquid
2555 2683 2679 2738 boni
2709 2683 2969 2738 valemus.
3013 2685 3080 2738 Et
3120 2685 3245 2754 quia
3277 2693 3402 2739 tuus
3431 2684 3544 2753 ipse

1970 2771 2290 2843 Unigenitus
2318 2774 2491 2829 dixit:
2535 2774 2702 2846 Nemo
2743 2777 2876 2830 venit
2902 2776 2970 2829 ad
2998 2792 3098 2842 me,
3121 2777 3221 2830 nisi
3251 2773 3432 2836 Pater.
3455 2776 3546 2845 qui

1969 2864 2108 2918 misit
2135 2879 2236 2928 me,
2255 2865 2472 2918 traxerit
2498 2881 2616 2919 eum
2635 2864 2816 2937 (Joan.
2847 2881 2923 2929 vt,
2951 2865 3063 2934 44).
3091 2865 3188 2920 Et:
3220 2863 3387 2918 Nerua
3407 2865 3546 2918 venit

1970 2957 2038 3020 ad
2070 2952 2283 3009 Patrem
2307 2957 2408 3010 nisi
2426 2972 2519 3026 per
2531 2972 2613 3011 me
2634 2955 2814 3027 (Joan.
2843 2956 3044 3025 x1v,6).
3074 2955 3330 3020 Obsecro,
3359 2963 3546 3010 sancte

1969 3046 2146 3112 Pater,
2174 3052 2229 3101 et
2248 3046 2560 3116 suppliciter
2583 3060 2732 3116 rogo,
2757 3046 2899 3102 Deus
2923 3060 3092 3110 meus,
3109 3047 3262 3100 trahe
3284 3051 3370 3098 me
3393 3053 3450 3099 tu
3476 3043 3544 3097 ad

1976 3139 2170 3210 ipsum,
2200 3146 2255 3193 et
2280 3137 2394 3208 ipe
2421 3152 2506 3192 me
2529 3137 2788 3207 perducat
2809 3137 2875 3192 ad
2904 3146 2978 3203 te,
3005 3136 3132 3192 illuc
3161 3135 3254 3190 ubi
3280 3134 3370 3190 ille
3389 3135 3544 3190 estin

297 3189 478 3206 -------,
513 3189 565 3196 ν-
614 3189 967 3207 -ν-ν----------,
1471 3189 1862 3210 τ---ι---ψη---ν
1976 3189 2170 3210 τ---πι
2207 3189 2252 3193 --
2280 3189 2390 3208 -.υ
2422 3189 2500 3192 -μ-
2531 3189 2784 3207 τ-κ-μ-ήη
3073 3189 3080 3190 7
3115 3189 3127 3192 7
3205 3189 3220 3190 77
3350 3189 3362 3190 7
3405 3189 3413 3190 7

297 3239 353 3286 et
393 3229 869 3302 longanimitatem,
908 3231 1084 3286 cordis
1113 3233 1518 3297 contritionem,
1565 3237 1620 3284 et
1663 3229 1868 3285 fontem
1893 3189 1944 3255 α
1974 3232 2194 3287 dextera
2221 3238 2312 3284 tua
2343 3229 2552 3295 sedens,
2580 3229 2668 3283 ubi
2694 3238 2777 3284 est
2810 3228 3138 3298 sempiterna
3171 3226 3305 3291 vita,
3331 3233 3386 3280 et
3406 3239 3549 3279 sem-

297 3323 675 3394 tacrymarum,
707 3323 811 3378 cibi
834 3331 1099 3394 potusque
1135 3325 1542 3389 abstinentiam,
1583 3323 1760 3377 cordis
1793 3321 1870 3376 la-

297 3414 616 3483 biorumque
652 3413 988 3479 munditiam,
1015 3413 1289 3484 spirituale
1328 3409 1596 3485 gaudium,
1622 3423 1674 3467 et
1695 3411 1872 3483 perfe—

297 3513 445 3562 ctum
489 3499 671 3559 'mundi
710 3497 1090 3574 contemptum.
1127 3503 1288 3577 397
1322 3503 1580 3569 Maxime,
1623 3499 1867 3570 Domine,

297 3595 617 3652 cbaritatem
659 3609 688 3647 a
728 3591 783 3648 te
823 3593 1072 3664 efﬂagito,
1109 3585 1461 3650 humilitatem
1493 3595 1726 3664 inquiro,
1775 3609 1870 3665 pa-

299 3687 546 3742 tientiam
569 3682 800 3757 postulo,
838 3685 1140 3742 individuas
1172 3685 1395 3742 comites
1426 3687 1544 3743 fidei
1585 3701 1756 3753 meae;
1797 3685 1871 3741 si-

299 3777 414 3834 mul
447 3786 502 3833 et
530 3792 712 3833 veram
743 3775 934 3832 animae
963 3779 1307 3850 corporisque
1347 3779 1678 3850 pudicitiam,
1732 3779 1872 3835 sicut

300 3869 408 3925 illis
432 3869 643 3925 dedisti.

1973 3324 2184 3394 piterne
2207 3322 2366 3377 beata
2396 3328 2597 3375 interna
2626 3319 2909 3383 securitas,
2948 3326 3004 3372 et
3029 3333 3218 3374 secura
3250 3313 3551 3386 tranquilli-

1976 3424 2079 3479 tas,
2107 3412 2234 3468 felix
2269 3411 2567 3476 aeternitas,
2609 3419 2810 3465 aeterna
2857 3409 3128 3465 felicitas:
3163 3408 3251 3462 ubi
3287 3415 3369 3461 est
3395 3419 3551 3460 amor

1975 3504 2268 3577 perfectus,
2307 3512 2362 3558 et
2389 3503 2566 3558 nullus
2597 3504 2777 3569 timor,
2817 3501 2908 3556 ubi
2948 3511 3032 3557 est
3073 3501 3188 3556 dies
3212 3507 3466 3562 aeternus,
3496 3504 3552 3552 et

1977 3612 2116 3652 unus
2140 3596 2380 3652 omnium
2408 3595 2641 3664 Spiritus
2669 3612 2682 3647 :
2710 3594 2802 3647 ubi
2823 3601 2879 3647 tu
2903 3608 3023 3647 cum
3052 3593 3164 3656 illo,
3183 3599 3234 3644 et
3263 3589 3351 3644 ille
3375 3597 3560 3642 tecum;

1970 3691 2024 3745 in
2054 3689 2430 3744 communione
2471 3688 2644 3741 sancti
2675 3686 2910 3755 Spiritus
2947 3685 3278 3740 aeternaliter
3303 3697 3369 3737 ac
3396 3693 3543 3736 sem—

1972 3780 2311 3850 piternaliter
2347 3779 2484 3833 vivis
2511 3787 2565 3834 et.
2609 3791 2801 3849 regnas
2839 3776 2982 3832 Deus
3009 3791 3107 3846 per
3141 3773 3322 3830 omnia
3354 3770 3548 3828 saecula

1973 3872 2314 3928 saeculorum.
2339 3871 2530 3926 Amen.

1191 3981 3542 4014 -Μ

1676 4069 1924 4152 PARS
2002 4074 2158 4152 ΙΙΙ.

358 4214 624 4271 ιΤΕΒυΜ
661 4213 749 4270 DE
786 4213 920 4272 ι)Εο
958 4213 1169 4272 TRINO
1207 4213 1296 4270 ET
1339 4213 1503 4280 UNO,
1543 4211 1632 4266 DE
1672 4209 1996 4275 CHRISTO,
2039 4195 2125 4264 AC
2165 4211 2252 4266 DE
2290 4211 2467 4267 ALIIS
2508 4201 2894 4278 PLERISQUE
2933 4203 3481 4266 ECCLESIASTICIS

1689 4303 1822 4360 DOG
1832 4301 2152 4358 MATIBUS.

1817 4419 2066 4432 _—

313 4505 316 4507 ’
371 4490 415 4547 Ι.
454 4488 536 4545 Ad
574 4487 838 4560 justitiam
881 4486 1043 4542 corde
1081 4483 1262 4550 credo,
1307 4491 1363 4540 et
1404 4481 1469 4537 ad
1504 4481 1736 4538 salutem
1778 4497 1873 4536 ore
1901 4482 1952 4542 D
1975 4477 2260 4535 effabiliter
2288 4487 2504 4545 natum,
2540 4495 2558 4529 ι
2599 4489 2624 4518 α
2653 4473 2852 4532 Verum
2885 4476 3052 4560 Deum
3090 4472 3422 4544 unigenitum
3452 4513 3467 4538 ,
3498 4471 3554 4528 et

299 4584 562 4644 conﬁteor
599 4589 838 4638 sanctam
881 4587 936 4635 et.
981 4577 1306 4646 individuam
1358 4575 1712 4638 Trinitatem,
1764 4574 1875 4628 vir-

302 4686 471 4733 tutem
501 4687 686 4736 unam,
708 4678 763 4725 et
789 4668 1134 4724 indiscretam
1168 4663 1525 4733 maiestatem.
1551 4662 1788 4728 Patrem,
1819 4669 1874 4715 et

301 4767 531 4830 Filium,
565 4771 620 4818 et
654 4760 916 4832 Spiritum
961 4766 1238 4823 sanctum,
1277 4770 1441 4810 unum
1490 4755 1657 4809 Deum
1697 4755 1873 4808 omni-

299 4866 612 4930 potentem,
658 4854 779 4918 cteli
833 4861 1097 4920 terraeque
1139 4848 1425 4912 factorem,
1472 4845 1765 4902 visibilium
1818 4852 1874 4899 et

301 4948 649 5007 invisibilium
694 4945 1027 5000 conditorem
1055 4983 1069 5004 ,
1121 4942 1174 4995 in
1226 4939 1473 5010 personis
1515 4937 1714 4992 trinum
1745 4977 1759 5000 ,
1814 4936 1869 4990 in

299 5040 602 5098 Substantia
631 5019 839 5092 unum.
888 5033 1085 5088 Verum
1128 5032 1344 5101 quidem
1385 5029 1598 5083 Patrem
1647 5041 1870 5082 summm

301 5133 561 5192 bonitatis
599 5138 655 5186 et
697 5129 861 5184 totius
914 5125 1138 5179 Deitatis
1177 5122 1533 5192 principium,
1573 5119 1866 5174 incircum—

301 5226 517 5293 scriptte
559 5230 615 5276 et
647 5218 895 5289 ingenitae
931 5213 1229 5282 maiestatis
1259 5212 1444 5275 Deum,
1488 5224 1555 5264 ex
1598 5208 1742 5262 nullo
1770 5209 1869 5262 du-

299 5326 511 5378 centem
543 5314 770 5376 initium,
803 5309 897 5365 sed
935 5307 1182 5362 omnibus
1216 5304 1428 5358 initium
1459 5302 1698 5362 dantem,
1728 5314 1868 5354 sum-

301 5426 454 5467 mum
480 5410 703 5471 bonum,
750 5412 804 5459 et
849 5401 1029 5456 omnia
1075 5399 1230 5453 valde
1271 5399 1408 5451 bona
1437 5403 1732 5458 creantem,
1767 5398 1874 5444 non

303 5501 570 5574 corporali
611 5498 866 5570 progenie
908 5507 1083 5562 neque
1120 5490 1477 5549 extrinsecus,
1508 5501 1614 5539 non
1644 5483 1875 5538 necessi-

303 5605 417 5651 tate
451 5607 624 5661 neque
650 5591 945 5653 voluntate,
995 5587 1088 5642 sed
1133 5593 1324 5640 natura
1375 5581 1568 5635 Filium
1613 5593 1875 5650 generan-

303 5696 435 5742 tem.
471 5683 669 5737 Verum
711 5694 889 5736 autem
926 5678 1121 5734 Filium
1151 5691 1216 5731 ex
1257 5675 1416 5728 Patre
1445 5672 1561 5727 sine
1603 5670 1756 5724 initio
1789 5669 1872 5724 in-

376 5814 400 5842 ιι
441 5799 707 5870 Pelagius.
735 5797 870 5856 Vide
888 5795 1129 5868 Append.
1155 5793 1222 5848 ad
1247 5791 1381 5864 Opp.
1413 5789 1470 5844 S.
1501 5785 1802 5859 Augustini;

1975 4583 2160 4621 verum
2229 4565 2324 4620 Dei
2376 4563 2644 4629 Verbum,
2691 4579 2796 4618 non
2857 4551 3090 4626 factum,
3135 4577 3242 4615 non
3287 4567 3552 4627 creatum,

1975 4675 2079 4714 non
2124 4659 2450 4728 adoptivum,
2505 4659 2597 4713 sed
2643 4657 2882 4728 genitum
2934 4664 2988 4710 et
3029 4655 3187 4709 unius
3231 4670 3352 4708 cum
3393 4654 3554 4708 Patre

1974 4750 2303 4804 substantize.
2358 4747 2534 4818 Atque
2596 4748 2668 4802 ita
2723 4762 2820 4818 per
2889 4745 3068 4802 omnia
3132 4744 3388 4814 aequalem
3445 4744 3554 4799 Deo

1974 4839 2154 4905 Patri,
2187 4847 2247 4894 ut
2295 4853 2395 4894 nec
2444 4847 2714 4906 tempore,
2762 4851 2860 4891 nec
2904 4835 3103 4907 gradu,
3151 4851 3250 4890 nec
3291 4842 3556 4904 potestate

1975 4924 2147 5002 possit
2205 4941 2324 4987 esse
2381 4929 2622 4984 inferidr.
2680 4927 3018 4996 Tantumque
3066 4943 3189 4982 esse
3235 4923 3557 4980 confitemur

1977 5022 2157 5087 illum,
2187 5021 2276 5091 qui
2306 5028 2388 5074 est
2416 5021 2656 5090 genitus,
2697 5029 2928 5088 quantus
2958 5025 3041 5073 est
3069 5018 3186 5083 ille,
3227 5017 3316 5085 qui
3345 5015 3549 5087 genuit;

1976 5111 2093 5166 Non
2137 5121 2314 5165 autem
2353 5111 2475 5180 quia
2509 5109 2736 5164 dicimus
2767 5110 3002 5180 genitum
3046 5103 3075 5162 εἰ
3126 5108 3287 5161 Patre
3323 5103 3541 5168 Filium,

1977 5203 2171 5258 divina}
2201 5203 2276 5257 illi
2315 5210 2370 5257 et
2405 5201 2659 5256 ineffabili
2698 5200 3031 5272 generationi
3077 5197 3292 5268 aliquod
3341 5185 3553 5264 tempus

1979 5294 2335 5349 adscribimus
2363 5335 2377 5359 ,
2423 5295 2518 5349 sed
2563 5309 2664 5349 nec
2713 5291 2930 5349 Patrem
2991 5289 3219 5348 dicimus
3267 5288 3556 5359 aliquando

1981 5391 2229 5459 cmpisse,
2267 5403 2365 5445 nec
2400 5389 2616 5444 Filium.
2659 5389 2774 5445 Non
2806 5392 2949 5446 enim
2974 5389 3130 5444 aliter
3155 5383 3397 5441 confiteri
3430 5400 3555 5455 pos-

1979 5497 2167 5537 sumus
2206 5491 2467 5562 :eternum
2511 5481 2760 5545 Patrem,
2819 5482 2922 5537 nisi
2985 5479 3343 5536 confiteantur
3391 5475 3554 5532 etiam

1983 5587 2306 5633 comternum
2346 5573 2559 5630 Filium.
2589 5575 2666 5629 Ex
2710 5575 2844 5630 Filio
2884 5579 3038 5629 enim
3066 5571 3224 5628 Pater
3249 5571 3463 5635 dicitur,
3495 5577 3552 5625 et

1983 5671 2076 5740 qui
2112 5665 2324 5740 semper
2349 5665 2529 5736 Pater,
2580 5677 2791 5738 semper
2829 5663 3014 5722 habuit
3037 5661 3257 5721 Filium.
3295 5685 3312 5718 ι
3354 5659 3556 5720 Verum
