4038 6354
12 228 25 325 ἐ

12 324 25 409 l'

477 353 619 415 £055
1278 347 1340 403 Β.
1378 344 1442 401 F.
1478 341 1708 401 ALBINI
1747 340 1879 396 SEU
1919 334 2196 394 ALCUINI
2230 330 2519 390 OPERUM
2554 330 2736 387 PARS
2777 328 2906 388 VIII.
2960 324 2965 329 “
3044 282 3059 301 Ι
3599 327 3743 382 ίοόδ

477 480 693 544 quoque
710 465 977 537 Spiritum
992 470 1261 527 sanetum,
1276 474 1462 516 verum
1480 458 1670 521 Deum,
1698 470 1804 510 non
1829 454 2050 516 factum,
2077 452 2131 512 Α
2154 444 2315 501 simul
2341 446 2557 544 utrique
2592 446 2771 544 inesse
2787 484 2804 510 ν
2846 443 2951 499 nisi
2981 451 3355 544 ιιηιξξιιξεξεξιιι
3377 441 3542 497 Pater
3567 451 3624 497 et
3646 440 3744 497 Fi—

479 574 589 619 non
614 565 879 623 creatum,
902 570 1003 611 nec
1028 553 1290 626 genitum,
1316 565 1491 619 neque
1518 548 1838 620 lngenitum,
1863 544 1955 599 sed
1990 557 2058 597 ex

480 651 644 711 Patre
690 646 849 704 simul
903 655 957 704 et
1000 644 1138 699 Filio
1176 639 1613 699 inenarrabiliter
1656 637 2053 709 procedentem,

482 750 537 798 et
587 740 641 794 in
674 738 835 793 Patre
883 735 1126 806 Filioque
1163 731 1591 790 substantialiter
1625 736 2053 799 permanentem.

481 833 657 902 Atque
701 832 775 885 ita
816 844 913 900 per
962 830 1145 883 omnia
1192 828 1299 882 Deo
1329 826 1477 881 Patri
1515 833 1571 879 et
1607 820 2055 891 Filio/aequalem,

485 910 811 981 coaeternum
853 928 910 976 et
952 918 1465 975 consubstantialem
1490 958 1504 979 ,
1549 924 1610 969 ut
1655 928 1827 983 neque
1873 911 2058 967 volun-

481 1002 619 1081 tate,
660 1031 762 1071 nec
796 1022 1090 1086 potestate,
1133 1028 1239 1067 non
1280 1011 1583 1066 substantia
1628 1023 1802 1079 neque
1846 1006 2060 1062 aeterni-

481 1117 592 1166 tate
644 1108 858 1164 diﬂ'erre
900 1107 1075 1178 possit
1111 1107 1178 1159 ab
1217 1105 1328 1170 cis,
1381 1102 1466 1157 vel
1496 1101 1757 1173 praecedi,
1797 1117 1825 1154 a
1862 1100 2059 1169 quibus

481 1198 743 1272 procedit.
785 1196 1073 1252 (Eternum
1126 1194 1290 1265 igitur
1327 1193 1545 1247 Patrem
1592 1193 1709 1246 sine
1753 1190 2093 1254 nativitate,.

483 1299 745 1347 aeternum
799 1304 930 1345 vero
990 1288 1187 1342 Filium
1237 1302 1359 1341 cum
1414 1286 1732 1348 nativitate,
1797 1293 2060 1339 aeternum

484 1381 951 1453 autemSpiritum
982 1387 1227 1435 sanctum
1261 1393 1382 1433 cum
1413 1376 1757 1445 processione
1783 1376 1899 1430 sine
1926 1375 2063 1428 nati-

483 1477 667 1531 vitate.
716 1474 910 1530 Totum
965 1474 1182 1529 Patrem
1222 1473 1275 1527 in
1320 1473 1456 1527 Filio
1504 1481 1558 1527 et
1601 1471 1805 1543 Spiritu
1851 1480 2058 1537 sancto,

483 1574 656 1621 totum
687 1565 879 1620 Filium
910 1566 963 1619 in
995 1565 1155 1619 Patre
1183 1572 1238 1619 et
1268 1563 1471 1633 Spiritu
1500 1572 1708 1628 sancto,
1741 1572 1913 1618 totum
1944 1563 2064 1634 Spi-

414 1712 418 1717 ,
485 1658 649 1712 ritum
677 1666 921 1714 sanctum
945 1658 997 1712 in
1032 1657 1193 1711 Patre
1215 1668 1269 1712 et
1298 1656 1435 1711 Filio
1455 1666 1783 1721 manentem,
1816 1666 2062 1712 sanctam

412 1764 415 1765 '
484 1750 731 1806 videlicet
782 1760 836 1806 et
879 1752 1207 1807 individuam
1258 1752 1620 1818 Trinitatem,
1668 1768 1834 1807 unum
1892 1753 2062 1808 Deum

2156 538 2279 603 lius,
2308 552 2338 593 a
2360 536 2555 609 quibus
2581 536 2860 608 aequaliter
2888 535 3129 606 procedit
3158 532 3392 604 Spiritus
3420 544 3662 589 sanctus.

2225 626 2309 683 ΙΙΙ.
2351 626 2504 681 Enim
2539 641 2669 681 vero
2699 624 2932 696 Spiritus
2958 633 3179 679 sanctus
3214 630 3296 676 est
3323 621 3503 676 Patris
3536 632 3589 676 et
3615 620 3741 677 Filii

2156 734 2286 774 vere
2307 718 2508 780 unitas,
2542 727 2597 772 et
2630 716 2911 780 sanctitas,
2947 725 3001 770 et
3026 715 3287 779 charitas,
3314 714 3441 784 quia
3470 714 3615 783 quod
3650 713 3743 769 ille

2158 803 2304 864 solus
2332 808 2553 863 relative
2573 808 2786 871 dicitur,
2819 808 2922 862 hoc
2948 806 3036 861 isti
3059 806 3377 860 naturaliter
3405 806 3565 860 ambo
3589 815 3743 863 sunt.

2158 898 2379 971 Legitur
2407 900 2551 953 enim
2584 897 2809 968 Spiritus
2835 908 2909 952 est
2932 898 3071 951 Deus
3106 895 3287 967 (Joan.
3312 912 3423 959 Itv,
3449 895 3561 967 2-5).
3602 895 3743 951 Hinc

2159 989 2361 1059 liquido
2404 998 2548 1061 patet
2581 999 2823 1043 sanctam
2857 989 3196 1051 Trinitatem,
3234 1003 3354 1057 quae
3399 1001 3539 1040 unus
3578 1002 3743 1043 verus

2161 1083 2303 1139 Deus
2338 1092 2438 1146 est,
2478 1082 2799 1137 naturaliter
2827 1091 2883 1136 et
2913 1078 3207 1135 secundum
3240 1079 3533 1134 essentiam
3571 1077 3745 1148 Spiri-

2164 1180 2276 1227 tum
2303 1188 2441 1228 esse.
2471 1173 2611 1243 Ergo
2630 1171 2791 1227 Pater
2814 1172 2954 1226 Deus
2977 1179 3031 1223 et
3055 1170 3286 1241 Spiritus
3308 1177 3363 1222 et
3384 1178 3605 1222 sanctus
3627 1179 3743 1233 est;

2162 1265 2305 1319 Deus
2340 1265 2433 1320 Dei
2467 1264 2633 1319 Filius
2655 1271 2708 1318 et
2743 1262 2975 1334 Spiritus
2997 1270 3113 1325 est,
3146 1270 3200 1316 et
3228 1270 3449 1316 sanctus
3476 1273 3585 1324 est;
3623 1260 3747 1330 5ρί-

2164 1359 2300 1413 ritus
2340 1372 2464 1412 vero
2517 1365 2737 1412 sanctus
2788 1372 2892 1411 non
2950 1355 3121 1425 magis
3155 1352 3390 1423 Spiritus
3430 1363 3535 1415 est,
3577 1367 3749 1422 quam

2161 1449 2312 1504 Patet
2352 1457 2406 1504 et
2440 1448 2626 1503 Filius.
2661 1447 2913 1519 Singulus
2950 1447 3133 1516 itaque
3166 1445 3357 1499 horum
3390 1442 3666 1513 Spiritus,
3696 1452 3753 1497 et

2164 1541 2325 1596 simul
2365 1556 2552 1595 omnes
2594 1556 2729 1595 unus
2775 1539 3027 1608 Spiritus,
3086 1539 3225 1591 sicut
3277 1552 3415 1590 unus
3455 1536 3615 1590 Deus.
3674 1535 3754 1590 De

2164 1634 2326 1689 Patre
2354 1634 2591 1703 quidem,
2629 1633 2751 1702 quia
2786 1632 2926 1685 Deus
2954 1638 3064 1693 est,
3103 1629 3392 1699 Apostolus
3424 1627 3622 1698 probat
3672 1628 3753 1681 di-

2166 1740 2294 1780 cens
2338 1739 2352 1776 :
2389 1722 2535 1777 Unus
2568 1722 2706 1776 Deus
2744 1731 2791 1776 et
2834 1721 2993 1774 Pater
3032 1721 3283 1782 omnium,
3326 1735 3390 1772 ea:
3428 1735 3531 1789 quo
3571 1718 3753 1772 omnia

483 1842 925 1912 omnipotentem,
974 1858 1081 1898 una
1123 1852 1401 1912 potestate,
1460 1809 1672 1914 unoque
1717 1860 1905 1916 regno,
1955 1862 2061 1901 una
2094 1818 2141 1878 Β
2168 1814 2385 1916 SEphe"
2424 1829 2498 1879 ‘v’
2541 1812 2606 1877 δῖ
2652 1810 2835 1916 _C°r'
2865 1826 2985 1876 “n’
3017 1810 3098 1916 (θ’,
3136 1810 3212 1864 De
3241 1809 3375 1916 Si“?
3413 1818 3595 1916 imm?
3622 1810 3753 1877 quia

485 1934 765 2004 majestate
792 1950 1005 2005 unaque
1032 1937 1335 1991 aeternitate
1365 1952 1431 1991 ex
1456 1946 1604 2002 tunc,
1632 1945 1686 1993 et
1712 1953 1926 2008 semper
1951 1938 2067 1993 ubi-

484 2040 589 2096 que
622 2035 958 2097 regnantem.

552 2124 617 2180 ll.
658 2143 676 2177 ι
715 2138 741 2166 ιι
772 2124 958 2181 Nullus
995 2124 1160 2197 igitur
1188 2133 1273 2183 est
1310 2116 1367 2180 in
1399 2125 1501 2181 hac
1539 2125 1805 2181 Trinitate
1843 2125 2061 2197 gradus,

485 2215 618 2271 nihil
641 2217 783 2287 quod
814 2216 1070 2281 inferius,
1104 2218 1353 2289 superius
1381 2218 1484 2273 dici
1517 2219 1717 2287 possit,
1756 2219 1850 2273 sed
1892 2227 2064 2274 totam

488 2306 757 2362 Deitatem
801 2307 1032 2363 dicimus
1077 2294 1159 2363 sui
1202 2308 1536 2379 perfectione
1562 2308 1851 2378 aequalem,
1880 2319 1939 2363 ut
1973 2324 2067 2364 ex-

488 2397 656 2467 ceptis
686 2398 963 2453 vocabulis
992 2415 1114 2469 qua:
1142 2399 1532 2469 proprietatem
1577 2414 1937 2469 personarum
1978 2400 2063 2453 in-

488 2486 702 2555 dicant,
742 2488 1001 2559 quidquid
1041 2489 1107 2544 de
1153 2506 1258 2545 una
1312 2505 1543 2559 persona
1592 2491 1808 2556 dicitur,
1855 2492 1921 2547 de
1971 2493 2069 2547 tri-

486 2578 589 2636 bus
642 2582 957 2654 dignissime
1004 2585 1177 2656 possit
1220 2586 1467 2658 intelligi.
1511 2586 1665 2643 Unde
1702 2590 2067 2647 condemnan-

486 2677 569 2726 tes
593 2671 811 2736 Arium,
844 2689 1008 2729 unam
1054 2675 1406 2745 eamdemque
1455 2677 1686 2733 dicimus
1732 2694 1852 2736 esse
1890 2680 2069 2736 Trini-

488 2764 615 2819 tatis
660 2767 1051 2835 substantiam,
1092 2777 1149 2824 et
1182 2785 1346 2824 unum
1378 2770 1433 2825 in
1475 2773 1647 2827 tribus
1689 2774 1936 2843 personis
1984 2775 2066 2830 fa-

488 2863 664 2911 temur
724 2858 912 2913 Deum.
984 2860 1095 2916 Nec
1153 2877 1264 2916 non
1325 2871 1380 2917 et
1452 2863 1782 2934 imp'etatem
1848 2865 2069 2923 Sabellii

488 2947 838 3015 declinantes,
870 2960 978 3007 tres
1003 2968 1262 3022 personas
1290 2970 1578 3025 expressas
1612 2959 1711 3013 sub
1739 2962 2069 3028 proprietate

488 3039 893 3113 distinguimus,
945 3061 1055 3101 non
1101 3048 1275 3118 ipsum
1318 3051 1418 3105 sibi
1459 3052 1694 3118 Patrem,
1740 3069 1847 3107 non
1893 3054 2068 3125 ipsum

490 3130 590 3185 sibi
622 3131 835 3199 Filium,
869 3152 975 3191 non
1012 3138 1187 3207 ipsum
1226 3141 1326 3195 sibi
1362 3142 1622 3213 Spiritum
1659 3134 1904 3202 saﬁctum
1949 3164 2068 3205 esse

493 3221 752 3290 dicentes,
784 3226 878 3279 sed
917 3228 1075 3282 aliam
1113 3230 1318 3297 Patris,
1346 3233 1504 3287 aliam
1536 3235 1679 3301 Filii,
1710 3238 1867 3292 aliam
1900 3239 2072 3309 Spiri-

492 3321 579 3367 tus
609 3318 779 3369 sancti
806 3332 1110 3387 personam.
1140 3321 1257 3377 Non
1289 3327 1433 3379 enim
1467 3328 1683 3381 nomina
1718 3337 1943 3396 tantum,
1978 3331 2072 3386 sed

493 3406 658 3461 etiam
696 3410 972 3464 nominum
1001 3414 1391 3483 proprietates,
1426 3417 1530 3471 hoc
1558 3426 1671 3483 est,
1703 3434 1985 3488 personas,
2014 3429 2075 3476 ut

495 3494 667 3553 Graeci
684 3501 1011 3570 exprimunt,
1036 3505 1379 3569 ὑποστάσεις,
1404 3506 1455 3560 id
1472 3518 1556 3562 est
1571 3510 1902 3564 substantias
1929 3509 2075 3582 [sub-

495 3590 792 3665 sistentias]
820 3594 1158 3650 confitemur.
1191 3588 1301 3652 Nec
1320 3597 1481 3654 Pater
1501 3615 1788 3669 personam
1814 3601 1853 3654 F
1859 3602 1953 3666 ibi,
1983 3610 2075 3658 aut

496 3677 730 3750 Spiritus
750 3685 921 3739 sancti
957 3686 1246 3756 aliquando
1273 3683 1529 3743 excludit.
1558 3689 1667 3745 Nec
1698 3707 1882 3746 rursus
1907 3691 2073 3747 Filius

495 3779 590 3825 aut
630 3770 862 3843 Spiritus
908 3786 1125 3831 sanctus
1168 3778 1347 3834 Patris
1389 3795 1586 3836 nomen
1614 3823 1628 3847 ,
1678 3798 2075 3853 personamque

494 3867 700 3936 recepit
731 3886 742 3920 :
769 3869 863 3923 sed
892 3868 1054 3925 Pater
1078 3886 1293 3942 semper
1320 3872 1483 3927 Pater
1513 3884 1617 3941 cst,
1659 3882 1713 3929 et
1740 3876 1904 3931 Filius
1934 3868 2076 3931 Sem-

494 3972 592 4029 per
634 3958 798 4015 Filius
826 3970 928 4027 est,
970 3971 1025 4017 et
1072 3962 1307 4034 Spiritus
1336 3976 1556 4022 sanctus
1583 3983 1799 4038 semper
1843 3969 2075 4040 Spiritus

496 4059 717 4106 sanctus
767 4061 869 4107 est.
906 4074 923 4104 ι
960 4053 1025 4108 Ει
1070 4056 1191 4110 ideo
1229 4056 1395 4111 Filius
1436 4059 1737 4112 certissime
1782 4076 1886 4115 non
1932 4061 2075 4115 idem

496 4149 579 4196 est
614 4141 667 4195 in
695 4158 922 4213 persona
959 4146 1048 4215 qui
1082 4146 1262 4212 Pater,
1294 4148 1389 4203 sed
1411 4148 1709 4203 secundum
1739 4150 2076 4206 divinitatem

497 4231 640 4287 idem
693 4244 773 4289 est
818 4237 960 4305 quod
1003 4236 1181 4291 Pater.
1238 4237 1354 4292 Non
1394 4240 1537 4292 enim
1589 4241 1813 4295 dicimus
1860 4240 2075 4296 Patrem

497 4322 663 4395 398
699 4340 818 4380 esse
857 4328 921 4382 dc
958 4326 1123 4393 Filio,
1157 4330 1295 4384 sicut
1344 4329 1536 4385 Fdium
1584 4330 1651 4386 de
1689 4331 1869 4388 Patre.
1915 4333 2078 4389 Pater

499 4416 715 4485 quidem
746 4433 777 4471 a
805 4419 973 4484 nullo,
1008 4420 1173 4476 Filius
1196 4437 1324 4477 vero
1371 4438 1403 4477 a
1440 4423 1621 4490 Patre,
1656 4434 1711 4480 et
1752 4426 1872 4481 ideo
1910 4426 2076 4481 Filius

501 4507 695 4563 dicitur
724 4509 865 4564 Deus
904 4513 971 4566 de
1000 4512 1131 4578 Deo,
1176 4513 1357 4569 lumen
1384 4516 1448 4569 de
1476 4516 1703 4582 lumine;
1744 4534 1848 4573 non
1896 4528 2074 4574 tamen
2107 4537 2153 4596 υ

502 4596 609 4653 duo
656 4598 878 4665 lumina,
928 4602 1010 4656 vel
1060 4604 1164 4658 duo
1206 4604 1311 4669 Dii,
1363 4607 1457 4660 sed
1507 4623 1645 4661 unus
1695 4608 1857 4674 Deus,
1908 4625 2074 4665 unum

502 4689 701 4746 lumen.
732 4692 938 4748 Rursus
962 4695 1098 4751 ilem
1123 4709 1203 4753 est
1246 4697 1422 4763 Pater,
1452 4715 1559 4769 quo
1574 4700 1591 4752 'l
1632 4700 1815 4765 Filius,
1847 4703 1939 4755 sed
1971 4718 2076 4757 non

504 4782 644 4839 idem
679 4782 770 4856 [F.
796 4785 935 4841 deest
961 4789 1051 4857 qui
1086 4788 1435 4864 Filius],quia
1467 4807 1711 4863 persona:
1738 4792 1914 4847 Patris
1945 4796 2077 4848 con-

502 4872 650 4929 venit
679 4876 959 4946 aptissime
989 4879 1179 4935 rel'erri
1205 4884 1272 4936 ad
1294 4882 1506 4937 Filium.
1535 4882 1769 4954 Spiritus
1800 4900 1927 4940 vero
1954 4902 2081 4941 san-

503 4974 622 5023 ctus
657 4967 860 5039 absque
882 4970 1042 5026 dubio
1062 4972 1202 5028 item
1227 4984 1309 5030 est
1332 4978 1473 5046 qqu
1506 4976 1667 5032 Pater
1695 4988 1749 5032 et
1773 4977 1957 5043 Filius,
1986 4979 2081 5035 sed

504 5073 614 5115 non
653 5060 793 5116 idem
841 5059 932 5133 [Ρ.
975 5063 1115 5118 deest
1141 5067 1229 5135 qui
1268 5066 1428 5122 Pater
1456 5078 1512 5123 et
1546 5068 1756 5141 Filius],
1786 5070 1911 5140 quia
1942 5071 2083 5125 sicut

505 5150 668 5209 Pater
680 5153 799 5210 Filii
818 5155 981 5214 Pater
995 5169 1098 5226 est,
1116 5170 1169 5216 et
1184 5160 1348 5216 Filius
1363 5160 1539 5217 Patris
1555 5162 1723 5217 Filius
1738 5171 1839 5225 est,
1860 5162 1933 5217 ita
1949 5178 2081 5233 quo-

504 5259 610 5315 que
634 5245 867 5318 Spiritus
888 5260 1131 5317 sanctus,
1150 5253 1338 5322 quiest
1360 5254 1518 5308 tertia
1541 5256 1592 5309 in
1617 5264 1802 5310 sancta
1818 5255 2082 5310 Trinitate

504 5351 759 5408 persona,
778 5355 880 5395 non
898 5342 1002 5398 nisi
1018 5342 1195 5398 Patris
1208 5353 1262 5399 et
1276 5343 1395 5400 Filii
1412 5344 1645 5417 Spiritus
1658 5356 1743 5403 est
1761 5366 1772 5401 :
1793 5363 1857 5402 ac
1869 5363 1966 5418 per
1982 5350 2083 5405 hoc

505 5426 667 5487 Pater
680 5431 786 5487 etF
792 5432 914 5489 ilius
936 5450 1100 5489 unum
1122 5445 1265 5502 sunt,
1287 5437 1413 5508 quia
1438 5438 1695 5510 quidquid
1719 5440 1881 5496 habet
1902 5440 2082 5506 Pater,

506 5521 697 5595 procul
715 5522 875 5579 dubio
895 5524 1058 5582 habet
1086 5535 1141 5581 et
1168 5526 1355 5583 Filius.
1390 5527 1506 5585 Non
1529 5531 1673 5586 enim
1700 5546 1790 5587 res
1821 5547 1925 5586 una
1954 5532 2087 5586 duo-

510 5628 630 5670 rum
680 5616 1049 5677 substantialis
1075 5629 1257 5692 posset
1286 5622 1355 5678 ab
1391 5621 1649 5681 ambobus
1683 5625 2007 5705 procedere,
2034 5632 2090 5682 et

583 5787 610 5816 ι
647 5773 910 5845 Pelagius.

2168 1912 2310 1966 Deus
2332 1917 2435 1975 est,
2463 1907 2917 1979 evangelistarum
2938 1905 3243 1975 praecipuus
3268 1912 3500 1959 testatur
3526 1904 3747 1958 dicens:

2169 2002 2239 2057 Et
2270 2003 2411 2057 Deus
2437 2013 2551 2057 erat
2578 2003 2788 2056 verbum
2817 1998 2999 2071 (Joan.
3040 2006 3079 2063 t,
3124 1997 3199 2069 1).
3248 1997 3325 2053 Dc
3368 1996 3579 2068 Spiritu
3620 2011 3752 2051 vero

2168 2106 2376 2162 sancto,
2410 2097 2535 2166 quia
2576 2094 2719 2149 Deus
2756 2102 2858 2159 est,
2902 2094 3097 2147 iterum
3146 2090 3346 2146 Paulus
3392 2092 3471 2146 sic
3510 2090 3753 2161 loquitur

2167 2189 2405 2260 probans
2450 2205 2463 2240 :
2513 2185 2807 2240 Divisiones
2849 2184 3231 2254 operationum,
3278 2183 3417 2236 idem
3449 2199 3570 2237 vero
3609 2181 3752 2236 Deus

2172 2282 2222 2355 (I
2247 2281 2369 2337 Cor.
2393 2297 2492 2347 xu,
2516 2281 2591 2349 6).
2631 2280 2771 2335 Ecce
2798 2280 2959 2333 Pater
2985 2276 3146 2342 Deus,
3168 2276 3337 2331 Filius
3368 2278 3533 2341 Deus,
3577 2276 3753 2348 Spiri-

2172 2384 2257 2430 tus
2279 2382 2496 2429 sanctus
2519 2374 2683 2438 Deus,
2712 2380 2769 2427 et
2799 2380 2979 2426 tamen
3005 2385 3111 2426 non
3141 2377 3224 2424 est
3262 2369 3459 2438 triplex
3490 2383 3752 2424 numerus

2171 2464 2397 2520 Deitatis
2442 2464 2495 2518 in
2536 2472 2723 2518 sancta
2752 2462 3017 2515 Trinitate
3051 2459 3376 2525 credendus,
3416 2469 3478 2514 ut
3513 2459 3751 2515 ﬁdelium

2171 2555 2454 2624 quisquam
2504 2562 2617 2608 tres
2671 2553 2851 2608 dicere
2882 2552 3023 2606 Deos
3073 2550 3291 2615 audeat,
3345 2551 3487 2605 sicut
3537 2550 3653 2621 ipse
3697 2552 3749 2605 in

2171 2646 2404 2717 quodam
2427 2646 2492 2700 de
2519 2661 2578 2700 se
2606 2644 2749 2699 Deus
2776 2651 3006 2699 testatur
3034 2643 3175 2707 loco,
3214 2643 3400 2697 dicens
3431 2658 3446 2695 :
3488 2641 3605 2713 Ego
3638 2660 3750 2697 sum

2168 2740 2311 2796 Deus
2349 2749 2398 2793 et
2446 2755 2549 2792 non
2578 2748 2651 2792 est
2682 2736 2819 2791 alius
2852 2745 3042 2807 prreter
3079 2752 3158 2788 me
3189 2733 3370 2807 (Deut.
3421 2749 3598 2798 xxx",
3637 2733 3745 2805 59).

2171 2829 2306 2886 Cum
2335 2830 2479 2884 enim
2506 2828 2667 2883 tertio
2692 2826 2895 2896 aliquid
2921 2825 3202 2896 repetitur.
3234 2839 3342 2878 non
3368 2840 3631 2879 numerus
3661 2838 3749 2879 co-

2171 2930 2479 2985 acervatur,
2511 2921 2602 2975 sed
2652 2918 2870 2990 proprie
2913 2933 3079 2971 unum
3110 2915 3259 2970 illum
3305 2931 3426 2971 esse
3467 2917 3747 2972 asseritur.

2170 3017 2237 3071 Et
2266 3016 2470 3071 idcirco
2498 3014 2679 3078 Pater,
2706 3021 2759 3066 et
2792 3010 2979 3074 Filius,
3021 3018 3074 3064 et
3101 3008 3335 3078 Spiritus
3371 3018 3592 3064 sanctus
3631 3009 3752 3064 sub-

2171 3110 2367 3165 stantia
2410 3123 2577 3162 unum
2628 3113 2774 3169 sunt,
2830 3103 3077 3174 personis
3106 3111 3286 3157 autem
3338 3118 3402 3158 ac
3448 3103 3754 3157 nominibus

2092 3189 2592 3271 Cdistinguuntur.
2652 3196 2854 3251 Natura
2907 3195 3103 3264 quippe
3163 3209 3387 3247 summa:
3455 3193 3754 3248 divinitatis

2173 3288 2461 3345 immobilis
2493 3297 2576 3342 est
2614 3284 2945 3349 omnimodo,
2986 3293 3042 3339 et
3080 3284 3449 3339 immutabilis.
3505 3282 3755 3341 Persona:

2171 3397 2302 3436 vero
2326 3380 2550 3436 mobiles
2574 3379 2868 3434 secundum
2896 3377 3233 3441 relationem,
3261 3393 3361 3432 non
3391 3387 3570 3431 autem
3592 3378 3755 3445 juxta

2172 3473 2575 3544 proprietatem.
2617 3469 2675 3523 In
2718 3469 2977 3523 relatione
3019 3469 3201 3537 itaque
3243 3483 3592 3539 personarum
3633 3468 3758 3524 Tri-

2174 3563 2348 3626 nitas,
2383 3562 2435 3616 in
2468 3569 2672 3614 natura:
2702 3574 2830 3613 vero
2861 3558 3164 3613 substantia
3194 3561 3403 3629 unitas;
3440 3560 3536 3613 sed
3572 3561 3754 3614 unitas

2172 3662 2393 3725 propter
2434 3651 2848 3722 inseparabilem
2897 3651 3119 3705 Deitatis
3147 3654 3473 3715 essentiam,
3520 3651 3755 3705 Trinitas

2176 3757 2354 3801 autem
2389 3757 2608 3816 propter
2635 3730 2991 3814 personarum
3036 3744 3425 3808 diversitatem,
3475 3745 3528 3798 in
3563 3745 3755 3814 quibus

2175 3838 2398 3910 singulis
2448 3837 2690 3907 quaedam
2734 3845 2817 3891 est
2860 3838 3195 3907 proprietas,
3249 3853 3369 3906 qua:
3416 3837 3487 3892 ab
3535 3853 3644 3892 uno
3692 3836 3757 3892 ad

2177 3931 2341 3984 alium
2389 3928 2669 3984 transferri
2703 3944 2807 3983 non
2848 3936 3044 3999 potest.
3089 3930 3183 3983 Est
3226 3930 3369 3983 enim
3415 3931 3675 4002 gignens.
3706 3936 3757 3985 et

2106 4050 2113 4058 -
2175 4026 2410 4096 genitus,
2439 4033 2492 4079 et
2512 4024 2829 4093 procedens,
2864 4033 2974 4078 tres
2997 4024 3211 4094 quidem
3238 4039 3504 4093 personae,
3531 4024 3628 4078 sed
3658 4038 3754 4078 una

2176 4116 2498 4181 substantia,
2528 4132 2634 4170 una
2671 4116 2841 4170 virtus
2872 4126 2927 4171 et
2952 4133 3059 4170 una
3085 4118 3503 4187 omnipotentia.

2248 4209 2334 4264 IV.
2374 4208 2659 4277 Hucusque
2705 4208 2983 4263 confessus
3028 4225 3145 4263 sum
3179 4209 3321 4279 quoi
3367 4212 3577 4273 sentio,
3617 4212 3756 4266 locu-

2178 4311 2266 4357 tus
2300 4316 2437 4363 sum,
2472 4301 2614 4370 quod
2648 4300 2810 4355 credo
2857 4301 2909 4353 in
2958 4316 3166 4354 summa
3217 4301 3520 4363 divinitate,
3561 4303 3614 4355 in
3656 4317 3755 4371 qua

2178 4392 2394 4449 Patrem
2408 4401 2460 4447 et
2480 4390 2672 4445 Filium
2696 4402 2744 4446 et
2771 4390 3030 4462 Spiritum
3055 4400 3321 4457 sanctum,
3348 4394 3552 4446 trinum
3576 4408 3760 4447 unum-

2179 4499 2284 4555 que
2317 4483 2505 4545 Deum,
2542 4498 2646 4536 non
2673 4498 2888 4553 corpus,
2922 4484 3092 4537 autin
3120 4498 3347 4554 corpore
3377 4485 3639 4553 positum,
3672 4492 3759 4538 aut

2178 4593 2246 4633 ex
2292 4578 2519 4633 diversis
2565 4577 2846 4648 SptClebllS
2893 4577 3211 4641 admixtum,
3260 4578 3343 4632 vel
3393 4579 3757 4632 membrorum

2181 4668 2587 4739 compagiuibus
2614 4667 2928 4740 eiligiatum,
2960 4670 3051 4723 sed
3078 4670 3239 4724 unius
3265 4670 3552 4739 simplicis,
3586 4672 3757 4725 incor-

2181 4776 2387 4832 pore-ac,
2424 4760 2725 4823 invisibilis,
2754 4769 2807 4813 et
2834 4760 3313 4830 incircumscriptte
3340 4772 3568 4825 naturae,
3600 4761 3757 4815 corde

2181 4856 2363 4920 crezlo,
2421 4870 2515 4910 ore
2560 4853 2839 4910 conﬁteor.
2900 4872 2918 4905 ι
2953 4854 2979 4893 b
3029 4853 3171 4909 Nihil
3199 4856 3343 4909 enim
3387 4862 3631 4908 creatum
3674 4863 3760 4909 aut

2184 4947 2425 5001 serviens
2460 4946 2513 4999 in
2541 4945 2807 5000 Trinitate
2836 4952 2920 4999 est
2948 4945 3295 5008 credendum,
3326 4952 3386 4998 ut
3415 4943 3530 4998 vult
3568 4944 3759 5016 Diony-

2182 5036 2295 5090 sius
2337 5035 2457 5090 fons
2500 5035 2644 5099 Arii;
2695 5035 2825 5089 nihil
2865 5035 3144 5105 inrequale,
3181 5046 3232 5089 ut
3267 5035 3599 5100 Eunomius;
3635 5035 3760 5091 nihil

2184 5133 2357 5203 gratia
2403 5132 2637 5202 aequale,
2676 5141 2737 5186 ut
2786 5133 2976 5187 Ethius
3024 5131 3285 5205 [Aetius];
3333 5133 3467 5188 nihil
3524 5134 3760 5188 anterius

2183 5226 2579 5296 posteriusquc,
2616 5234 2710 5279 aut
2737 5225 2934 5289 minus,
2965 5234 3025 5279 ut
3049 5223 3240 5291 Arius,
3274 5225 3410 5280 nihil
3445 5235 3758 5281 extraneum

2186 5326 2279 5370 aut
2305 5310 2530 5371 oﬂiciale
2557 5316 2711 5370 alteri
2739 5324 2797 5369 ut
2830 5316 3199 5381 Macedonius;
3244 5317 3375 5371 nihil
3412 5321 3761 5388 persuasione

2190 5405 2321 5479 [A!.,
2360 5406 2698 5478 pervasiouc]
2730 5416 2824 5461 aut
2853 5408 3198 5477 subrt-ptione
3228 5408 3526 5475 insertum,
3563 5418 3623 5463 ut
3659 5408 3761 5463 Μιιο

2187 5498 2455 5563 ιιίοὶιωιιδ;
2481 5496 2611 5551 nihil
2636 5512 2976 5568 corporeum,
3004 5506 3065 5552 ut
3091 5497 3269 5553 Melite
3294 5507 3347 5553 et
3371 5498 3756 5565 Tertullianns,

2186 5587 2320 5643 nihil
2360 5588 2709 5658 corporaliter
2748 5586 3069 5661 elligiatum,
3122 5600 3179 5645 ut
3226 5591 3302 5646 ait
3339 5592 3761 5666 Anthropomor-

2264 5787 2294 5828 ι’
2331 5784 2642 5846 Gennadius
2664 5789 2731 5844 de
2753 5787 2898 5845 Eccl.
2930 5788 3200 5863 DogmaL,
3228 5802 3349 5859 cap.
3388 5763 3472 5847 ιὶ.
