4038 6354
318 405 454 462 1057

989 401 1142 459 ΟΡΡ.
1184 401 1411 460 DUBIA.
1452 430 1522 442 —
1555 400 1782 457 ALBINI
1819 396 2196 460 CONFESSIO
2231 401 2429 460 FIDEI.
2458 430 2531 445 —
2554 398 2735 461 PARS
2766 400 2847 459 ιιι.

3421 400 3559 458 1058

314 518 484 589 phus;
514 514 649 570 nihil
676 512 774 569 sibi
802 512 1087 578 invisibile,
1108 521 1168 569 ut
1189 514 1479 587 Origenes;
1510 514 1642 569 nihil
1667 521 1882 569 creatu-
1906 518 1957 578 Α
1987 514 2245 581 Trinitas,
2269 532 2445 587 neque
2466 523 2744 587 separata,
2768 520 2864 570 aut
2884 512 3094 569 diversa
3117 527 3173 570 tn
3198 520 3389 569 natura
3418 512 3562 570 divi-

316 610 393 664 ris
420 607 649 671 visibile,
680 615 739 661 ut
772 606 1128 673 Fortunatus;
1163 607 1295 662 nihil
1333 608 1571 662 moribus
1599 614 1652 663 et
1696 606 1883 662 volun-

317 706 425 754 tate
453 697 743 760 diversum,
767 704 826 750 ut
844 696 1108 762 Marcion;
1142 698 1274 752 nihil
1297 713 1361 752 ex
1393 697 1677 752 Trinitatis
1702 713 1886 753 essen-

315 790 387 844 tia
430 789 496 842 ad
541 797 910 842 creaturarum
943 797 1190 843 naturam
1218 789 1529 849 deductum.
1557 798 1617 844 ιιι
1645 790 1799 844 Plato
1831 798 1886 845 et

315 877 695 959 Tertullianus;
716 879 848 933 nihil
868 881 1042 935 ollicio
1065 881 1333 952 singulare
1356 897 1456 937 nec
1472 882 1624 937 alteri
1648 899 1886 937 commu-

313 968 561 1034 nicabile,
586 979 643 1024 ut
664 970 953 1041 Origenes;
984 974 1116 1028 nihil
1152 973 1453 1040 confusum,
1494 984 1555 1030 ιιι
1578 975 1880 1031 Sabellius:
1928 990 1929 993 ‘

313 1062 408 1118 sed
449 1071 616 1116 totum
663 1063 984 1133 perfectum,
1016 1066 1140 1135 quia
1188 1075 1356 1121 totum
1383 1083 1449 1122 ex
1476 1082 1582 1122 uno
1609 1076 1663 1121 et
1697 1083 1880 1135 unum,

313 1169 421 1210 non
468 1163 643 1210 tamen
697 1156 996 1211 solitarium
1028 1198 1042 1224 ,
1101 1168 1158 1213 ut
1214 1162 1489 1229 praesumit
1540 1160 1788 1217 Silvanus
1831 1171 1887 1218 et

310 1244 567 1311 Praxeas,
592 1246 994 1318 Pentapolitana
1032 1250 1351 1306 damnabilis
1375 1262 1458 1307 est
1492 1252 1755 1309 doctrina.
1789 1275 1808 1307 ι

382 1337 446 1391 V.
495 1337 760 1393 Hactenus
802 1341 1013 1408 quidem
1040 1341 1107 1395 de
1135 1359 1241 1397 una
1279 1343 1562 1400 Trinitate.
1606 1346 1681 1401 De
1711 1348 1884 1417 gratia

311 1436 508 1487 autem.
542 1444 644 1498 qua
671 1445 855 1485 sumus
885 1432 1164 1503 redempti,
1199 1434 1344 1499 hinc,
1370 1437 1511 1505 quod
1542 1438 1723 1503 credo,
1755 1455 1885 1493 con—

312 1518 451 1574 ﬁteri
495 1524 788 1578 secundum
836 1525 1176 1580 traditionem
1225 1530 1415 1582 matris
1462 1528 1714 1584 Ecclesia:
1754 1532 1885 1586 inci-

310 1614 473 1684 piam.
508 1613 782 1685 Siquidem
811 1618 877 1673 de
907 1618 1200 1673 mediatore
1226 1619 1320 1673 Dei
1344 1629 1401 1674 et
1431 1621 1727 1686 hominum,
1757 1639 1885 1679 vero

310 1707 652 1777 perfectoque
698 1709 935 1775 homine,
973 1709 1190 1765 Christo
1234 1711 1361 1765 Jesu
1410 1712 1638 1768 Domino
1679 1716 1789 1771 Deo
1831 1724 1885 1772 et

310 1797 577 1851 salvatore
608 1806 794 1853 nostro
826 1799 1174 1854 nihilominus
1216 1808 1363 1855 recta
1393 1804 1635 1870 credere,
1666 1813 1721 1859 et
1754 1821 1880 1860 vera

1990 609 2132 665 nitas
2162 612 2185 663 τ’
2214 610 2308 665 sed
2345 610 2479 665 alter
2515 612 2570 667 in
2609 623 2835 681 persona
2860 607 3042 673 Pater,
3079 606 3215 663 alter
3241 605 3292 662 in
3324 588 3567 677 personal

1986 698 2176 764 Filius,
2201 700 2337 754 alter
2356 701 2409 754 in
2435 714 2662 771 persona
2682 700 2916 772 Spiritus
2938 706 3173 761 sanctus,
3202 712 3341 751 unus
3361 706 3555 752 natura

1987 790 2042 845 in
2066 798 2251 845 sancta
2275 790 2536 846 Trinitate
2563 791 2703 846 Deus
2722 791 2904 856 Pater,
2931 798 2986 844 et
3014 788 3201 854 Filius,
3238 799 3293 843 et
3322 788 3558 861 Spiritus

1986 892 2224 938 sanctus.
2258 882 2286 921 ι’
2308 880 2441 937 Cum
2469 883 2571 937 hoc
2597 884 2670 937 ita
2701 884 2791 947 sit,
2821 898 2924 937 non
2951 892 3128 937 tamen
3158 882 3317 936 Pater
3337 896 3556 937 carnem

1986 974 2306 1043 assumpsit,
2341 989 2513 1043 nrque
2544 973 2775 1045 Spiritus
2821 985 3036 1029 sanctus
3059 1016 3072 1039 ,
3114 975 3207 1029 sed
3237 974 3403 1030 Filius
3442 982 3559 1029 tan-

1987 1070 2128 1128 tum;
2162 1075 2220 1116 ut
2263 1065 2352 1133 qui
2384 1072 2502 1119 erat
2532 1064 2584 1117 in
2612 1064 2891 1119 div.nitate
2931 1064 3024 1119 Dei
3052 1063 3240 1129 Filius,
3267 1065 3380 1134 ipse
3405 1063 3559 1120 fieret

1986 1152 2040 1207 in
2075 1152 2290 1206 homine
2321 1151 2553 1206 hominis
2588 1151 2772 1216 Filius,
2808 1167 2875 1207 ne
2913 1151 3034 1206 Filii
3079 1168 3272 1207 nomen
3314 1153 3382 1207 ad
3424 1152 3558 1208 alte-

1986 1259 2106 1299 rum
2132 1258 2324 1297 nomen
2356 1244 2646 1309 transiret,
2674 1243 2766 1313 qui
2792 1258 2897 1297 non
2933 1251 3050 1296 erat
3081 1244 3355 1298 nativitate
3393 1242 3557 1299 Filius

1985 1335 2102 1391 Dei.
2157 1335 2251 1389 Dei
2306 1348 2434 1404 ergo
2500 1334 2667 1389 Filius
2737 1334 2969 1389 hominis
3028 1332 3201 1390 factus
3253 1344 3337 1389 est
3383 1334 3553 1399 illius,

1984 1437 2142 1482 natus
2191 1429 2482 1481 secundum
2535 1427 2817 1482 veritatem
2877 1436 3082 1480 naturas
3129 1445 3141 1479 :
3196 1441 3263 1479 ex
3317 1425 3426 1480 Deo
3462 1424 3555 1481 Dei

1983 1522 2173 1587 Filius,
2222 1531 2380 1577 natus
2422 1522 2711 1577 secundum
2742 1522 3025 1576 veritatem
3068 1530 3306 1586 natum;
3348 1537 3415 1576 ex
3463 1522 3559 1577 ho-

1984 1616 2129 1670 mine
2165 1615 2398 1670 hominis
2440 1615 2627 1681 Filius,
2662 1623 2722 1670 ut
2769 1616 2969 1670 veritas
3018 1616 3203 1687 geniti,
3251 1631 3355 1670 non
3402 1615 3560 1685 adop-

1986 1708 2152 1773 tione,
2200 1723 2305 1762 non
2352 1708 2725 1777 appellatione,
2770 1707 2863 1763 sed
2912 1708 2965 1761 in
3003 1716 3228 1777 utraque
3258 1706 3555 1772 nativitate,

1986 1799 2103 1855 Filii
2135 1816 2328 1855 nomen
2360 1800 2631 1855 nascendo
2659 1800 2903 1862 haberet,
2929 1806 2985 1853 et
3016 1807 3160 1853 esset
3208 1813 3369 1854 verus
3415 1797 3557 1853 Deus

310 1888 540 1951 sentire,
573 1889 639 1943 ad
670 1900 927 1944 asternam
957 1892 1141 1961 procul
1169 1893 1330 1948 dubio
1359 1897 1593 1965 pertinet
1630 1898 1875 1954 salutem.
1910 1869 1957 1929 Β
1989 1902 2043 1948 et
2066 1908 2226 1948 verus
2269 1893 2451 1959 homo,
2489 1907 2628 1947 unus
2666 1891 2851 1946 Filius.
2898 1889 3014 1943 Non
3052 1890 3195 1943 enim
3238 1889 3371 1943 duos
3397 1887 3556 1945 Chri-

310 1977 625 2048 Quanquam
664 1980 827 2051 igitur
871 1983 1149 2038 credentes
1182 1983 1533 2041 conﬁteamur
1559 1988 1804 2055 Patrem,
1830 2000 1886 2046 et

309 2068 528 2135 Filium,
560 2080 613 2127 et
646 2072 914 2143 Spiritum
944 2086 1219 2141 sanctum,
1246 2094 1410 2132 unum
1439 2080 1637 2145 Deum,
1668 2082 1883 2139 Patrem

309 2161 514 2216 scilicet
580 2163 1041 2234 omnipotentem,
1098 2169 1483 2238 sempiternum
1548 2172 1879 2244 ingenitum;

308 2252 503 2309 Filium
528 2270 657 2309 vero
684 2271 751 2310 ex
774 2257 1012 2326 ejusdem
1041 2257 1221 2313 Patris
1255 2261 1556 2317 substantia
1577 2264 1659 2317 vel
1694 2274 1883 2320 natura

310 2346 545 2417 genitum
568 2356 692 2402 ante
712 2362 870 2402 omne
894 2349 1112 2405 omnino
1137 2349 1221 2404 vel
1249 2352 1506 2422 temporis
1524 2353 1608 2408 vel
1628 2353 1885 2425 cujusque

310 2437 521 2493 initium
553 2440 654 2502 rei,
692 2441 1142 2511 omnipotentem,
1173 2444 1432 2513 mqualem
1452 2486 1466 2511 ,
1499 2448 1884 2517 consempiter-

309 2545 460 2596 num,
484 2542 537 2586 et
558 2533 1070 2589 consubstantialem
1091 2535 1364 2602 Genitori;
1389 2536 1648 2608 Spiritum
1671 2555 1884 2611 quoque

310 2636 552 2682 sanctum
602 2626 1038 2697 omnipotentem,
1090 2630 1322 2699 utrique,
1376 2630 1524 2685 Patri
1571 2633 1778 2688 scilicet
1820 2650 1884 2690 ac

310 2714 447 2771 Filio
470 2715 757 2786 aqualem,
788 2718 1274 2787 consempiternum
1296 2759 1310 2784 ,
1343 2730 1505 2790 atque
1532 2723 1886 2777 consubstan-

310 2804 512 2870 tialem,
562 2807 665 2861 hoc
711 2813 813 2873 est,
867 2815 975 2861 tres
1020 2822 1296 2877 personas,
1350 2810 1463 2865 sive
1512 2811 1887 2867 subsistentias

310 2899 469 2952 unius
496 2896 745 2952 essentia:
778 2898 889 2952 sive
915 2906 1140 2965 natuue,
1170 2899 1328 2953 unius
1356 2901 1595 2967 virtutis,
1622 2904 1889 2973 operatio-

310 2990 425 3053 nis,
456 2987 829 3053 beatitudinis,
862 2998 1020 3058 atque
1048 2991 1359 3059 potestatis,
1391 2999 1449 3045 ut
1476 2993 1617 3046 trina
1648 2993 1718 3047 sit
1759 2992 1887 3047 Uni-

311 3088 414 3147 tas,
442 3090 495 3136 et
521 3097 625 3135 una
651 3081 721 3135 sit
751 3080 1003 3145 Trinitas,
1022 3079 1178 3149 juxta
1204 3084 1351 3138 vocis
1378 3084 1666 3140 Dominica:
1690 3085 1888 3141 verita-

313 3186 442 3235 tem.
485 3177 709 3234 dicentis
736 3193 747 3232 ς
774 3176 889 3246 Ite,
920 3177 1093 3235 dum;
1133 3195 1305 3236 omnes
1335 3189 1538 3254 guttas,
1566 3179 1887 3256 baptizantrs

310 3292 396 3329 eos
420 3277 469 3329 in
488 3277 691 3329 nomine
714 3274 915 3342 Patris,
929 3288 976 3330 et
1000 3275 1152 3343 Filii,
1174 3289 1221 3331 et
1240 3277 1465 3349 Spiritus
1481 3282 1648 3333 sancti
1668 3281 1881 3350 (Matth.

310 3380 503 3429 xxvm,
532 3364 639 3435 ll).
674 3365 729 3419 in
760 3366 994 3432 nomine,
1025 3367 1217 3438 inquit,
1251 3384 1355 3423 non
1384 3369 1435 3423 in
1470 3370 1796 3434 nominibus,
1831 3378 1889 3424 ut

310 3468 365 3514 et
407 3473 572 3511 unum
614 3457 780 3511 Deum
820 3474 918 3527 per
948 3458 1317 3514 indistinctum
1348 3461 1539 3515 divina?
1573 3461 1888 3516 substantiae

310 3565 508 3607 nomen
546 3548 872 3614 ostenderet,
898 3559 955 3603 et
979 3566 1328 3620 personarum
1366 3551 1747 3606 discretionem
1778 3552 1889 3607 suis

310 3639 735 3694 demonstratam
786 3642 1203 3711 proprietatibus
1245 3643 1527 3707 edoceret;
1577 3644 1702 3713 quia
1760 3643 1887 3697 dum

311 3728 486 3784 tribus
520 3745 687 3784 unum
726 3730 949 3785 Deitatis
992 3747 1183 3786 nomen
1212 3743 1321 3799 est,
1349 3734 1630 3803 :equalitas
1651 3734 1889 3790 ostendi-

313 3832 403 3879 tur
445 3840 825 3896 personarum,
867 3825 997 3880 nihil
1022 3834 1365 3892 extraneum,
1396 3827 1531 3882 nihil
1559 3828 1808 3883 accidens
1835 3827 1888 3881 in

311 3915 393 3970 eis
421 3916 683 3986 permittit
726 3916 968 3987 intelligi,
1005 3917 1078 3970 ita
1114 3925 1254 3971 utet
1292 3918 1661 3989 unusquisque
1699 3933 1888 3974 eorum

311 4022 476 4062 verus
499 4008 871 4079 perfectusque
897 4008 968 4063 sit
989 4008 1129 4064 Deus
1148 4049 1161 4075 ,
1194 4009 1441 4064 videlicet
1470 4020 1527 4063 ut
1554 4025 1617 4065 ex
1658 4010 1889 4082 plenitu-

240 4106 243 4107 ⁷
312 4099 440 4154 dine
466 4100 762 4155 divinitatis
790 4100 920 4155 nihil
949 4101 1126 4155 minus
1148 4101 1202 4155 in
1232 4102 1474 4172 singulis,
1504 4101 1638 4156 nihil
1661 4101 1888 4171 amplius

315 4190 646 4262 intelligatur
674 4191 728 4245 in
760 4192 946 4247 tribus.

300 4304 303 4307 -
387 4279 474 4334 Vl.
517 4280 647 4336 Cum
679 4283 879 4336 veritas
907 4282 978 4337 ita
1008 4297 1065 4338 se
1092 4281 1323 4348 habeat,
1359 4293 1413 4339 et
1444 4292 1617 4339 mater
1644 4283 1887 4340 Ecclesia

313 4372 524 4436 credat,
555 4371 896 4439 conﬁteatur,
927 4383 981 4427 et
1024 4373 1234 4439 doceat,
1279 4375 1425 4429 omni
1471 4383 1676 4430 remota
1720 4374 1889 4429 ambi-

311 4464 537 4535 guitate,
584 4482 601 4515 ι
634 4476 659 4505 ι
693 4481 857 4519 unum
884 4466 1048 4520 Deum
1084 4481 1202 4521 esse
1232 4464 1466 4530 Patrem,
1510 4477 1563 4520 et
1588 4466 1802 4530 Filium,
1834 4474 1888 4519 et

313 4555 577 4625 Spiritum
605 4566 868 4610 sanctum.
905 4555 1123 4610 Patrem
1158 4570 1243 4622 eo,
1273 4558 1413 4625 quod
1442 4557 1637 4611 habeat
1668 4555 1883 4621 Filium,
1916 4593 1963 4655 υ

310 4645 509 4700 Filium
539 4648 784 4715 eo.quod
838 4645 1030 4701 habeat
1066 4646 1300 4711 Patrem,
1343 4645 1600 4716 Spiritum
1644 4655 1886 4701 sanctum

313 4749 383 4789 eo
428 4736 570 4805 quod
610 4736 681 4790 sit
723 4750 787 4789 ex
830 4735 988 4789 Patre
1021 4744 1074 4791 et
1113 4736 1271 4790 Filio.
1312 4735 1472 4790 Pater
1511 4752 1639 4807 ergo
1680 4736 1884 4805 princi-

308 4828 461 4899 pium
511 4828 753 4892 Deitatis,
784 4828 898 4898 qui,
927 4829 1065 4884 sicut
1104 4843 1375 4898 nunquam
1421 4826 1521 4881 fuit
1567 4842 1674 4881 non
1722 4827 1882 4893 Deus,

311 4918 390 4973 ita
428 4934 699 4989 nunquam
733 4919 832 4973 fuit
854 4936 959 4974 non
988 4920 1146 4975 Pater
1177 4938 1187 4974 ε
1222 4936 1252 4973 a
1283 4935 1389 4990 quo
1416 4918 1583 4973 Filius
1634 4929 1811 4985 natus,
1855 4934 1885 4973 a

311 5024 422 5079 quo
444 5008 676 5079 Spiritus
705 5022 921 5065 sanctus
951 5026 1055 5066 non
1082 5020 1258 5076 natus,
1288 5011 1420 5080 quia
1446 5026 1549 5065 non
1574 5020 1657 5064 est
1681 5008 1883 5074 Filius;

312 5112 488 5167 neque
535 5100 839 5170 ingenitus,
886 5103 1010 5171 quia
1060 5116 1165 5155 non
1209 5109 1292 5155 est
1334 5100 1524 5164 Pater;
1575 5115 1674 5154 nec
1721 5097 1887 5169 399

311 5188 512 5257 factus,
559 5193 683 5263 quia
737 5209 839 5248 non
888 5202 969 5249 est
1010 5209 1075 5249 ex
1117 5193 1304 5258 nihilo,
1335 5194 1427 5247 sed
1464 5208 1529 5247 ex
1566 5192 1727 5246 Patre
1776 5191 1887 5245 Deo

266 5328 273 5331 .
310 5281 557 5353 Filioque
607 5284 746 5339 Deus
784 5285 1099 5354 procedens.
1146 5283 1307 5337 Pater
1346 5293 1602 5347 aeternus,
1645 5296 1711 5336 eo
1742 5280 1888 5350 quod

310 5385 571 5432 :eternum
620 5378 817 5432 habeat
860 5376 1072 5441 Filium,
1110 5374 1262 5443 cujus
1304 5383 1539 5429 azternus
1586 5373 1655 5427 sit
1703 5372 1886 5427 Pater:

312 5467 485 5524 Filius
508 5479 743 5524 mtcrnus
765 5510 779 5534 ,
809 5485 874 5523 eo
898 5470 1038 5540 quod
1071 5468 1142 5522 sit
1165 5466 1312 5521 Patri
1334 5476 1649 5520 coaeternus.
1686 5463 1885 5536 [Spiri-

313 5568 404 5615 tus
429 5568 648 5618 sanctns
669 5572 930 5626 aeternus,
974 5576 1040 5615 eo
1066 5560 1211 5631 quod
1242 5559 1311 5613 sit
1349 5557 1494 5612 Patri
1540 5565 1593 5612 ct
1631 5554 1769 5611 Filio
1795 5571 1888 5612 co-

312 5651 598 5726 aeternus]
647 5652 762 5710 Non
814 5662 992 5708 autem
1040 5651 1262 5708 confusa
1312 5651 1365 5705 in
1403 5666 1567 5705 unam
1607 5663 1893 5720 personam

390 5777 413 5839 ξι
455 5765 780 5839 Gennadius,
808 5769 873 5823 de
902 5767 1047 5823 Eccl.
1078 5768 1280 5839 d_ogni.,
1326 5778 1443 5835 Cap.
1476 5761 1522 5815 l.

390 5834 418 5875 ι’
452 5836 718 5903 Gennad.,
742 5839 896 5905 ibid.,
939 5853 1055 5908 cap.
1094 5837 1148 5891 Ξ.

1986 1993 2131 2051 stos,
2180 2000 2355 2055 neque
2407 1985 2541 2039 duos
2593 1983 2785 2048 Filios,
2838 1984 2928 2037 sed
2978 1983 3144 2036 Deum
3186 1990 3240 2036 et
3285 1982 3554 2037 hominem

1985 2095 2150 2134 unum
2174 2079 2369 2133 Filium
2402 2077 2736 2134 conﬁtemur.
2771 2076 2943 2143 Quem
2978 2083 3263 2145 propterea
3287 2082 3341 2129 et
3370 2072 3557 2144 unige-

1987 2171 2159 2224 nitum
2210 2168 2436 2225 dicimus
2492 2178 2798 2223 manentem
2849 2168 2902 2222 in
2953 2167 3160 2222 duabus
3219 2165 3550 2231 substantiis,

1986 2263 2127 2317 sicut
2154 2262 2201 2317 ei
2222 2270 2429 2317 naturas
2449 2261 2652 2316 veritas
2675 2258 2919 2315 contulit.
2943 2258 3056 2313 Non
3086 2256 3322 2313 confusis
3348 2257 3557 2311 naturis

1986 2369 2161 2425 neque
2186 2355 2455 2419 immistis,
2493 2353 2871 2431 sicut‘quidam
2904 2352 3143 2407 hmretici
3170 2350 3387 2423 [Cenn..
3418 2350 3559 2406 sicut

1987 2445 2338 2519 Thimotiani]
2368 2446 2573 2509 vohmt,
2606 2444 2701 2499 sed
2727 2444 2985 2499 societate
3013 2442 3196 2497 unitis.

2056 2537 2165 2593 Vll.
2184 2537 2325 2593 Deus
2348 2552 2475 2609 ergo
2501 2536 2772 2591 hominem
2800 2535 3108 2604 assumpsit,
3129 2535 3289 2588 homo
3310 2533 3362 2588 in
3389 2532 3555 2589 Deum

1988 2630 2253 2695 transivit,
2285 2646 2392 2685 non
2442 2636 2650 2684 natura:
2685 2626 3038 2682 versibilitate
3068 2624 3257 2699 [ϐεηη.
3294 2624 3418 2678 add.
3440 2666 3455 2689 ,
3485 2624 3558 2680 si-

1988 2731 2080 2778 cut
2102 2723 2496 2792 Apollinarista:
2520 2721 2751 2793 dicunt],
2786 2720 2881 2775 sed
2906 2719 3001 2775 Dei
3031 2719 3356 2790 dignatione,
3380 2723 3556 2772 utnec

1988 2816 2132 2871 Deus
2176 2824 2473 2871 mutaretur
2519 2815 2573 2870 in
2619 2819 2908 2870 humanam
2954 2811 3309 2868 substantiam
3336 2850 3351 2875 ,
3403 2823 3557 2865 assu-

1988 2906 2183 2962 mendo
2212 2906 2504 2969 hominem,
2534 2919 2635 2959 nec
2656 2904 2817 2959 homo
2856 2903 2909 2957 in
2940 2901 3196 2964 divinam,
3227 2898 3558 2970 gloriﬁcatus

1988 2993 2044 3049 in
2075 2995 2183 3049 Deo
2209 2993 2422 3067 [Genn.,
2452 2994 2505 3048 in
2537 2991 2728 3064 Deum]
2757 3009 2770 3045 :
2802 2991 2927 3062 quia
2972 2988 3199 3044 mutatio
3217 2988 3299 3043 vel
3325 2985 3553 3042 versibi-

1989 3085 2116 3141 litas
2159 3095 2387 3150 naturae,
2418 3093 2473 3140 et
2514 3083 2906 3146 confusionem,
2952 3090 3005 3135 et
3036 3068 3473 3145 diminutionem,
3501 3086 3559 3135 et

1989 3178 2339 3237 abolitionem
2389 3176 2701 3236 substantiae
2747 3173 2895 3232 facit.
2946 3172 3114 3230 Natus
3159 3185 3238 3229 est
3289 3188 3417 3243 ergo
3460 3170 3556 3226 Dei

1988 3271 2155 3328 Filius
2184 3288 2248 3327 ex
2285 3271 2501 3326 homine
2539 3285 2642 3325 non
2675 3283 2773 3339 per
2804 3267 3098 3331 hominem,
3140 3265 3194 3319 id
3233 3271 3317 3319 est
3357 3278 3461 3318 non
3490 3277 3557 3317 ex

1987 3364 2089 3419 viri
2126 3365 2290 3426 coitu,
2314 3364 2452 3419 sicut
2477 3362 2681 3417 Hebion
2715 3360 2864 3423 dicit,
2904 3358 2995 3414 sed
3021 3373 3088 3413 ex
3129 3357 3347 3428 Virgine
3378 3398 3390 3409 .
3432 3371 3555 3411 car-

1988 3474 2112 3514 nem
2140 3474 2207 3513 ex
2242 3456 2477 3527 Virginis
2515 3469 2742 3523 corpore
2792 3453 3033 3516 trahens,
3060 3458 3115 3505 et
3155 3465 3260 3505 non
3312 3450 3379 3505 de
3422 3448 3559 3504 caelo

1990 3566 2171 3605 secum
2202 3548 2454 3613 all'erens,
2504 3547 2645 3602 sicut
2693 3544 2926 3599 Marcion
2971 3541 3159 3615 [ϐεηη.
3193 3542 3343 3606 add.,
3372 3539 3559 3611 Orige-

1990 3642 2106 3715 nes]
2139 3651 2193 3696 et
2237 3641 2506 3712 Eutyches
2526 3638 2791 3693 aﬂirmant
2818 3655 2832 3690 :
2868 3650 3041 3706 neque
3082 3635 3136 3689 in
3167 3632 3473 3704 phantasia,
3505 3633 3558 3688 id

1989 3741 2092 3795 est,
2123 3734 2324 3801 absque
2347 3745 2530 3795 carne,
2558 3729 2698 3785 sicut
2727 3728 3076 3792 Valentinus,
3115 3740 3289 3795 neque
3318 3725 3558 3794 putativa

1990 3821 2247 3893 imagine,
2279 3820 2373 3875 sed
2406 3833 2601 3889 corpus
2620 3832 2808 3872 verum
2842 3833 2854 3869 :
2897 3830 3072 3885 neque
3110 3814 3189 3869 sic
3216 3830 3398 3868 verum
3441 3828 3561 3868 cor-

1989 3929 2109 3984 pus,
2132 3920 2192 3967 ut
2216 3920 2392 3966 tamen
2432 3925 2536 3964 non
2566 3909 2638 3963 sit
2664 3923 2792 3963 caro
2832 3922 2896 3962 ex
2932 3893 3137 3971 'carne,
3166 3906 3305 3961 sicut
3335 3904 3561 3960 Marcia-

1990 4020 2112 4070 nus,
2142 4004 2233 4060 sed
2262 4018 2423 4058 verus
2448 4001 2589 4056 Deus
2610 4016 2675 4056 ex
2704 3998 3000 4060 divinitate,
3032 4006 3084 4052 et
3114 4012 3276 4051 verus
3304 3996 3465 4050 homo
3492 4008 3560 4050 ex

1989 4110 2153 4150 carne
2197 4109 2335 4149 unus
2382 4091 2550 4146 Filius
2578 4109 2591 4143 :
2624 4089 2682 4144 In
2714 4088 2994 4144 divinitate
3018 4088 3253 4142 Verbum
3300 4086 3480 4141 Patris
3507 4093 3563 4140 et

1989 4183 2153 4248 Deus,
2187 4183 2241 4237 in
2277 4180 2494 4235 homine
2526 4179 2706 4233 anima
2733 4185 2788 4232 et
2810 4193 2958 4232 caro.
2987 4175 3181 4230 Anima
3210 4189 3315 4229 non
3357 4175 3560 4244 absque

1989 4289 2150 4329 sensu
2178 4281 2231 4327 et
2258 4271 2485 4333 ratione,
2514 4277 2571 4324 ut
2597 4268 2924 4339 Apollinaris
2942 4308 2956 4333 ,
2997 4281 3171 4336 neque
3200 4281 3327 4321 caro
3357 4266 3561 4335 absque

1991 4367 2170 4421 anima
2196 4373 2253 4419 ut
2294 4364 2584 4419 Anomaaus
2612 4361 2827 4433 [Genu.,
2859 4368 2918 4415 ut
2961 4359 3312 4432 Eunomius],
3368 4359 3461 4415 sed
3507 4366 3562 4414 et

1991 4460 2171 4512 anima
2209 4471 2332 4511 cum
2362 4455 2569 4509 ratione
2600 4467 2720 4517 sua,
2761 4460 2815 4506 et
2842 4465 2970 4505 caro
2998 4466 3121 4505 cum
3151 4450 3399 4504 sensibus
3427 4448 3557 4515 suis,

1989 4565 2085 4620 per
2110 4563 2246 4618 quos
2284 4562 2474 4602 sensus
2503 4559 2658 4599 veros
2686 4544 2741 4597 in
2787 4542 3065 4611 passione,
3095 4549 3151 4595 et
3193 4548 3316 4594 ante
3346 4540 3556 4611 passio-

1990 4656 2134 4704 nem,
2162 4638 2344 4694 carnis
2368 4653 2477 4693 sua:
2524 4636 2735 4690 dolores
2764 4633 3038 4687 sustinuit.
3072 4642 3095 4670 ε
3140 4630 3325 4699 Neque
3370 4629 3447 4685 sic
3477 4636 3560 4684 est

1990 4741 2151 4787 natus
2176 4747 2243 4786 ex
2268 4730 2509 4799 Virgine,
2535 4736 2596 4781 ιιι
2628 4725 2843 4781 deitatis
2865 4724 3073 4778 initium
3100 4723 3370 4778 nascendo
3400 4721 3561 4777 homo

1991 4828 2298 4897 acciperet,
2342 4825 2497 4895 quasi
2548 4833 2834 4892 antequam
2884 4830 3197 4877 nasceretur
3223 4836 3289 4876 ex
3320 4821 3557 4889 Virgine,

1988 4920 2131 4976 Deus
2159 4935 2266 4974 non
2296 4918 2480 4983 fuerit,
2510 4918 2650 4973 sicut
2686 4916 2903 4985 quidam
2942 4916 3314 4971 [hereticorum
3343 4914 3559 4988 [Genn.,

1990 5015 2129 5069 sicut
2156 5013 2413 5066 Artemon
2458 5020 2513 5065 et
2556 5010 2781 5065 Berillus
2809 5018 2864 5065 et
2895 5010 3198 5083 Marcellus]
3241 5010 3560 5074 docuerunt,

1991 5104 2085 5160 sed
2128 5115 2359 5158 aeternus
2396 5102 2558 5169 Deus,
2586 5111 2642 5157 et
2685 5101 2847 5157 homo
2888 5116 2954 5159 ex
2992 5103 3205 5173 Virgine
3248 5110 3405 5155 natus
3458 5107 3559 5154 est.

1990 5192 2018 5233 ά
2046 5192 2328 5248 Omousius
2382 5207 2541 5261 ergo,
2594 5192 2649 5246 id
2696 5200 2812 5259 est,
2862 5190 3214 5246 coessentialis
3270 5190 3322 5243 in
3366 5188 3561 5243 divini-

1992 5294 2105 5341 tate
2145 5285 2295 5340 Patri
2337 5286 2523 5347 Filius,
2562 5286 2838 5341 omousius
2889 5284 3037 5340 Patri
3081 5291 3137 5338 et
3163 5280 3299 5337 Filio
3328 5280 3565 5351 Spiritus

1993 5388 2246 5445 sanctus,
2294 5378 2572 5435 omousius
2606 5380 2714 5435 Deo
2768 5387 2822 5435 et
2868 5378 3069 5434 homini
3111 5377 3297 5432 Filius.
3343 5377 3567 5433 Manens

1993 5470 2136 5526 Deus
2166 5473 2218 5527 in
2250 5473 2468 5529 homine
2488 5490 2586 5529 suo
2609 5476 2661 5529 in
2689 5474 2858 5547 gloria
2896 5472 3073 5528 Patris
3095 5471 3330 5545 [videtur
3372 5479 3428 5528 et
3469 5471 3563 5525 de-

1994 5560 2262 5615 sideratur
2296 5561 2467 5618 videri
2513 5562 2581 5617 ab
2628 5563 2867 5635 Angelis,
2907 5572 2962 5617 et
3006 5562 3261 5617 adoretur
3312 5561 3381 5617 ab
3416 5561 3564 5617 omni

1967 5659 2246 5727 .creatura
2273 5650 2561 5724 (Gennad.,
2586 5653 2738 5710 Unus
2771 5654 3141 5711 desiderabilis
3166 5655 3334 5712 videri
3362 5656 3431 5713 ab
3472 5670 3566 5711 an-

2077 5777 2101 5839 ?
2129 5768 2396 5839 Gennad.,
2427 5769 2582 5835 ibid.,
2619 5784 2736 5839 cap.
2768 5770 2822 5825 5.

2078 5837 2106 5880 ει
2134 5837 2404 5908 Gennad.,
2432 5840 2587 5906 ibid.,
2616 5837 2734 5910 cap.
2763 5839 2817 5894 5.

3555 5903 3568 5936 ὶ
