4038 6354
482 386 629 449 1059

1301 374 1375 443 n.
1404 377 1471 441 εξ
1496 374 1719 437 unum
1757 371 1890 431 seu
1929 368 2208 435 arcum
2244 328 2531 435 ornavit
2569 365 2748 437 psus
2784 356 2916 435 vni.

3616 360 3775 419 I060

478 502 648 575 gens;
682 498 823 553 sicut
863 494 1025 552 pater
1072 498 1127 551 et
1170 489 1406 561 Spiritus
1437 494 1655 551 sanctus
1699 485 1958 545 adoratur
1992 483 2060 551 ab
2085 486 2135 553 Α
2162 483 2269 538 illa.
2304 480 2363 538 Si
2410 481 2656 575 igitur-in
2686 479 2844 575 nobis
2871 476 3201 575 invenimus
3239 475 3345 541 tria
3377 478 3774 575 separabiliter

486 591 692 663 angelis
716 598 770 644 et
813 589 880 643 ab
923 585 1071 641 omni
1126 580 1419 650 creatura).
1467 579 1584 639 Non
1633 579 1792 633 homo
1842 584 2061 646 propter

485 686 675 749 Deum,
716 682 799 737 vel
824 681 1073 737 Christus
1096 692 1218 735 cum
1246 678 1379 741 Deo,
1420 686 1479 732 ut
1500 673 1787 729 Nestorius
1808 671 2060 741 blasphe-

484 784 618 840 mat,
652 775 746 830 scd
776 774 936 828 homo
971 773 1025 827 in
1062 771 1193 834 Deo,
1224 778 1277 823 et
1305 770 1361 824 in
1394 768 1610 825 homine
1638 767 1795 821 Deus.

559 867 687 922 VIII.
736 865 905 935 Hujus
932 877 1165 932 namque
1203 859 1416 914 Domini
1467 858 1637 915 nostri
1689 854 1817 910 Iesu
1863 853 2063 910 Christi

481 966 662 1014 mater
698 958 855 1011 beata
914 953 1083 1008 Maria
1131 949 1319 1023 procul
1359 949 1520 1005 dubio
1554 959 1609 1003 et
1644 947 1794 1018 virgo
1858 946 2061 1015 genuit,

486 1060 542 1105 et
574 1056 696 1120 post
721 1055 936 1118 partum
979 1045 1129 1113 virgo
1172 1040 1489 1112 permansit.
1545 1038 1655 1095 Nec
1710 1036 2061 1106 blasphemia:

482 1139 717 1195 Helvidii
743 1134 1215 1205 acquiescendnm,
1237 1132 1327 1200 qui
1355 1132 1432 1186 ait
1463 1149 1474 1184 :
1510 1128 1665 1198 Virgo
1692 1136 1811 1183 ante
1833 1136 2062 1197 partum,

486 1247 595 1286 non
622 1231 767 1298 virgo
802 1234 915 1296 post
943 1233 1171 1295 partum.
1206 1221 1312 1278 Sed
1342 1222 1551 1292 integra
1584 1220 1688 1277 fide
1713 1217 2065 1281 credendum,

489 1320 854 1390 integritatem
885 1322 1045 1370 tanta:
1076 1313 1397 1384 virginitatis
1439 1326 1651 1380 semper
1687 1308 1950 1371 mansisse
1981 1307 2067 1359 iu-

489 1411 768 1465 violatam.
797 1408 889 1463 Sic
912 1423 1037 1462 eum
1070 1406 1220 1476 virgo
1246 1418 1570 1474 permanens
1597 1403 1799 1473 genuit,
1834 1409 1892 1455 ut
1917 1400 2069 1468 virgo

484 1502 757 1570 concepit.
792 1500 1019 1568 Dignum
1066 1497 1258 1568 quippe
1292 1495 1415 1562 fuit,
1452 1504 1507 1551 et
1546 1494 1700 1549 valde
1729 1494 1970 1563 dignum;
2012 1500 2071 1549 ut

490 1594 611 1667 haec
640 1592 750 1647 sola
773 1589 992 1655 femina,
1021 1597 1075 1644 et
1102 1589 1254 1658 virgo
1297 1596 1421 1641 ante
1465 1595 1700 1656 partum,
1741 1594 1790 1638 et
1841 1584 1990 1653 virgo
2017 1584 2071 1649 in

495 1694 676 1755 partu,
704 1693 757 1739 et
781 1685 932 1754 virgo
968 1690 1089 1751 post
1129 1687 1344 1750 partum
1375 1686 1539 1742 esset,
1584 1693 1703 1749 quae
1735 1678 2071 1741 incarnatum

499 1777 737 1833 Verbum
764 1774 855 1833 Dei
883 1772 1112 1843 peperit,
1142 1771 1195 1825 id
1229 1778 1333 1835 est,
1363 1784 1547 1825 verum
1589 1768 1757 1823 Deum
1789 1776 1843 1822 et
1887 1783 2072 1825 verum

2163 575 2549 637 demonstrata,
2580 562 3010 640 inseparabiliter
3036 578 3279 638 operata,
3300 577 3355 623 et
3374 583 3563 627 eorum
3590 568 3771 642 400

2166 665 2329 719 trium
2377 661 2795 732 unumquodque
2826 675 3022 715 nomen
3060 675 3092 714 a
3139 661 3311 715 tribus
3352 659 3576 726 factum,
3608 662 3768 732 quod

2165 764 2346 813 tamen
2373 770 2479 819 non
2520 755 2587 809 ad
2624 754 2751 819 tria,
2785 754 2881 809 sed
2911 754 2979 809 ad
3028 753 3193 817 trium
3220 754 3417 817 horum
3446 769 3615 815 untun
3654 754 3767 808 ali~

2165 848 2292 919 quid
2312 847 2626 918 pertineret,
2658 846 2942 902 credamus
2988 845 3225 913 Patrem,
3270 844 3465 905 Filium
3496 855 3550 901 et
3582 844 3739 918 Spiri

2166 947 2281 995 tum
2332 949 2578 995 sanctum
2628 954 2725 1010 per
2763 939 2914 1010 signa
2945 940 3190 1009 quaedam
3242 939 3497 1005 visibilia,
3542 949 3601 997 et
3657 956 3770 1010 per

2168 1032 2377 1103 species
2420 1032 2683 1103 quasdam
2728 1041 3021 1101 assumpta:
3067 1039 3334 1089 creatura:
3371 1046 3531 1101 posse
3572 1040 3627 1085 et
3665 1047 3765 1087 se-

2166 1124 2483 1195 parabiliter
2529 1122 2908 1188 demonstrari,
2953 1131 3007 1175 et
3042 1123 3476 1192 inseparabiliter
3518 1123 3763 1192 operari.

2168 1215 2226 1269 In
2273 1215 2426 1269 nobis
2474 1214 2638 1280 enim,
2667 1214 2809 1284 quod
2855 1220 2961 1279 est,
3002 1228 3292 1283 possumus
3338 1230 3528 1277 nosse;
3560 1215 3615 1269 in
3649 1214 3766 1269 Deo

2170 1317 2389 1372 autem,
2444 1307 2536 1376 qui
2588 1322 2686 1362 nos
2724 1305 2892 1372 fecit,
2944 1306 3088 1376 quod
3141 1315 3257 1371 est,
3308 1306 3569 1376 quidquid
3627 1316 3715 1361 est
3747 1348 3765 1372 ,

2171 1402 2389 1473 quando
2440 1414 2730 1470 possumus
2779 1399 2972 1461 nesse?
3001 1398 3069 1461 Et
3124 1399 3170 1453 si
3235 1399 3573 1469 poterimus,
3625 1414 3767 1454 non-

2173 1494 2299 1550 dum
2337 1508 2660 1564 possumus,
2700 1499 2756 1548 et
2807 1500 2985 1547 tamen
3044 1507 3166 1549 cum
3222 1492 3563 1560 poterimus,
3622 1508 3768 1553 nun-

2172 1586 2300 1657 quid
2334 1586 2411 1639 sic
2440 1598 2599 1645 nosse
2630 1584 2796 1638 Deum
2841 1582 3155 1648 valebimus,
3181 1584 3451 1652 quomodo
3502 1599 3561 1639 se
3612 1585 3767 1639 novit

2175 1677 2356 1731 Deus?
2389 1676 2684 1731 Credamus
2711 1676 2825 1745 jam
2874 1675 2967 1741 ibi,
3006 1675 3149 1745 quod
3201 1691 3308 1731 non
3339 1691 3631 1745 possumus
3680 1677 3765 1730 vi-

2176 1769 2324 1833 dere,
2358 1783 2459 1827 nec
2494 1769 2582 1829 hic
2598 1767 2676 1821 ad
2708 1767 2925 1836 plenum
2975 1768 3450 1837 comprehendere.
3491 1767 3581 1823 Sol
3602 1769 3765 1843 enim

499 1868 793 1925 hominem.
836 1865 1062 1934 Pr0pter
1093 1864 1234 1932 quod
1259 1862 1506 1916 eamdem
1552 1862 1763 1927 beatam
1805 1860 2070 1930 virginem
2102 1861 2149 1925 Β
2175 1875 2296 1916 cum
2330 1876 2468 1917 unus
2500 1860 2589 1926 sit,
2629 1860 2791 1917 habet
2819 1859 3073 1925 calorem,
3118 1860 3280 1915 habet
3305 1869 3361 1917 et
3395 1860 3761 1930 splendorem,

496 1959 749 2024 etoréxw,
787 1958 840 2013 id
869 1964 972 2023 est,
1020 1956 1113 2010 Dei
1164 1954 1478 2023 genitricem
1521 1952 1860 2013 conﬁtemur.
1906 1951 2073 2021 Natus

496 2060 669 2107 estex
692 2066 754 2105 ea
778 2064 915 2104 unus
941 2056 1102 2117 atque
1132 2046 1273 2111 idem
1318 2044 1477 2100 Iesus
1515 2045 1763 2100 Christus
1802 2058 1958 2099 verus
1985 2042 2074 2097 Fi-

494 2140 600 2199 lius
641 2140 757 2203 Dei,
784 2147 840 2193 et
870 2140 1009 2192 idem
1058 2136 1172 2204 ipse
1204 2150 1361 2189 verus
1404 2134 1570 2189 Filius
1621 2134 1876 2193 hominis.
1931 2133 2073 2187 Con-

495 2229 864 2285 substantialis
891 2227 1219 2296 aequalisque
1263 2225 1411 2281 Patri
1464 2226 1760 2281 secumlum
1792 2224 2072 2295 deitatem,

495 2321 589 2385 sed
617 2318 739 2375 inde
765 2319 942 2383 minor
966 2318 1129 2371 Patre
1149 2359 1161 2380 ,
1209 2318 1350 2371 unde
1381 2318 1537 2372 nobis
1579 2317 2073 2381 consubstantialis,

497 2412 622 2481 quia
650 2428 745 2481 per
773 2410 953 2466 omnia
977 2409 1131 2475 nobis
1159 2409 1352 2471 similis
1378 2410 1580 2478 absque
1610 2419 1854 2480 peccato.
1885 2410 2078 2477 Quam-

495 2502 579 2556 vis
606 2501 766 2571 igitur
786 2501 947 2567 Pater
968 2516 1075 2555 non
1105 2501 1175 2555 sit
1201 2510 1361 2555 natus
1399 2502 1465 2555 de
1499 2501 1726 2572 virgine,
1755 2518 1928 2572 neque
1957 2502 2077 2571 Spi-

494 2592 633 2657 ritus
676 2601 914 2657 sanctus,
947 2592 1043 2647 sed
1082 2591 1227 2657 solus
1249 2590 1421 2647 Filius
1444 2632 1458 2657 ,
1504 2593 1843 2661 nativitatem
1898 2601 2078 2661 tamen

495 2682 618 2739 Filii
665 2683 819 2739 istam
868 2692 924 2737 et
962 2682 1140 2755 Pater,
1187 2690 1240 2738 et
1270 2681 1460 2749 Filius,
1492 2692 1547 2737 et
1577 2682 1812 2752 Spiritus
1860 2693 2079 2737 sanctus

496 2775 701 2843 operati
731 2782 856 2841 sunt
895 2789 960 2829 ex
983 2773 1214 2845 virgine,
1246 2789 1346 2828 nec
1377 2789 1483 2829 non
1506 2783 1560 2829 et
1585 2775 1884 2849 passionem
1914 2785 1965 2830 et
1996 2789 2079 2829 re-

494 2864 881 2925 surrectionem
920 2862 1057 2935 ejus,
1103 2872 1158 2916 et
1193 2862 1401 2935 reliqua
1452 2871 1644 2918 cuneta
1686 2878 1804 2939 qua:
1857 2862 1924 2921 ad
1962 2862 2079 2939 eius

492 2955 773 3023 pertinent
797 2954 1213 3023 humanitatem.

572 3046 661 3100 IX.
680 3046 969 3105 Videamus
994 3061 1122 3117 ergo
1145 3046 1191 3105 si
1220 3046 1359 3101 forte
1382 3045 1435 3115 in
1459 3055 1712 3101 creatura
1741 3046 2078 3101 inveniamus

490 3137 720 3207 aliquid,
772 3136 863 3191 ubi
921 3136 1206 3205 probemus
1256 3137 1435 3206 aliqua
1471 3137 1571 3190 tria
1603 3146 1657 3191 et
1706 3138 2079 3211 separabiliter

2175 1954 2272 2023 sed
2320 1952 2500 2009 calore
2534 1953 2721 2018 siccat,
2769 1951 3053 2022 splendore
3085 1950 3334 2011 illustrat.
3385 1950 3443 2007 Si
3494 1953 3551 2007 in
3600 1953 3767 2008 rebus

2175 2046 2373 2101 creatis
2418 2046 2532 2100 haec
2560 2053 2615 2100 et
2658 2044 2825 2099 multa
2857 2043 2961 2105 alia
3008 2044 3370 2115 inveniuntur,
3418 2057 3487 2099 ex
3540 2042 3763 2113 quibus,

2175 2138 2326 2203 verbi
2371 2142 2565 2209 gratia,
2599 2137 2781 2192 divina
2811 2136 3111 2192 consultius
3162 2135 3377 2195 valeant
3419 2135 3766 2205 aliquatenus

2176 2229 2553 2295 animadverti,
2581 2228 2805 2291 stultum
2826 2236 2910 2283 est
2931 2228 2998 2283 de
3021 2226 3282 2303 Creatore
3313 2226 3612 2299 ambigere,
3639 2228 3767 2297 quia

2178 2330 2455 2378 creaturas
2488 2321 2623 2377 tales
2658 2320 2835 2376 facere
2866 2318 3053 2377 valuit.

2248 2413 2315 2469 Χ.
2342 2413 2691 2477 Inveniuntur
2720 2425 2935 2481 quoque
2979 2410 3033 2473 in
3076 2410 3342 2475 creaturis
3381 2423 3588 2477 coaava,
3618 2410 3768 2465 inve-

2179 2507 2398 2561 niuntur
2420 2512 2473 2558 et
2493 2503 2743 2572 :equalia,
2789 2500 2883 2559 sed
2914 2517 3023 2569 non
3066 2512 3296 2571 utraque
3339 2501 3520 2559 simul.
3548 2500 3609 2556 In
3660 2501 3769 2556 Deo

2179 2596 2324 2651 enim
2384 2601 2510 2647 sunt
2571 2592 2731 2661 simul
2781 2600 3049 2662 utraque,
3101 2607 3241 2659 unus
3290 2590 3434 2659 Deus
3481 2599 3539 2646 et
3606 2589 3768 2645 Pater

2179 2687 2439 2751 omnium,
2466 2684 2758 2755 principale
2793 2700 2988 2740 nomen
3039 2685 3335 2749 divinitatis
3378 2700 3478 2756 per
3514 2699 3574 2741 se
3616 2684 3763 2754 quod

2180 2780 2434 2844 creditur,
2472 2787 2527 2833 et
2575 2778 2716 2847 quod
2767 2779 2964 2833 dicitur
2996 2777 3174 2843 Pater,
3226 2777 3369 2849 Deus
3418 2778 3536 2837 sine
3570 2778 3767 2848 princi-

2177 2870 2299 2940 pio,
2345 2869 2460 2924 sine
2490 2876 2749 2937 tempore,
2784 2872 2849 2923 de
2902 2870 3080 2938 seipse
3134 2869 3321 2938 genuit
3348 2867 3567 2933 Filium,
3611 2877 3668 2922 et
3698 2882 3766 2922 ex

2178 2960 2375 3014 virtute
2415 2974 2511 3013 sua
2546 2958 2769 3028 protulit
2812 2957 3071 3028 Spiritum
3118 2968 3386 3013 sanctum.
3427 2959 3552 3014 Ideo
3598 2958 3765 3013 Filius

2178 3064 2246 3117 ex
2284 3049 2463 3114 Patre,
2490 3066 2595 3103 non
2619 3064 2683 3103 ex
2719 3063 2796 3114 se,
2836 3048 2931 3102 sed
2957 3048 3153 3103 Patris.
3185 3048 3350 3103 Pater
3378 3048 3543 3115 Deus,
3576 3057 3631 3103 et
3672 3047 3762 3103 Fi-

2181 3141 2283 3196 Iius
2312 3139 2472 3209 Deus,
2504 3140 2597 3211 sed
2622 3156 2727 3194 non
2764 3139 2904 3193 idem
2931 3124 3109 3205 Pater,
3138 3140 3228 3210 qui
3261 3138 3429 3194 Filius
3472 3141 3528 3195 in
3577 3156 3764 3211 perso-

498 3228 885 3292 demonstrari,
924 3236 979 3281 et
1026 3229 1458 3299 inseparabiliter
1503 3230 1737 3299 operari.
1785 3229 2074 3285 Inrisibilia
2101 3217 2149 3283 C
2180 3249 2280 3309 na,
2305 3232 2400 3288 sed
2432 3230 2590 3296 idem,
2624 3230 2765 3301 quod
2796 3230 2962 3307 Filius
3008 3231 3063 3284 in
3107 3239 3320 3284 natura.
3354 3229 3589 3301 Spiritus
3634 3246 3761 3285 san-

496 3321 635 3387 em'm
664 3318 774 3388 ejus
810 3336 841 3372 a
870 3330 1109 3373 creatura
1139 3320 1319 3373 mundi
1350 3336 1442 3390 per
1487 3337 1569 3384 ea,
1598 3337 1715 3389 qua:
1745 3320 1887 3391 facta
1930 3334 2071 3389 sunt,

496 3410 761 3467 intellectu
810 3412 1199 3481 conspiciuntur
1254 3411 1433 3479 (Rom.
1468 3428 1521 3477 ι,
1564 3411 1675 3481 20).
1727 3411 1880 3475 Licet
1919 3414 2076 3485 longe

498 3501 693 3559 distent
719 3516 749 3555 a
776 3501 997 3571 summis
1030 3502 1155 3566 ima,
1187 3502 1254 3554 ab
1284 3500 1806 3557 incommutabilibus
1838 3518 2077 3558 commu-

496 3597 700 3664 tabilia,
739 3613 770 3661 a
797 3596 1101 3663 creantibus
1148 3606 1350 3665 creata,
1387 3611 1418 3649 a
1464 3596 1658 3657 divinis
1694 3598 1948 3675 humana,
1998 3607 2077 3653 ta-

495 3704 617 3759 men
638 3690 692 3745 in
719 3690 831 3758 ipsa
863 3696 1109 3743 creatura
1153 3687 1260 3741 ima
1314 3696 1368 3740 et
1411 3688 1680 3753 mutabili,
1730 3689 2077 3744 inveniuntur

496 3782 674 3850 aliqua
720 3796 840 3850 qua:
910 3784 1138 3850 possunt
1185 3787 1240 3849 et
1297 3778 1668 3849 separabiliter
1716 3780 2077 3853 demonstrari

495 3880 548 3928 et
576 3871 1009 3942 inseparabiliter
1043 3870 1277 3939 operari,
1310 3870 1449 3937 sicut
1488 3881 1612 3945 sunt
1656 3874 1950 3939 memoria,
1992 3874 2075 3928 in-

497 3964 739 4029 tellectus
765 3970 818 4025 et
842 3962 1108 4017 voluntas.
1141 3961 1396 4018 Memoria
1434 3964 1579 4020 enim
1611 3966 1903 4037 retinemus
1933 3967 2078 4036 quod

497 4056 760 4123 audimus,
797 4055 1070 4111 intellectu
1122 4057 1462 4126 agnoscimus
1501 4057 1643 4127 quod
1687 4065 1950 4124 tenemus,
1980 4074 2076 4113 vo-

496 4149 699 4209 luntate
719 4147 1042 4218 proferimus
1070 4150 1211 4217 quod
1240 4150 1584 4218 agnoscimus
1635 4168 1647 4205 :
1680 4150 1775 4205 sed
1830 4152 2076 4221 quamvis

495 4241 612 4295 haec
656 4241 757 4294 tria
810 4239 1183 4309 separabihter
1226 4240 1595 4305 nominentur,
1655 4250 1829 4298 tamen
1879 4258 2077 4307 nomen

497 4331 656 4384 unius
684 4332 871 4385 ex'his
904 4332 1077 4385 tribus
1107 4331 1209 4385 tria
1253 4340 1566 4400 cperantur.
1613 4330 1729 4385 Non
1764 4342 1941 4403 potest
1969 4335 2076 4390 dici

498 4420 609 4475 sola
634 4422 911 4484 memoria,
943 4423 1049 4476 nisi
1092 4431 1351 4491 operante
1379 4423 1674 4487 voluntate,
1707 4426 1981 4482 intellectu
2020 4436 2076 4482 et

494 4510 777 4564 memoria.
820 4510 933 4563 Non
990 4519 1171 4579 potest
1226 4512 1329 4565 dici
1379 4512 1522 4567 solus
1579 4514 1926 4582 intellectus,
1974 4518 2074 4573 nisi

496 4609 756 4670 operante
786 4601 1063 4667 memoria,
1102 4600 1376 4658 voluntate
1403 4610 1457 4657 et
1498 4605 1786 4659 intellectu.
1831 4607 1945 4663 Non
1976 4624 2075 4677 po-

498 4700 605 4746 test
630 4692 735 4747 diei
780 4692 891 4749 sola
920 4692 1198 4757 voluntas,
1232 4693 1335 4748 nisi
1367 4705 1625 4763 operante
1656 4698 1911 4751 memoria
1934 4738 1948 4762 ,
1990 4698 2075 4752 in-

497 4783 709 4838 tellectu
764 4792 820 4853 et
862 4783 1153 4838 voluntate.
1206 4784 1379 4840 Unum
1419 4786 1611 4840 horum
1662 4788 1939 4841 nominum
1970 4789 2075 4843 tria

495 4872 760 4940 fecerunt,
790 4875 884 4939 sed
924 4884 1101 4930 tamen
1133 4877 1236 4949 hoc
1281 4892 1465 4943 unum,
1496 4880 1637 4946 quod
1677 4879 1779 4932 tria
1812 4877 2072 4944 fecerunt,

496 4987 602 5028 non
633 4970 699 5026 ad
729 4972 828 5026 tria
870 4972 1133 5042 pertinet,
1170 4972 1265 5025 sed
1313 4972 1378 5025 ad
1427 4988 1610 5025 unum.
1666 4971 1790 5024 Tria
1833 4970 2076 5026 fecerunt

495 5083 690 5127 nomen
743 5069 1036 5133 memoriaz,
1086 5068 1177 5122 sed
1210 5068 1311 5121 hoc
1349 5083 1454 5121 non
1496 5068 1726 5137 pertinet
1756 5067 1858 5121 nisi
1890 5067 1957 5119 ad
1989 5082 2076 5121 so-

492 5162 601 5221 lam
625 5163 959 5225 memoriam.
989 5161 1113 5215 Tria
1142 5161 1385 5227 fecerunt
1413 5176 1606 5227 nomen
1632 5160 1954 5229 intellectus,
1981 5159 2076 5214 sed

495 5268 602 5311 non
640 5254 874 5322 pertinet
918 5252 1023 5306 nisi
1068 5251 1134 5305 ad
1163 5250 1337 5305 solum
1383 5249 1730 5304 intellectum.
1765 5250 1889 5321 'I‘ria
1934 5249 2077 5317 fece-

498 5351 625 5399 runt
656 5358 852 5411 nomen
888 5342 1201 5403 voluntatis,
1229 5341 1322 5395 sed
1355 5358 1461 5394 non
1487 5342 1722 5415 pertinet
1753 5342 1853 5395 nisi
1897 5342 1962 5409 ad
1994 5356 2079 5409 so-

496 5432 603 5488 lam
656 5433 1005 5509 voluntatem.
1045 5432 1121 5486 Ita
1167 5431 1404 5487 Trinitas
1434 5431 1559 5499 fecit
1600 5448 1820 5499 carnem
1851 5430 2074 5505 Christi,

496 5524 592 5595 sed
629 5540 734 5582 non
774 5527 1010 5597 pertinet
1038 5526 1140 5581 nisi
1166 5526 1233 5579 ad
1260 5525 1431 5581 solum
1457 5526 1750 5581 Christum.
1782 5524 1907 5579 Tria
1934 5522 2078 5578 fece-

476 5625 623 5673 _runt
662 5617 732 5689 de
771 5618 909 5673 coalo
936 5617 1260 5680 columbam,
1288 5617 1381 5671 sed
1432 5632 1538 5671 non
1586 5616 1823 5685 pertinet
1850 5614 1954 5685 nisi
2008 5612 2078 5677 ad

498 5710 667 5765 solum
704 5708 963 5781 Spiritum
994 5721 1260 5767 sanctum.
1291 5712 1415 5766 Tria
1446 5711 1690 5766 fecerunt
1727 5710 1791 5764 de
1816 5710 1953 5789 caelo
1982 5726 2074 5766 vo-

499 5815 638 5867 cem,
681 5809 777 5857 sed
811 5818 916 5857 non
964 5805 1195 5873 pertinet
1237 5805 1337 5859 nisi
1397 5803 1461 5858 ad
1511 5796 1683 5871 solum
1707 5802 1924 5871 Patrem
1974 5818 2079 5859 vox

2178 3333 2296 3378 ctus
2333 3340 2438 3399 non
2474 3322 2619 3377 Patri
2669 3321 2955 3397 ingenitus,
2994 3320 3085 3376 sed
3119 3318 3350 3391 Spiritus
3391 3321 3614 3391 ingeniti
3663 3320 3765 3376 Pa-

2179 3417 2295 3472 tris.
2324 3415 2491 3469 Filius
2526 3415 2739 3493 genitus
2762 3430 2865 3468 non
2897 3414 3128 3483 Spiritus
3162 3413 3351 3477 Filius,
3522 3428 3641 3489 ipse
3679 3424 3766 3469 est

2179 3510 2362 3575 Filius,
2402 3524 2562 3585 super
2585 3524 2744 3578 quem
2780 3525 2808 3562 a
2852 3508 3011 3581 Patre
3043 3508 3239 3587 missus
3260 3518 3341 3564 est
3370 3507 3607 3581 Spiritus
3634 3526 3762 3565 san-

2179 3610 2316 3655 etus.
2352 3600 2536 3671 Itaque
2559 3614 2680 3654 cum
2710 3599 2978 3670 ingenitus
3000 3598 3159 3653 Pater
3184 3600 3270 3665 sit,
3305 3601 3461 3671 cujus
3485 3611 3571 3656 est
3594 3600 3762 3672 Spiri-

2180 3701 2283 3753 tus,
2338 3690 2553 3743 incaute
2597 3688 2829 3759 Spiritus
2881 3698 3099 3743 sanctus
3134 3690 3330 3746 dicitur
3361 3706 3391 3744 a
3438 3692 3759 3763 quibusdam

2180 3781 2465 3851 ingenitus.
2515 3777 2744 3848 Spiritus
2778 3788 2997 3835 sanctus
3033 3780 3173 3836 Deus
3196 3796 3261 3835 ex
3308 3780 3470 3837 Patre
3504 3793 3559 3839 et
3605 3784 3756 3850 Filio,

2178 3888 2284 3929 non
2320 3888 2387 3927 ex
2429 3887 2509 3936 se,
2547 3886 2614 3925 ne
2650 3871 2755 3925 duo
2805 3871 3057 3941 ingeniti,
3100 3879 3191 3924 aut
3223 3873 3327 3926 duo
3356 3872 3549 3929 Patres
3580 3891 3611 3931 a
3643 3877 3761 3930 lide-

2180 3965 2318 4018 libus
2348 3962 2700 4016 aestimentur.
2751 3960 2915 4014 Filius
2948 3960 3142 4025 Patris,
3198 3963 3314 4017 sine
3363 3964 3516 4018 initio
3552 3966 3759 4037 genitus

2178 4070 2245 4110 ex
2276 4054 2453 4119 Patre,
2491 4070 2595 4106 non
2630 4060 2807 4123 potest
2831 4052 2992 4106 alium
3037 4054 3275 4125 genitum
3304 4055 3505 4110 habere
3552 4071 3759 4112 consor-

2179 4156 2306 4212 tem,
2340 4155 2397 4199 ut
2433 4146 2686 4199 credatur
2728 4145 3050 4215 unigenitus,
3087 4154 3143 4198 et
3183 4145 3290 4200 duo
3320 4147 3490 4217 geniti
3528 4163 3635 4202 non
3682 4150 3757 4203 di-

2178 4247 2388 4295 cantur.
2424 4239 2581 4293 Pater
2612 4239 2755 4293 enim
2800 4253 2939 4293 unus
2982 4238 3267 4308 ingenitus,
3304 4222 3476 4295 Filius
3510 4258 3653 4297 unus
3684 4252 3759 4296 est

2179 4331 2408 4402 genitus,
2449 4330 2679 4400 Spiritus
2723 4339 2943 4385 sanctus
2988 4346 3016 4383 a
3064 4329 3223 4385 Patre
3273 4330 3517 4403 Filioque
3576 4348 3758 4404 prore-

2180 4421 2332 4486 dens,
2364 4430 2417 4474 et
2457 4421 2671 4491 utrique
2697 4429 3016 4485 comteruus,
3040 4438 3177 4476 unus
3209 4434 3291 4477 est
3323 4425 3581 4493 Spiritus.
3626 4427 3758 4493 Quo-

2180 4511 2325 4577 niam
2361 4526 2523 4564 unum
2553 4527 2707 4582 Opus,
2733 4521 2785 4565 et
2820 4514 2971 4567 unita
3005 4513 3057 4567 in
3091 4514 3249 4568 Patre
3279 4525 3332 4568 et
3374 4514 3512 4571 Filio
3545 4528 3602 4571 et
3639 4518 3754 4586 Spi-

2181 4603 2283 4657 ritu
2309 4610 2498 4657 sancto
2532 4603 2823 4657 voluntatis
2850 4605 3093 4674 operatio
3134 4613 3234 4660 est.
3273 4605 3434 4661 Pater
3470 4608 3752 4680 ingenitus,

2178 4693 2344 4748 Filius
2374 4695 2604 4764 genitus,
2645 4692 2875 4763 Spiritus
2907 4704 3125 4749 sanctus
3173 4698 3493 4766 precedeus.
3528 4700 3635 4755 Sed
3676 4703 3753 4754 ille

2178 4786 2437 4851 nascitur,
2463 4784 2550 4840 hic
2585 4786 2846 4855 procedit,
2873 4786 3009 4839 sicut
3038 4787 3090 4841 in
3112 4785 3402 4858 Evangelio
3434 4790 3576 4844 beati
3602 4792 3752 4847 Joan—

2176 4879 2261 4932 nis
2290 4878 2490 4948 Iegitur
2529 4895 2543 4931 :
2578 4876 2802 4948 Spiritus
2820 4879 2908 4947 qui
2939 4896 2967 4930 a
2994 4878 3154 4933 Patre
3193 4882 3445 4950 procedit,
3480 4884 3592 4951 ipse
3622 4887 3751 4939 robis

2178 4970 2507 5025 annuntiabit
2545 4972 2720 5024 omnia
2775 4969 3075 5038 (Joan.xv,
3122 4971 3223 5037 26;
3270 4989 3379 5039 xxv,
3410 4975 3525 5043 26).
3578 4976 3751 5046 Itaque

2178 5060 2411 5131 Spiritus
2434 5071 2653 5115 sanctus
2685 5077 2784 5115 nec
2808 5060 2987 5118 Patris
3013 5078 3131 5117 esse
3177 5063 3470 5134 ingenitus,
3509 5082 3611 5121 nec
3644 5067 3750 5122 Filii

2175 5156 2385 5226 genitus
2427 5156 2783 5209 existimetur.
2830 5154 2875 5208 A
2906 5154 3043 5211 Filio
3098 5156 3239 5209 enim
3293 5160 3523 5228 accepit.
3576 5158 3750 5213 Nullus

2176 5265 2305 5321 ergo
2334 5267 2363 5303 a
2394 5249 2680 5319 semetipso
2705 5249 2917 5319 accipit,
2957 5249 3057 5303 nisi
3082 5248 3260 5309 Pater.
3288 5249 3390 5304 Per
3412 5251 3611 5307 I-‘ilium
3638 5253 3750 5313 mit-

2175 5342 2307 5396 titur
2348 5339 2597 5411 Spiritus,
2624 5339 2773 5408 quia
2806 5338 2966 5392 Patre
2999 5339 3260 5409 procedit.
3289 5339 3443 5395 Alius
3487 5350 3575 5395 est
3613 5342 3747 5396 enim

2160 5434 2267 5503 .qui
2298 5433 2569 5504 procedit,
2607 5431 2701 5485 sed
2733 5448 2837 5486 non
2864 5440 2946 5485 est
2977 5431 3121 5485 aliud
3148 5432 3291 5501 quod
3322 5436 3569 5502 procedit
3594 5450 3744 5505 quali

2178 5527 2233 5582 id
2255 5526 2393 5581 unde
2415 5525 2673 5595 procedit.
2693 5522 2748 5579 Si
2772 5540 3022 5595 persona,
3040 5534 3317 5593 quaeritur,
3334 5526 3477 5583 Dens
3502 5538 3607 5595 est,
3628 5529 3743 5599 quia

2179 5624 2233 5673 et
2254 5615 2395 5671 Deus
2408 5623 2491 5671 est
2506 5614 2763 5685 quidquid
2787 5614 2837 5669 in
2854 5614 2963 5670 Deo
2980 5623 3073 5669 aut
3094 5630 3160 5669 ex
3190 5615 3298 5671 Deo
3312 5626 3427 5672 est:
3452 5632 3518 5672 ac
3540 5633 3637 5689 per
3651 5622 3741 5673 hoc

2182 5721 2345 5761 verax
2362 5706 2482 5761 ﬁdei
2508 5704 2797 5771 confessio,
2827 5706 2949 5762 etin
2965 5708 3212 5783 personis
3224 5708 3465 5763 excludit
3478 5710 3735 5783 unionem,

2184 5807 2237 5855 et
2261 5799 2314 5852 in
2340 5813 2698 5867 personarum
2731 5797 3081 5855 distinctione
3102 5800 3308 5856 obtinet
3331 5784 3611 5857 unitatem.
