4038 6354
295 374 423 441 1061

949 384 1099 443 orp.
1142 380 1369 441 unum.
1407 413 1478 425 —
1514 370 1741 440 ALBlNl
1779 378 2159 441 cournssm
2194 340 2396 437 riunt.
2439 411 2511 423 _
2550 379 2733 441 PARS
2768 376 2857 439 Ill.

3398 368 3568 455 tota.

362 498 452 553 XI.
477 498 619 569 Ergo
658 496 817 552 Pater
860 490 1003 553 Deus
1030 508 1110 554 ex
1145 513 1205 553 se
1230 498 1346 569 ipso
1373 496 1711 553 ineﬁ‘abilite‘r
1751 498 1866 552 sine
1893 503 1943 563 Α
1968 504 2262 564 assumpto,
2295 495 2349 551 in
2380 511 2486 565 quo
2536 497 2903 567 temporaliter
2945 503 3278 561 nasceretur,
3308 470 3533 563 viveret,

293 590 449 645 initio
480 590 662 661 genuit
706 589 917 655 Filium,
943 590 1082 649 sicut
1112 591 1225 661 jam
1255 590 1619 660 multipliciter
1663 590 1864 644 dictum

291 693 396 742 est,
439 689 495 734 et
526 680 749 750 protulit
798 694 865 735 ex
893 682 1093 736 virtute
1151 698 1249 737 sua
1286 682 1548 752 Spiritum
1596 690 1858 736 sanctum.

291 770 485 829 Filium
514 770 782 838 videlicet,
808 788 905 843 per
929 789 1086 843 quem
1113 783 1330 829 crearet
1350 776 1547 828 omnia.
1584 773 1859 843 Spiritum,

290 880 388 935 per
425 880 584 934 quem
623 865 921 922 viviﬁcaret
962 867 1250 933 universa;
1304 868 1483 923 omnia
1536 875 1715 922 autem
1745 881 1866 937 qua:

292 956 433 1012 facta
463 966 607 1023 sunt,
636 956 804 1013 Filius
852 973 919 1013 ex
969 958 1131 1013 Patre
1171 959 1385 1029 genitus
1423 958 1681 1014 condidit.
1739 957 1867 1013 Uni-

289 1063 446 1103 versa
481 1064 609 1105 vero
671 1064 791 1119 qua:
852 1050 1067 1104 condita
1119 1058 1263 1115 sunt,
1308 1065 1376 1113 ex
1418 1050 1579 1105 Patre
1624 1048 1864 1117 Filioque

289 1140 587 1211 procedens
613 1139 844 1211 Spiritus
869 1150 1087 1197 sanctus
1113 1141 1386 1196 animavit.
1427 1140 1531 1197 Sed
1556 1150 1610 1195 et
1631 1140 1866 1195 viviﬁcat

290 1229 479 1295 Filius,
500 1239 555 1286 et
572 1238 722 1285 creat
748 1228 978 1302 Spiritus
1000 1241 1239 1297 sanctus,
1272 1232 1400 1300 quia
1428 1232 1567 1287 sicut
1590 1231 1864 1285 credimus

289 1323 655 1378 beatissimam
699 1321 1019 1378 Trinitatem
1064 1322 1224 1377 unius
1263 1336 1382 1376 esse
1432 1322 1677 1385 Deitatis,
1706 1321 1865 1375 unius

292 1411 636 1483 ejusdemque
654 1414 868 1469 virtutis
897 1421 1059 1484 atque
1088 1414 1435 1479 substantiae;
1465 1414 1538 1469 ita
1560 1414 1718 1467 unius
1740 1426 1856 1482 ope-

292 1504 534 1569 rationis,
568 1519 637 1563 ηε
681 1513 822 1559 inter
850 1504 1086 1570 Patrem,
1118 1512 1178 1581 et
1209 1504 1406 1560 Filium
1428 1546 1444 1571 ,
1498 1511 1553 1559 et
1603 1502 1865 1573 Spiritum

292 1604 537 1649 sanctum
565 1595 828 1651 sentiatur
855 1595 965 1650 ulla
993 1596 1301 1661 diversitas,
1331 1597 1435 1651 nisi
1478 1595 1622 1666 quod
1651 1594 1741 1649 ille
1770 1594 1868 1649 Pa—
1914 1621 1917 1624 ν

292 1697 375 1742 ter
402 1697 504 1775 est,
543 1695 598 1743 et
625 1687 713 1743 hic
747 1688 917 1743 Filius
951 1696 1064 1753 est,
1109 1696 1166 1743 et
1214 1688 1302 1743 ille
1342 1687 1575 1758 Spiritus
1624 1694 1862 1742 sanctus.

291 1779 533 1836 Trinitas
558 1780 702 1835 enim
726 1779 779 1835 in
802 1780 1218 1843 subsistentibus
1237 1779 1504 1857 personis,
1534 1780 1712 1835 unitas
1738 1793 1868 1835 vero

1966 596 2022 642 et
2046 595 2370 652 moreretur,
2385 595 2546 657 atque
2561 598 2885 660 resurgeret,
2900 606 3137 661 congrua
3159 590 3317 644 saluti
3340 596 3537 651 nostra:

1967 679 2192 760 dicendo
2227 688 2281 733 et
2312 678 2580 744 faciendo,
2626 682 2880 751 patiendo
2926 690 2979 737 et
3007 682 3340 747 sustinendo,
3388 682 3542 736 ﬁeret

1967 773 2218 827 deorsum
2256 773 2563 828 hominibus
2597 776 2903 844 exemplum
2954 776 3231 839 redeundi,
3286 777 3376 846 qui
3422 792 3539 830 sur-

1967 880 2084 919 sum
2118 873 2201 920 est
2243 865 2451 935 angelis
2484 867 2787 935 exemplum
2842 868 3112 923 manendi.
3162 872 3241 925 Ac
3290 882 3386 937 per
3417 868 3555 929 hoc,

1966 972 2089 1011 cum
2118 957 2277 1010 rebus
2306 957 2522 1011 aeternis
2568 958 3043 1026 contemplantium
3070 959 3269 1013 veritas
3301 957 3543 1027 perfrua-

1966 1056 2070 1112 tur,
2105 1048 2265 1102 rebus
2294 1055 2472 1103 autem
2522 1048 2657 1103 ortis
2706 1048 2837 1104 tides
2878 1051 3212 1105 credentium
3261 1051 3539 1113 debeatur,

1964 1147 2222 1209 purgatur
2252 1141 2415 1195 homo
2461 1154 2560 1208 per
2606 1155 2787 1195 rerum
2835 1142 3206 1211 temporalium
3241 1141 3427 1206 (idem,
3482 1152 3542 1197 ut

1966 1240 2290 1287 aaternarum
2316 1232 2585 1302 percipiat
2607 1232 2913 1288 veritatem.

2036 1322 2172 1378 XIII.
2215 1324 2296 1378 Ad
2317 1324 2432 1378 haec
2458 1332 2636 1379 autem
2669 1324 2929 1389 docenda,
2963 1325 3083 1393 quis
3115 1325 3251 1380 alius
3280 1334 3388 1380 tam
3423 1325 3540 1380 ido-

1966 1415 2139 1471 nens?
2176 1415 2432 1470 Dominus
2464 1425 2649 1477 noster
2688 1415 2846 1486 Iesus
2874 1415 3121 1471 Christus
3171 1418 3225 1471 in
3256 1433 3322 1473 eo
3379 1416 3535 1488 40],

1967 1504 2111 1574 quod
2131 1504 2305 1560 virtus
2324 1513 2381 1559 et
2404 1507 2668 1576 sapientia
2701 1507 2795 1563 Dei
2832 1515 2936 1572 est,
2964 1507 3029 1562 de
3056 1505 3215 1564 Patre
3250 1516 3377 1564 ante
3403 1516 3543 1565 tem-

1966 1612 2099 1667 pora
2130 1605 2292 1652 natus
2320 1605 2423 1663 est,
2467 1599 2575 1654 imo
2606 1614 2818 1669 semper
2863 1606 3039 1665 natus,
3084 1599 3209 1667 quia
3249 1612 3350 1653 nec
3378 1599 3543 1667 cmpit

1966 1689 2137 1753 nasci,
2191 1703 2292 1743 nec
2347 1689 2563 1745 desinit.
2605 1689 2722 1745 Non
2779 1696 2959 1745 autem
3012 1706 3297 1761 possumus
3339 1691 3542 1757 dicere,

1969 1793 2183 1849 semper
2212 1781 2477 1846 nascitur,
2532 1796 2601 1835 ne
2632 1781 2981 1850 imperfectus
3015 1798 3133 1838 esse
3160 1783 3427 1839 videatur.
3481 1782 3553 1843 At

286 1874 585 1943 innatura.
614 1871 682 1926 Et
705 1872 825 1927 ideo
845 1886 983 1926 unus
1003 1878 1087 1926 est
1115 1871 1276 1936 Deus,
1309 1887 1469 1941 quem
1499 1872 1573 1926 ita
1597 1871 1650 1926 in
1680 1878 1867 1926 sancta
1896 1860 1945 1923 B
1968 1883 2099 1926 vero
2133 1878 2193 1926 ut
2240 1879 2475 1927 aeternus
2507 1873 2777 1944 designari
2812 1873 2988 1928 valeat
3041 1882 3097 1929 et
3145 1872 3453 1942 perfectus,
3495 1884 3553 1935 ct

289 1961 557 2019 Trinitate
602 1963 906 2027 dividimus,
940 1970 1000 2017 ut
1042 1962 1098 2017 in
1122 1963 1338 2017 homine
1368 1979 1475 2018 uno
1517 1962 1745 2017 dicimus
1773 1962 1871 2016 ha-

288 2053 408 2110 beri
442 2053 736 2124 ingenium,
765 2053 1082 2108 memoriam
1124 2061 1180 2108 et
1234 2053 1583 2111 intellectum.
1621 2051 1757 2108 Nam
1785 2053 1869 2107 in-

292 2146 451 2219 genio
484 2147 786 2203 invenimus
819 2146 962 2216 quod
1011 2145 1317 2211 didicimus,
1363 2146 1621 2201 memoria
1671 2145 1871 2201 retine-

291 2255 415 2295 mus
446 2240 588 2309 quod
633 2240 905 2304 docemur,
944 2239 1213 2295 intellectu
1251 2237 1579 2292 advertimus
1613 2235 1873 2305 quidquid

293 2332 451 2387 nobis
484 2329 570 2385 vel
622 2329 807 2387 videre
854 2331 1141 2400 contigerit
1180 2328 1262 2385 vel
1302 2329 1508 2384 audire.
1542 2327 1678 2393 Quid
1712 2328 1871 2381 modo

294 2421 589 2479 faciemus?
630 2420 882 2491 Nunquid
930 2437 1037 2477 non
1064 2421 1167 2477 tria
1203 2422 1307 2476 ista
1352 2435 1459 2475 una
1506 2419 1769 2489 sapientia
1815 2419 1877 2475 in.

292 2516 514 2575 homine
534 2513 801 2585 possidet?
845 2512 901 2569 Si
923 2530 1051 2583 ergo
1074 2514 1235 2569 homo
1265 2514 1321 2568 in
1347 2527 1451 2566 una
1478 2511 1739 2581 sapientia
1769 2511 1868 2569 tri-

294 2621 424 2663 num
468 2606 705 2676 possidet
732 2620 949 2670 nomen,
989 2604 1260 2675 quomodo
1299 2618 1406 2658 non
1439 2603 1581 2658 Deus
1627 2601 1872 2671 omnipo-

298 2706 418 2754 tens
434 2697 488 2753 in
510 2712 614 2753 una
637 2695 921 2752 divinitate
944 2711 1039 2751 sua
1085 2695 1367 2751 Trinitatis
1390 2694 1598 2749 obtinet
1624 2692 1877 2761 majesta-

297 2786 441 2845 tem?
469 2783 526 2843 Si
554 2786 716 2858 igitur
752 2786 1123 2841 transitorium
1154 2784 1375 2840 verbum
1400 2783 1510 2839 oris
1537 2782 1725 2848 nostri,
1748 2797 1873 2839 cum

295 2876 585 2948 lnquimur,
611 2876 856 2948 pervenit
884 2877 953 2932 ad
979 2890 1168 2933 omnes
1194 2883 1367 2932 totum
1384 2915 1401 2941 ,
1444 2883 1500 2930 et
1530 2874 1598 2929 ad
1636 2873 1873 2945 singulos

296 2978 492 3037 totum,
523 2984 711 3028 omnes
738 2969 957 3035 habent,
987 2978 1042 3025 et
1072 2984 1261 3025 omnes
1285 2975 1458 3023 totum
1484 2985 1498 3021 :
1527 2967 1770 3038 procedit
1806 2966 1874 3022 ad

296 3060 538 3133 singulos
583 3062 936 3127 audientium,
984 3068 1039 3117 et
1075 3076 1183 3117 non
1230 3060 1431 3116 recedit
1454 3059 1524 3114 ab
1558 3074 1622 3115 eo
1664 3058 1753 3127 qui
1798 3057 1875 3123 lo-_

296 3153 525 3224 quitur;
589 3152 792 3211 habent
846 3152 1061 3217 caeteri,
1120 3158 1176 3207 et
1231 3150 1348 3220 ipse
1401 3149 1534 3219 nihil
1592 3149 1868 3218 perdidit;

1974 1978 2177 2032 semper
2201 1961 2443 2017 dicamus
2470 1970 2524 2017 et
2558 1972 2735 2029 natus,
2767 1971 3022 2033 quatinus
3060 1970 3116 2018 et
3152 1973 3304 2023 natus
3335 1964 3401 2018 ad
3427 1980 3552 2034 per-

1970 2053 2260 2110 fectionem
2301 2055 2589 2126 pertineat,
2620 2063 2674 2110 et
2700 2071 2900 2125 semper
2930 2056 2997 2111 ad
3045 2056 3443 2121 aeternitatem,
3490 2063 3554 2113 ut

1972 2140 2294 2215 'quocuuque
2325 2146 2484 2201 modo
2515 2145 2604 2199 illa
2645 2146 2879 2201 essentia
2912 2146 3027 2201 sine
3057 2154 3314 2216 tempore,
3350 2153 3554 2216 tempo-

1971 2236 2071 2297 rali
2095 2237 2272 2291 valeat
2306 2235 2576 2305 designari
2608 2250 2876 2289 sermone.
2923 2235 3180 2302 Quamvis
3222 2236 3325 2290 hoc
3354 2235 3551 2305 ipsum,

1971 2328 2113 2396 quod
2149 2325 2443 2396 perfectum
2473 2326 2724 2391 dicimus,
2756 2326 2980 2380 multum
3018 2326 3085 2385 ab
3128 2327 3272 2395 illius
3307 2328 3554 2391 veritatis

1971 2419 2323 2490 expressioue
2383 2422 2761 2483 deveniamus,
2814 2418 2939 2487 quia
2996 2418 3140 2487 quod
3197 2416 3397 2483 factum
3447 2434 3559 2487 non

1971 2518 2075 2574 est,
2110 2525 2216 2564 non
2242 2518 2421 2579 potest
2448 2508 2551 2563 dici
2586 2508 2904 2577 perfectum,
2932 2516 2987 2563 et
3017 2515 3197 2567 tamen
3221 2507 3556 2581 inﬁrmitatis

1973 2608 2171 2655 nostra:
2211 2599 2389 2653 verbis
2434 2598 2692 2653 Dominus
2726 2597 3162 2651 condcsceudens
3211 2596 3322 2661 ait:
3364 2595 3547 2651 Estote

1971 2691 2205 2761 perfecti,
2246 2691 2378 2745 sicut
2422 2700 2467 2744 et
2524 2689 2685 2744 Pater
2721 2699 2887 2743 vester
2934 2688 3150 2743 cariestis
3188 2687 3445 2757 perfectus
3479 2696 3553 2759 est

1976 2781 2193 2852 (Matth.
2219 2798 2273 2846 v,
2299 2780 2412 2852 48).
2438 2781 2495 2835 ln
2524 2780 2613 2835 illa
2635 2781 2818 2851 itaq’ue
2841 2778 3123 2833 nativitate
3148 2778 3327 2843 divina
3354 2777 3422 2831 ab
3456 2777 3555 2835 hu-.

1975 2889 2137 2930 manu
2183 2890 2379 2944 genere
2420 2875 2672 2945 cognosci
2708 2890 2815 2929 non
2844 2880 3080 2943 poterat,
3110 2872 3336 2943 proinde
3365 2872 3421 2929 in
3456 2872 3556 2939 hue

1977 2965 2262 3023 militatem
2283 2967 2452 3032 venit,
2477 2975 2535 3023 ut
2566 2967 2839 3022 videretur
2877 2985 2889 3021 :
2930 2966 3104 3021 videri
3127 2964 3315 3031 voluit,
3343 2972 3403 3020 ut
3444 2964 3558 3032 imi:

1977 3064 2205 3113 taretur.
2257 3057 2388 3125 Quae
2446 3060 2625 3114 carnis
2683 3058 2939 3123 nativitas
2998 3059 3248 3128 despecta
3306 3058 3422 3113 visa
3474 3064 3558 3119 est

1979 3152 2311 3221 sapientibus
2339 3153 2545 3215 mundi.
2580 3151 3029 3221 Contempserunt
3080 3166 3312 3220 namque
3342 3150 3556 3219 inﬁrma

297 3214 552 3303 creatura
590 3252 674 3315 est
716 3244 807 3314 qui
834 3214 1093 3315 loquitur,
1121 3214 1382 3299 creatura:
1408 3214 1513 3311 qui.
1546 3214 1786 3305 audiunt,
1819 3248 1873 3294 et
1898 3214 1949 3284 θ
1982 3214 2334 3301 humanitatis
2370 3241 2505 3310 ejus,
2550 3214 2660 3298 Deo
2695 3214 2821 3297 haec
2850 3242 3066 3313 indigna
3105 3214 3429 3312 iudicantes,
3470 3214 3559 3312 cui

298 3344 511 3409 tantum
532 3334 851 3391 miraculum
872 3333 931 3389 tit
955 3334 1023 3389 de
1041 3334 1205 3390 verbo
1232 3332 1468 3389 hominis
1484 3332 1538 3387 in
1563 3333 1741 3397 corde,
1758 3347 1873 3399 ore,

296 3434 356 3480 et
394 3439 544 3489 voce,
576 3425 631 3480 in
663 3423 885 3489 auribus
906 3432 960 3481 et
989 3438 1149 3478 sensu
1177 3439 1192 3489 ;
1250 3423 1372 3492 quis
1398 3430 1481 3479 est
1519 3431 1629 3477 tam
1656 3422 1877 3489 stultus,

298 3514 394 3583 qui
428 3512 638 3569 diliiteri
667 3512 837 3578 malit,
862 3527 984 3571 cum
1009 3512 1177 3579 audit,
1208 3513 1333 3582 quia
1373 3512 1515 3567 Deus
1543 3513 1742 3582 ubique
1773 3522 1876 3579 est,

298 3613 357 3669 et
384 3604 584 3675 ultique
617 3602 802 3663 totus?

374 3696 490 3753 ΧΠ.
522 3697 579 3757 in
603 3696 703 3761 hac
730 3695 874 3752 enim
897 3693 1007 3751 vita
1038 3694 1106 3752 ad
1138 3694 1262 3751 talia
1283 3697 1542 3767 mysteria
1568 3697 1700 3754 ﬁdes
1724 3698 1885 3769 pleri.

303 3805 455 3849 mum
478 3786 638 3854 valet,
659 3787 805 3857 quia,
831 3787 971 3853 sicut
995 3788 1254 3856 scriptum
1282 3798 1385 3854 est,
1410 3788 1594 3845 Justus
1611 3807 1673 3845 ex
1688 3791 1792 3860 ﬁde
1808 3792 1882 3846 vi-

304 3881 399 3945 vit,
414 3889 461 3945 et
475 3879 603 3948 ﬁdes
617 3887 691 3943 est
710 3878 1091 3949 sperandarum
1105 3879 1397 3934 substantia
1416 3897 1589 3935 rerum
1606 3899 1883 3953 argumen-

305 3982 421 4037 tum
451 3987 555 4035 non
584 3968 946 4040 apparentiam
975 3967 1159 4041 (Hebr.
1192 3986 1246 4037 ι,
1285 3969 1375 4041 28)
1410 3990 1421 4024 :
1455 3986 1519 4029 ac
1564 3973 1619 4027 in
1661 3972 1745 4027 his
1767 3988 1885 4042 quae

298 4062 577 4129 videntur,
606 4062 739 4127 ﬁdes
759 4077 864 4129 non
899 4061 1124 4117 dicenda
1157 4069 1264 4128 est,
1287 4063 1382 4123 sed
1407 4063 1661 4133 cognitio.
1706 4064 1887 4130 Quan-

311 4166 428 4210 tum
474 4163 651 4222 autem
680 4154 748 4221 ad
794 4154 846 4208 id
875 4153 1018 4225 quod
1064 4161 1242 4210 ortum
1272 4164 1375 4221 est,
1420 4156 1694 4211 teternitas
1723 4156 1885 4225 valet,

312 4254 521 4317 tantum
543 4245 609 4305 ad
635 4244 795 4315 [idem
822 4244 1040 4311 veritas.
1075 4245 1189 4299 Duo
1213 4245 1302 4299 illa
1330 4262 1541 4301 sursum
1564 4254 1705 4311 sunt,
1736 4254 1891 4305 teter-

312 4338 458 4407 nitas
478 4345 532 4407 et
558 4336 757 4409 veritas
781 4353 795 4389 :
824 4336 929 4390 duo
969 4335 1071 4390 ista
1097 4336 1376 4402 deorsum,
1406 4338 1549 4406 quod
1578 4345 1756 4392 ortum
1783 4344 1885 4404 est,

312 4438 371 4485 et
404 4428 556 4483 lides.
572 4427 642 4483 Ut
666 4442 795 4499 ergo
820 4428 887 4482 ab
913 4427 1036 4483 imis
1059 4428 1125 4483 ad
1142 4443 1349 4482 summa
1377 4444 1711 4495 revocemur,
1730 4439 1892 4499 atque

316 4520 391 4584 id,
422 4516 564 4589 quod
590 4526 765 4572 ortum
797 4526 898 4582 est,
929 4518 1153 4587 recipiat
1187 4520 1565 4585 aeternitatem,
1606 4535 1703 4592 per
1733 4520 1889 4576 tidem

314 4610 642 4685 veniendum
666 4621 750 4668 est
778 4611 846 4671 ad
875 4610 1175 4665 veritatem.
1208 4610 1277 4667 Ut
1303 4621 1479 4666 autem
1504 4628 1601 4682 per
1641 4613 1800 4668 ﬁdem
1825 4614 1891 4669 ad

316 4704 557 4776 speciem
588 4702 806 4769 tendere
836 4719 934 4758 nos
966 4704 1202 4769 doceret,
1236 4704 1380 4758 venit
1424 4705 1690 4759 mediator
1717 4704 1810 4759 Dei
1840 4713 1896 4760 et

316 4798 618 4865 hominum,
664 4797 824 4863 homo
860 4795 1108 4853 Christus
1136 4794 1310 4862 Jesus,
1361 4797 1451 4866 qui
1507 4797 1654 4853 dedit
1701 4808 1898 4853 semet-

318 4891 500 4962 ipsum
536 4890 958 4967 redemptionem
1007 4906 1107 4961 pro
1146 4890 1425 4955 omnibus,
1481 4905 1605 4945 cum
1651 4891 1723 4945 sit
1783 4892 1897 4960 ipse

318 4981 574 5049 Christus
596 4966 858 5052 Sapientia
884 4981 999 5047 Dei,
1024 4997 1122 5053 per
1147 4982 1323 5051 quem
1339 4991 1523 5037 creata
1544 4990 1669 5037 sunt
1691 4984 1891 5039 omnia.

320 5074 566 5146 Cumque
614 5073 776 5137 nullae
821 5083 1029 5129 mentes
1054 5074 1361 5139 rationales,
1413 5076 1527 5130 sive
1581 5076 1897 5146 angelorum

321 5170 440 5228 sive
478 5169 776 5231 hominum,
818 5168 919 5222 nisi
973 5167 1380 5237 participatione
1421 5167 1589 5237 ipsius
1628 5170 1900 5237 sapientes

322 5261 478 5325 ﬁant,
501 5260 587 5317 cui
609 5274 705 5330 per
721 5258 983 5328 Spiritum
1006 5265 1271 5321 sanctum,
1286 5271 1384 5326 per
1399 5272 1556 5325 quem
1585 5259 1827 5314 charitas
1848 5260 1902 5315 in

321 5354 582 5415 cordibus
606 5352 808 5415 nostris
838 5348 1171 5414 diil'unditur,
1204 5348 1550 5411 inhaeremus,
1576 5364 1695 5417 quae
1727 5350 1906 5407 Trini-

326 5450 415 5497 tas
438 5457 577 5509 unus
612 5440 753 5495 Deus
777 5448 879 5503 est,
913 5437 1213 5509 consultum
1257 5443 1340 5491 est
1364 5436 1541 5491 divina
1569 5438 1906 5508 providentia

326 5532 667 5597 mortalibus,
692 5547 919 5605 quorum
952 5528 1265 5601 temporalis
1288 5528 1399 5581 vita
1450 5528 1503 5582 in
1549 5529 1711 5584 rebus
1736 5531 1914 5586 oricu-

330 5625 478 5681 tibus
512 5633 565 5681 et
588 5622 960 5689 occidentibus
994 5628 1255 5699 occupata
1303 5619 1606 5686 tenebatur,
1634 5627 1691 5674 ut
1721 5621 1908 5677 eadem

331 5721 450 5791 ipsa
476 5718 567 5773 Dei
598 5717 877 5787 sapientia,
912 5716 980 5773 ad
1001 5714 1264 5771 unitatem
1284 5728 1531 5793 personae
1563 5729 1672 5769 suae
1696 5714 1912 5771 homine

413 5844 437 5872 ι
462 5828 730 5903 Pelagius.

1982 3338 2135 3391 tanto
2158 3334 2329 3404 magis
2366 3334 2527 3389 homo
2570 3334 2779 3401 debitor
2802 3333 2920 3399 fuit,
2949 3342 3151 3405 quanto
3176 3350 3274 3405 pro
3299 3334 3392 3395 illo
3415 3333 3558 3397 Deus

1981 3426 2146 3483 etiam
2168 3427 2383 3498 indigna
2403 3427 2659 3497 suscepit.
2688 3426 2826 3492 Quia
2849 3427 2986 3481 enim
3015 3444 3120 3481 non
3149 3429 3387 3499 cognovit
3408 3444 3558 3483 mun-

1982 3519 2081 3575 dus
2128 3534 2219 3589 per
2268 3510 2577 3588 sapientiam
2607 3516 2807 3583 Deum,
2858 3517 3052 3587 placuit
3098 3518 3203 3574 Deo
3261 3536 3352 3589 per
3388 3517 3562 3581 stulti-

1984 3612 2113 3663 tiam
2135 3609 2526 3679 prwdicationis
2568 3607 2735 3665 salvos
2762 3608 2935 3678 facere
2967 3610 3235 3671 credentes
3277 3610 3329 3682 (ι
3363 3608 3485 3667 Cor.
3520 3627 3559 3676 t.

1983 3704 2097 3776 21).
2123 3702 2203 3758 Ac
2234 3703 2278 3759 si
2315 3703 2548 3763 diceret;
2593 3718 2717 3757 cum
2766 3702 2954 3768 Deum,
2996 3704 3087 3773 qui
3135 3713 3219 3767 est
3272 3703 3559 3773 sapientia,

1985 3809 2323 3865 nequaquam
2346 3807 2443 3862 per
2466 3793 2786 3863 sapientiam
2817 3808 2970 3858 suam
3013 3794 3245 3861 mundus
3276 3793 3560 3861 inveniret,

1985 3887 2186 3958 placuit
2221 3894 2281 3941 ut
2308 3885 2477 3941 Deum
2506 3885 2780 3950 hominem
2826 3882 3030 3945 factum
3073 3899 3169 3954 per
3214 3884 3566 3957 humanitatis

1988 3978 2152 4035 stulta
2175 3984 2540 4048 cognosceret,
2571 3984 2837 4045 quatenus
2861 3974 2978 4043 ejus
3003 3975 3264 4045 sapientia
3283 3976 3350 4041 ad
3378 3964 3564 4043 nostra

1990 4069 2154 4133 stulta
2213 4068 2581 4133 descenderet,
2639 4074 2695 4131 et
2744 4065 2917 4133 lucem
2971 4080 3216 4135 supernae
3265 4064 3563 4135 prudentia:

1990 4162 2103 4216 luto
2152 4176 2262 4215 sua:
2311 4160 2491 4217 carnis
2526 4157 2821 4221 illuminata
2866 4164 3052 4212 nostra
3077 4157 3294 4223 caecitas
3339 4156 3564 4212 videret.

1990 4256 2162 4312 Natus
2192 4254 2353 4325 igitur
2380 4269 2447 4308 ex
2482 4253 2642 4309 Patre
2674 4252 2790 4307 sine
2817 4258 3076 4319 tempore,
3102 4265 3169 4315 ex
3215 4259 3387 4311 matre
3421 4250 3573 4305 nasci

1993 4348 2245 4417 dignatus
2283 4355 2367 4400 est
2412 4345 2465 4398 in
2513 4353 2769 4413 tempore,
2805 4351 2863 4399 ut
2898 4358 2995 4414 per
3042 4345 3165 4408 hoc,
3211 4344 3350 4413 quod
3392 4351 3570 4407 ortum

1993 4456 2150 4495 suum
2196 4440 2336 4495 inter
2382 4437 2592 4492 initium
2629 4436 2895 4505 ﬁnemque
2923 4435 3289 4501 concluderet,
3322 4436 3567 4491 humana:

1996 4531 2193 4587 mentis
2238 4529 2427 4593 oculis,
2465 4538 2664 4593 ortum,
2694 4530 2784 4598 qui
2812 4542 2912 4591 nec
2957 4527 3115 4582 initio
3164 4527 3424 4591 sumitur,
3475 4542 3577 4582 nec

1999 4623 2105 4678 ﬁne
2139 4628 2476 4693 angustatur,
2508 4620 2762 4689 aperiret.
2813 4618 2977 4674 Ortus
3030 4618 3227 4689 quippe
3279 4618 3577 4674 divinitatis

1999 4714 2115 4784 ejus
2147 4725 2273 4769 ante
2300 4721 2353 4767 et
2378 4720 2502 4782 post
2536 4727 2642 4765 non
2689 4712 2870 4775 habet,
2922 4711 3005 4767 cui
3034 4711 3159 4766 dum
3205 4726 3419 4783 semper
3459 4724 3579 4775 esse

2000 4814 2084 4861 est
2106 4819 2202 4874 per
2244 4803 2624 4865 aeternitatem,
2655 4801 2782 4854 dum
2829 4815 3009 4864 omne,
3042 4800 3184 4869 quod
3217 4799 3438 4864 labitur,
3480 4800 3580 4861 cir-

2002 4896 2354 4960 cumscribit;
2385 4896 2528 4950 intra
2574 4893 2923 4963 semetipsum
2952 4900 3252 4963 temporum
3304 4893 3580 4953 discursus

2002 4991 2222 5047 claudit.
2250 4986 2413 5043 Ortus
2442 5000 2568 5040 vero
2595 4985 2947 5045 humanitatis
2973 4985 3090 5056 ejus
3109 5025 3125 5051 ,
3160 4986 3284 5054 quia
3307 4994 3361 5043 et
3392 4983 3577 5053 cmpit,

2006 5088 2062 5136 et
2092 5080 2278 5143 desiit,
2305 5085 2362 5133 et
2387 5085 2513 5132 ante
2541 5084 2595 5130 et
2615 5085 2736 5145 post
2762 5077 2959 5139 habere
2983 5093 3013 5132 a
3046 5084 3285 5147 tempore
3313 5074 3539 5143 accepit.

2078 5171 2216 5229 XIV.
2272 5189 2290 5222 ι
2323 5182 2348 5210 ει
2394 5170 2451 5223 ln
2481 5168 2587 5225 ﬁne
2620 5170 2763 5227 enim
2798 5169 3117 5225 saeculorum
3158 5166 3455 5238 perfectum
3486 5181 3582 5221 na-

2009 5272 2144 5319 tura:
2166 5271 2363 5316 nostrae
2388 5260 2658 5317 hominem
2686 5276 2749 5315 ex
2783 5259 2947 5317 Maria
2980 5274 3194 5329 semper
3224 5258 3432 5328 virgine
3465 5273 3584 5313 sus-

2010 5354 2173 5426 cepit,
2200 5362 2257 5409 et
2284 5354 2517 5409 Verbum
2547 5351 2746 5409 factum
2777 5366 2863 5411 est
2887 5366 3037 5416 caro,
3067 5350 3389 5417 assumendo
3414 5348 3587 5415 homi-

2010 5462 2153 5511 nem,
2192 5460 2297 5500 non
2339 5447 2693 5515 permutando
2726 5446 3081 5509 divinitatem,
3116 5462 3137 5507 ι
3180 5439 3588 5511 superveniente

2011 5536 2066 5591 in
2095 5537 2251 5592 beata
2296 5538 2515 5605 Virgine
2545 5537 2751 5607 Spiritu
2783 5543 2994 5599 sancto,
3033 5541 3197 5603 atque
3228 5532 3590 5597 obumbrante

2013 5627 2061 5682 ei
2090 5628 2290 5685 virtute
2330 5628 2611 5685 Altissimi.
2648 5648 2665 5680 ι
2700 5627 2816 5689 Non
2847 5634 3047 5691 autem,
3076 5633 3137 5693 ut
3175 5623 3393 5708 quidam
3422 5622 3589 5689 scele-

2014 5719 2270 5778 ratissimi
2288 5723 2598 5794 Opinantur,
2631 5730 2877 5791 sanctum
2901 5719 3160 5795 Spiritum
3174 5718 3404 5795 dicimus
3420 5716 3590 5777 fuisse
