4038 6354
478 384 621 443 1065

1281 378 1343 434 Β.
1382 374 1447 434 F.
1475 372 1701 431 ALBlNl
1738 371 1871 430 SEU
1910 367 2187 429 ALCUINI
2224 366 2509 428 OPERUM
2546 370 2725 428 PARS
2763 371 2892 428 Vlll.

3598 345 3763 430 tost'

476 518 581 579 pro
617 498 843 563 semine,
884 496 979 552 sed
1005 495 1246 568 potentia
1285 510 1350 551 ac
1376 496 1575 550 virtute
1605 491 1879 550 Creatoris
1922 505 2050 561 ope-
2079 493 2127 550 Α
2152 502 2253 542 nec
2281 486 2553 542 hominem
2593 496 2785 579 tenere
2804 483 3259 579 credantur.Nos
3287 493 3469 543 autem
3498 486 3575 542 ita
3604 488 3746 543 dici-

480 606 678 653 ratum.
711 614 728 645 ι
761 591 1034 661 Scriptum
1065 599 1182 646 est:
1213 588 1491 661 Sapientia
1532 588 1810 659 a’diﬁcavit
1836 587 1936 642 sibi
1963 588 2059 641 do-

481 704 625 745 mum
654 684 835 757 (Prov.
866 700 940 747 tx,
976 684 1050 752 l),
1082 683 1133 737 id
1156 691 1258 745 est,
1303 682 1602 737 carnemin
1635 690 1789 735 utero
1818 680 2059 750 Virginis

483 775 712 840 creavit,
765 773 944 829 anima
996 772 1245 827 rationali
1295 771 1612 827 animatum.
1665 769 1819 825 Unde
1864 769 2059 823 merito

483 866 761 938 quaeritur,
793 879 916 920 cum
943 876 1105 934 opera
1135 863 1302 918 totius
1332 861 1619 916 Trinitatis
1646 861 1755 915 sint
1784 860 2059 928 insepara-

481 959 608 1017 bilia
630 973 729 1015 cur
758 957 1087 1012 creationem
1113 956 1294 1009 carnis
1314 954 1460 1011 solus
1486 961 1738 1025 operatus
1766 966 1887 1006 esse
1909 950 2061 1005 dica-

483 1060 573 1105 tur
614 1048 851 1120 Spiritus
880 1047 1145 1102 sanctus?
1176 1046 1284 1102 Sed
1311 1048 1438 1117 quia
1469 1045 1831 1101 sanctiﬁcatio
1862 1042 1921 1097 ﬁt
1963 1058 2061 1112 per

484 1140 761 1211 Spiritum,
789 1147 844 1194 et
873 1138 1011 1193 idem
1041 1136 1279 1206 Spiritus
1306 1137 1385 1192 sic
1407 1146 1492 1191 est
1519 1137 1682 1201 Deus,
1707 1143 1766 1189 ut
1795 1136 1868 1189 sit
1894 1134 2061 1189 etiam

484 1232 681 1287 donum
714 1231 831 1293 Dei,
870 1230 1075 1284 idcirco
1102 1228 1337 1298 Spiritus
1374 1238 1595 1284 sanctus
1621 1228 1816 1283 dicitur
1838 1242 2059 1282 carnem

483 1321 684 1378 Christi
731 1338 785 1376 In
832 1329 987 1376 utero
1027 1321 1263 1390 Virginis
1308 1336 1544 1377 creasse.
1597 1328 1656 1374 ut
1698 1319 2062 1392 intelligamus

482 1426 604 1468 eam
631 1412 1058 1468 sanctificatione
1087 1411 1280 1465 divina:
1314 1413 1501 1483 gratia:
1527 1426 1624 1481 per
1653 1412 1850 1466 donum
1883 1410 2059 1481 Spiri-

486 1512 573 1560 tus
616 1504 788 1560 sancti
832 1505 905 1558 ita
935 1512 1195 1568 creatam,
1237 1511 1295 1557 ut
1339 1512 1395 1559 et
1441 1504 1680 1559 divinum
1715 1512 1859 1559 esset
1904 1520 2060 1575 opus,

488 1604 546 1651 ut
575 1598 627 1650 in
658 1596 864 1650 unitate
893 1610 1135 1664 personae
1160 1594 1301 1649 unici
1332 1593 1447 1649 Filii
1473 1594 1565 1648 Dei
1591 1594 1793 1664 absque
1818 1593 1926 1648 ulla
1953 1594 2064 1648 ori-

487 1686 682 1757 ginalis
732 1686 942 1757 peceati
991 1685 1151 1740 sorde
1183 1685 1255 1738 ita
1288 1685 1359 1739 sit
1388 1694 1685 1754 assumpta,
1731 1693 1790 1738 ut
1833 1699 1899 1738 ex
1946 1685 2062 1754 ipsa

487 1782 840 1849 conceptione
882 1779 1237 1844 sanctiﬁcata,
1280 1788 1334 1834 et
1360 1778 1456 1833 Dei
1485 1781 1652 1834 verbo
1691 1778 2061 1833 substantiali-

488 1878 571 1926 ter
592 1872 757 1933 unita,
788 1870 1188 1940 nullumposset
1216 1870 1469 1938 deinceps
1498 1870 1741 1939 recipere
1753 1878 2058 1939 peccatum.

485 1960 554 2017 Et
599 1962 651 2016 in
692 1970 897 2017 tantum
943 1961 1278 2018 sanctiﬁCata
1318 1971 1423 2026 est,
1453 1970 1508 2017 et
1532 1962 1712 2017 divina
1741 1978 1869 2018 caro
1901 1963 2061 2027 facta,

485 2066 546 2113 ut
571 2073 676 2113 non
709 2059 878 2113 solum
917 2058 1032 2128 ipse
1062 2066 1340 2128 peccatum
1369 2058 1572 2113 habere
1600 2073 1706 2113 non
1737 2064 1939 2129 posset,
1974 2072 2065 2112 ve-

486 2164 605 2204 rum
626 2149 791 2204 etiam
815 2150 866 2203 in
886 2149 1005 2204 aliis
1026 2158 1248 2220 peccata
1270 2165 1502 2220 purgare
1530 2150 1901 2206 efﬁcacissime
1914 2150 2060 2205 vale-

484 2250 587 2298 ret.
619 2241 750 2297 Nam
781 2244 959 2298 caeteri
990 2244 1235 2299 homines
1276 2244 1343 2299 ad
1381 2244 1483 2298 hoc
1525 2244 1955 2309 sanctiﬁcantur,
2005 2252 2066 2299 ut

484 2334 722 2404 peccatis
776 2340 1014 2389 careant.
1068 2334 1239 2388 Homo
1283 2344 1465 2389 autem
1513 2334 1603 2389 ille
1651 2334 1961 2390 Dominicus
1998 2334 2064 2389 ad

484 2423 588 2480 hoc
620 2424 985 2480 sanctiﬁcatus
1013 2433 1115 2490 est,
1143 2434 1203 2480 ut
1231 2438 1513 2496 peccatum
1544 2426 1693 2480 nullo
1724 2425 1883 2481 modo
1916 2426 1968 2479 in
2004 2439 2063 2480 se

485 2516 772 2586 recipiens,
816 2525 1128 2587 peccatores
1166 2532 1231 2572 ex
1261 2518 1501 2588 potentia
1529 2516 1828 2571 divinitatis
1866 2514 2065 2585 justiﬁ-

483 2615 653 2666 caret.
701 2606 870 2663 Natus
915 2622 1148 2680 namque
1179 2618 1263 2664 est
1312 2610 1377 2665 de
1407 2607 1614 2679 Spiritu
1654 2618 1843 2663 sancto
1888 2617 1942 2663 et
1995 2624 2063 2663 ex

486 2697 652 2754 Maria
696 2699 902 2769 virgine
926 2714 941 2753 :
970 2700 1064 2755 sed
1094 2700 1161 2755 de
1190 2700 1393 2771 Spiritu
1422 2708 1612 2755 sancto
1643 2715 1748 2754 non
1777 2700 1857 2754 sic
1903 2707 2064 2754 natus

484 2797 588 2852 est,
620 2796 877 2859 tanquam
904 2806 1025 2846 eum
1060 2792 1256 2847 habeat
1284 2792 1499 2848 Patrem
1528 2810 1541 2858 ;
1576 2793 1641 2848 de
1679 2792 1900 2862 Virgine
1929 2807 2060 2847 vero

484 2878 653 2935 Maria
689 2881 768 2938 sic
811 2891 971 2938 natus
1019 2892 1121 2948 est,
1155 2892 1215 2938 ut
1256 2899 1377 2939 eam
1422 2885 1649 2940 haberet
1685 2893 1936 2938 matrem.
1989 2883 2065 2937 De

485 2971 691 3043 Spiritu
728 2983 934 3037 sancto,
982 2976 1277 3030 secundum
1323 2975 1595 3030 hominem
1629 2974 1707 3030 sic
1754 2982 1912 3028 natus
1957 2980 2061 3036 est,

483 3073 670 3119 utnon
709 3066 777 3121 de
811 3065 1015 3135 Spiritu
1067 3076 1252 3122 sancto
1296 3068 1655 3123 substantiam
1709 3067 1945 3132 habeat;
1997 3067 2062 3122 de

484 3166 657 3213 matre
686 3174 815 3214 vero
846 3169 1025 3224 natus,
1057 3177 1124 3216 ex
1163 3160 1280 3229 ejus
1307 3163 1608 3218 substantia
1640 3164 1849 3233 accepit
1882 3163 2063 3235 carnis
2089 3190 2134 3251 ο

485 3248 865 3315 substantiam,
895 3252 999 3307 hoc
1024 3261 1125 3316 est,
1159 3254 1225 3308 de
1241 3269 1469 3324 corpore
1491 3256 1728 3326 Virginis
1755 3256 1920 3311 traxit
1940 3272 2061 3327 pro-

483 3339 662 3409 prium
710 3356 924 3412 corpus,
966 3351 1029 3398 ut
1064 3343 1206 3399 sicut
1250 3344 1305 3399 in
1335 3345 1616 3401 divinitate
1664 3356 1783 3402 erat
1827 3350 2059 3403 consub-

484 3430 754 3485 stantialis
784 3430 955 3497 Patri,
992 3431 1064 3486 ita
1088 3433 1141 3487 in
1164 3434 1496 3490 humanitate
1524 3435 1680 3491 ﬁeret
1705 3437 2063 3493 consubstan-

484 3520 628 3578 tialis
664 3520 842 3588 Matri,
877 3532 936 3579 ut
965 3525 1520 3597 incomprehensibilis
1549 3536 1603 3583 et
1645 3528 1931 3585 invisibilis
1960 3529 2058 3584 ha-

482 3610 658 3676 beret,
700 3613 753 3669 in
791 3631 899 3685 quo
933 3617 1208 3672 videretur
1233 3626 1287 3672 et
1312 3619 1880 3689 comprehenderetur.

554 3705 671 3761 XV.
731 3725 752 3759 ε
794 3720 820 3749 ι
851 3708 974 3765 Ideo
1021 3710 1101 3764 sic
1152 3711 1474 3766 confitemur
1528 3712 1581 3767 in
1632 3712 1848 3768 Christo
1897 3729 2060 3768 unam

480 3797 606 3854 Filii
642 3815 763 3856 esse
795 3816 1106 3871 personam,
1140 3810 1197 3857 ut
1221 3804 1465 3859 dicamus
1493 3805 1625 3860 duas
1653 3806 1941 3875 perfectas,
1973 3815 2058 3860 at-

481 3906 587 3963 que
637 3891 873 3962 integras
921 3909 1043 3949 esse
1090 3896 1441 3961 substantias,
1495 3895 1546 3951 id
1586 3904 1687 3962 est,
1731 3898 1956 3953 Deitatis
2006 3906 2062 3954 et

481 3983 857 4050 humanitatis,
901 4002 1021 4057 qua:
1063 4002 1127 4042 ex
1161 3988 1339 4043 anima
1374 3988 1683 4044 continetur
1711 3997 1766 4045 et
1811 4004 2055 4059 corpore.

470 4073 657 4147 Atque
693 4070 753 4132 ut
779 4077 1197 4135 condemnamus
1217 4079 1525 4145 Photinum,
1559 4080 1649 4149 qui
1678 4080 1848 4136 solum
1876 4090 1931 4137 et
1960 4097 2059 4136 nu-

481 4165 608 4221 dum
646 4164 919 4221 hominem
948 4170 1238 4224 confitetur
1284 4170 1338 4225 in
1376 4170 1615 4236 Christo,
1644 4171 1719 4226 ita
1750 4172 2059 4227 anathema-

485 4256 713 4313 tizamus
760 4258 1145 4331 Apollinarem,
1195 4269 1250 4317 et
1292 4260 1409 4331 ejus
1464 4264 1689 4330 similes,
1740 4265 1833 4335 qui
1874 4264 2058 4320 dicunt

483 4344 579 4400 Dei
610 4347 802 4403 Filium
832 4350 1011 4405 minus
1049 4352 1252 4422 aliquid
1275 4353 1340 4408 de
1378 4354 1612 4409 humana
1639 4355 1938 4425 suscepisse
1964 4372 2057 4411 na-

484 4447 721 4495 turazet
763 4443 846 4497 vel
871 4444 924 4498 in
955 4459 1140 4510 carne,
1172 4446 1256 4501 vel
1301 4446 1355 4501 in
1402 4448 1604 4514 anima,
1656 4449 1741 4505 vel
1782 4450 1836 4504 in
1892 4466 2053 4506 sensu

2158 594 2279 634 mus
2308 589 2616 648 susceptum
2641 594 2669 631 a
2699 578 2792 632 Dei
2823 577 2961 632 Filio
2982 577 3235 648 passibile
3262 586 3530 643 nostrum,
3559 587 3620 634 ut
3645 579 3745 634 Dei

2159 680 2340 727 tamen
2392 672 2723 743 impassibile
2771 679 3131 743 permaneret.
3190 670 3392 727 Passus
3439 672 3587 728 enim
3644 671 3749 729 Dei

2159 761 2328 818 Filius
2351 777 2456 817 non
2488 764 2747 832 putative,
2783 763 2875 818 sed
2906 777 3033 818 vere
3057 762 3263 828 omnia,
3301 776 3421 833 quae
3459 762 3757 836 Scriptura

2162 865 2414 922 testatur,
2448 857 2499 911 id
2523 865 2629 922 est,
2660 858 2917 922 esuriem,
2962 857 3129 921 sitim,
3162 855 3561 921 lassitudinem,
3593 857 3755 913 dolo-

2161 965 2300 1013 rem,
2331 959 2589 1014 mortem,
2617 958 2671 1005 et
2698 958 2891 1005 cattera
2929 948 3254 1017 huiusmodi.
3285 949 3595 1006 Secundum
3612 948 3758 1004 illud

2161 1055 2353 1110 passus
2380 1052 2483 1105 est,
2520 1042 2661 1112 quod
2689 1042 2800 1112 pati
2830 1050 3063 1113 poterat,
3098 1042 3149 1097 id
3175 1050 3280 1107 est,
3309 1058 3414 1097 non
3443 1043 3754 1098 secundum

2163 1130 2309 1185 illam
2345 1133 2704 1188 substantiam
2733 1149 2853 1203 qua:
2881 1134 3189 1203 assumpsit.
3218 1134 3311 1189 sed
3341 1134 3640 1189 secundum
3686 1134 3758 1190 il-

2162 1220 2267 1275 lam
2304 1237 2424 1292 quze
2446 1234 2720 1295 assumpta
2748 1231 2849 1277 est.
2881 1223 2999 1294 Ipse
3039 1224 3183 1278 enim
3212 1222 3305 1277 Dei
3337 1223 3506 1279 Filius
3550 1240 3757 1279 secun-

2162 1315 2289 1370 dum
2328 1316 2591 1370 Deitatem
2630 1331 2784 1370 suam
2816 1315 3161 1385 impassibilis
3202 1324 3260 1370 ut
3287 1314 3468 1380 Pater,
3500 1315 3760 1371 invisibi-

2160 1405 2230 1462 lis
2270 1416 2331 1462 ut
2378 1407 2561 1471 Pater,
2590 1407 3017 1463 inconvertibilis
3061 1418 3119 1462 ut
3156 1408 3337 1464 Pater.
3379 1409 3446 1464 Et
3494 1412 3760 1479 quamvis
3820 1469 3829 1475 ,

2162 1516 2391 1571 persona
2440 1500 2560 1555 Filii
2598 1501 2839 1572 propria,
2881 1501 2934 1555 id
2961 1510 3063 1567 est,
3097 1500 3190 1556 Dei
3225 1501 3476 1565 Verbum,
3508 1504 3761 1573 suscepit

2164 1591 2471 1663 passibilem
2496 1592 2787 1657 hominem,
2813 1593 2887 1647 ita
2925 1602 3102 1648 tamen
3134 1592 3251 1663 ejus
3284 1594 3619 1650 habitatione
3664 1613 3761 1652 se-

2164 1682 2397 1737 cundum
2428 1699 2580 1738 suam
2617 1684 2973 1739 substantiam
3014 1682 3199 1740 Deitas
3236 1685 3384 1739 verbi
3415 1685 3549 1741 nihil
3586 1703 3757 1775 passa

2166 1784 2269 1839 est,
2295 1783 2352 1830 ut
2382 1785 2488 1830 tota
2518 1776 2777 1842 Trinitas,
2807 1793 2968 1848 quam
2996 1778 3379 1847 impassibilem
3412 1795 3638 1837 necesse
3663 1791 3759 1838 est

2169 1870 2433 1925 conﬁteri.
2477 1871 2720 1927 Mortuus
2757 1880 2840 1927 est
2888 1873 2981 1928 Dei
3027 1873 3194 1928 Filius
3230 1875 3521 1930 secundum
3564 1874 3757 1949 Scrip-

2167 1970 2337 2027 turas,
2364 1963 2516 2033 juxta
2558 1964 2631 2028 id,
2664 1966 2807 2035 quod
2847 1966 2985 2020 mori
3015 1975 3245 2035 poterat.
3276 1968 3599 2024 Resurrexit
3641 1979 3758 2025 tero

2166 2054 2237 2108 tia
2287 2055 2390 2119 die,
2433 2057 2676 2111 ascendit
2709 2058 2776 2112 ad
2821 2058 3007 2122 caelos,
3044 2060 3195 2115 sedet
3224 2061 3289 2114 ad
3318 2061 3603 2117 dexteram
3653 2063 3755 2119 Dei

2163 2147 2362 2213 Patris,
2413 2161 2667 2205 manente
2722 2165 2784 2206 ea
2845 2158 3037 2205 natura
3090 2152 3293 2216 carnis,
3350 2153 3403 2207 in
3446 2169 3553 2224 qua
3591 2164 3758 2210 natus

2162 2237 2323 2308 £02
2370 2248 2423 2294 et
2453 2256 2645 2310 passus
2681 2248 2784 2307 est,
2827 2242 2880 2296 in
2917 2258 3021 2313 qua
3068 2243 3229 2297 etiam
3262 2245 3583 2300 resurrexit.
3631 2244 3757 2303 Non

2163 2328 2305 2383 enim
2354 2331 2630 2387 exinanita
2673 2340 2756 2387 est
2804 2334 2856 2388 in
2901 2349 2968 2389 eo
3013 2334 3367 2392 humanitatis
3416 2339 3755 2405 substantia,

2162 2421 2256 2476 sed
2283 2420 2605 2492 gloriﬁcata,
2631 2433 2687 2480 et
2713 2425 2765 2480 in
2797 2434 3057 2482 aeternum
3075 2443 3196 2483 cum
3224 2428 3431 2485 Dcitate
3461 2445 3755 2488 mansura.

2236 2514 2372 2570 XVI.
2423 2515 2661 2586 Accepta
2687 2533 2816 2587 ergo
2866 2535 2895 2573 a
2944 2517 3103 2575 Patre
3159 2521 3400 2577 omnium
3452 2530 3753 2592 potestate,

2166 2620 2285 2675 quae
2313 2606 2364 2659 in
2391 2606 2531 2661 caelo
2562 2618 2709 2673 sunt,
2745 2617 2800 2663 et
2835 2623 2954 2679 qua:
2984 2610 3036 2664 in
3068 2618 3234 2676 terra,
3270 2621 3530 2669 venturus
3570 2625 3659 2670 cst
3684 2615 3754 2670 ai

2157 2692 2421 2762 judicium
2451 2699 2697 2754 vivorum
2722 2716 2785 2755 ac
2808 2709 3162 2765 mortuorum,
3194 2711 3252 2758 ut
3278 2714 3331 2759 et
3356 2703 3535 2773 justos
3570 2722 3755 2763 remu-

2165 2792 2320 2840 nerct
2365 2795 2420 2840 et
2466 2790 2653 2858 puniat
2692 2801 3026 2861 peccatores.
3059 2814 3076 2845 ι
3124 2793 3231 2849 Sed
3270 2807 3616 2853 sacramenta
3672 2800 3754 2855 in-

2165 2880 2514 2945 carnationis,
2556 2883 2753 2948 crucis,
2785 2885 2998 2949 mortis,
3038 2886 3353 2958 sepulturae,
3377 2897 3433 2944 et
3472 2905 3755 2948 resurrec-

2165 2967 2348 3032 tionis,
2379 2978 2433 3025 et
2463 2970 2517 3025 in
2548 2972 2743 3027 cretum
2774 2977 3108 3032 ascensionis
3145 2976 3261 3047 ejus
3299 2979 3377 3037 ita
3423 2991 3552 3035 sunt
3590 2982 3755 3038 inex-

2164 3056 2452 3127 plicabilia,
2487 3070 2546 3116 ut
2582 3064 2779 3120 nullius
2810 3064 3005 3137 linguae
3028 3067 3295 3133 laudibus,
3323 3071 3417 3126 sed
3448 3088 3551 3129 nec
3582 3090 3753 3131 sensu

2164 3150 2481 3221 cujusquam
2519 3155 2733 3224 possint
2755 3156 2913 3228 digne
2938 3158 3217 3230 explicari.
3248 3159 3363 3217 Hoc
3395 3172 3605 3219 tantum
3629 3181 3757 3221 con-

2163 3242 2311 3296 venit
2357 3244 2409 3297 in
2452 3246 2634 3301 crucis
2670 3248 3126 3320 contemplatione
3163 3267 3262 3307 nos
3306 3255 3565 3325 cogitare,
3622 3259 3755 3328 quia

2164 3333 2286 3389 ideo
2316 3334 2575 3392 Dominus
2605 3338 2747 3394 inter
2771 3351 2996 3396 caeteras
3025 3352 3247 3409 mortes,
3279 3345 3402 3417 ligni
3430 3350 3756 3417 suspensio-

2162 3441 2285 3481 uem
2328 3429 2621 3500 praeelegit,
2650 3439 2707 3484 ut
2742 3447 2838 3502 per
2886 3433 3030 3489 hunc
3068 3434 3308 3491 aboleret
3344 3437 3571 3507 primam
3612 3439 3756 3511 ligni

2162 3523 2684 3591 transgressionem;
2717 3532 2775 3577 ut
2803 3525 2942 3580 sicut
2968 3528 3018 3581 in
3045 3528 3218 3583 Adam
3242 3545 3337 3599 per
3379 3531 3521 3600 pomi
3562 3530 3758 3589 delec-

2163 3610 2417 3667 tationem
2460 3612 2603 3669 facta
2644 3623 2729 3670 est
2761 3614 3007 3684 dejectio,
3042 3618 3115 3673 ita
3156 3621 3210 3675 in
3244 3621 3460 3677 Christo
3490 3637 3590 3693 per
3614 3622 3753 3694 ligni

2160 3702 2508 3771 asperitatem
2539 3702 2692 3760 ﬁeret
2719 3704 2835 3774 ejus
2862 3709 3089 3764 erectio.
3121 3710 3196 3766 De
3220 3713 3615 3782 compositione
3652 3729 3753 3769 au-

2161 3803 2269 3849 tem
2314 3796 2555 3867 ejusdem
2598 3800 2798 3865 erucis,
2845 3804 2911 3857 ad
2949 3804 3363 3862 aediﬁcationem
3416 3808 3751 3879 pertinentia

2160 3890 2328 3946 multa
2358 3893 2563 3949 utiliter
2583 3895 2855 3951 dicuntur.
2882 3897 2974 3952 Illa
3000 3900 3144 3954 enim
3170 3900 3334 3955 verba
3356 3900 3624 3971 Apostoli,
3654 3901 3748 3958 ubi

2159 3981 2262 4036 ait:
2287 3982 2354 4036 In
2375 3984 2629 4040 charitate
2656 3988 2881 4043 radicati
2913 4000 2963 4044 et
2993 3990 3243 4060 fundati:
3269 4002 3327 4047 ut
3357 3994 3571 4064 possitis
3605 4011 3749 4048 como

2156 4073 2472 4141 prehendere
2484 4092 2602 4129 cum
2615 4079 2854 4134 omnibus
2876 4083 3073 4137 sanctis
3100 4100 3216 4154 qua:
3238 4084 3305 4139 sit
3334 4083 3563 4140 latitudo
3577 4087 3753 4141 etlon-

2156 4162 2355 4231 gitudo,
2395 4164 2690 4221 sublimitas
2716 4178 2766 4222 et
2795 4172 3117 4242 profundum
3149 4173 3364 4245 (Ephes.
3400 4193 3482 4241 tu,
3514 4177 3600 4241 Π,
3632 4179 3749 4250 l8),

2157 4256 2224 4311 ad
2274 4258 2452 4313 crucis
2498 4262 2943 4332 compositionem
2999 4266 3323 4323 mirabiliter
3366 4278 3424 4325 et
3474 4273 3751 4329 veracit-r

2157 4358 2430 4418 aptantur.
2476 4351 2728 4409 Latitudo
2763 4358 2980 4425 quidem
3004 4360 3183 4415 crucis
3210 4372 3295 4415 est
3330 4363 3383 4417 in
3429 4371 3751 4420 transverso

2155 4440 2316 4511 ligno,
2365 4443 2455 4498 ubi
2485 4444 2720 4515 ﬁguntur
2751 4464 2962 4514 manus,
2993 4460 3048 4505 et
3076 4452 3451 4523 signiﬁcantur
3477 4471 3579 4526 per
3619 4472 3747 4511 eam

480 4539 813 4600 assumptum
852 4532 1126 4588 hominem
1167 4536 1272 4601 his,
1303 4546 1524 4609 propter
1566 4555 1704 4609 quos
1746 4549 2051 4611 assumptus

2161 4532 2426 4602 gaudium,
2466 4543 2628 4605 atque
2663 4537 2908 4594 hilaritas
2940 4542 3137 4596 mentis
3165 4558 3179 4607 ;
3206 4543 3346 4598 sicut
3382 4560 3483 4615 per
3523 4561 3744 4613 manus,

481 4630 582 4685 est,
629 4622 794 4679 fuisse
833 4624 1167 4703 dissimilem.
1219 4626 1390 4695 Quem
1434 4631 1637 4701 absque
1681 4633 1795 4688 sola
1850 4634 2054 4705 peccati

481 4710 712 4777 macula,
762 4730 880 4784 quae
928 4717 1188 4773 naturalis
1228 4735 1333 4774 non
1380 4728 1483 4786 est,
1537 4722 1692 4778 nobis
1736 4725 2054 4782 conﬁtemur

481 4801 647 4859 fuisse
676 4804 1028 4862 conformem.
1058 4808 1272 4864 Illorum
1304 4827 1519 4882 quoque
1555 4814 1804 4870 similiter
1842 4816 2051 4872 abomi-

480 4893 658 4948 nanda
708 4902 792 4950 est
818 4894 1171 4965 blasphemia,
1203 4902 1291 4970 qui
1322 4918 1461 4958 novo
1506 4919 1667 4961 sensu
1695 4922 1940 4963 asserere
1968 4924 2053 4964 co-

477 4993 695 5050 nantur,
747 5002 778 5041 a
823 4995 1063 5057 tempore
1107 5002 1371 5063 suscepta:
1425 4998 1627 5061 carnis,
1672 4998 1876 5063 omnia,
1932 5016 2051 5069 quae

477 5086 634 5133 erant
665 5078 907 5146 Deitatis,
943 5082 995 5136 in
1020 5082 1289 5140 hominem
1329 5087 1695 5159 demigrasse;
1719 5101 1774 5145 et
1812 5107 2048 5158 rursum,

475 5186 597 5241 quin
624 5172 980 5230 humanitatis
1007 5186 1183 5243 erant,
1225 5178 1279 5232 in
1312 5178 1475 5235 Deum
1506 5196 1626 5237 esse
1669 5183 1965 5251 transfusa,
1993 5193 2054 5240 ut

477 5265 621 5334 quod
658 5266 803 5321 nulla
848 5268 1070 5325 haeresis
1100 5284 1335 5339 unquam
1367 5272 1545 5327 dicere
1580 5289 1710 5329 ausa
1736 5284 1843 5341 est,
1870 5277 2053 5333 Videa-

478 5350 567 5412 tur
616 5358 718 5415 hac
768 5360 1081 5417 confusione
1139 5370 1368 5432 utraque
1407 5364 1681 5420 exinanita
1729 5367 2052 5433 substantia,

476 5448 704 5506 Deitatis
753 5452 964 5509 scilicet
1019 5461 1064 5509 ει
1088 5453 1461 5518 humanitatis,
1501 5463 1556 5510 et
1585 5472 1615 5510 a
1652 5457 1873 5526 proprio
1903 5466 2048 5512 statu

474 5535 529 5593 in
552 5537 697 5596 aliud
717 5557 835 5598 esse
852 5552 1054 5599 mutata
1068 5554 1127 5599 ut
1147 5544 1238 5615 qui
1257 5554 1361 5599 tam
1388 5545 1554 5599 Deum
1578 5544 1945 5615 imperfectum
1993 5548 2046 5602 in

474 5627 631 5698 Filio,
674 5647 836 5703 quam
874 5635 1149 5693 hominem
1196 5636 1540 5701 conﬁtentur,
1585 5652 1685 5693 nec
1714 5637 1879 5693 Deum
1921 5656 2047 5697 vere

503 5810 513 5821 η
549 5751 574 5782 α
602 5741 868 5823 Pelagius.
903 5746 1029 5823 [late
1074 5748 1326 5823 videntur
1368 5748 1691 5823 quibusdam
1723 5750 1867 5807 dicta
1916 5767 2043 5823 par-

478 5812 573 5866 tim
604 5812 865 5875 adversus
903 5817 1272 5891 Nestorianos,
1324 5812 1522 5893 partim
1571 5822 1832 5881 adversus
1878 5812 2043 5898 E'uty-

2162 4625 2395 4693 operari.
2444 4625 2744 4697 Longitudo
2787 4644 2918 4684 vero
2972 4630 3100 4685 illud
3138 4643 3344 4688 rectum
3386 4633 3611 4705 lignum,
3648 4637 3749 4695 ubi

2161 4722 2330 4769 totum
2378 4732 2572 4788 corpus
2608 4720 3037 4787 extenditur;et
3078 4722 3450 4796 intelliguntur
3490 4742 3589 4797 per
3618 4743 3748 4785 eam

2158 4808 2414 4879 patientia
2450 4820 2612 4879 atque
2647 4812 2952 4879 tolerantia,
2996 4830 3092 4885 per
3122 4832 3284 4885 quam
3325 4833 3748 4887 perseveramus

2158 4901 2212 4955 in
2248 4902 2403 4956 bonis
2440 4918 2608 4972 usque
2643 4905 2697 4958 in
2729 4905 2931 4959 finem.‘
2951 4906 3265 4962 Sublimitas
3286 4924 3503 4980 quoque
3530 4922 3614 4966 est
3638 4912 3749 4967 hoc

2157 4996 2300 5065 quod
2341 5010 2503 5064 super
2547 5005 2913 5053 transversum
2951 4999 3151 5071 lignum
3189 5001 3409 5066 eminet,
3439 5004 3526 5058 cui
3573 5014 3750 5074 caput

2155 5088 2465 5159 adjungitur
2489 5106 2503 5154 ;
2528 5089 2931 5160 etsigniﬁcatur
2949 5107 3045 5162 per
3071 5108 3190 5147 eam
3219 5096 3555 5163 exspectatio
3581 5098 3748 5151 retri-

2153 5178 2389 5235 butionis
2411 5179 2477 5235 de
2499 5179 2712 5234 sublimi
2730 5181 2943 5251 justitia
2971 5182 3085 5247 Dei,
3114 5184 3205 5253 qui
3232 5184 3421 5240 reddet
3442 5186 3745 5256 unicuique

2153 5276 2447 5330 secundum
2477 5291 2638 5345 opera
2671 5292 2787 5330 sua.
2814 5274 3146 5332 Profundum
3169 5287 3350 5333 autem
3379 5288 3466 5335 est
3493 5278 3579 5333 illa
3603 5295 3745 5348 pars

2150 5364 2279 5437 ligni
2326 5382 2446 5436 qua:
2472 5376 2629 5422 terrae
2674 5367 2838 5422 inﬁxa
2880 5380 3006 5437 est;
3042 5378 3097 5423 et
3122 5370 3429 5442 praeﬁgunt
3459 5380 3743 5427 secretum

2155 5460 2477 5515 sacramenti
2523 5468 2576 5514 et
2620 5462 2853 5530 pertinet
2916 5462 2985 5516 ad
3038 5462 3306 5518 occultam
3358 5466 3607 5535 gratiam,
3668 5482 3741 5521 ex

2151 5567 2257 5622 qua
2289 5553 2625 5632 invisibiliter
2660 5569 2965 5624 Operamur.
2998 5555 3166 5627 Igitur
3192 5573 3316 5612 cum
3341 5574 3555 5614 crucem
3577 5558 3745 5614 Chri-

2150 5645 2223 5699 sti
2256 5646 2378 5715 quis
2410 5644 2565 5711 tollit,
2608 5653 2667 5700 ut
2692 5657 2950 5716 sequatur
2967 5664 3113 5715 eum,
3164 5658 3346 5705 teneat
3391 5650 3739 5708 latitudinem

2148 5757 2395 5885 gaianas,
2438 5758 2666 5830 ideoque
2710 5768 2833 5831 post
2878 5759 3167 5833 Pelagium-
3191 5750 3342 5820 illius
3384 5762 3738 5820 Confessioni

2220 5845 2299 5885 ICC
2364 5869 2377 5882 .

2214 5845 2377 5895 Vlcera.
