4038 6354
260 353 404 414 ωδε
482 308 487 311 ⁵

939 350 1087 408 OPP.
1128 349 1355 408 DUBIA.
1396 376 1467 439 -τ
1500 343 1728 401 ALBINI
1765 339 2145 400 CONFESSIO
2181 342 2383 399 FIDEI.
2421 373 2492 384 —
2529 342 2710 401 PARS
2744 344 2830 400 III.

3368 347 3506 403 1066

258 468 567 536 charitatis,
585 465 971 540 longitudinem
992 464 1427 537 perseverantire.
1443 461 1653 516 Habeat
1674 459 1836 537 etiam
1865 458 1913 518 Δ
1937 463 2080 526 ptor.
2102 455 2211 511 Aut
2233 457 2363 527 quid
2390 471 2616 513 necesse
2644 455 2744 511 fuit
2776 457 2888 513 Deo
2912 458 3185 514 hominem
3215 458 3351 526 fieri,
3375 477 3515 517 nun-

260 562 667 625 sublimitatem,
713 566 772 612 ut
806 574 869 612 ca
909 573 1028 627 quae
1063 558 1171 627 agit
1203 564 1258 610 et
1303 554 1369 608 ad
1416 554 1583 607 Deum
1614 550 1835 615 referat,

260 661 317 709 et
345 668 442 724 pro
477 651 589 723 Deo
626 649 811 713 faciat,
856 649 1121 717 patienter
1166 654 1220 699 et
1242 644 1485 698 hilariter
1519 648 1838 711 exspectans

258 761 381 818 quae
421 742 669 813 promisit
694 740 837 795 Deus
869 738 1212 811 diligentibus
1246 752 1325 791 se.
1371 735 1575 789 Teneat
1627 747 1839 803 quoque

258 835 607 911 profundum,
637 842 697 888 ut
725 834 862 889 sciat
892 833 1019 902 quia
1047 831 1228 886 omnia
1261 844 1381 900 quae
1410 836 1556 882 recte
1587 826 1712 897 agit,
1742 841 1841 895 per

259 926 529 983 occultam
558 926 787 997 gratiam
816 924 958 979 Deus
988 938 1084 994 per
1110 922 1257 976 illum
1284 929 1338 975 et
1369 921 1422 974 in
1455 919 1543 974 illo
1565 919 1692 990 agit.
1729 917 1842 971 Hoc

260 1018 478 1089 quidem
502 1023 788 1071 senserunt
824 1016 890 1069 de
932 1014 1112 1069 verbis
1146 1002 1374 1082 apostoli
1411 1010 1561 1064 multi
1594 1008 1841 1063 doctores

261 1109 353 1164 alii
380 1124 395 1173 ;
420 1107 513 1162 sed
542 1115 696 1176 pater
714 1105 1033 1160 Ambrosius
1072 1103 1414 1174 praestantius
1440 1097 1641 1168 aliquid
1680 1095 1839 1151 intel-

259 1199 427 1271 ligere
446 1198 632 1262 voluit,
658 1197 844 1252 dicens
860 1197 926 1251 de
945 1195 1078 1261 Deo,
1103 1193 1245 1264 quod
1265 1208 1429 1262 opera
1452 1206 1549 1246 sua
1572 1198 1722 1245 extra
1746 1189 1844 1243 cir-

259 1289 498 1353 cumdat,
547 1295 601 1342 et
638 1287 777 1341 intra
819 1286 1010 1356 replet,
1054 1300 1216 1355 supra
1254 1284 1405 1354 tegit,
1448 1289 1503 1335 et
1537 1279 1676 1335 infra
1716 1278 1839 1333 fert.

260 1380 398 1435 Nam
424 1387 597 1435 status
630 1379 805 1433 crucis
830 1378 1098 1449 significat
1122 1376 1529 1431 universitatem
1560 1371 1844 1444 potestatis

260 1470 485 1534 Christi,
524 1467 675 1538 cujus
698 1480 860 1539 caput
896 1469 1114 1535 omium,
1140 1467 1305 1539 pedes
1328 1465 1620 1531 infernum,
1652 1465 1843 1519 dextra

260 1569 318 1616 et
351 1560 571 1615 sinistra
598 1575 815 1615 omnem
850 1561 1109 1614 mundum
1154 1558 1357 1612 ten’ent.
1403 1556 1474 1610 At
1508 1556 1698 1611 sicam
1737 1569 1844 1609 non

260 1645 499 1707 erectam
531 1652 626 1706 sed
657 1651 892 1720 planam,
932 1661 987 1704 et
1012 1648 1202 1720 mquali
1243 1658 1430 1702 tenore
1471 1646 1724 1699 libratam
1766 1652 1845 1697 te-

258 1757 413 1807 neas,
450 1750 681 1812 quatuor
709 1741 896 1810 plagas
917 1739 1103 1793 mundi
1127 1747 1434 1792 monstrare
1458 1733 1691 1797 videtur,
1715 1733 1843 1802 quia

1939 548 2068 617 quid
2096 564 2201 603 non
2225 549 2382 603 aliter
2415 549 2587 618 potuit
2611 564 2710 602 nos
2744 549 2952 604 salvare
2972 551 2994 603 ?
3018 551 3200 605 Potuit
3235 552 3421 621 utique
3456 562 3515 606 ut

1937 638 2101 704 Deus,
2148 646 2206 692 ut
2243 640 2603 708 omnipotens,
2644 640 2688 694 si
2729 656 2835 694 non
2878 652 3179 697 assumeret
3219 643 3514 708 hominem,

1939 733 2207 788 redimere
2240 748 2359 797 nos,
2386 734 2478 787 sed
2514 733 2705 799 noluit,
2751 734 2878 803 quia
2917 735 3243 790 conveniens
3292 744 3411 789 crat
3438 736 3520 791 di-

1938 822 2077 876 vinae
2112 819 2358 888 iustitiae,
2406 833 2465 875 ut
2510 822 2792 892 deceptum
2830 833 2884 876 et
2911 824 3178 893 perditum
3221 824 3519 891 hominem,

1941 927 2049 967 non
2074 911 2389 967 fortitudine
2417 920 2472 967 et
2494 913 2906 982 omnipotentia,
2947 914 3040 968 sed
3072 915 3298 969 consilio
3320 923 3374 969 et
3397 932 3521 986 pru-

1942 1002 2122 1057 dentia
2151 1002 2381 1057 miseros
2423 1012 2787 1072 recuperaret.
2818 1002 2938 1057 F-ilii
2972 1019 3202 1073 namque
3246 1018 3313 1058 ex
3364 1020 3521 1059 servo

1942 1101 1998 1148 et
2019 1092 2212 1147 ancilla
2241 1093 2376 1158 nati,
2408 1093 2537 1163 quid
2563 1093 2709 1148 aliud
2735 1109 2854 1157 esse
2877 1103 3120 1162 possunt,
3145 1110 3303 1163 quam
3326 1111 3520 1165 paren-

1944 1191 2025 1238 tes
2051 1186 2281 1238 eorum?
2311 1184 2602 1239 Decretum
2640 1192 2820 1238 autem
2870 1196 2971 1250 est,
3000 1195 3055 1240 et
3101 1187 3281 1241 divina
3330 1194 3385 1240 et
3427 1188 3521 1241 hu-

1944 1288 2106 1327 mana
2135 1273 2269 1344 lege,
2301 1282 2359 1327 ut
2389 1273 2444 1328 in
2485 1274 2743 1329 servitute
2784 1283 3055 1341 maneant,
3106 1276 3194 1345 qui
3239 1292 3307 1331 ex
3354 1278 3526 1332 servis

1900 1370 1905 1387 '
1945 1372 2259 1419 nascuntur.
2284 1363 2407 1419 Ideo
2434 1364 2667 1421 infantes
2695 1366 2793 1419 sub
2819 1366 3066 1436 originali
3093 1378 3318 1437 peccato
3345 1380 3525 1424 tenen-

1945 1464 2053 1520 tur,
2102 1465 2161 1508 ut
2184 1456 2297 1510 nati
2340 1464 2484 1520 sunt,
2536 1456 2640 1510 nisi
2686 1456 2940 1526 baptismi
2986 1459 3157 1529 gratia
3204 1459 3519 1514 liberentur.

1945 1546 2071 1601 Haec
2102 1548 2335 1618 denique
2362 1564 2524 1603 causa
2554 1558 2656 1613 est,
2693 1566 2798 1619 qua
2827 1550 3072 1605 diabolus
3102 1552 3157 1605 in
3182 1552 3269 1606 illa
3302 1568 3401 1607 nos
3431 1569 3526 1623 pa-

1948 1636 2119 1690 rentis
2147 1638 2306 1706 primi
2331 1637 2512 1693 radice
2547 1640 2916 1709 supplantans,
2944 1642 3045 1696 sub
3075 1643 3388 1712 captivitate
3431 1658 3529 1697 sua

1950 1728 2104 1795 quasi
2133 1726 2278 1795 juste
2304 1729 2477 1783 tenuit
2510 1729 2807 1796 hominem,
2837 1732 2927 1801 qui
2964 1732 3133 1788 libero
3155 1734 3380 1789 arbitrio
3406 1750 3531 1791 con-

259 1807 515 1883 Christus
571 1807 769 1881 cuncta
806 1807 1125 1898 gubernat:
1174 1832 1432 1894 tanquam
1484 1837 1602 1887 eos,
1645 1820 1841 1890 quibus
1873 1807 1918 1868 Β
1945 1817 2108 1885 ditus,
2146 1819 2196 1874 ei
2227 1820 2423 1890 injusta
2450 1821 2700 1875 suadenti
2744 1824 3039 1877 consensit.
3078 1824 3158 1878 Ad
3190 1826 3355 1881 vitam
3384 1827 3529 1882 enim

257 1916 498 1991 mundus
531 1916 824 1971 crucifixus
866 1924 970 1980 est,
1019 1923 1074 1969 et
1103 1914 1204 1985 ipsi
1236 1914 1458 1978 mundo,
1495 1927 1526 1965 a
1558 1911 1687 1966 solis
1724 1920 1844 1965 ortu

257 2014 318 2060 et
351 2021 570 2071 occasu,
608 2008 675 2061 ab
706 2006 954 2076 aquilone
995 2014 1049 2060 et
1091 2005 1248 2070 mari,
1282 2021 1313 2057 a
1348 2005 1455 2059 Deo
1480 2003 1635 2074 elegi,
1670 2010 1726 2057 et
1755 2017 1848 2056 vo»

257 2095 399 2160 cari,
437 2102 492 2150 et
519 2111 619 2166 per
644 2111 860 2151 crucem
899 2111 1088 2151 omnes
1108 2110 1267 2166 posse
1293 2095 1510 2149 salvari.

331 2187 493 2244 XVII.
544 2188 714 2244 Natus
760 2190 924 2261 igitur
968 2189 1219 2244 Christus
1263 2199 1349 2244 est
1399 2188 1465 2243 de
1514 2186 1756 2259 Virgine,
1788 2197 1849 2240 ut

260 2293 363 2333 nos
398 2286 813 2334 renasceremur
856 2295 924 2334 ex
951 2279 1207 2333 Ecclesiae
1243 2279 1469 2350 virginis
1502 2287 1679 2332 utero.
1732 2275 1850 2331 Cir-

260 2370 539 2425 cumcisus
575 2380 677 2436 est,
721 2378 782 2424 ut
814 2386 914 2426 nos
939 2371 1450 2426 circumcideremur
1483 2370 1629 2425 vitiis
1663 2370 1847 2425 carnis

260 2471 319 2519 et
356 2462 600 2534 spiritus,
622 2463 676 2518 in
701 2463 1093 2536 exspoliatione
1122 2465 1324 2519 veteris
1343 2464 1602 2518 hominis.
1631 2462 1849 2532 Reprae-

260 2562 509 2610 sentatus
546 2566 629 2610 εει
650 2555 705 2609 in
730 2555 954 2625 templo,
989 2564 1050 2609 ut
1079 2572 1181 2611 nos
1201 2571 1299 2628 per
1332 2556 1504 2627 ipsam
1528 2557 1848 2611 reconcilia-

261 2659 449 2700 remur
466 2644 598 2701 Deo.
626 2645 941 2717 Baptizatus
962 2655 1068 2712 est,
1098 2655 1159 2701 ut
1183 2655 1371 2701 nostra
1390 2646 1702 2702 lavarentur
1722 2662 1850 2717 pec-

261 2743 409 2790 cata.
435 2734 697 2791 Teutatus
716 2744 822 2802 εει,
844 2744 904 2790 ιιι
928 2750 1026 2791 ηοε
1055 2751 1086 2790 a
1110 2737 1405 2792 tentatione
1425 2736 1623 2791 diaboli
1649 2736 1850 2792 libera-

263 2833 369 2881 ret.
402 2825 605 2881 Tentus
627 2834 731 2893 est,
764 2835 825 2881 ut
846 2843 945 2883 nos
978 2827 1377 2883 dimitteremur
1397 2829 1464 2883 de
1491 2827 1717 2899 subjugo
1742 2828 1849 2884 dae-

263 2919 527 2973 moniacae
553 2920 848 2975 servitutis.
872 2920 1224 2975 Venundatus
1249 2928 1353 2986 est,
1377 2927 1438 2975 ut
1466 2935 1564 2975 suo
1586 2935 1685 2975 nos
1732 2936 1851 2975 san-

262 3010 430 3082 guine
458 3012 768 3067 redimeret.
794 3011 1017 3082 Ligatus
1035 3019 1137 3077 est,
1157 3019 1219 3066 ut
1237 3026 1337 3066 nos
1360 3025 1393 3064 a
1418 3011 1561 3066 nodo
1588 3009 1848 3066 maledic-

265 3103 431 3158 tiom's
476 3102 796 3158 absolveret.
843 3103 1037 3159 lrrisus
1077 3112 1181 3170 est,
1230 3111 1293 3157 ut
1338 3118 1438 3159 nos
1487 3103 1558 3159 ab
1594 3102 1849 3157 irrisione

1947 1910 2195 1964 conditus
2250 1910 2303 1965 in
2352 1911 2657 1967 libertatem
2701 1916 2933 1983 propriae
2977 1915 3290 1982 voluntatis,
3343 1928 3534 1989 sponte

1946 2015 2044 2056 sua
2096 2000 2271 2057 factus
2318 2012 2403 2058 est
2438 2004 2651 2059 debitor
2697 2008 2911 2061 mortis.
2948 2006 3183 2062 Deleuda
3232 2024 3360 2079 ergo
3412 2010 3536 2066 talis

1947 2104 2067 2150 erat
2091 2096 2269 2167 culpa,
2308 2098 2403 2153 sed
2434 2099 2537 2154 nisi
2568 2115 2667 2169 per
2698 2101 3033 2156 sacrificium
3064 2101 3228 2156 deleri
3262 2118 3370 2157 non
3392 2111 3540 2173 pote«

1947 2196 2054 2242 rat.
2078 2188 2436 2255 Quaerendum
2465 2199 2585 2244 erat
2616 2191 2974 2259 sacrificium,
3012 2193 3106 2247 sed
3130 2192 3290 2262 quale
3329 2191 3537 2247 sacrifi-

1948 2278 2095 2332 cium
2138 2285 2347 2348 poterat
2380 2294 2480 2347 pro
2524 2280 2869 2335 absolvendis
2918 2281 3229 2337 hominibus
3270 2283 3541 2339 inveniri?

1947 2367 2133 2438 Neque
2158 2369 2361 2424 etenim
2396 2368 2602 2437 justum
2632 2369 2735 2425 fuit
2769 2380 2829 2426 ut
2868 2388 2967 2443 pro
2997 2373 3251 2429 rationali
3299 2374 3537 2440 homine.

1945 2457 2230 2513 brutorum
2265 2459 2581 2514 animalium
2620 2461 2857 2516 victimae
2896 2461 3253 2518 caederentur.
3285 2462 3439 2519 Unde
3467 2465 3544 2519 ait

1947 2548 2278 2619 Apostolus:
2311 2550 2535 2605 Necesse
2586 2561 2663 2606 est
2715 2569 2838 2623 ergo
2882 2552 3206 2624 exemplaria
3257 2553 3541 2609 caelestium

1948 2642 2028 2695 his
2060 2642 2333 2709 mandari,
2369 2643 2486 2714 ipsa
2514 2653 2689 2699 autem
2734 2643 2964 2699 caelestia
2987 2644 3294 2701 melioribus
3334 2647 3543 2712 hostiis,

1948 2752 2107 2806 quam
2151 2735 2264 2789 istis
2307 2735 2495 2807 (Hebr.
2529 2753 2604 2801 rx,
2636 2736 2751 2809 23).
2803 2737 2945 2808 Ergo
2987 2738 3033 2792 si
3080 2738 3239 2792 bruta
3281 2740 3542 2795 animalia

1947 2838 2170 2900 propter
2206 2830 2474 2884 rationale
2507 2829 2731 2896 animal,
2776 2830 2831 2884 id
2882 2838 2967 2887 est
3000 2845 3100 2900 pro
3129 2831 3347 2887 homine
3373 2833 3547 2904 dignae

1948 2923 2185 2977 victimae
2241 2938 2349 2977 non
2386 2921 2626 2987 fuerunt,
2653 2921 3015 2991 requirendus
3049 2930 3169 2977 erat
3210 2922 3397 2988 homo,
3452 2922 3545 2993 qui

1948 3014 2109 3088 503
2132 3031 2230 3085 pro
2259 3015 2570 3079 hominibus
2591 3012 2777 3069 offerri
2814 3014 3111 3078 debuisset,
3157 3022 3217 3067 ut
3237 3028 3338 3084 pro
3384 3015 3549 3069 ratio—

1952 3106 2060 3161 nali
2084 3112 2342 3175 peccante
2373 3104 2657 3160 rationalis
2692 3104 2869 3159 hostia
2892 3111 3243 3159 mactaretur.

4026 2070 4027 2103 ι

4026 2188 4027 2239 1

4025 2314 4027 2379 i

264 3194 571 3249 dmmonum
594 3193 824 3249 tolleret.
844 3166 1176 3249 Humiliatus
1211 3202 1317 3260 est,
1338 3202 1400 3249 ut
1421 3209 1522 3249 nos
1565 3193 1847 3249 exaltaret.
1878 3166 1927 3231 ο
2028 3166 2169 3261 xix.
2214 3203 2320 3260 Sed
2353 3204 2506 3276 quid,
2533 3205 2678 3276 quod
2713 3205 2876 3260 homo
2905 3205 3021 3259 sine
3055 3213 3280 3275 peccato
3318 3203 3549 3260 inveniri

264 3289 551 3344 Exaltatus
574 3298 657 3345 est
677 3289 733 3344 in
765 3304 947 3355 cruce,
967 3297 1028 3344 ιιι
1062 3304 1161 3344 nos
1188 3289 1256 3344 ad
1284 3303 1344 3343 se
1370 3289 1631 3343 lraheret-
1656 3285 1860 3357 Captus
1958 3313 2067 3353 non
2087 3303 2301 3366 poterat
2327 3314 2341 3350 :
2366 3303 2422 3352 et
2446 3296 2627 3351 oblata
2669 3310 2770 3367 pro
2800 3298 2956 3352 nobis
2988 3298 3167 3352 hostia
3205 3297 3422 3367 quando
3452 3310 3552 3353 nos

264 3389 374 3447 est,
407 3390 469 3435 Ill.
497 3397 595 3437 nos
624 3397 654 3436 a
680 3396 844 3436 manu
867 3380 1063 3437 diaboli
1092 3381 1336 3451 captivos
1367 3379 1627 3435 auferret.
1652 3379 1862 3449 Exspo-
1959 3404 1992 3443 a
2020 3394 2245 3459 peccato
2274 3386 2537 3442 mundare
2564 3388 2852 3457 potuisset,
2882 3389 2927 3442 si
2958 3388 3071 3458 ipsa
3111 3388 3323 3459 peccati
3364 3395 3554 3445 coma-

267 3473 437 3530 Iiatus
492 3483 596 3540 est,
629 3482 691 3527 ut
730 3474 1032 3527 nuditatem
1077 3472 1427 3527 mortalitatis
1460 3480 1661 3526 nostra:
1700 3471 1861 3525 beata

266 3564 679 3620 immortalitate
701 3564 967 3617 indueret.
995 3563 1173 3633 Spinis
1204 3571 1499 3618 coronatus
1528 3570 1633 3628 est,
1666 3572 1727 3617 ut
1750 3565 1864 3634 spi-

268 3672 373 3711 nas
403 3664 458 3710 et
505 3655 737 3710 tribulos
769 3655 957 3724 primas
987 3654 1384 3709 maledictionis
1427 3654 1494 3709 de
1525 3655 1682 3710 nobis
1716 3655 1863 3711 evel-

275 3746 433 3801 leret.
477 3745 626 3801 Felle
650 3754 868 3816 potatus
906 3753 990 3799 est
1034 3754 1090 3799 et
1133 3753 1312 3809 aceto,
1347 3753 1409 3799 ut
1439 3760 1538 3800 nos
1569 3744 1777 3800 faceret
1809 3745 1866 3799 in

270 3848 476 3892 terram
501 3836 639 3891 lacte
664 3843 719 3891 et
739 3836 896 3891 melle
918 3845 1227 3890 manantem
1260 3837 1482 3892 intrare.
1512 3836 1796 3892 Postremo
1812 3837 1868 3891 in

271 3928 436 3983 altari
462 3927 639 3983 crucis
666 3927 1007 3983 sacrificatus
1029 3936 1133 3993 est,
1164 3936 1225 3982 ut
1240 3929 1408 3984 totius
1438 3929 1624 3982 mundi
1647 3937 1870 4000 peccata

270 4020 501 4075 deleret.
526 4019 767 4074 Mortuus
792 4028 984 4099 esttut
1021 4021 1212 4075 mortis
1235 4020 1537 4090 captivaret
1560 4020 1867 4090 imperium.

276 4111 534 4182 Sepultus
563 4120 646 4167 est
688 4119 747 4166 ut
774 4113 1023 4183 sepulcra
1054 4120 1366 4167 sanctorum
1386 4113 1750 4169 benediceret.
1777 4113 1877 4167 Re-

276 4202 536 4266 surrexit,
559 4211 619 4256 ut
641 4202 870 4258 mortuis
889 4203 1053 4257 vitam
1076 4202 1344 4269 redderet,
1369 4211 1423 4258 et
1459 4216 1609 4273 spem
1633 4217 1874 4257 resurre-

278 4294 480 4349 ctionis
494 4293 606 4349 suis
620 4293 795 4349 daret.
810 4293 1067 4349 Ascendit
1080 4294 1146 4348 ad
1162 4294 1350 4359 caelos,
1366 4301 1425 4348 ut
1437 4294 1640 4349 homini
1663 4309 1769 4349 non
1783 4309 1875 4349 so-

270 4383 391 4440 lum
421 4385 749 4455 paradisum,
769 4400 931 4455 quem
952 4387 1230 4451 amiserat,
1252 4387 1584 4454 restitueret,
1598 4386 1690 4441 sed
1711 4386 1878 4441 caelo-

1962 3483 2119 3555 gione
2177 3498 2285 3536 non
2332 3482 2586 3537 careret?
2656 3482 2940 3553 Inquinata
2996 3482 3193 3553 quippe
3244 3483 3556 3553 inquinatos

1963 3576 2225 3630 mundare
2254 3589 2360 3628 non
2389 3582 2594 3642 posset.
2618 3610 2621 3615 ι
2645 3572 2786 3645 Ergo
2812 3581 2871 3627 ut
2900 3573 3240 3628 rationabilis
3286 3582 3431 3629 esset
3459 3573 3555 3628 ho-

1966 3666 2090 3730 stia,
2139 3665 2302 3719 homo
2349 3662 2527 3718 fuerat
2574 3663 3013 3719 oll‘erendusutt
3056 3679 3187 3719 vero
3239 3679 3269 3718 a
3314 3658 3556 3734 peccatis

1967 3756 2254 3810 mundaret
2275 3754 2572 3819 hominem,
2604 3755 2766 3808 homo
2796 3763 2851 3809 et
2878 3755 2994 3810 sine
3022 3763 3263 3826 peccato.
3296 3754 3405 3810 Sed
3435 3755 3558 3826 quis

1968 3856 2113 3902 esset
2139 3846 2300 3900 homo
2334 3846 2450 3899 sine
2476 3853 2721 3915 peccato,
2754 3846 2799 3900 si
2832 3862 2898 3900 ex
2926 3847 3131 3916 peccati
3174 3846 3558 3901 commixtione

1971 3936 2357 3991 descenderet?
2402 3935 2637 3990 Proinde
2682 3936 2829 3990 venit
2872 3945 3095 4006 propter
3146 3952 3244 3991 nos
3296 3937 3352 3990 in
3399 3943 3557 3991 utero

1972 4025 2210 4098 Virginis
2240 4025 2412 4083 Filius
2438 4026 2553 4091 Dei,
2584 4027 2657 4082 ibi
2691 4042 2789 4096 pro
2832 4028 2987 4083 nobis
3033 4028 3207 4084 factus
3252 4038 3335 4083 est
3369 4029 3553 4085 homo.

1976 4118 2314 4187 Sumptaest
2344 4120 2412 4173 ab
2442 4118 2533 4173 illo
2561 4127 2756 4173 natura
2781 4134 2889 4175 non
2915 4120 3092 4190 culpa,
3124 4119 3251 4175 fecit
3275 4135 3374 4191 pro
3399 4120 3557 4176 nobis

1975 4210 2304 4265 sacrificium
2335 4225 2531 4280 corpus
2560 4226 2736 4275 suum,
2787 4211 3031 4266 exhibuit
3060 4226 3157 4281 pro
3184 4212 3561 4281 peccatoribus

1977 4301 2254 4357 victimam
2283 4302 2400 4358 sine
2428 4312 2673 4372 peccato,
2702 4318 2824 4373 qum
2851 4312 2904 4357 et
2934 4304 3273 4358 humanitate
3315 4304 3475 4369 mori,
3505 4311 3563 4360 et

1973 4392 2185 4464 justitia
2229 4396 2492 4450 mundare
2531 4395 2814 4466 potuisset.
2874 4395 3027 4451 Hunc
3074 4411 3221 4467 ergo,
3271 4412 3392 4451 cum
3440 4404 3564 4468 post

277 4477 872 4588 ium-quoquehqu
890 4478 1143 4588 aperiret.
1170 4477 1495 4533 Sedetnunc
1511 4479 1581 4588 ad
1598 4479 1876 4533 dexteram
1904 4525 1959 4588 Β
1981 4488 2252 4557 baptisma
2300 4486 2435 4541 vidit
2479 4488 2735 4557 antiquus
2763 4488 2957 4554 hostis,
3007 4504 3132 4543 mox
3180 4489 3564 4545 tentationibus

280 4567 483 4632 Patris,
507 4575 567 4621 ut
591 4567 842 4636 precibus
864 4568 1198 4621 credentium
1232 4577 1454 4622 annuat.
1482 4568 1756 4623 Venturus
1793 4579 1878 4623 est

272 4658 523 4729 judicare
544 4657 696 4712 vivos
710 4673 775 4713 ac
798 4666 1061 4724 mortuos,
1079 4668 1138 4713 ut
1150 4660 1308 4715 bonis
1321 4660 1482 4726 bona,
1496 4669 1551 4715 et
1565 4660 1720 4715 malis
1732 4660 1875 4716 mala

282 4750 477 4805 reddat
508 4751 625 4804 sine
644 4750 769 4805 fine.
824 4750 1030 4807 Defecit
1052 4752 1232 4821 itaque
1253 4763 1633 4823 argumentum
1654 4753 1873 4819 diaboli,

283 4842 382 4913 qui
407 4841 633 4895 vitulum
669 4849 856 4897 contra
914 4843 1162 4909 vitulum,
1194 4844 1406 4898 hircum
1439 4854 1629 4900 contra
1662 4845 1876 4901 hircum

283 4934 561 5004 opposuit,
586 4934 681 4988 sed
705 4950 899 5007 agnum
939 4936 1343 4991 immaculatum
1374 4937 1619 4991 invenire
1651 4952 1757 4991 non
1782 4952 1878 5007 po-

286 5018 413 5078 tuit.
447 5024 583 5080 llinc
603 5027 771 5081 miser
798 5028 976 5081 victus
1004 5028 1167 5097 jacet,
1210 5036 1265 5082 et
1296 5026 1414 5082 viso
1448 5029 1599 5099 signo
1640 5029 1882 5083 victoriae

284 5113 493 5171 Christi
516 5116 701 5187 pallet,
736 5112 1000 5172 tremitet
1031 5116 1185 5189 fugit.

365 5206 549 5261 XVIII.
607 5207 714 5263 Sed
740 5224 901 5263 nemo
947 5208 1092 5262 intra
1120 5223 1180 5262 se
1207 5207 1373 5273 dicat,
1411 5217 1466 5263 et
1488 5210 1641 5279 quasi
1687 5217 1878 5265 contra

291 5300 467 5355 Deum
497 5311 882 5370 conqueratur,
918 5302 1045 5371 quia
1065 5302 1226 5371 primi
1264 5312 1516 5371 parentes
1549 5306 1721 5359 nostri
1753 5320 1880 5375 pec-

289 5398 577 5458 caverunt,
608 5399 665 5445 et
700 5393 1047 5447 admittentes
1079 5392 1459 5447 inobedientia:
1494 5394 1706 5464 culpam
1736 5397 1880 5452 ceci-

289 5483 494 5537 derunt
522 5483 577 5538 in
606 5493 837 5539 mortem
865 5503 877 5537 ε
908 5485 1037 5555 quid
1055 5485 1223 5555 culpa:
1246 5500 1343 5555 pro
1367 5485 1471 5542 hoc
1499 5487 1722 5556 reliquis
1764 5505 1879 5543 om-

289 5573 456 5629 nibus
479 5575 678 5631 ascribi
707 5577 911 5642 debuit,
936 5585 997 5631 ut
1017 5577 1222 5647 pariter
1266 5578 1697 5651 cuncti‘pmpter
1720 5583 1881 5638 unius

291 5674 581 5737 peccatum
604 5676 920 5723 tenerentur
932 5670 1032 5724 sub
1053 5678 1320 5741 potestate
1337 5672 1531 5726 diaboli
1552 5674 1575 5726 ?
1596 5674 1714 5744 Ipse
1734 5676 1877 5731 enim

297 5760 452 5817 solus
475 5760 661 5818 debuit
680 5764 793 5835 pati
824 5773 880 5819 et
907 5766 1159 5823 meritam
1199 5766 1403 5821 sentire
1446 5767 1581 5821 iram
1622 5783 1879 5841 praesum-

663 5858 913 5928 Pn'aor.
977 5860 1072 5923 Cl.

1984 4578 2234 4649 impetiit,
2281 4587 2336 4632 et
2377 4595 2473 4649 per
2514 4578 2758 4634 diversos
2805 4580 2983 4635 aditus
3024 4581 3091 4634 ad
3138 4580 3397 4636 interiora
3445 4580 3565 4651 ejus

1982 4669 2201 4724 molitus
2240 4670 2504 4740 irrepere,
2532 4670 2708 4725 vietus
2742 4679 2844 4735 est,
2873 4680 3036 4742 atque
3073 4672 3190 4741 ipsa
3229 4672 3564 4745 inexpugna-

1981 4762 2105 4817 bilis
2136 4764 2335 4817 mentis
2366 4762 2482 4831 ejus
2508 4764 2818 4833 integritate
2844 4771 3168 4833 prostratus.
3200 4763 3305 4820 Sed
3340 4766 3465 4836 quia
3494 4765 3563 4821 ad

1982 4852 2241 4908 interiora
2274 4869 2381 4907 non
2412 4852 2597 4916 valuit,
2632 4851 2699 4905 ad
2728 4852 2844 4919 ejus
2874 4867 2931 4907 se
2961 4854 3235 4909 exteriora
3272 4856 3563 4920 convertit,

1982 4953 2042 4997 ut
2068 4945 2194 5014 quia
2236 4944 2434 4998 mentis
2464 4943 2664 4997 virtute
2705 4944 2880 4999 victus
2906 4951 3010 5011 est,
3042 4959 3187 5011 eum,
3215 4960 3375 5016 quem
3418 4944 3564 5000 deci-

1984 5050 2113 5103 pere
2147 5035 2442 5089 tentatione
2487 5049 2592 5088 non
2633 5033 2820 5097 valuit,
2855 5034 3033 5090 carnis
3067 5035 3258 5090 saltem
3288 5035 3565 5089 videretur

1986 5135 2160 5181 morte
2190 5141 2464 5195 superare,
2506 5134 2667 5195 atque
2696 5128 2990 5196 permissus
3020 5136 3103 5184 est
3148 5128 3203 5181 in
3230 5127 3377 5191 illud,
3420 5127 3564 5197 quod

1983 5234 2049 5272 ex
2100 5217 2255 5272 nobis
2297 5218 2615 5273 mortalibus
2656 5219 2920 5274 mediator
2961 5226 3263 5289 acceperat.
3318 5216 3424 5272 Sed
3474 5219 3564 5273 ubi

1982 5307 2159 5378 potuit
2186 5307 2389 5376 aliquid
2416 5307 2613 5372 facere,
2645 5308 2717 5363 ibi
2749 5324 2815 5364 ex
2842 5310 2990 5363 omni
3012 5317 3167 5379 parte
3184 5308 3427 5363 devictus
3450 5317 3562 5363 est:

1983 5409 2039 5454 et
2068 5400 2209 5455 unde
2237 5400 2445 5471 accepit
2467 5403 2705 5458 exterius
2729 5412 3052 5472 potestatem
3079 5404 3359 5459 dominicae
3386 5403 3569 5458 carnis

1984 5494 2310 5561 occidendae,
2344 5495 2465 5551 inde
2509 5495 2736 5551 interior
2779 5504 3018 5565 potestas
3047 5498 3192 5566 ejus,
3224 5511 3329 5565 qua
3357 5511 3455 5549 nos
3485 5504 3568 5550 ιε-

1986 5588 2168 5653 nebat,
2204 5587 2380 5642 occisa
2426 5596 2527 5643 est.
2573 5589 2693 5659 Ipse
2730 5604 2960 5659 namque
2999 5589 3224 5643 interius
3252 5588 3425 5644 victus
3457 5596 3566 5654 est,

1984 5680 2109 5734 dum
2137 5679 2290 5747 quasi
2320 5678 2447 5733 vicit
2479 5680 2718 5734 exterius
2748 5696 2759 5731 :
2791 5687 2845 5732 et
2882 5678 2974 5749 qui
3012 5694 3110 5733 nos
3134 5677 3256 5753 jure
3295 5679 3570 5733 debitores

1987 5770 2176 5826 mortis
2230 5769 2432 5834 tenuit,
2480 5767 2602 5837 jure
2656 5769 2709 5823 in
2761 5769 2913 5825 nobis
2958 5766 3049 5836 jus
3106 5770 3297 5825 mortis
3350 5770 3565 5847 amisit“,

3134 5858 3207 5922 Ἧι
