4038 6354
518 364 542 417 Ι
550 360 656 419 067

1319 365 1380 420 Β.
1420 363 1483 420 F.
1519 361 1752 421 ALBlNl"
1785 361 1922 420 SEU
1956 355 2231 417 ALCUlNl
2265 365 2552 426 OPERUM
2585 367 2770 427 PARS
2806 369 2938 428 Vill.

3630 375 3774 433 i068

513 484 638 552 quia
685 496 784 553 per
828 481 1084 538 satellites
1138 497 1264 538 suos
1307 483 1423 554 ejus
1468 497 1683 538 carnem
1714 482 2081 554 perimendam
2109 481 2162 541 Α
2187 491 2286 547 est,
2320 493 2374 540 et
2404 501 2434 540 a
2464 487 2612 542 nullo
2637 490 2830 558 ccepit;
2867 490 3032 546 Deum
3081 491 3425 564 invisibilem,
3453 505 3614 568 quem
3649 497 3776 551 nul-

512 576 754 646 appetiit,
786 575 837 630 in
863 589 968 644 quo
996 574 1128 630 nihil
1156 590 1222 630 ex
1247 575 1413 646 culpae
1441 577 1621 630 debito
1651 576 1870 631 invenit.
1906 573 2086 628 Domi-

445 650 448 652 ’
513 684 615 722 nus
645 683 775 739 ergo
803 676 986 722 noster
1012 683 1111 738 pro
1137 669 1292 723 nobis
1315 676 1544 723 mortem
1584 669 1742 725 solvit
1768 669 2080 734 indebitam,

509 769 571 815 ut
603 759 758 814 nobis
799 773 946 814 mors
986 759 1164 813 debita
1197 773 1303 812 non
1327 768 1564 815 noceret.
1620 759 1876 828 Quamvis
1923 759 2086 830 igitur

510 849 736 919 simplici
767 856 971 904 naturte
999 849 1294 905 divinitatis
1319 865 1424 904 non
1453 850 1522 904 sit
1549 850 1698 905 aliud
1720 865 1858 915 esse,
1890 859 1943 906 et
1968 850 2083 920 ipsa

509 940 792 1013 sapientia,
833 955 953 1009 qua:
982 940 1279 996 divinitatis
1307 941 1539 996 essentia
1568 949 1667 1004 est,
1702 948 1880 996 tamen
1913 955 2084 1010 quan-

508 1039 619 1088 tum
651 1033 717 1087 ad
747 1031 939 1086 faciem
969 1039 1198 1102 spectat,
1229 1046 1332 1086 non
1375 1031 1576 1086 virtute
1606 1031 1702 1086 sed
1728 1032 1934 1086 ratione
1971 1032 2082 1086 dia-

504 1123 685 1180 bolum
731 1124 1021 1195 superavit,
1055 1124 1180 1193 quia
1228 1124 1343 1194 ipse
1383 1124 1638 1194 antiquus
1662 1125 1832 1180 hostis
1869 1139 1967 1194 per
1989 1139 2082 1179 ex—

502 1232 716 1272 cessum
767 1215 1204 1285 prtesumptionis
1267 1229 1376 1269 sua:
1429 1229 1551 1271 eum
1601 1218 1764 1270 etiam
1825 1216 2077 1290 perdidit,

501 1322 660 1376 quem
689 1306 886 1376 iniquae
912 1301 1278 1375 persuasionis
1301 1305 1418 1376 lege
1447 1307 1684 1380 possedit
1711 1325 1722 1359 :
1751 1315 1806 1361 et
1830 1307 1955 1361 dum
1987 1322 2082 1362 au-

501 1401 685 1454 dacter
718 1415 861 1464 eum,
901 1400 954 1452 in
990 1413 1097 1469 quo
1135 1398 1270 1452 nihil
1311 1399 1414 1454 sibi
1449 1407 1803 1470 compererat,
1835 1401 2076 1474 appetiit,

493 1489 620 1558 jure
669 1489 838 1556 illum,
867 1504 1026 1564 quem
1075 1491 1228 1560 quasi
1250 1489 1398 1560 juste
1433 1493 1664 1558 tenebat,
1694 1493 1894 1548 amisit.
1943 1492 2079 1548 Pruo

500 1581 679 1636 dentia
717 1581 899 1650 itaque
943 1589 996 1636 et
1023 1581 1267 1647 consilio,
1302 1595 1407 1636 non
1434 1590 1700 1651 potestate
1746 1591 1802 1638 et
1827 1583 2079 1638 violentia

498 1671 672 1724 victus
697 1679 798 1736 cst,
835 1672 958 1741 quia
990 1672 1116 1725 dum
1145 1672 1212 1724 ad
1240 1673 1554 1732 tentandum
1590 1673 1838 1741 solvitur,
1880 1675 1947 1730 ab
1976 1675 2077 1730 bo-

500 1763 644 1816 mine
690 1762 1013 1831 possidendo
1061 1762 1354 1833 relegatur,
1394 1770 1454 1817 ut
1502 1763 1627 1818 inde
1662 1777 1808 1831 eum,
1847 1765 1938 1838 qui
1978 1764 2077 1820 sub

499 1855 614 1922 ipso
644 1861 780 1918 erat,
813 1854 1082 1924 perderet,
1108 1856 1250 1909 unde
1281 1867 1402 1909 cum
1444 1855 1558 1920 illo,
1585 1855 1678 1924 qui
1709 1869 1872 1928 super
1900 1856 2076 1927 ipsum

497 1933 604 2014 est,
657 1943 913 2014 congredi
960 1943 1410 2014 prtesumpsisset.
1471 1943 1696 1998 Constat
1739 1959 1899 2016 ergo,
1950 1946 2077 2015 quia

496 2035 657 2089 homo
704 2045 960 2105 peccator
996 2047 1093 2103 per
1141 2035 1415 2089 hominem
1463 2034 1652 2102 Deum,
1687 2035 1742 2090 in
1785 2051 1892 2106 quo
1943 2036 2075 2092 nulli

494 2131 704 2202 peccati
749 2130 960 2187 macula
1004 2136 1216 2200 poterat
1257 2143 1395 2194 esse,
1423 2129 1682 2184 liberatus
1709 2137 1812 2186 est.
1861 2129 1928 2184 Et
1956 2131 2075 2187 ideo

497 2225 837 2293 omnipotens
857 2222 1022 2288 Deus,
1049 2222 1142 2292 qui
1175 2221 1354 2289 justus
1388 2229 1492 2288 est,
1520 2231 1574 2278 et
1603 2221 1754 2292 cujus
1777 2225 1956 2278 omnia
1981 2224 2072 2296 ju-

495 2314 636 2368 dicia
667 2312 813 2380 justa
855 2319 997 2376 sunt,
1030 2311 1164 2365 nihil
1205 2320 1396 2367 contra
1441 2327 1592 2367 suam
1630 2312 1898 2381 justitiam
1924 2313 2080 2384 fecit,

495 2405 625 2459 dum
653 2405 925 2466 hominem
955 2419 1274 2473 persuasum
1303 2415 1400 2474 per
1425 2406 1698 2461 hominem
1745 2422 1774 2460 a
1806 2415 2074 2478 potestate

492 2496 690 2552 diaboli
721 2495 984 2550 liberavit.
1015 2495 1092 2550 Ita
1115 2497 1257 2551 enim
1281 2498 1415 2552 ordo
1445 2499 1642 2552 nostrae
1671 2498 1858 2556 salutis
1883 2500 2078 2572 exigit,

492 2596 554 2643 ut
579 2604 668 2643 ars
696 2597 869 2642 artem
911 2585 1141 2652 falleret,
1175 2591 1232 2642 et‘
1255 2589 1344 2664 qui
1375 2589 1604 2660 decepit,
1639 2589 1996 2666 deciperetur.

566 2679 683 2734 XX.
725 2677 821 2734 His
854 2679 925 2734 ita
952 2678 1244 2752 praemissis
1275 2687 1530 2754 tauquam
1565 2681 1886 2752 quihusdam
1922 2682 2072 2737 testi-

487 2772 588 2828 bus
626 2772 1024 2843 repraesentatis
1072 2771 1126 2825 in
1171 2773 1526 2827 assertionem
1575 2771 1698 2826 ﬁdei
1748 2787 1896 2836 mete,
1929 2774 2078 2829 sicut

486 2861 662 2918 clamo
719 2861 954 2918 clamore
1003 2851 1198 2934 magno
1245 2875 1428 2917 coram
1472 2862 1583 2918 Deo
1635 2863 1689 2917 in
1738 2871 1851 2919 toto
1906 2864 2067 2928 corde

483 2964 627 3018 meo,
661 2955 737 3008 ita
763 2954 903 3025 styli,
933 2954 1151 3025 orisque
1175 2951 1352 3009 cilicio
1382 2954 1436 3008 in
1467 2954 1691 3010 auribus
1717 2955 1973 3010 Ecclesice
2003 2955 2068 3010 li-

482 3046 583 3101 bet
607 3046 806 3109 dicere,
849 3046 984 3100 libet
1018 3046 1326 3100 exclamare
1355 3057 1372 3099 τ’
1399 3046 1478 3101 sic
1512 3061 1699 3102 coram
1729 3047 1841 3103 Deo
1890 3045 2079 3102 credi»

484 3153 626 3201 mus,
665 3137 745 3190 sic
774 3147 962 3190 coram
991 3136 1298 3190 hominibus
1331 3133 1656 3191 ‘co‘utltemur
1687 3153 1699 3189 :
1732 3133 1899 3192 Cord'e
1925 3137 2070 3191 enim'

485 3226 720 3281 creditur
734 3211 1098 3295 adjustitium,
1141 3240 1232 3278 ore
1264 3235 1446 3278 autem
1480 3225 1552 3293 ﬁt
1571 3226 1830 3295 confessio
1868 3227 1940 3280 ad
1979 3243 2066 3280 sa-

487 3316 649 3370 turem
697 3315 866 3388 (Rom.
914 3332 968 3375 κ,
1012 3316 1124 3387 l0),
1173 3317 1248 3371 ait
1294 3316 1600 3386 Apostolus.
1651 3317 1824 3374 Credo
1869 3320 2062 3387 Deum,

487 3409 651 3465 credo
692 3409 824 3473 Deo,
873 3408 1034 3463 credo
1082 3408 1137 3461 in
1179 3407 1368 3462 Deum.
1424 3405 1536 3462 Hoc
1565 3409 1728 3464 corde
1754 3417 1928 3476 teneo,
1963 3412 2066 3466 hoc

483 3515 580 3557 ore
628 3499 906 3565 conﬁteor,
959 3502 1062 3556 hoc
1111 3501 1322 3570 scripto
1359 3507 1528 3555 testor
1569 3507 1730 3571 atque
1779 3503 2074 3560 conﬁnem.

481 3590 652 3646 Deum
707 3591 895 3657 credo,
963 3592 1092 3660 quia
1135 3591 1303 3646 video:
1336 3598 1676 3656 creaturam,
1722 3600 1779 3647 et
1824 3593 2063 3666 intelligo

481 3681 814 3737 Creatorem.
861 3680 979 3751 Ipse
1024 3682 1167 3736 enim
1209 3679 1338 3736 fecit
1383 3695 1500 3746 nos,
1531 3673 1603 3736 et
1644 3696 1752 3735 non
1801 3682 1900 3752 ipsi
1940 3699 2058 3739 nos.

478 3775 593 3832 Deo
635 3775 833 3840 credo,
893 3774 1022 3843 quia
1069 3773 1136 3827 de
1180 3785 1350 3826 sacrm
1395 3771 1694 3826 assertione
1743 3771 2057 3844 Script-urze,

479 3883 642 3939 quam
690 3869 802 3937 ipse
843 3863 1218 3930 sanctiﬁcavit,
1253 3871 1307 3917 et
1341 3862 1489 3917 misit
1523 3863 1577 3917 in
1610 3863 1890 3928 mundum,
1925 3865 2072 3920 niliil'

479 3961 699 4017 omnino
745 3957 948 4023 dubito,
1002 3965 1058 4011 et-
1084 3957 1151 4010 de
1195 3955 1396 4009 sanctis
1435 3951 1550 4022 ejus
1591 3955 2055 4024 promissionibus,

477 4067 598 4122 qure
619 4053 671 4105 in
695 4065 788 4120 spe
809 4056 1092 4113 tenentur,
1109 4048 1161 4102 in
1185 4047 1364 4116 aliquo
1387 4045 1714 4110 nutrdillido,
1731 4055 2057 4116 atqucsacra

476 4142 592 4210 ejus
619 4141 892 4212 mysteria,
923 4154 1041 4209 quas
1070 4153 1157 4193 me
1183 4138 1370 4202 latent,
1395 4152 1500 4191 non
1531 4144 1782 4205 tauquam
1811 4136 2056 4192 fast-idio-

476 4245 570 4288 sus
592 4246 870 4300 aspernor,
895 4229 988 4285 sed
1013 4229 1236 4283 devotus
1261 4243 1508 4294 veneror,
1537 4235 1860 4297 exspectans
1881 4230 2056 4284 humi-

473 4327 602 4380 liter
629 4327 711 4379 vel
741 4326 828 4380 hic
855 4325 1193 4393 aliquatenus
1221 4324 1302 4378 vel
1333 4325 1489 4394 plene
1527 4325 1582 4379 in
1620 4324 1799 4380 futuro
1830 4342 1892 4381 ea
1923 4327 2052 4382 mihi

472 4419 723 4476 revelari.
759 4419 815 4472 In
843 4418 1010 4473 Deum
1042 4417 1222 4481 credo,
1249 4424 1310 4470 ut
1354 4427 1478 4486 pete
1506 4427 1755 4473 creatura
1793 4419 1848 4473 in
1885 4419 2052 4474 Crea-

473 4520 666 4572 torem,
699 4524 887 4563 servus
931 4508 984 4562 iu
1037 4507 1354 4572 Dominum,
1386 4508 1546 4563 homo
1596 4510 1650 4562 in
1687 4509 1876 4576 Deum,
1925 4513 2050 4582 quia

470 4602 586 4673 ipse
612 4599 713 4655 culi
743 4599 889 4654 solus
919 4599 1076 4653 debet
1097 4606 1151 4653 et
1175 4599 1410 4662 adorari,
1442 4601 1530 4668 qui
1560 4603 1877 4658 naturaliter
1904 4604 2046 4661 Deus

468 4701 570 4759 est,
609 4701 664 4746 et
715 4693 1055 4762 omnipotens
1101 4700 1204 4755 est,
1229 4691 1320 4760 qui
1369 4691 1500 4750 fecit
1533 4694 1825 4760 incondita,
1859 4705 1912 4751 et
1967 4696 2044 4752 fa-

465 4793 552 4839 cta
583 4783 868 4856 gubernat.
894 4781 1167 4853 Scriptum
1200 4784 1398 4854 quippe
1419 4791 1501 4840 est
1531 4804 1542 4838 :
1571 4785 1851 4840 Dominum
1875 4788 2042 4844 Deum

465 4875 734 4941 adorabis,
762 4886 812 4931 et
837 4876 915 4930 illi
937 4875 1244 4930 soliservics
1269 4877 1483 4949 (Matth.
1518 4895 1591 4944 1v,
1619 4879 1728 4950 10).
1781 4881 1846 4934 Ει
1881 4897 2042 4954 ange-

462 4967 546 5023 lus
576 4969 643 5022 ad
665 4967 960 5022 Joannem:
987 4965 1135 5033 Vide,
1165 4968 1356 5037 inquit,
1378 4985 1440 5022 ne
1463 4968 1667 5038 feceris,
1687 4969 1851 5024 Deum
1875 4972 2040 5026 adora

463 5059 647 5133 (Apoc.
681 5057 934 5130 x1x,l—0).
985 5058 1170 5130 Neque
1211 5061 1352 5113 enim
1397 5060 1569 5116 beatis
1615 5062 1914 5132 spiritibus,
1947 5079 2040 5118 ne-

458 5166 564 5226 que
605 5152 806 5208 sanctis
833 5151 1140 5206 hominibus
1184 5151 1392 5205 cultura
1421 5152 1554 5217 haec,
1583 5161 1638 5208 et
1676 5156 1928 5219 servitus,
1957 5163 2039 5210 at-

457 5259 562 5316 que
587 5248 762 5302 honor
787 5247 890 5301 iste
921 5246 1208 5312 debentur,
1240 5246 1342 5301 nisi
1369 5247 1461 5301 uni
1488 5248 1712 5303 Domino
1739 5249 1866 5305 Deo.
1897 5250 2037 5319 Qua-

455 5338 581 5394 liter
625 5339 797 5394 Deum
847 5341 912 5396 de
955 5340 1066 5395 Deo
1113 5340 1355 5404 credam,
1399 5340 1676 5408 superiora
1704 5344 1866 5398 verba
1906 5345 2036 5399 satis

457 5431 772 5502 abundeque
802 5433 1202 5488 demonstrant:
1235 5447 1376 5486 nunc
1399 5433 1631 5500 qualiter
1655 5434 1706 5487 in
1724 5434 1890 5490 Deum
1918 5453 2035 5492 cre-

452 5519 598 5585 dam,
632 5535 726 5576 ore
751 5522 1015 5577 catholico
1041 5522 1220 5578 dicere
1250 5522 1425 5591 cupio.
1460 5523 1732 5593 Scriptum
1764 5536 1847 5581 est
1873 5544 1884 5578 :
1910 5526 2035 5582 Cre-

453 5611 564 5666 didi
589 5622 800 5684 propter
821 5615 960 5686 quod
990 5614 1195 5675 locutus
1221 5632 1337 5669 sum
1363 5629 1379 5667 :
1413 5623 1460 5669 et
1507 5631 1599 5670 nos
1629 5618 1887 5672 credimus
1913 5637 2034 5690 pro-

2185 575 2266 630 lus
2299 580 2478 634 carnis
2533 583 2702 637 oculis
2738 584 2923 639 videre
2961 585 3183 654 sullicit;
3242 589 3413 646 Deum
3459 591 3772 660 incompre-

2184 669 2531 740 liensibilem,
2563 676 2654 746 qui
2691 679 2870 733 omnia
2898 683 3344 752 comprehendit;
3371 685 3542 739 Deum
3573 686 3778 739 immu-

2183 763 2421 830 tabilem,
2465 766 2556 836 qui
2599 783 2703 822 non
2743 779 2983 827 mutatur
3017 775 3370 846 temporibus,
3401 793 3502 831 nec
3537 778 3775 832 senesci“.

2182 863 2363 923 aetate,
2410 859 2503 912 sed
2550 873 2765 932 semper
2813 863 2954 920 idem
3003 869 3106 932 est,
3149 869 3242 940 qui
3287 885 3393 924 non
3440 869 3493 923 in
3530 877 3778 940 tempore.

2182 951 2346 1020 cmpit
2387 950 2606 1019 vivere,
2670 954 2764 1010 sed
2812 970 3024 1029 semper
3071 960 3261 1016 vivens
3305 961 3512 1016 nullum
3565 965 3782 1033 patitur

2182 1053 2584 1110 successorem;
2625 1045 2791 1100 Deum
2817 1047 3016 1102 bonum
3048 1059 3102 1105 et
3135 1050 3343 1120 justum
3376 1053 3500 1109 (εωιί
3528 1063 3584 1109 et
3610 1063 3784 1110 terrae

2181 1141 2503 1188 creatorem.
2535 1133 2688 1189 Hunc
2717 1137 2976 1194 conﬁteor
3003 1139 3196 1208 Deum,
3229 1143 3330 1199 sed
3353 1146 3604 1202 eumdem
3638 1163 3783 1203 con-

2180 1219 2335 1278 ﬁteor
2358 1223 2594 1292 Patrem,
2627 1226 2843 1284 Patrem
2869 1229 3012 1286 Filii.
3080 1231 3250 1289 Nemo
3295 1237 3441 1291 enim
3482 1246 3642 1310 pater
3694 1249 3784 1295 est

2181 1313 2296 1368 sine
2327 1313 2456 1370 ﬁlio.
2506 1315 2668 1372 Pater
2700 1332 2828 1390 ergo
2861 1334 2957 1392 per
2985 1321 3151 1378 ﬁlium
3193 1335 3296 1392 est,
3334 1328 3544 1384 habens
3581 1331 3788 1400 utique

2181 1401 2372 1474 ﬁlium,
2401 1407 2557 1478 cujus
2603 1409 2673 1466 sit
2718 1420 2890 1481 pater.
2932 1409 3149 1470 Patrem
3179 1417 3301 1474 dico
3329 1420 3564 1475 viventis
3593 1422 3782 1486 verbi,

2179 1497 2393 1553 virtutis
2425 1514 2486 1553 ac
2511 1500 2789 1570 sapientia:
2811 1504 3063 1574 proprite,
3094 1509 3236 1576 quod
3267 1506 3615 1566 iueﬂabiliter
3643 1523 3784 1568 ante

2178 1591 2360 1645 omnia
2396 1592 2609 1658 saecula,
2641 1593 2750 1648 imo
2786 1594 2990 1666 absque
3027 1598 3183 1655 initio
3211 1615 3278 1656 ex
3311 1617 3368 1656 se
3404 1605 3614 1674 genuit,
3647 1603 3781 1676 Spi-

2178 1682 2314 1736 ritus
2334 1679 2615 1756 Spiritum,
2641 1684 2998 1755 DeusDeum,
3026 1690 3077 1744 in
3107 1707 3214 1762 quo
3243 1703 3370 1748 sunt
3398 1697 3618 1752 condita
3647 1698 3782 1754 uni-

2178 1787 2356 1840 versa,
2387 1783 2443 1828 et
2465 1790 2585 1846 qum
2621 1776 2676 1830 in
2709 1775 2883 1842 cadis,
2908 1787 2963 1832 et
2994 1794 3114 1849 qua:
3155 1781 3212 1836 in
3241 1790 3410 1850 terra,
3440 1785 3679 1842 visibilia
3721 1799 3786 1844 et

2179 1865 2488 1933 invisibilia,
2521 1868 2662 1924 sicut
2714 1869 2874 1948 docet
2904 1867 3101 1927 Paulus
3123 1881 3177 1928 et
3199 1877 3482 1948 consignat
3503 1878 3776 1938 Joannes.

2180 1951 2393 2021 Omnia,
2428 1956 2620 2030 inquit,
2651 1945 2745 2030 per
2772 1955 2938 2030 ipsum
2973 1961 3118 2030 facta
3148 1975 3298 2032 sunt,
3321 1945 3382 2021 et
3395 1967 3506 2022 sine
3532 1969 3646 2040 ipsa
3685 1970 3777 2040 fa-

2177 2052 2316 2096 ctum
2345 2045 2574 2100 estnihil
2625 2044 2806 2118 (han.
2836 2065 2875 2114 ι,
2903 2045 2978 2122 ³5).
3011 2049 3161 2108 Hunc
3193 2053 3358 2127 igitur
3394 2073 3572 2114 unum.
3595 2059 3778 2118 Deum

2175 2129 2393 2190 Patrem
2444 2134 2866 2207 omnipotentem
2914 2141 3177 2198 conﬁteor
3219 2161 3232 2197 :
3285 2144 3338 2198 in
3381 2146 3522 2207 hunc
3573 2150 3766 2214 cudo,

2175 2223 2319 2282 lium:
2345 2223 2504 2282 l'abiis
2529 2235 2584 2282 et
2611 2229 2792 2295 corde,
2818 2238 2874 2284 et
2894 2233 3066 2298 omni,
3090 2249 3196 2304 qua
3217 2235 3398 2306 valeo,
3418 2240 3626 2300 virtute
3645 2241 3776 2302 colo

2175 2324 2240 2376 et
2262 2313 2440 2382 laudo,
2471 2317 2736 2376 benedice
2769 2331 2934 2393 atque
2960 2327 3148 2382 adoro.

2247 2427 2386 2486 XXI.
2427 2427 2603 2488 Cnedo
2646 2440 2702 2488 et
2745 2434 2800 2490 in
2843 2433 3034 2494 Iesum
3071 2436 3346 2500 Cluilium
3395 2440 3602 2500 Filia:
3641 2446 3782 2516 eius

2171 2519 2416 2582 unicum.
2453 2520 2734 2596 Dominum
2779 2535 3058 2595 nostrum,
3106 2528 3374 2590 Boumelo
3399 2532 3526 2599 Deo,
3571 2534 3776 2594 tum

2172 2610 2240 2670 de
2283 2610 2504 2680 lumine,
2533 2615 2712 2674 Deum
2730 2632 2930 2678 verum
2953 2620 3022 2676 de
3049 2620 3166 2679 Deo
3189 2637 3336 2687 vero.
3369 2627 3622 2696 pnituit
3652 2645 3784 2688 non

2171 2701 2394 2770 faciunt,
2446 2709 2976 2768 consubstantialem.
3008 2711 3178 2780 Patri.
3226 2729 3327 2785 nos
3369 2732 3542 2786 unus
3578 2721 3772 2778 orn-ia

2170 2792 2316 2850 facta
2351 2805 2508 2859 sunt.
2530 2799 2630 2868 qui
2655 2810 2877 2872 propter
2902 2818 3010 2863 nos
3036 2805 3288 2865 homines
3319 2815 3384 2864 et
3405 2817 3632 2878 propte-
3665 2827 3774 2866 no-

2170 2891 2339 2944 stram
2370 2887 2598 2952 salutant
2636 2906 2864 2954 cannam.
2899 2895 3162 2954 hunm-
3193 2905 3432 2964 natura,
3466 2915 3776 2972 veram

2168 2976 2414 3036 animam.
2452 2981 2704 3052 suscepit,
2755 2993 3052 3056 conceptus
3095 2985 3166 3040 de
3201 2984 3416 3057 Spiritu
3451 2998 3668 3056 sancto,
3700 2999 3772 3046 et

2167 3075 2332 3126 natus.
2364 3083 2443 3128 ex.
2469 3069 2648 3132 Maria
2666 3074 2896 3148 virgine.
2935 3076 2993 3134 In
3021 3093 3136 3148 qua
3168 3078 3384 3138 scilicet
3418 3095 3582 3138 eam
3623 3097 3762 3152 pas.-

2147 3173 2297 3216 .sum.
2311 3170 2370 3216 et
2395 3163 2696 3234 sepultum,
2710 3175 2770 3222 et
2792 3171 3170 3226 cesar-retussa.
3186 3186 3216 3226 α
3249 3173 3488 3231 mis
3509 3183 3568 3230 et
3591 3176 3768 3234 credo

2169 3257 2230 3306 et.
2249 3249 2422 3308 fateor
2440 3269 2451 3306 :
2470 3261 2534 3312 et.
2553 3254 2620 3316 in.
2639 3256 2840 3316 eadem.
2854 3273 3052 3326 carne,
3070 3277 3176 3335 qua
3198 3263 3371 3335 iacuit
3400 3266 3456 3322 in
3479 3267 3770 3338 supulcro,

2166 3350 2294 3413 post.
2339 3347 2800 3404 resurrectionem
2839 3353 3158 3422 apparuisse
3196 3355 3468 3428 discipulis
3489 3399 3506 3424 ,
3558 3369 3620 3415 et
3662 3362 3766 3417 do-

2165 3431 2345 3489 cuisse
2381 3450 2496 3501 eos,
2541 3453 2664 3508 qua)
2703 3440 2944 3499 docenda
2979 3455 3180 3504 erant:
3219 3457 3376 3519 atque
3415 3465 3606 3506 coram
3646 3455 3760 3520 eis,

2167 3523 2394 3595 aliisque
2429 3529 2612 3588 multis
2640 3533 2954 3590 ascendisse
2987 3536 3050 3592 in
3070 3537 3286 3604 caelum,
3315 3541 3586 3598 etsedere
3608 3559 3760 3601 nunc

2166 3619 2232 3676 ad
2259 3620 2537 3680 dexteram
2566 3624 2764 3692 Patris,
2790 3627 2844 3682 id
2868 3637 2982 3695 est,
3011 3629 3066 3690 in
3094 3640 3294 3688 atterna
3327 3649 3554 3704 regnare
3581 3636 3760 3692 beati-

2163 3711 2378 3780 tudine,
2431 3717 2574 3772 unde
2617 3727 3000 3792 exspectamus
3047 3732 3336 3780 ventum
3380 3726 3450 3779 ad
3487 3727 3754 3796 judicium

2159 3802 2606 3884 vivorumm.
2639 3817 2700 3864 et
2723 3820 3080 3870 mortuorum.
3133 3813 3234 3869 Hic
3273 3824 3364 3870 est
3386 3815 3642 3873 Christus
3667 3816 3756 3873 Je-

2161 3907 2256 3954 aus
2285 3893 2542 3955 Domi-nus
2573 3908 2778 3965 uoster,
2805 3903 2952 3958 Deus
2973 3913 3026 3960 et
3056 3904 3250 3970 homin.
3271 3905 3452 3962 factor
3471 3917 3532 3962 et
3553 3908 3748 3966 factus.

2161 3981 2330 4042 Video
2373 3985 2494 4040 ﬁdei
2543 3989 2714 4048 oculis
2761 3989 3044 4054 factorem.
3099 3995 3448 4068 Inprincipio
3477 4010 3592 4054 erat
3631 3999 3752 4056 Ver-

2159 4072 2308 4138 bum,
2340 4085 2387 4130 et
2423 4074 2652 4136 Verbum
2681 4091 2795 4140 erat
2833 4085 2984 4154 apud
3001 4085 3270 4152 Deum...“
3294 4089 3440 4145 Deus
3471 4102 3590 4146 erat
3626 4091 3752 4148 Ver-

2157 4161 2298 4222 bum.
2331 4163 2446 4223 Hoc
2474 4177 2586 4224 erat
2630 4169 2683 4226 in
2717 4171 2974 4243 principio
3001 4177 3356 4246 canitiem,
3387 4181 3608 4238 att-Deus
3635 4195 3748 4239 erat

2166 4249 2425 4320 Verbum,
2481 4259 2655 4316 omnia
2698 4279 2792 4333 per
2833 4264 3004 4333 ipsum
3044 4267 3184 4335 facta
3223 4280 3352 4326 sunt
3389 4271 3573 4342 (lacn.
3605 4291 3646 4340 ι,
3669 4276 3742 4345 t).

2155 4345 2223 4406 Et
2244 4345 2398 4404 video
2430 4346 2650 4414 factum,
2685 4351 2912 4410 Verbum
2937 4372 3059 4412 caro
3083 4357 3286 4428 factum
3319 4373 3419 4427 est,
3453 4374 3508 4418 et
3539 4367 3750 4422 habita-

2152 4438 2223 4492 vit
2263 4438 2317 4492 in
2359 4439 2505 4498 nobis
2551 4441 2818 4512 (Ibid.,.u.
2846 4445 2957 4516 Η).
3005 4448 3160 4504 Hunc
3198 4452 3363 4508 credo
3398 4463 3456 4510 et
3481 4458 3746 4514 conﬁteor

2079 4539 2132 4602 Β
2154 4543 2342 4584 verum
2388 4529 2576 4598 Deum,
2629 4543 2684 4590 et
2729 4535 3030 4606 perlectum
3071 4540 3368 4609 hominem,
3417 4561 3486 4601 ex
3535 4548 3746 4606 duabus

2145 4621 2354 4682 naturis,
2381 4621 2640 4691 existere,
2670 4636 2725 4684 et
2756 4629 2810 4686 in
2839 4631 3086 4702 utrisque
3110 4636 3412 4692 consistere
3442 4639 3496 4693 in
3529 4641 3743 4696 unitate

2141 4727 2406 4782 personae.
2453 4715 2512 4770 ln
2550 4717 2696 4773 hunc
2725 4718 3062 4788 Creatorem,
3108 4733 3166 4782 et
3189 4725 3612 4799 Redemptorem
3643 4746 3746 4786 no-

2144 4813 2338 4872 strum,
2391 4809 2504 4880 qui,
2555 4825 2678 4866 cum
2724 4828 2832 4868 non
2879 4831 3146 4884 essemus,
3197 4819 3328 4876 fecit
3369 4838 3490 4888 nos,
3523 4833 3586 4880 et
3613 4840 3740 4880 cum

2139 4899 2335 4969 perditi
2375 4900 2684 4969 fuissemus,
2717 4920 2815 4960 suo
2843 4923 2941 4963 nos
2970 4910 3200 4970 redemit
3229 4917 3514 4986 sanguine,
3548 4919 3734 4981 credo,

2140 4990 2266 5052 huic
2309 5005 2480 5062 genua
2527 4991 2713 5061 ﬂecto,
2781 4998 3049 5055 cervicem
3103 5001 3335 5071 inclina;
3394 5006 3546 5062 hunc
3592 5009 3732 5072 colo,

2137 5077 2317 5146 laudo,
2347 5089 2507 5151 atque
2540 5084 2726 5150 adoro,
2760 5085 2827 5141 de
2861 5086 2967 5146 ﬁde
2995 5106 3103 5160 non
3133 5092 3280 5160 ﬁcta,
3305 5103 3362 5150 et
3390 5101 3732 5156 conscientia

2135 5187 2289 5243 pura.
2336 5172 2490 5230 llunc
2535 5189 2658 5244 amo
2700 5186 2760 5236 et.
2801 5193 2870 5235 ex
2919 5188 3038 5237 toto
3073 5184 3235 5240 corde
3279 5186 3572 5246 desidem:
3601 5190 3726 5247 huic

2137 5263 2236 5326 soli
2276 5263 2488 5334 placere
2521 5267 2682 5338 cupio
2709 5285 2722 5322 :
2752 5268 2914 5344 hujus
2943 5270 3062 5329 ﬁeri
3098 5275 3404 5334 membrum
3436 5294 3535 5349 per-
3565 5280 3726 5338 ﬁdem

2136 5365 2342 5418 rectam
2384 5366 2438 5413 et
2474 5373 2640 5429 opera
2669 5359 2810 5420 bona
2839 5364 2970 5420 totis
2998 5367 3471 5439 prmeordiisopto
3509 5381 3567 5426 et
3603 5389 3730 5443 pre-

2134 5463 2251 5514 cor,
2282 5450 2327 5504 si
2363 5449 2481 5520 ipse
2509 5451 2777 5522 dignetur.
2812 5454 3014 5510 Verum
3057 5471 3181 5512 cum
3226 5457 3402 5517 fateor
3429 5477 3524 5518 me
3564 5471 3616 5519 et
3663 5464 3720 5522 il

2133 5537 2349 5593 Patrem
2385 5541 2632 5606 credere,
2663 5549 2718 5598 et
2761 5543 2812 5598 in
2845 5544 3060 5611 Filium,
3097 5545 3244 5604 facta
3281 5549 3714 5623 interpositione,

2133 5646 2240 5686 non
2276 5632 2483 5698 divido,
2517 5634 2659 5702 quod
2694 5636 2854 5704 absit,
2888 5639 3276 5709 Substantiam,
3307 5644 3405 5698 sed
3447 5645 3720 5716 distinguo

451 5714 566 5774 pter
585 5706 723 5801 quod
746 5715 793 5760 et
818 5706 1080 5801 loquimur
1105 5707 1190 5779 (II
1208 5706 1327 5762 Cor.
1353 5723 1428 5774 ιν,
1451 5707 1558 5776 15).
1588 5708 1761 5764 Credo
1787 5709 1840 5764 in
1868 5712 2032 5768 Deum
2129 5736 2408 5793 personas,
2446 5724 2576 5795 quia
2611 5726 2716 5782 alia
2747 5737 2830 5784 cst
2855 5746 3102 5800 persona.
3117 5706 3316 5801 Pan-is,
3349 5745 3406 5792 et
3438 5737 3544 5794 alia
3568 5706 3713 5794 Filii.

453 5797 896 5867 omnipotentem,
927 5799 1453 5875 Deum‘ingenitum,
1491 5803 1581 5872 qui
1620 5812 1781 5885 _ortus
1825 5820 1852 5860 a
1884 5807 2030 5862 nullo

2133 5808 2253 5864 Una
2301 5817 2480 5868 tamen
2516 5824 2599 5870 est
2633 5825 2794 5886 atque
2839 5819 3149 5878 indidemns
3189 5825 3483 5886 nemilites
3517 5828 3713 5882 mentis
