  <div class='ocr_page' id='page_1' title='image "/cluster/home/n/w/nwhite01/storage/ocr_20150623/101/hvd.32044004824769/540.png"; bbox 0 0 4038 6354; ppageno 0'>
   <div class='ocr_carea' id='block_1_1' title="bbox 232 404 376 481">
    <p class='ocr_par' dir='ltr' id='par_1_1' title="bbox 232 404 376 481">
     <span class='ocr_line' id='line_1_1' title="bbox 232 404 376 481; baseline -0.049 0"><span class='ocrx_word' id='word_1_1' title='bbox 232 404 376 481; x_wconf 73' lang='grc'><strong>1069</strong></span> 
     </span>
    </p>
   </div>
   <div class='ocr_carea' id='block_1_2' title="bbox 908 370 2815 464">
    <p class='ocr_par' dir='ltr' id='par_1_2' title="bbox 908 370 2815 464">
     <span class='ocr_line' id='line_1_2' title="bbox 908 370 2815 464; baseline -0.014 0"><span class='ocrx_word' id='word_1_2' title='bbox 908 404 1058 464; x_wconf 84' lang='grc' dir='ltr'><strong>ΟΡΡ.</strong></span> <span class='ocrx_word' id='word_1_3' title='bbox 1100 401 1330 463; x_wconf 82' lang='lat' dir='ltr'><strong>DUBIA.</strong></span> <span class='ocrx_word' id='word_1_4' title='bbox 1370 430 1442 443; x_wconf 92' lang='lat'><strong>--</strong></span> <span class='ocrx_word' id='word_1_5' title='bbox 1477 393 1704 455; x_wconf 74' lang='lat' dir='ltr'><strong>ALBlNl</strong></span> <span class='ocrx_word' id='word_1_6' title='bbox 1744 386 2124 449; x_wconf 75' lang='lat' dir='ltr'><strong>CONFESSlO</strong></span> <span class='ocrx_word' id='word_1_7' title='bbox 2166 370 2695 444; x_wconf 41' lang='lat' dir='ltr'><strong>FlDEl.m-;-&#39;PARS</strong></span> <span class='ocrx_word' id='word_1_8' title='bbox 2730 380 2815 439; x_wconf 84' lang='lat' dir='ltr'><strong>Ill.</strong></span> 
     </span>
    </p>
   </div>
   <div class='ocr_carea' id='block_1_3' title="bbox 3349 377 3493 437">
    <p class='ocr_par' dir='ltr' id='par_1_3' title="bbox 3349 377 3493 437">
     <span class='ocr_line' id='line_1_3' title="bbox 3349 377 3493 437; baseline 0.014 -2"><span class='ocrx_word' id='word_1_9' title='bbox 3349 377 3493 437; x_wconf 72' lang='grc'>1070</span> 
     </span>
    </p>
   </div>
   <div class='ocr_carea' id='block_1_4' title="bbox 231 479 3489 599">
    <p class='ocr_par' dir='ltr' id='par_1_4' title="bbox 231 479 3489 599">
     <span class='ocr_line' id='line_1_4' title="bbox 231 479 3489 599; baseline 0 -44"><span class='ocrx_word' id='word_1_10' title='bbox 231 548 391 599; x_wconf 50' lang='lat' dir='ltr'><strong>meae,</strong></span> <span class='ocrx_word' id='word_1_11' title='bbox 430 527 557 585; x_wconf 59' lang='lat' dir='ltr'><strong>licet</strong></span> <span class='ocrx_word' id='word_1_12' title='bbox 592 521 886 596; x_wconf 59' lang='lat' dir='ltr'><strong>separatim</strong></span> <span class='ocrx_word' id='word_1_13' title='bbox 920 500 1116 587; x_wconf 54' lang='lat' dir='ltr'><strong>dicam,</strong></span> <span class='ocrx_word' id='word_1_14' title='bbox 1161 518 1323 576; x_wconf 64' lang='lat' dir='ltr'><strong>credo</strong></span> <span class='ocrx_word' id='word_1_15' title='bbox 1358 522 1412 572; x_wconf 70' lang='grc' dir='ltr'><strong>οι</strong></span> <span class='ocrx_word' id='word_1_16' title='bbox 1454 514 1647 578; x_wconf 68' lang='lat' dir='ltr'><strong>credo;</strong></span> <span class='ocrx_word' id='word_1_17' title='bbox 1687 508 1813 581; x_wconf 81' lang='lat' dir='ltr'><strong>quia</strong></span> <span class='ocrx_word' id='word_1_18' title='bbox 1840 512 1889 571; x_wconf 71' lang='grc' dir='ltr'><strong>Α</strong></span> <span class='ocrx_word' id='word_1_19' title='bbox 1915 514 1971 561; x_wconf 89' lang='lat' dir='ltr'><strong>et</strong></span> <span class='ocrx_word' id='word_1_20' title='bbox 1998 504 2227 575; x_wconf 76' lang='lat' dir='ltr'><strong>Spiritus</strong></span> <span class='ocrx_word' id='word_1_21' title='bbox 2263 509 2484 558; x_wconf 82' lang='lat' dir='ltr'><strong>sanctus</strong></span> <span class='ocrx_word' id='word_1_22' title='bbox 2518 479 2780 570; x_wconf 78' lang='lat' dir='ltr'><strong>sapientia</strong></span> <span class='ocrx_word' id='word_1_23' title='bbox 2805 504 2860 553; x_wconf 89' lang='lat' dir='ltr'><strong>et</strong></span> <span class='ocrx_word' id='word_1_24' title='bbox 2880 496 3116 554; x_wconf 83' lang='lat' dir='ltr'><strong>cbaritas</strong></span> <span class='ocrx_word' id='word_1_25' title='bbox 3137 497 3489 570; x_wconf 73' lang='lat' dir='ltr'><strong>dicipoesint.</strong></span> 
     </span>
    </p>
   </div>
   <div class='ocr_carea' id='block_1_5' title="bbox 231 606 1810 689">
    <p class='ocr_par' dir='ltr' id='par_1_5' title="bbox 231 606 1810 689">
     <span class='ocr_line' id='line_1_5' title="bbox 231 606 1810 689; baseline -0.016 -4"><span class='ocrx_word' id='word_1_26' title='bbox 231 628 465 687; x_wconf 87' lang='lat' dir='ltr'><strong>indivisa</strong></span> <span class='ocrx_word' id='word_1_27' title='bbox 517 628 572 679; x_wconf 89' lang='lat' dir='ltr'><strong>et</strong></span> <span class='ocrx_word' id='word_1_28' title='bbox 626 615 1001 689; x_wconf 78' lang='lat' dir='ltr'><strong>inseparabilis</strong></span> <span class='ocrx_word' id='word_1_29' title='bbox 1044 624 1127 670; x_wconf 89' lang='lat' dir='ltr'><strong>est</strong></span> <span class='ocrx_word' id='word_1_30' title='bbox 1163 614 1343 669; x_wconf 89' lang='lat' dir='ltr'><strong>Patris</strong></span> <span class='ocrx_word' id='word_1_31' title='bbox 1380 609 1573 665; x_wconf 85' lang='lat' dir='ltr'><strong>etFilii</strong></span> <span class='ocrx_word' id='word_1_32' title='bbox 1603 606 1810 662; x_wconf 79' lang='lat' dir='ltr'><strong>Deitas.</strong></span> 
     </span>
    </p>
   </div>
   <div class='ocr_carea' id='block_1_6' title="bbox 231 705 1814 787">
    <p class='ocr_par' dir='ltr' id='par_1_6' title="bbox 231 705 1814 787">
     <span class='ocr_line' id='line_1_6' title="bbox 231 705 1814 787; baseline -0.018 -8"><span class='ocrx_word' id='word_1_33' title='bbox 231 720 442 779; x_wconf 86' lang='lat' dir='ltr'><strong>Idcirco</strong></span> <span class='ocrx_word' id='word_1_34' title='bbox 481 713 730 787; x_wconf 83' lang='lat' dir='ltr'><strong>quamvis</strong></span> <span class='ocrx_word' id='word_1_35' title='bbox 767 710 911 765; x_wconf 87' lang='lat' dir='ltr'><strong>solus</strong></span> <span class='ocrx_word' id='word_1_36' title='bbox 946 708 1013 762; x_wconf 97' lang='lat' dir='ltr'><strong>sit</strong></span> <span class='ocrx_word' id='word_1_37' title='bbox 1048 707 1246 761; x_wconf 89' lang='lat' dir='ltr'><strong>missus</strong></span> <span class='ocrx_word' id='word_1_38' title='bbox 1278 705 1549 765; x_wconf 80' lang='lat' dir='ltr'><strong>Christus,</strong></span> <span class='ocrx_word' id='word_1_39' title='bbox 1587 716 1694 755; x_wconf 91' lang='lat' dir='ltr'><strong>non</strong></span> <span class='ocrx_word' id='word_1_40' title='bbox 1730 706 1814 753; x_wconf 86' lang='lat' dir='ltr'><strong>ta-</strong></span> 
     </span>
    </p>
   </div>
   <div class='ocr_carea' id='block_1_7' title="bbox 234 789 1821 873">
    <p class='ocr_par' dir='ltr' id='par_1_7' title="bbox 234 789 1821 873">
     <span class='ocr_line' id='line_1_7' title="bbox 234 789 1821 873; baseline -0.017 -4"><span class='ocrx_word' id='word_1_41' title='bbox 234 818 360 869; x_wconf 84' lang='lat' dir='ltr'><strong>men</strong></span> <span class='ocrx_word' id='word_1_42' title='bbox 393 806 538 864; x_wconf 90' lang='lat' dir='ltr'><strong>solus</strong></span> <span class='ocrx_word' id='word_1_43' title='bbox 566 810 819 873; x_wconf 77' lang='lat' dir='ltr'><strong>operatus</strong></span> <span class='ocrx_word' id='word_1_44' title='bbox 845 806 928 853; x_wconf 88' lang='lat' dir='ltr'><strong>est</strong></span> <span class='ocrx_word' id='word_1_45' title='bbox 962 796 1147 853; x_wconf 88' lang='lat' dir='ltr'><strong>mundi</strong></span> <span class='ocrx_word' id='word_1_46' title='bbox 1176 795 1425 851; x_wconf 79' lang='lat' dir='ltr'><strong>salutem.</strong></span> <span class='ocrx_word' id='word_1_47' title='bbox 1463 792 1646 847; x_wconf 83' lang='lat' dir='ltr'><strong>Missio</strong></span> <span class='ocrx_word' id='word_1_48' title='bbox 1672 789 1821 844; x_wconf 84' lang='lat' dir='ltr'><strong>enim</strong></span> 
     </span>
    </p>
   </div>
   <div class='ocr_carea' id='block_1_8' title="bbox 234 883 1818 974">
    <p class='ocr_par' dir='ltr' id='par_1_8' title="bbox 234 883 1818 974">
     <span class='ocr_line' id='line_1_8' title="bbox 234 883 1818 974; baseline -0.017 -14"><span class='ocrx_word' id='word_1_49' title='bbox 234 894 352 974; x_wconf 72' lang='lat' dir='ltr'><strong>eius</strong></span> <span class='ocrx_word' id='word_1_50' title='bbox 384 906 466 955; x_wconf 74' lang='grc' dir='ltr'>εει</span> <span class='ocrx_word' id='word_1_51' title='bbox 499 893 832 969; x_wconf 89' lang='lat' dir='ltr'><strong>personalis,</strong></span> <span class='ocrx_word' id='word_1_52' title='bbox 866 888 1109 960; x_wconf 77' lang='lat' dir='ltr'><strong>operatio</strong></span> <span class='ocrx_word' id='word_1_53' title='bbox 1144 902 1275 942; x_wconf 87' lang='lat' dir='ltr'><strong>vero</strong></span> <span class='ocrx_word' id='word_1_54' title='bbox 1312 883 1683 941; x_wconf 76' lang='lat' dir='ltr'><strong>substantialis</strong></span> <span class='ocrx_word' id='word_1_55' title='bbox 1718 899 1730 933; x_wconf 91' lang='lat'><strong>:</strong></span> <span class='ocrx_word' id='word_1_56' title='bbox 1763 884 1818 933; x_wconf 87' lang='lat' dir='ltr'><strong>et</strong></span> 
     </span>
    </p>
   </div>
   <div class='ocr_carea' id='block_1_9' title="bbox 234 975 1821 1062">
    <p class='ocr_par' dir='ltr' id='par_1_9' title="bbox 234 975 1821 1062">
     <span class='ocr_line' id='line_1_9' title="bbox 234 975 1821 1062; baseline -0.018 -10"><span class='ocrx_word' id='word_1_57' title='bbox 234 990 377 1052; x_wconf 86' lang='lat' dir='ltr'><strong>sicut</strong></span> <span class='ocrx_word' id='word_1_58' title='bbox 392 992 503 1062; x_wconf 86' lang='lat' dir='ltr'><strong>jam</strong></span> <span class='ocrx_word' id='word_1_59' title='bbox 537 988 697 1058; x_wconf 74' lang='lat' dir='ltr'><strong>Supra</strong></span> <span class='ocrx_word' id='word_1_60' title='bbox 723 984 924 1059; x_wconf 89' lang='lat' dir='ltr'><strong>dictum</strong></span> <span class='ocrx_word' id='word_1_61' title='bbox 958 988 1062 1046; x_wconf 91' lang='lat' dir='ltr'><strong>est,</strong></span> <span class='ocrx_word' id='word_1_62' title='bbox 1085 978 1227 1049; x_wconf 87' lang='lat' dir='ltr'><strong>quod</strong></span> <span class='ocrx_word' id='word_1_63' title='bbox 1258 975 1541 1049; x_wconf 85' lang='lat' dir='ltr'><strong>personale</strong></span> <span class='ocrx_word' id='word_1_64' title='bbox 1570 980 1673 1037; x_wconf 90' lang='lat' dir='ltr'><strong>est,</strong></span> <span class='ocrx_word' id='word_1_65' title='bbox 1709 980 1821 1025; x_wconf 78' lang='lat' dir='ltr'><strong>nou</strong></span> 
     </span>
    </p>
   </div>
   <div class='ocr_carea' id='block_1_10' title="bbox 235 1064 1817 1149">
    <p class='ocr_par' dir='ltr' id='par_1_10' title="bbox 235 1064 1817 1149">
     <span class='ocr_line' id='line_1_10' title="bbox 235 1064 1817 1149; baseline -0.017 -3"><span class='ocrx_word' id='word_1_66' title='bbox 235 1086 602 1148; x_wconf 79' lang='lat' dir='ltr'><strong>communicat</strong></span> <span class='ocrx_word' id='word_1_67' title='bbox 635 1080 786 1135; x_wconf 82' lang='lat' dir='ltr'><strong>alteri</strong></span> <span class='ocrx_word' id='word_1_68' title='bbox 817 1092 1092 1149; x_wconf 82' lang='lat' dir='ltr'><strong>personae;</strong></span> <span class='ocrx_word' id='word_1_69' title='bbox 1133 1072 1275 1145; x_wconf 85' lang='lat' dir='ltr'><strong>quod</strong></span> <span class='ocrx_word' id='word_1_70' title='bbox 1303 1076 1432 1126; x_wconf 82' lang='lat' dir='ltr'><strong>vero</strong></span> <span class='ocrx_word' id='word_1_71' title='bbox 1467 1064 1817 1125; x_wconf 85' lang='lat' dir='ltr'><strong>substantiale</strong></span> 
     </span>
    </p>
   </div>
   <div class='ocr_carea' id='block_1_11' title="bbox 232 1156 1812 1246">
    <p class='ocr_par' dir='ltr' id='par_1_11' title="bbox 232 1156 1812 1246">
     <span class='ocr_line' id='line_1_11' title="bbox 232 1156 1812 1246; baseline -0.02 -7"><span class='ocrx_word' id='word_1_72' title='bbox 232 1191 350 1246; x_wconf 81' lang='lat' dir='ltr'><strong>est,</strong></span> <span class='ocrx_word' id='word_1_73' title='bbox 402 1172 713 1233; x_wconf 82' lang='lat' dir='ltr'><strong>indiﬁ&#39;erens</strong></span> <span class='ocrx_word' id='word_1_74' title='bbox 757 1167 811 1224; x_wconf 80' lang='lat' dir='ltr'><strong>et</strong></span> <span class='ocrx_word' id='word_1_75' title='bbox 851 1172 1138 1223; x_wconf 89' lang='lat' dir='ltr'><strong>commune</strong></span> <span class='ocrx_word' id='word_1_76' title='bbox 1181 1171 1265 1220; x_wconf 90' lang='lat' dir='ltr'><strong>est</strong></span> <span class='ocrx_word' id='word_1_77' title='bbox 1310 1162 1473 1217; x_wconf 86' lang='lat' dir='ltr'><strong>totius</strong></span> <span class='ocrx_word' id='word_1_78' title='bbox 1515 1156 1812 1213; x_wconf 83' lang='lat' dir='ltr'><strong>Trinitatis.</strong></span> 
     </span>
    </p>
   </div>
   <div class='ocr_carea' id='block_1_12' title="bbox 237 1253 1817 1331">
    <p class='ocr_par' dir='ltr' id='par_1_12' title="bbox 237 1253 1817 1331">
     <span class='ocr_line' id='line_1_12' title="bbox 237 1253 1817 1331; baseline -0.018 0"><span class='ocrx_word' id='word_1_79' title='bbox 237 1274 355 1331; x_wconf 79' lang='lat' dir='ltr'><strong>Hoc</strong></span> <span class='ocrx_word' id='word_1_80' title='bbox 395 1278 576 1326; x_wconf 85' lang='lat' dir='ltr'><strong>autem</strong></span> <span class='ocrx_word' id='word_1_81' title='bbox 621 1261 959 1327; x_wconf 81' lang='lat' dir='ltr'><strong>vocabulum,</strong></span> <span class='ocrx_word' id='word_1_82' title='bbox 1005 1259 1147 1331; x_wconf 89' lang='lat' dir='ltr'><strong>quod</strong></span> <span class='ocrx_word' id='word_1_83' title='bbox 1173 1256 1419 1313; x_wconf 90' lang='lat' dir='ltr'><strong>Christus</strong></span> <span class='ocrx_word' id='word_1_84' title='bbox 1458 1253 1671 1317; x_wconf 88' lang='lat' dir='ltr'><strong>dicitur,</strong></span> <span class='ocrx_word' id='word_1_85' title='bbox 1710 1262 1817 1303; x_wconf 90' lang='lat' dir='ltr'><strong>non</strong></span> 
     </span>
    </p>
   </div>
   <div class='ocr_carea' id='block_1_13' title="bbox 235 1339 1821 1423">
    <p class='ocr_par' dir='ltr' id='par_1_13' title="bbox 235 1339 1821 1423">
     <span class='ocr_line' id='line_1_13' title="bbox 235 1339 1821 1423; baseline -0.018 -1"><span class='ocrx_word' id='word_1_86' title='bbox 235 1366 469 1423; x_wconf 84' lang='lat' dir='ltr'><strong>habetur</strong></span> <span class='ocrx_word' id='word_1_87' title='bbox 502 1371 784 1416; x_wconf 89' lang='lat' dir='ltr'><strong>commune</strong></span> <span class='ocrx_word' id='word_1_88' title='bbox 820 1369 942 1409; x_wconf 92' lang='lat' dir='ltr'><strong>cum</strong></span> <span class='ocrx_word' id='word_1_89' title='bbox 972 1348 1133 1406; x_wconf 82' lang='lat' dir='ltr'><strong>Patre</strong></span> <span class='ocrx_word' id='word_1_90' title='bbox 1164 1346 1217 1402; x_wconf 88' lang='lat' dir='ltr'><strong>et</strong></span> <span class='ocrx_word' id='word_1_91' title='bbox 1249 1348 1449 1418; x_wconf 84' lang='lat' dir='ltr'><strong>Spiritu</strong></span> <span class='ocrx_word' id='word_1_92' title='bbox 1485 1342 1690 1408; x_wconf 87' lang='lat' dir='ltr'><strong>sancto,</strong></span> <span class='ocrx_word' id='word_1_93' title='bbox 1724 1339 1821 1395; x_wconf 83' lang='lat' dir='ltr'><strong>sed</strong></span> 
     </span>
    </p>
   </div>
   <div class='ocr_carea' id='block_1_14' title="bbox 237 1436 1813 1522">
    <p class='ocr_par' dir='ltr' id='par_1_14' title="bbox 237 1436 1813 1522">
     <span class='ocr_line' id='line_1_14' title="bbox 237 1436 1813 1522; baseline -0.017 -10"><span class='ocrx_word' id='word_1_94' title='bbox 237 1457 407 1513; x_wconf 87' lang='lat' dir='ltr'><strong>solius</strong></span> <span class='ocrx_word' id='word_1_95' title='bbox 433 1463 517 1509; x_wconf 87' lang='lat' dir='ltr'><strong>est</strong></span> <span class='ocrx_word' id='word_1_96' title='bbox 539 1444 771 1522; x_wconf 85' lang='lat' dir='ltr'><strong>speciale</strong></span> <span class='ocrx_word' id='word_1_97' title='bbox 798 1450 920 1500; x_wconf 90' lang='lat' dir='ltr'><strong>cum</strong></span> <span class='ocrx_word' id='word_1_98' title='bbox 942 1441 1099 1506; x_wconf 84' lang='lat' dir='ltr'><strong>Filio,</strong></span> <span class='ocrx_word' id='word_1_99' title='bbox 1124 1441 1303 1494; x_wconf 85' lang='lat' dir='ltr'><strong>ethoc</strong></span> <span class='ocrx_word' id='word_1_100' title='bbox 1333 1440 1552 1507; x_wconf 82' lang='lat' dir='ltr'><strong>pr0pter</strong></span> <span class='ocrx_word' id='word_1_101' title='bbox 1576 1436 1813 1490; x_wconf 81' lang='lat' dir='ltr'><strong>carnem.</strong></span> 
     </span>
    </p>
   </div>
   <div class='ocr_carea' id='block_1_15' title="bbox 239 1532 1816 1608">
    <p class='ocr_par' dir='ltr' id='par_1_15' title="bbox 239 1532 1816 1608">
     <span class='ocr_line' id='line_1_15' title="bbox 239 1532 1816 1608; baseline -0.018 -3"><span class='ocrx_word' id='word_1_102' title='bbox 239 1548 448 1606; x_wconf 88' lang='lat' dir='ltr'><strong>Unctus</strong></span> <span class='ocrx_word' id='word_1_103' title='bbox 482 1544 627 1600; x_wconf 90' lang='lat' dir='ltr'><strong>enim</strong></span> <span class='ocrx_word' id='word_1_104' title='bbox 667 1536 1069 1608; x_wconf 81' lang='lat' dir='ltr'><strong>interpretatur,</strong></span> <span class='ocrx_word' id='word_1_105' title='bbox 1109 1532 1209 1588; x_wconf 75' lang='lat' dir='ltr'><strong>Sed</strong></span> <span class='ocrx_word' id='word_1_106' title='bbox 1238 1532 1291 1584; x_wconf 91' lang='lat' dir='ltr'><strong>in</strong></span> <span class='ocrx_word' id='word_1_107' title='bbox 1322 1534 1597 1597; x_wconf 83' lang='lat' dir='ltr'><strong>assumpta</strong></span> <span class='ocrx_word' id='word_1_108' title='bbox 1633 1532 1816 1587; x_wconf 84' lang='lat' dir='ltr'><strong>carne,</strong></span> 
     </span>
    </p>
   </div>
   <div class='ocr_carea' id='block_1_16' title="bbox 237 1614 1823 1696">
    <p class='ocr_par' dir='ltr' id='par_1_16' title="bbox 237 1614 1823 1696">
     <span class='ocr_line' id='line_1_16' title="bbox 237 1614 1823 1696; baseline -0.018 0"><span class='ocrx_word' id='word_1_109' title='bbox 237 1654 351 1696; x_wconf 82' lang='lat' dir='ltr'><strong>non</strong></span> <span class='ocrx_word' id='word_1_110' title='bbox 382 1639 435 1693; x_wconf 92' lang='lat' dir='ltr'><strong>in</strong></span> <span class='ocrx_word' id='word_1_111' title='bbox 463 1629 786 1691; x_wconf 90' lang='lat' dir='ltr'><strong>assumentis</strong></span> <span class='ocrx_word' id='word_1_112' title='bbox 809 1622 977 1683; x_wconf 73' lang='lat' dir='ltr'><strong>Verbi</strong></span> <span class='ocrx_word' id='word_1_113' title='bbox 1000 1620 1297 1679; x_wconf 68' lang='lat' dir='ltr'><strong>divinitate.</strong></span> <span class='ocrx_word' id='word_1_114' title='bbox 1347 1617 1458 1673; x_wconf 86' lang='lat' dir='ltr'><strong>Sed</strong></span> <span class='ocrx_word' id='word_1_115' title='bbox 1490 1621 1675 1671; x_wconf 74' lang='lat' dir='ltr'><strong>tamen</strong></span> <span class='ocrx_word' id='word_1_116' title='bbox 1696 1614 1823 1685; x_wconf 77' lang='lat' dir='ltr'><strong>quia</strong></span> 
     </span>
    </p>
   </div>
   <div class='ocr_carea' id='block_1_17' title="bbox 238 1709 1826 1791">
    <p class='ocr_par' dir='ltr' id='par_1_17' title="bbox 238 1709 1826 1791">
     <span class='ocr_line' id='line_1_17' title="bbox 238 1709 1826 1791; baseline -0.019 -1"><span class='ocrx_word' id='word_1_117' title='bbox 238 1733 425 1790; x_wconf 87' lang='lat' dir='ltr'><strong>carnis</strong></span> <span class='ocrx_word' id='word_1_118' title='bbox 460 1738 514 1787; x_wconf 91' lang='lat' dir='ltr'><strong>et</strong></span> <span class='ocrx_word' id='word_1_119' title='bbox 536 1720 698 1786; x_wconf 73' lang='lat' dir='ltr'><strong>Verbi</strong></span> <span class='ocrx_word' id='word_1_120' title='bbox 729 1740 834 1780; x_wconf 90' lang='lat' dir='ltr'><strong>una</strong></span> <span class='ocrx_word' id='word_1_121' title='bbox 867 1728 949 1776; x_wconf 88' lang='lat' dir='ltr'><strong>est</strong></span> <span class='ocrx_word' id='word_1_122' title='bbox 969 1733 1223 1791; x_wconf 88' lang='lat' dir='ltr'><strong>persona,</strong></span> <span class='ocrx_word' id='word_1_123' title='bbox 1253 1712 1501 1772; x_wconf 84' lang='lat' dir='ltr'><strong>Christus</strong></span> <span class='ocrx_word' id='word_1_124' title='bbox 1537 1710 1621 1766; x_wconf 87' lang='lat' dir='ltr'><strong>est</strong></span> <span class='ocrx_word' id='word_1_125' title='bbox 1654 1709 1826 1764; x_wconf 82' lang='lat' dir='ltr'><strong>etiam</strong></span> 
     </span>
    </p>
   </div>
   <div class='ocr_carea' id='block_1_18' title="bbox 236 1795 1827 1879">
    <p class='ocr_par' dir='ltr' id='par_1_18' title="bbox 236 1795 1827 1879">
     <span class='ocr_line' id='line_1_18' title="bbox 236 1795 1827 1879; baseline -0.019 0"><span class='ocrx_word' id='word_1_126' title='bbox 236 1821 540 1879; x_wconf 84' lang='lat' dir='ltr'><strong>secundum</strong></span> <span class='ocrx_word' id='word_1_127' title='bbox 562 1830 799 1879; x_wconf 90' lang='lat' dir='ltr'><strong>carnem,</strong></span> <span class='ocrx_word' id='word_1_128' title='bbox 816 1811 1065 1867; x_wconf 87' lang='lat' dir='ltr'><strong>Christus</strong></span> <span class='ocrx_word' id='word_1_129' title='bbox 1081 1806 1373 1863; x_wconf 86' lang='lat' dir='ltr'><strong>secundum</strong></span> <span class='ocrx_word' id='word_1_130' title='bbox 1396 1802 1653 1863; x_wconf 77' lang='lat' dir='ltr'><strong>animam,</strong></span> <span class='ocrx_word' id='word_1_131' title='bbox 1669 1795 1827 1852; x_wconf 58' lang='lat' dir='ltr'><strong>Chri:</strong></span> 
     </span>
    </p>
   </div>
   <div class='ocr_carea' id='block_1_19' title="bbox 232 1890 1825 1973">
    <p class='ocr_par' dir='ltr' id='par_1_19' title="bbox 232 1890 1825 1973">
     <span class='ocr_line' id='line_1_19' title="bbox 232 1890 1825 1973; baseline -0.019 0"><span class='ocrx_word' id='word_1_132' title='bbox 232 1923 360 1973; x_wconf 80' lang='lat' dir='ltr'><strong>stus</strong></span> <span class='ocrx_word' id='word_1_133' title='bbox 381 1904 671 1968; x_wconf 88' lang='lat' dir='ltr'><strong>secundum</strong></span> <span class='ocrx_word' id='word_1_134' title='bbox 704 1902 1061 1961; x_wconf 82' lang='lat' dir='ltr'><strong>divinitatem.</strong></span> <span class='ocrx_word' id='word_1_135' title='bbox 1101 1899 1256 1954; x_wconf 87' lang='lat' dir='ltr'><strong>Sicut</strong></span> <span class='ocrx_word' id='word_1_136' title='bbox 1295 1896 1524 1951; x_wconf 88' lang='lat' dir='ltr'><strong>dicimus</strong></span> <span class='ocrx_word' id='word_1_137' title='bbox 1550 1890 1825 1947; x_wconf 79' lang='lat' dir='ltr'><strong>Christum</strong></span> 
     </span>
    </p>
   </div>
   <div class='ocr_carea' id='block_1_20' title="bbox 235 1980 1824 2062">
    <p class='ocr_par' dir='ltr' id='par_1_20' title="bbox 235 1980 1824 2062">
     <span class='ocr_line' id='line_1_20' title="bbox 235 1980 1824 2062; baseline -0.019 0"><span class='ocrx_word' id='word_1_138' title='bbox 235 2003 588 2062; x_wconf 88' lang='lat' dir='ltr'><strong>descendisse</strong></span> <span class='ocrx_word' id='word_1_139' title='bbox 619 1988 687 2055; x_wconf 85' lang='lat' dir='ltr'><strong>ad</strong></span> <span class='ocrx_word' id='word_1_140' title='bbox 712 1995 932 2060; x_wconf 80' lang='lat' dir='ltr'><strong>inferos,</strong></span> <span class='ocrx_word' id='word_1_141' title='bbox 965 1992 1235 2048; x_wconf 87' lang='lat' dir='ltr'><strong>Christum</strong></span> <span class='ocrx_word' id='word_1_142' title='bbox 1278 1986 1515 2057; x_wconf 77' lang='lat' dir='ltr'><strong>iacuisse</strong></span> <span class='ocrx_word' id='word_1_143' title='bbox 1561 1985 1619 2038; x_wconf 79' lang='lat' dir='ltr'><strong>in’</strong></span> <span class='ocrx_word' id='word_1_144' title='bbox 1642 1980 1824 2053; x_wconf 51' lang='lat' dir='ltr'><strong>sepui;</strong></span> 
     </span>
    </p>
   </div>
   <div class='ocr_carea' id='block_1_21' title="bbox 237 2076 1827 2163">
    <p class='ocr_par' dir='ltr' id='par_1_21' title="bbox 237 2076 1827 2163">
     <span class='ocr_line' id='line_1_21' title="bbox 237 2076 1827 2163; baseline -0.017 -9"><span class='ocrx_word' id='word_1_145' title='bbox 237 2082 368 2154; x_wconf 80' lang='lat' dir='ltr'><strong>cro:</strong></span> <span class='ocrx_word' id='word_1_146' title='bbox 396 2102 453 2150; x_wconf 86' lang='lat' dir='ltr'><strong>et</strong></span> <span class='ocrx_word' id='word_1_147' title='bbox 477 2084 554 2149; x_wconf 85' lang='lat' dir='ltr'><strong>ait</strong></span> <span class='ocrx_word' id='word_1_148' title='bbox 575 2082 864 2163; x_wconf 73' lang='lat' dir='ltr'><strong>Apostolus</strong></span> <span class='ocrx_word' id='word_1_149' title='bbox 897 2088 913 2140; x_wconf 65' lang='grc' dir='ltr'><strong>ξ</strong></span> <span class='ocrx_word' id='word_1_150' title='bbox 942 2078 1065 2141; x_wconf 83' lang='lat' dir='ltr'><strong>Non</strong></span> <span class='ocrx_word' id='word_1_151' title='bbox 1091 2082 1345 2137; x_wconf 66' lang='lat' dir='ltr'><strong>tentantur</strong></span> <span class='ocrx_word' id='word_1_152' title='bbox 1366 2078 1657 2163; x_wconf 62' lang='lat' dir='ltr'><strong>Christum,</strong></span> <span class='ocrx_word' id='word_1_153' title='bbox 1691 2076 1827 2129; x_wconf 71' lang='lat' dir='ltr'><strong>sicut</strong></span> 
     </span>
    </p>
   </div>
   <div class='ocr_carea' id='block_1_22' title="bbox 238 2156 1831 2261">
    <p class='ocr_par' dir='ltr' id='par_1_22' title="bbox 238 2156 1831 2261">
     <span class='ocr_line' id='line_1_22' title="bbox 238 2156 1831 2261; baseline -0.015 -19"><span class='ocrx_word' id='word_1_154' title='bbox 238 2185 459 2261; x_wconf 75' lang='lat' dir='ltr'><strong>quidam</strong></span> <span class='ocrx_word' id='word_1_155' title='bbox 490 2156 672 2237; x_wconf 61' lang='lat' dir='ltr'><strong>eorum</strong></span> <span class='ocrx_word' id='word_1_156' title='bbox 708 2168 762 2251; x_wconf 83' lang='grc' dir='ltr'><strong>(Ῑ</strong></span> <span class='ocrx_word' id='word_1_157' title='bbox 788 2176 910 2232; x_wconf 91' lang='lat' dir='ltr'><strong>Cor.</strong></span> <span class='ocrx_word' id='word_1_158' title='bbox 936 2180 992 2240; x_wconf 78' lang='lat' dir='ltr'><strong>x,</strong></span> <span class='ocrx_word' id='word_1_159' title='bbox 1023 2170 1131 2246; x_wconf 64' lang='lat'><strong>{97.</strong></span> <span class='ocrx_word' id='word_1_160' title='bbox 1197 2169 1424 2238; x_wconf 82' lang='lat' dir='ltr'><strong>Q&#39;ua‘ndo</strong></span> <span class='ocrx_word' id='word_1_161' title='bbox 1466 2176 1566 2238; x_wconf 82' lang='lat' dir='ltr'><strong>per</strong></span> <span class='ocrx_word' id='word_1_162' title='bbox 1587 2156 1831 2261; x_wconf 48' lang='lat' dir='ltr'><strong>Eloysen&#39;</strong></span> 
     </span>
    </p>
   </div>
   <div class='ocr_carea' id='block_1_23' title="bbox 241 2256 1825 2341">
    <p class='ocr_par' dir='ltr' id='par_1_23' title="bbox 241 2256 1825 2341">
     <span class='ocr_line' id='line_1_23' title="bbox 241 2256 1825 2341; baseline -0.017 -5"><span class='ocrx_word' id='word_1_163' title='bbox 241 2256 425 2336; x_wconf 76' lang='lat' dir='ltr'><strong>educti</strong></span> <span class='ocrx_word' id='word_1_164' title='bbox 475 2279 637 2339; x_wconf 76' lang='lat' dir='ltr'><strong>sunt,</strong></span> <span class='ocrx_word' id='word_1_165' title='bbox 684 2268 791 2341; x_wconf 87' lang='lat' dir='ltr'><strong>quo</strong></span> <span class='ocrx_word' id='word_1_166' title='bbox 836 2268 1083 2338; x_wconf 83' lang='lat' dir='ltr'><strong>tempore</strong></span> <span class='ocrx_word' id='word_1_167' title='bbox 1142 2263 1379 2318; x_wconf 86' lang='lat' dir='ltr'><strong>nondum</strong></span> <span class='ocrx_word' id='word_1_168' title='bbox 1414 2266 1533 2315; x_wconf 86' lang='lat' dir='ltr'><strong>erat</strong></span> <span class='ocrx_word' id='word_1_169' title='bbox 1575 2256 1825 2313; x_wconf 81' lang='lat' dir='ltr'><strong>Christus</strong></span> 
     </span>
    </p>
   </div>
   <div class='ocr_carea' id='block_1_24' title="bbox 240 2347 1822 2431">
    <p class='ocr_par' dir='ltr' id='par_1_24' title="bbox 240 2347 1822 2431">
     <span class='ocr_line' id='line_1_24' title="bbox 240 2347 1822 2431; baseline -0.018 -5"><span class='ocrx_word' id='word_1_170' title='bbox 240 2368 352 2427; x_wconf 87' lang='lat' dir='ltr'><strong>nisi</strong></span> <span class='ocrx_word' id='word_1_171' title='bbox 377 2364 672 2424; x_wconf 88' lang='lat' dir='ltr'><strong>secundum</strong></span> <span class='ocrx_word' id='word_1_172' title='bbox 701 2360 1089 2431; x_wconf 83' lang='lat' dir='ltr'><strong>sempiternam</strong></span> <span class='ocrx_word' id='word_1_173' title='bbox 1123 2354 1411 2409; x_wconf 82' lang='lat' dir='ltr'><strong>Deitatem&#39;.</strong></span> <span class='ocrx_word' id='word_1_174' title='bbox 1446 2362 1466 2401; x_wconf 71' lang='grc' dir='ltr'><strong>ί</strong></span> <span class='ocrx_word' id='word_1_175' title='bbox 1497 2348 1604 2404; x_wconf 82' lang='grc' dir='ltr'>Εοε</span> <span class='ocrx_word' id='word_1_176' title='bbox 1639 2347 1822 2418; x_wconf 79' lang='lat' dir='ltr'><strong>igitur,</strong></span> 
     </span>
    </p>
   </div>
   <div class='ocr_carea' id='block_1_25' title="bbox 240 2444 1827 2533">
    <p class='ocr_par' dir='ltr' id='par_1_25' title="bbox 240 2444 1827 2533">
     <span class='ocr_line' id='line_1_25' title="bbox 240 2444 1827 2533; baseline -0.015 -17"><span class='ocrx_word' id='word_1_177' title='bbox 240 2461 341 2533; x_wconf 90' lang='lat' dir='ltr'><strong>qui</strong></span> <span class='ocrx_word' id='word_1_178' title='bbox 364 2452 566 2521; x_wconf 82' lang='lat' dir='ltr'><strong>dicunt,</strong></span> <span class='ocrx_word' id='word_1_179' title='bbox 599 2460 718 2509; x_wconf 91' lang='lat' dir='ltr'><strong>erat</strong></span> <span class='ocrx_word' id='word_1_180' title='bbox 746 2450 962 2524; x_wconf 85' lang='lat' dir='ltr'><strong>quando</strong></span> <span class='ocrx_word' id='word_1_181' title='bbox 992 2450 1101 2505; x_wconf 84' lang='lat' dir='ltr'><strong>non</strong></span> <span class='ocrx_word' id='word_1_182' title='bbox 1126 2450 1267 2512; x_wconf 85' lang='lat' dir='ltr'><strong>erat,</strong></span> <span class='ocrx_word' id='word_1_183' title='bbox 1298 2453 1354 2501; x_wconf 86' lang='lat' dir='ltr'><strong>et</strong></span> <span class='ocrx_word' id='word_1_184' title='bbox 1376 2444 1695 2515; x_wconf 80' lang='lat' dir='ltr'><strong>priusquam</strong></span> <span class='ocrx_word' id='word_1_185' title='bbox 1723 2450 1827 2494; x_wconf 52' lang='lat' dir='ltr'><strong>nae</strong></span> 
     </span>
    </p>
   </div>
   <div class='ocr_carea' id='block_1_26' title="bbox 242 2529 1834 2612">
    <p class='ocr_par' dir='ltr' id='par_1_26' title="bbox 242 2529 1834 2612">
     <span class='ocr_line' id='line_1_26' title="bbox 242 2529 1834 2612; baseline -0.015 -5"><span class='ocrx_word' id='word_1_186' title='bbox 242 2529 492 2608; x_wconf 67' lang='lat' dir='ltr'><strong>sectetur</strong></span> <span class='ocrx_word' id='word_1_187' title='bbox 542 2562 649 2602; x_wconf 91' lang='lat' dir='ltr'><strong>non</strong></span> <span class='ocrx_word' id='word_1_188' title='bbox 686 2550 804 2599; x_wconf 87' lang='lat' dir='ltr'><strong>erat</strong></span> <span class='ocrx_word' id='word_1_189' title='bbox 831 2561 844 2597; x_wconf 92' lang='lat'>:</span> <span class='ocrx_word' id='word_1_190' title='bbox 870 2544 925 2597; x_wconf 90' lang='lat' dir='ltr'><strong>et</strong></span> <span class='ocrx_word' id='word_1_191' title='bbox 955 2540 1082 2612; x_wconf 87' lang='lat' dir='ltr'><strong>quia</strong></span> <span class='ocrx_word' id='word_1_192' title='bbox 1109 2536 1177 2593; x_wconf 63' lang='lat' dir='ltr'><strong>ei</strong></span> <span class='ocrx_word' id='word_1_193' title='bbox 1207 2535 1371 2591; x_wconf 82' lang='lat' dir='ltr'><strong>nullis</strong></span> <span class='ocrx_word' id='word_1_194' title='bbox 1408 2529 1834 2590; x_wconf 78' lang='lat' dir='ltr'><strong>subsistentibus</strong></span> 
     </span>
    </p>
   </div>
   <div class='ocr_carea' id='block_1_27' title="bbox 244 2620 1833 2705">
    <p class='ocr_par' dir='ltr' id='par_1_27' title="bbox 244 2620 1833 2705">
     <span class='ocr_line' id='line_1_27' title="bbox 244 2620 1833 2705; baseline -0.016 -6"><span class='ocrx_word' id='word_1_195' title='bbox 244 2636 424 2699; x_wconf 79' lang='lat' dir='ltr'><strong>factus</strong></span> <span class='ocrx_word' id='word_1_196' title='bbox 453 2646 557 2705; x_wconf 87' lang='lat' dir='ltr'><strong>est,</strong></span> <span class='ocrx_word' id='word_1_197' title='bbox 584 2634 677 2692; x_wconf 82' lang='lat' dir='ltr'><strong>aut</strong></span> <span class='ocrx_word' id='word_1_198' title='bbox 699 2650 767 2691; x_wconf 84' lang='lat' dir='ltr'><strong>ex</strong></span> <span class='ocrx_word' id='word_1_199' title='bbox 797 2633 902 2688; x_wconf 88' lang='lat' dir='ltr'><strong>alia</strong></span> <span class='ocrx_word' id='word_1_200' title='bbox 936 2628 1240 2687; x_wconf 78' lang='lat' dir='ltr'><strong>substantia</strong></span> <span class='ocrx_word' id='word_1_201' title='bbox 1266 2624 1356 2681; x_wconf 75' lang='lat' dir='ltr'><strong>vel</strong></span> <span class='ocrx_word' id='word_1_202' title='bbox 1384 2623 1615 2681; x_wconf 85' lang='lat' dir='ltr'><strong>essentia</strong></span> <span class='ocrx_word' id='word_1_203' title='bbox 1642 2620 1833 2677; x_wconf 77' lang='lat' dir='ltr'><strong>dicunt</strong></span> 
     </span>
    </p>
   </div>
   <div class='ocr_carea' id='block_1_28' title="bbox 243 2708 1827 2798">
    <p class='ocr_par' dir='ltr' id='par_1_28' title="bbox 243 2708 1827 2798">
     <span class='ocr_line' id='line_1_28' title="bbox 243 2708 1827 2798; baseline -0.017 -8"><span class='ocrx_word' id='word_1_204' title='bbox 243 2748 390 2798; x_wconf 88' lang='lat' dir='ltr'><strong>esse,</strong></span> <span class='ocrx_word' id='word_1_205' title='bbox 418 2738 509 2786; x_wconf 91' lang='lat' dir='ltr'><strong>aut</strong></span> <span class='ocrx_word' id='word_1_206' title='bbox 530 2716 937 2785; x_wconf 81' lang='lat' dir='ltr'><strong>convertibilem</strong></span> <span class='ocrx_word' id='word_1_207' title='bbox 961 2730 1015 2777; x_wconf 90' lang='lat' dir='ltr'><strong>et</strong></span> <span class='ocrx_word' id='word_1_208' title='bbox 1036 2715 1469 2775; x_wconf 76' lang='lat' dir='ltr'><strong>commutabilem</strong></span> <span class='ocrx_word' id='word_1_209' title='bbox 1493 2708 1591 2768; x_wconf 88' lang='lat' dir='ltr'><strong>Dei</strong></span> <span class='ocrx_word' id='word_1_210' title='bbox 1609 2710 1827 2776; x_wconf 82' lang='lat' dir='ltr'><strong>Filium,</strong></span> 
     </span>
    </p>
   </div>
   <div class='ocr_carea' id='block_1_29' title="bbox 245 2808 1828 2891">
    <p class='ocr_par' dir='ltr' id='par_1_29' title="bbox 245 2808 1828 2891">
     <span class='ocr_line' id='line_1_29' title="bbox 245 2808 1828 2891; baseline -0.015 -10"><span class='ocrx_word' id='word_1_211' title='bbox 245 2822 646 2881; x_wconf 86' lang='lat' dir='ltr'><strong>anathematizo</strong></span> <span class='ocrx_word' id='word_1_212' title='bbox 674 2826 731 2875; x_wconf 92' lang='lat' dir='ltr'><strong>et</strong></span> <span class='ocrx_word' id='word_1_213' title='bbox 764 2814 979 2890; x_wconf 81' lang='lat' dir='ltr'><strong>penitus</strong></span> <span class='ocrx_word' id='word_1_214' title='bbox 1013 2817 1229 2885; x_wconf 85' lang='lat' dir='ltr'><strong>respuo.</strong></span> <span class='ocrx_word' id='word_1_215' title='bbox 1262 2808 1378 2891; x_wconf 4' lang='lat' dir='ltr'><strong>pilos</strong></span> <span class='ocrx_word' id='word_1_216' title='bbox 1414 2819 1655 2876; x_wconf 82' lang='lat' dir='ltr'><strong>namque</strong></span> <span class='ocrx_word' id='word_1_217' title='bbox 1694 2814 1828 2859; x_wconf 58' lang='lat' dir='ltr'><strong>cena</strong></span> 
     </span>
    </p>
   </div>
   <div class='ocr_carea' id='block_1_30' title="bbox 247 2898 1841 2990">
    <p class='ocr_par' dir='ltr' id='par_1_30' title="bbox 247 2898 1841 2990">
     <span class='ocr_line' id='line_1_30' title="bbox 247 2898 1841 2990; baseline -0.013 -18"><span class='ocrx_word' id='word_1_218' title='bbox 247 2914 471 2990; x_wconf 85' lang='lat' dir='ltr'><strong>demnat</strong></span> <span class='ocrx_word' id='word_1_219' title='bbox 517 2906 785 2969; x_wconf 81' lang='lat' dir='ltr'><strong>catholica</strong></span> <span class='ocrx_word' id='word_1_220' title='bbox 825 2912 881 2965; x_wconf 81' lang='lat' dir='ltr'><strong>et</strong></span> <span class='ocrx_word' id='word_1_221' title='bbox 918 2902 1209 2977; x_wconf 83' lang='lat' dir='ltr'><strong>apostolica</strong></span> <span class='ocrx_word' id='word_1_222' title='bbox 1242 2898 1502 2965; x_wconf 73' lang='lat' dir='ltr'><strong>Ecclesia,</strong></span> <span class='ocrx_word' id='word_1_223' title='bbox 1550 2908 1585 2952; x_wconf 84' lang='lat' dir='ltr'><strong>a</strong></span> <span class='ocrx_word' id='word_1_224' title='bbox 1617 2910 1714 2952; x_wconf 84' lang='lat' dir='ltr'><strong>sua</strong></span> <span class='ocrx_word' id='word_1_225' title='bbox 1744 2909 1841 2952; x_wconf 58' lang='lat' dir='ltr'><strong>se?</strong></span> 
     </span>
    </p>
   </div>
   <div class='ocr_carea' id='block_1_31' title="bbox 246 3004 851 3081">
    <p class='ocr_par' dir='ltr' id='par_1_31' title="bbox 246 3004 851 3081">
     <span class='ocr_line' id='line_1_31' title="bbox 246 3004 851 3081; baseline -0.017 -17"><span class='ocrx_word' id='word_1_226' title='bbox 246 3022 482 3081; x_wconf 75' lang='lat' dir='ltr'><strong>gregans</strong></span> <span class='ocrx_word' id='word_1_227' title='bbox 523 3004 801 3060; x_wconf 84' lang='lat' dir='ltr'><strong>societate.</strong></span> <span class='ocrx_word' id='word_1_228' title='bbox 832 3020 851 3054; x_wconf 76' lang='grc' dir='ltr'><strong>ι</strong></span> 
     </span>
    </p>
   </div>
   <div class='ocr_carea' id='block_1_32' title="bbox 324 3080 1831 3166">
    <p class='ocr_par' dir='ltr' id='par_1_32' title="bbox 324 3080 1831 3166">
     <span class='ocr_line' id='line_1_32' title="bbox 324 3080 1831 3166; baseline -0.015 -10"><span class='ocrx_word' id='word_1_229' title='bbox 324 3092 486 3156; x_wconf 71' lang='lat' dir='ltr'><strong>XXII.</strong></span> <span class='ocrx_word' id='word_1_230' title='bbox 526 3090 699 3154; x_wconf 88' lang='lat' dir='ltr'><strong>Credo</strong></span> <span class='ocrx_word' id='word_1_231' title='bbox 731 3096 786 3151; x_wconf 91' lang='lat' dir='ltr'><strong>in</strong></span> <span class='ocrx_word' id='word_1_232' title='bbox 817 3090 1077 3166; x_wconf 89' lang='lat' dir='ltr'><strong>Spiritum</strong></span> <span class='ocrx_word' id='word_1_233' title='bbox 1114 3094 1359 3143; x_wconf 90' lang='lat' dir='ltr'><strong>sanctum</strong></span> <span class='ocrx_word' id='word_1_234' title='bbox 1396 3081 1645 3139; x_wconf 75' lang='lat' dir='ltr'><strong>similiter</strong></span> <span class='ocrx_word' id='word_1_235' title='bbox 1679 3086 1741 3136; x_wconf 88' lang='lat' dir='ltr'><strong>ut</strong></span> <span class='ocrx_word' id='word_1_236' title='bbox 1773 3080 1831 3135; x_wconf 82' lang='lat' dir='ltr'><strong>in</strong></span> 
     </span>
    </p>
   </div>
   <div class='ocr_carea' id='block_1_33' title="bbox 253 3173 1913 3293">
    <p class='ocr_par' dir='ltr' id='par_1_33' title="bbox 253 3173 1913 3293">
     <span class='ocr_line' id='line_1_33' title="bbox 253 3173 1913 3293; baseline -0.015 -44"><span class='ocrx_word' id='word_1_237' title='bbox 253 3192 470 3251; x_wconf 86' lang='lat' dir='ltr'><strong>Patrem</strong></span> <span class='ocrx_word' id='word_1_238' title='bbox 498 3198 553 3246; x_wconf 91' lang='lat' dir='ltr'><strong>et</strong></span> <span class='ocrx_word' id='word_1_239' title='bbox 589 3186 813 3254; x_wconf 88' lang='lat' dir='ltr'><strong>Filium,</strong></span> <span class='ocrx_word' id='word_1_240' title='bbox 863 3183 990 3255; x_wconf 90' lang='lat' dir='ltr'><strong>quia</strong></span> <span class='ocrx_word' id='word_1_241' title='bbox 1029 3181 1173 3236; x_wconf 84' lang='lat' dir='ltr'><strong>Deus</strong></span> <span class='ocrx_word' id='word_1_242' title='bbox 1208 3184 1294 3233; x_wconf 89' lang='lat' dir='ltr'><strong>est</strong></span> <span class='ocrx_word' id='word_1_243' title='bbox 1320 3173 1556 3245; x_wconf 88' lang='lat' dir='ltr'><strong>Spiritus</strong></span> <span class='ocrx_word' id='word_1_244' title='bbox 1608 3178 1835 3228; x_wconf 85' lang='lat' dir='ltr'><strong>sanctus</strong></span> <span class='ocrx_word' id='word_1_245' title='bbox 1856 3214 1913 3293; x_wconf 60' lang='grc' dir='ltr'><em>α</em></span> 
     </span>
     <span class='ocr_line' id='line_1_34' title="bbox 362 3268 1831 3293; baseline -0.015 9"><span class='ocrx_word' id='word_1_246' title='bbox 362 3286 396 3293; x_wconf 73' lang='grc'><strong>-</strong></span> <span class='ocrx_word' id='word_1_247' title='bbox 618 3291 623 3293; x_wconf 22' lang='grc' dir='ltr'><em>Α</em></span> <span class='ocrx_word' id='word_1_248' title='bbox 678 3276 774 3293; x_wconf 55' lang='grc' dir='ltr'><strong>η...</strong></span> <span class='ocrx_word' id='word_1_249' title='bbox 904 3274 927 3293; x_wconf 61' lang='grc' dir='ltr'><strong><em>π</em></strong></span> <span class='ocrx_word' id='word_1_250' title='bbox 1018 3272 1195 3293; x_wconf 16' lang='lat' dir='ltr'><strong>ﬁt.“</strong></span> <span class='ocrx_word' id='word_1_251' title='bbox 1250 3270 1407 3293; x_wconf 42' lang='grc' dir='ltr'><strong>Ακηκ</strong></span> <span class='ocrx_word' id='word_1_252' title='bbox 1460 3268 1675 3293; x_wconf 47' lang='grc' dir='ltr'>Μυκη,</span> <span class='ocrx_word' id='word_1_253' title='bbox 1729 3276 1831 3293; x_wconf 48' lang='grc' dir='ltr'><strong>η,</strong></span> 
     </span>
    </p>
   </div>
   <div class='ocr_carea' id='block_1_34' title="bbox 251 3268 1831 3347">
    <p class='ocr_par' dir='ltr' id='par_1_34' title="bbox 251 3268 1831 3347">
     <span class='ocr_line' id='line_1_35' title="bbox 251 3268 1831 3347; baseline -0.017 0"><span class='ocrx_word' id='word_1_254' title='bbox 251 3296 314 3347; x_wconf 84' lang='lat' dir='ltr'><strong>ut</strong></span> <span class='ocrx_word' id='word_1_255' title='bbox 362 3286 521 3343; x_wconf 85' lang='lat' dir='ltr'><strong>Pater</strong></span> <span class='ocrx_word' id='word_1_256' title='bbox 577 3291 632 3338; x_wconf 88' lang='lat' dir='ltr'><strong>et</strong></span> <span class='ocrx_word' id='word_1_257' title='bbox 678 3276 865 3335; x_wconf 83' lang='lat' dir='ltr'><strong>Filius.</strong></span> <span class='ocrx_word' id='word_1_258' title='bbox 904 3274 963 3331; x_wconf 87' lang='lat' dir='ltr'><strong>In</strong></span> <span class='ocrx_word' id='word_1_259' title='bbox 998 3272 1201 3329; x_wconf 90' lang='lat' dir='ltr'><strong>nullum</strong></span> <span class='ocrx_word' id='word_1_260' title='bbox 1247 3270 1412 3325; x_wconf 87' lang='lat' dir='ltr'><strong>alium</strong></span> <span class='ocrx_word' id='word_1_261' title='bbox 1457 3268 1678 3323; x_wconf 83' lang='lat' dir='ltr'><strong>credere</strong></span> <span class='ocrx_word' id='word_1_262' title='bbox 1729 3276 1831 3321; x_wconf 85' lang='lat' dir='ltr'><strong>nos</strong></span> 
     </span>
    </p>
   </div>
   <div class='ocr_carea' id='block_1_35' title="bbox 251 3355 1836 3451">
    <p class='ocr_par' dir='ltr' id='par_1_35' title="bbox 251 3355 1836 3451">
     <span class='ocr_line' id='line_1_36' title="bbox 251 3355 1836 3451; baseline -0.016 -16"><span class='ocrx_word' id='word_1_263' title='bbox 251 3384 488 3451; x_wconf 84' lang='lat' dir='ltr'><strong>oportet,</strong></span> <span class='ocrx_word' id='word_1_264' title='bbox 521 3374 625 3429; x_wconf 89' lang='lat' dir='ltr'><strong>nisi</strong></span> <span class='ocrx_word' id='word_1_265' title='bbox 658 3372 713 3427; x_wconf 90' lang='lat' dir='ltr'><strong>in</strong></span> <span class='ocrx_word' id='word_1_266' title='bbox 745 3371 933 3425; x_wconf 90' lang='lat' dir='ltr'><strong>Deum.</strong></span> <span class='ocrx_word' id='word_1_267' title='bbox 988 3365 1137 3421; x_wconf 90' lang='lat' dir='ltr'><strong>Sicut</strong></span> <span class='ocrx_word' id='word_1_268' title='bbox 1167 3363 1310 3418; x_wconf 90' lang='lat' dir='ltr'><strong>enim</strong></span> <span class='ocrx_word' id='word_1_269' title='bbox 1339 3374 1445 3415; x_wconf 91' lang='lat' dir='ltr'><strong>non</strong></span> <span class='ocrx_word' id='word_1_270' title='bbox 1475 3367 1653 3431; x_wconf 85' lang='lat' dir='ltr'><strong>potest</strong></span> <span class='ocrx_word' id='word_1_271' title='bbox 1690 3355 1836 3412; x_wconf 88' lang='lat' dir='ltr'><strong>aliud</strong></span> 
     </span>
    </p>
   </div>
   <div class='ocr_carea' id='block_1_36' title="bbox 253 3449 1837 3538">
    <p class='ocr_par' dir='ltr' id='par_1_36' title="bbox 253 3449 1837 3538">
     <span class='ocr_line' id='line_1_37' title="bbox 253 3449 1837 3538; baseline -0.016 -13"><span class='ocrx_word' id='word_1_272' title='bbox 253 3449 379 3525; x_wconf 84' lang='lat' dir='ltr'><strong>esse</strong></span> <span class='ocrx_word' id='word_1_273' title='bbox 401 3478 686 3538; x_wconf 77' lang='lat' dir='ltr'><strong>generans,</strong></span> <span class='ocrx_word' id='word_1_274' title='bbox 734 3472 787 3515; x_wconf 89' lang='lat' dir='ltr'><strong>et</strong></span> <span class='ocrx_word' id='word_1_275' title='bbox 813 3457 959 3514; x_wconf 81' lang='lat' dir='ltr'><strong>aliud</strong></span> <span class='ocrx_word' id='word_1_276' title='bbox 984 3456 1214 3528; x_wconf 82' lang='lat' dir='ltr'><strong>genitus,</strong></span> <span class='ocrx_word' id='word_1_277' title='bbox 1249 3453 1347 3508; x_wconf 82' lang='lat' dir='ltr'><strong>sed</strong></span> <span class='ocrx_word' id='word_1_278' title='bbox 1373 3453 1477 3506; x_wconf 90' lang='lat' dir='ltr'><strong>hoc</strong></span> <span class='ocrx_word' id='word_1_279' title='bbox 1509 3458 1594 3505; x_wconf 87' lang='lat' dir='ltr'><strong>est</strong></span> <span class='ocrx_word' id='word_1_280' title='bbox 1624 3449 1837 3519; x_wconf 81' lang='lat' dir='ltr'><strong>genitus</strong></span> 
     </span>
    </p>
   </div>
   <div class='ocr_carea' id='block_1_37' title="bbox 254 3538 1835 3631">
    <p class='ocr_par' dir='ltr' id='par_1_37' title="bbox 254 3538 1835 3631">
     <span class='ocr_line' id='line_1_38' title="bbox 254 3538 1835 3631; baseline -0.014 -19"><span class='ocrx_word' id='word_1_281' title='bbox 254 3543 401 3631; x_wconf 82' lang='lat' dir='ltr'><strong>quod</strong></span> <span class='ocrx_word' id='word_1_282' title='bbox 422 3568 689 3627; x_wconf 82' lang='lat' dir='ltr'><strong>generans</strong></span> <span class='ocrx_word' id='word_1_283' title='bbox 710 3546 880 3613; x_wconf 88' lang='lat' dir='ltr'><strong>Deus;</strong></span> <span class='ocrx_word' id='word_1_284' title='bbox 911 3548 991 3603; x_wconf 85' lang='lat' dir='ltr'><strong>sic</strong></span> <span class='ocrx_word' id='word_1_285' title='bbox 1011 3544 1155 3599; x_wconf 84' lang='lat' dir='ltr'><strong>aliud</strong></span> <span class='ocrx_word' id='word_1_286' title='bbox 1174 3558 1280 3598; x_wconf 90' lang='lat' dir='ltr'><strong>non</strong></span> <span class='ocrx_word' id='word_1_287' title='bbox 1301 3538 1481 3612; x_wconf 84' lang='lat' dir='ltr'><strong>potest</strong></span> <span class='ocrx_word' id='word_1_288' title='bbox 1503 3554 1622 3594; x_wconf 87' lang='lat' dir='ltr'><strong>esse</strong></span> <span class='ocrx_word' id='word_1_289' title='bbox 1644 3546 1835 3608; x_wconf 89' lang='lat' dir='ltr'><strong>proce-</strong></span> 
     </span>
    </p>
   </div>
   <div class='ocr_carea' id='block_1_38' title="bbox 254 3628 1842 3716">
    <p class='ocr_par' dir='ltr' id='par_1_38' title="bbox 254 3628 1842 3716">
     <span class='ocr_line' id='line_1_39' title="bbox 254 3628 1842 3716; baseline -0.013 -13"><span class='ocrx_word' id='word_1_290' title='bbox 254 3628 393 3703; x_wconf 82' lang='lat' dir='ltr'><strong>dens</strong></span> <span class='ocrx_word' id='word_1_291' title='bbox 414 3642 669 3716; x_wconf 85' lang='lat' dir='ltr'><strong>Spiritus,</strong></span> <span class='ocrx_word' id='word_1_292' title='bbox 694 3651 749 3696; x_wconf 91' lang='lat' dir='ltr'><strong>et</strong></span> <span class='ocrx_word' id='word_1_293' title='bbox 769 3638 913 3694; x_wconf 83' lang='lat' dir='ltr'><strong>aliud</strong></span> <span class='ocrx_word' id='word_1_294' title='bbox 939 3638 1069 3708; x_wconf 90' lang='lat' dir='ltr'><strong>ipse,</strong></span> <span class='ocrx_word' id='word_1_295' title='bbox 1109 3651 1139 3689; x_wconf 92' lang='lat' dir='ltr'><strong>a</strong></span> <span class='ocrx_word' id='word_1_296' title='bbox 1162 3648 1269 3705; x_wconf 88' lang='lat' dir='ltr'><strong>quo</strong></span> <span class='ocrx_word' id='word_1_297' title='bbox 1290 3632 1547 3704; x_wconf 86' lang='lat' dir='ltr'><strong>procedit.</strong></span> <span class='ocrx_word' id='word_1_298' title='bbox 1598 3628 1704 3686; x_wconf 89' lang='lat' dir='ltr'><strong>Sed</strong></span> <span class='ocrx_word' id='word_1_299' title='bbox 1735 3630 1842 3684; x_wconf 88' lang='lat' dir='ltr'><strong>hoc</strong></span> 
     </span>
    </p>
   </div>
   <div class='ocr_carea' id='block_1_39' title="bbox 254 3722 1837 3813">
    <p class='ocr_par' dir='ltr' id='par_1_39' title="bbox 254 3722 1837 3813">
     <span class='ocr_line' id='line_1_40' title="bbox 254 3722 1837 3813; baseline -0.014 -17"><span class='ocrx_word' id='word_1_300' title='bbox 254 3728 403 3813; x_wconf 87' lang='lat' dir='ltr'><strong>quod</strong></span> <span class='ocrx_word' id='word_1_301' title='bbox 439 3739 553 3808; x_wconf 88' lang='lat' dir='ltr'><strong>ipse</strong></span> <span class='ocrx_word' id='word_1_302' title='bbox 591 3741 703 3798; x_wconf 91' lang='lat' dir='ltr'><strong>est,</strong></span> <span class='ocrx_word' id='word_1_303' title='bbox 741 3733 844 3787; x_wconf 88' lang='lat' dir='ltr'><strong>hoc</strong></span> <span class='ocrx_word' id='word_1_304' title='bbox 885 3730 1048 3784; x_wconf 89' lang='lat' dir='ltr'><strong>etiam</strong></span> <span class='ocrx_word' id='word_1_305' title='bbox 1089 3726 1161 3782; x_wconf 83' lang='lat' dir='ltr'><strong>ab</strong></span> <span class='ocrx_word' id='word_1_306' title='bbox 1199 3741 1262 3781; x_wconf 91' lang='lat' dir='ltr'><strong>eo</strong></span> <span class='ocrx_word' id='word_1_307' title='bbox 1299 3725 1541 3796; x_wconf 83' lang='lat' dir='ltr'><strong>procedit</strong></span> <span class='ocrx_word' id='word_1_308' title='bbox 1568 3765 1583 3790; x_wconf 93' lang='lat'><strong>,</strong></span> <span class='ocrx_word' id='word_1_309' title='bbox 1637 3722 1691 3777; x_wconf 89' lang='lat' dir='ltr'><strong>id</strong></span> <span class='ocrx_word' id='word_1_310' title='bbox 1733 3726 1837 3787; x_wconf 78' lang='lat' dir='ltr'><strong>est,</strong></span> 
     </span>
    </p>
   </div>
   <div class='ocr_carea' id='block_1_40' title="bbox 255 3816 1842 3889">
    <p class='ocr_par' dir='ltr' id='par_1_40' title="bbox 255 3816 1842 3889">
     <span class='ocr_line' id='line_1_41' title="bbox 255 3816 1842 3889; baseline -0.009 0"><span class='ocrx_word' id='word_1_311' title='bbox 255 3820 404 3889; x_wconf 83' lang='lat' dir='ltr'><strong>Deus</strong></span> <span class='ocrx_word' id='word_1_312' title='bbox 434 3830 499 3884; x_wconf 91' lang='lat' dir='ltr'><strong>de</strong></span> <span class='ocrx_word' id='word_1_313' title='bbox 521 3820 633 3883; x_wconf 87' lang='lat' dir='ltr'><strong>Deo</strong></span> <span class='ocrx_word' id='word_1_314' title='bbox 662 3823 924 3887; x_wconf 89' lang='lat' dir='ltr'><strong>nascitur,</strong></span> <span class='ocrx_word' id='word_1_315' title='bbox 946 3820 1011 3875; x_wconf 87' lang='lat' dir='ltr'><strong>de</strong></span> <span class='ocrx_word' id='word_1_316' title='bbox 1031 3821 1139 3874; x_wconf 86' lang='lat' dir='ltr'><strong>Deo</strong></span> <span class='ocrx_word' id='word_1_317' title='bbox 1164 3818 1305 3873; x_wconf 92' lang='lat' dir='ltr'><strong>Deus</strong></span> <span class='ocrx_word' id='word_1_318' title='bbox 1332 3816 1591 3889; x_wconf 88' lang='lat' dir='ltr'><strong>procedit.</strong></span> <span class='ocrx_word' id='word_1_319' title='bbox 1625 3816 1693 3872; x_wconf 88' lang='lat' dir='ltr'><strong>Et</strong></span> <span class='ocrx_word' id='word_1_320' title='bbox 1722 3818 1842 3874; x_wconf 88' lang='lat' dir='ltr'><strong>ideo</strong></span> 
     </span>
    </p>
   </div>
   <div class='ocr_carea' id='block_1_41' title="bbox 255 3906 1843 3985">
    <p class='ocr_par' dir='ltr' id='par_1_41' title="bbox 255 3906 1843 3985">
     <span class='ocr_line' id='line_1_42' title="bbox 255 3906 1843 3985; baseline -0.011 -5"><span class='ocrx_word' id='word_1_321' title='bbox 255 3906 370 3982; x_wconf 75' lang='lat' dir='ltr'><strong>non</strong></span> <span class='ocrx_word' id='word_1_322' title='bbox 403 3912 525 3985; x_wconf 86' lang='lat' dir='ltr'><strong>alia,</strong></span> <span class='ocrx_word' id='word_1_323' title='bbox 562 3933 670 3974; x_wconf 88' lang='lat' dir='ltr'><strong>non</strong></span> <span class='ocrx_word' id='word_1_324' title='bbox 694 3916 926 3981; x_wconf 89' lang='lat' dir='ltr'><strong>diversa,</strong></span> <span class='ocrx_word' id='word_1_325' title='bbox 961 3908 1055 3967; x_wconf 87' lang='lat' dir='ltr'><strong>sed</strong></span> <span class='ocrx_word' id='word_1_326' title='bbox 1078 3927 1183 3964; x_wconf 90' lang='lat' dir='ltr'><strong>una</strong></span> <span class='ocrx_word' id='word_1_327' title='bbox 1213 3908 1508 3979; x_wconf 86' lang='lat' dir='ltr'><strong>eademque</strong></span> <span class='ocrx_word' id='word_1_328' title='bbox 1545 3906 1648 3962; x_wconf 85' lang='lat' dir='ltr'><strong>ﬁde</strong></span> <span class='ocrx_word' id='word_1_329' title='bbox 1678 3909 1843 3963; x_wconf 88' lang='lat' dir='ltr'><strong>credo</strong></span> 
     </span>
    </p>
   </div>
   <div class='ocr_carea' id='block_1_42' title="bbox 258 4001 1839 4084">
    <p class='ocr_par' dir='ltr' id='par_1_42' title="bbox 258 4001 1839 4084">
     <span class='ocr_line' id='line_1_43' title="bbox 258 4001 1839 4084; baseline -0.009 -12"><span class='ocrx_word' id='word_1_330' title='bbox 258 4024 320 4073; x_wconf 88' lang='lat' dir='ltr'><strong>et</strong></span> <span class='ocrx_word' id='word_1_331' title='bbox 363 4015 418 4070; x_wconf 91' lang='lat' dir='ltr'><strong>in</strong></span> <span class='ocrx_word' id='word_1_332' title='bbox 452 4012 706 4084; x_wconf 89' lang='lat' dir='ltr'><strong>Spiritum</strong></span> <span class='ocrx_word' id='word_1_333' title='bbox 743 4012 1013 4071; x_wconf 77' lang='lat' dir='ltr'><strong>Sanctum,</strong></span> <span class='ocrx_word' id='word_1_334' title='bbox 1045 4002 1331 4059; x_wconf 71' lang='lat' dir='ltr'><strong>Dominhm</strong></span> <span class='ocrx_word' id='word_1_335' title='bbox 1368 4010 1423 4057; x_wconf 90' lang='lat' dir='ltr'><strong>et</strong></span> <span class='ocrx_word' id='word_1_336' title='bbox 1456 4001 1839 4069; x_wconf 87' lang='lat' dir='ltr'><strong>viviﬁcantem,</strong></span> 
     </span>
    </p>
   </div>
   <div class='ocr_carea' id='block_1_43' title="bbox 258 4090 1846 4178">
    <p class='ocr_par' dir='ltr' id='par_1_43' title="bbox 258 4090 1846 4178">
     <span class='ocr_line' id='line_1_44' title="bbox 258 4090 1846 4178; baseline -0.009 -16"><span class='ocrx_word' id='word_1_337' title='bbox 258 4106 358 4178; x_wconf 84' lang='lat' dir='ltr'><strong>qui</strong></span> <span class='ocrx_word' id='word_1_338' title='bbox 382 4121 448 4161; x_wconf 80' lang='lat' dir='ltr'><strong>ex</strong></span> <span class='ocrx_word' id='word_1_339' title='bbox 472 4094 627 4158; x_wconf 83' lang='lat' dir='ltr'><strong>Patre</strong></span> <span class='ocrx_word' id='word_1_340' title='bbox 648 4090 889 4170; x_wconf 79' lang='lat' dir='ltr'><strong>Filioque</strong></span> <span class='ocrx_word' id='word_1_341' title='bbox 910 4094 1173 4167; x_wconf 89' lang='lat' dir='ltr'><strong>procedit,</strong></span> <span class='ocrx_word' id='word_1_342' title='bbox 1198 4093 1289 4165; x_wconf 86' lang='lat' dir='ltr'><strong>qui</strong></span> <span class='ocrx_word' id='word_1_343' title='bbox 1316 4109 1437 4148; x_wconf 91' lang='lat' dir='ltr'><strong>cum</strong></span> <span class='ocrx_word' id='word_1_344' title='bbox 1457 4092 1617 4148; x_wconf 89' lang='lat' dir='ltr'><strong>Patre</strong></span> <span class='ocrx_word' id='word_1_345' title='bbox 1635 4100 1688 4147; x_wconf 92' lang='lat' dir='ltr'><strong>et</strong></span> <span class='ocrx_word' id='word_1_346' title='bbox 1709 4091 1846 4147; x_wconf 85' lang='lat' dir='ltr'><strong>Filio</strong></span> 
     </span>
    </p>
   </div>
   <div class='ocr_carea' id='block_1_44' title="bbox 260 4183 1848 4259">
    <p class='ocr_par' dir='ltr' id='par_1_44' title="bbox 260 4183 1848 4259">
     <span class='ocr_line' id='line_1_45' title="bbox 260 4183 1848 4259; baseline -0.009 -7"><span class='ocrx_word' id='word_1_347' title='bbox 260 4194 427 4254; x_wconf 81' lang='lat' dir='ltr'><strong>simul</strong></span> <span class='ocrx_word' id='word_1_348' title='bbox 452 4195 706 4249; x_wconf 90' lang='lat' dir='ltr'><strong>adoratur</strong></span> <span class='ocrx_word' id='word_1_349' title='bbox 729 4192 786 4245; x_wconf 86' lang='lat' dir='ltr'><strong>et</strong></span> <span class='ocrx_word' id='word_1_350' title='bbox 809 4184 1259 4259; x_wconf 82' lang='lat' dir='ltr'><strong>congloriﬁcatur,</strong></span> <span class='ocrx_word' id='word_1_351' title='bbox 1295 4183 1389 4256; x_wconf 87' lang='lat' dir='ltr'><strong>qui</strong></span> <span class='ocrx_word' id='word_1_352' title='bbox 1417 4183 1625 4239; x_wconf 90' lang='lat' dir='ltr'><strong>locutus</strong></span> <span class='ocrx_word' id='word_1_353' title='bbox 1647 4193 1728 4239; x_wconf 90' lang='lat' dir='ltr'><strong>est</strong></span> <span class='ocrx_word' id='word_1_354' title='bbox 1750 4188 1848 4253; x_wconf 88' lang='lat' dir='ltr'><strong>per</strong></span> 
     </span>
    </p>
   </div>
   <div class='ocr_carea' id='block_1_45' title="bbox 262 4274 1849 4365">
    <p class='ocr_par' dir='ltr' id='par_1_45' title="bbox 262 4274 1849 4365">
     <span class='ocr_line' id='line_1_46' title="bbox 262 4274 1849 4365; baseline -0.009 -22"><span class='ocrx_word' id='word_1_355' title='bbox 262 4287 593 4365; x_wconf 86' lang='lat' dir='ltr'><strong>prophetas;</strong></span> <span class='ocrx_word' id='word_1_356' title='bbox 631 4282 721 4353; x_wconf 91' lang='lat' dir='ltr'><strong>qui</strong></span> <span class='ocrx_word' id='word_1_357' title='bbox 763 4280 818 4335; x_wconf 91' lang='lat' dir='ltr'><strong>in</strong></span> <span class='ocrx_word' id='word_1_358' title='bbox 859 4278 1118 4333; x_wconf 73' lang='lat' dir='ltr'><strong>columbae</strong></span> <span class='ocrx_word' id='word_1_359' title='bbox 1153 4276 1333 4347; x_wconf 80' lang='lat' dir='ltr'><strong>Specie</strong></span> <span class='ocrx_word' id='word_1_360' title='bbox 1378 4274 1653 4330; x_wconf 89' lang='lat' dir='ltr'><strong>descendit</strong></span> <span class='ocrx_word' id='word_1_361' title='bbox 1688 4290 1849 4345; x_wconf 88' lang='lat' dir='ltr'><strong>super</strong></span> 
     </span>
    </p>
   </div>
   <div class='ocr_carea' id='block_1_46' title="bbox 264 4365 1850 4437">
    <p class='ocr_par' dir='ltr' id='par_1_46' title="bbox 264 4365 1850 4437">
     <span class='ocr_line' id='line_1_47' title="bbox 264 4365 1850 4437; baseline -0.009 -3"><span class='ocrx_word' id='word_1_362' title='bbox 264 4368 555 4437; x_wconf 84' lang='lat' dir='ltr'><strong>Dominum</strong></span> <span class='ocrx_word' id='word_1_363' title='bbox 598 4371 784 4428; x_wconf 83' lang='lat' dir='ltr'><strong>Jesum</strong></span> <span class='ocrx_word' id='word_1_364' title='bbox 828 4367 1134 4433; x_wconf 90' lang='lat' dir='ltr'><strong>Christum;</strong></span> <span class='ocrx_word' id='word_1_365' title='bbox 1178 4366 1270 4437; x_wconf 92' lang='lat' dir='ltr'><strong>qui</strong></span> <span class='ocrx_word' id='word_1_366' title='bbox 1314 4366 1368 4420; x_wconf 89' lang='lat' dir='ltr'><strong>in</strong></span> <span class='ocrx_word' id='word_1_367' title='bbox 1418 4366 1541 4437; x_wconf 80' lang='lat' dir='ltr'><strong>igne</strong></span> <span class='ocrx_word' id='word_1_368' title='bbox 1572 4365 1850 4435; x_wconf 87' lang='lat' dir='ltr'><strong>discipulis</strong></span> 
     </span>
    </p>
   </div>
   <div class='ocr_carea' id='block_1_47' title="bbox 265 4458 1851 4543">
    <p class='ocr_par' dir='ltr' id='par_1_47' title="bbox 265 4458 1851 4543">
     <span class='ocr_line' id='line_1_48' title="bbox 265 4458 1851 4543; baseline -0.011 -15"><span class='ocrx_word' id='word_1_369' title='bbox 265 4468 535 4543; x_wconf 86' lang='lat' dir='ltr'><strong>apparuit,</strong></span> <span class='ocrx_word' id='word_1_370' title='bbox 565 4465 805 4520; x_wconf 89' lang='lat' dir='ltr'><strong>tribuens</strong></span> <span class='ocrx_word' id='word_1_371' title='bbox 834 4462 913 4516; x_wconf 91' lang='lat' dir='ltr'><strong>eis</strong></span> <span class='ocrx_word' id='word_1_372' title='bbox 940 4460 1326 4516; x_wconf 88' lang='lat' dir='ltr'><strong>charismatum</strong></span> <span class='ocrx_word' id='word_1_373' title='bbox 1355 4459 1491 4513; x_wconf 86' lang='lat' dir='ltr'><strong>dona</strong></span> <span class='ocrx_word' id='word_1_374' title='bbox 1522 4466 1576 4513; x_wconf 90' lang='lat' dir='ltr'><strong>et</strong></span> <span class='ocrx_word' id='word_1_375' title='bbox 1609 4458 1851 4513; x_wconf 89' lang='lat' dir='ltr'><strong>omnium</strong></span> 
     </span>
    </p>
   </div>
   <div class='ocr_carea' id='block_1_48' title="bbox 1914 589 3499 652">
    <p class='ocr_par' dir='ltr' id='par_1_48' title="bbox 1914 589 3499 652">
     <span class='ocr_line' id='line_1_49' title="bbox 1914 589 3499 652; baseline -0.003 0"><span class='ocrx_word' id='word_1_376' title='bbox 1914 597 2054 652; x_wconf 84' lang='lat' dir='ltr'><strong>Vere</strong></span> <span class='ocrx_word' id='word_1_377' title='bbox 2081 596 2180 650; x_wconf 89' lang='lat' dir='ltr'><strong>iste</strong></span> <span class='ocrx_word' id='word_1_378' title='bbox 2206 602 2288 649; x_wconf 88' lang='lat' dir='ltr'><strong>est</strong></span> <span class='ocrx_word' id='word_1_379' title='bbox 2312 593 2555 648; x_wconf 87' lang='lat' dir='ltr'><strong>cbaritas-</strong></span> <span class='ocrx_word' id='word_1_380' title='bbox 2580 599 2635 645; x_wconf 89' lang='lat' dir='ltr'><strong>et</strong></span> <span class='ocrx_word' id='word_1_381' title='bbox 2663 590 2921 645; x_wconf 79' lang='lat' dir='ltr'><strong>sanctitas</strong></span> <span class='ocrx_word' id='word_1_382' title='bbox 2950 599 3005 645; x_wconf 90' lang='lat' dir='ltr'><strong>et</strong></span> <span class='ocrx_word' id='word_1_383' title='bbox 3033 591 3213 645; x_wconf 86' lang='lat' dir='ltr'><strong>unitas</strong></span> <span class='ocrx_word' id='word_1_384' title='bbox 3233 589 3411 646; x_wconf 80' lang='lat' dir='ltr'><strong>Patris</strong></span> <span class='ocrx_word' id='word_1_385' title='bbox 3439 597 3499 647; x_wconf 69' lang='lat' dir='ltr'><strong>et</strong></span> 
     </span>
    </p>
   </div>
   <div class='ocr_carea' id='block_1_49' title="bbox 1914 681 3496 755">
    <p class='ocr_par' dir='ltr' id='par_1_49' title="bbox 1914 681 3496 755">
     <span class='ocr_line' id='line_1_50' title="bbox 1914 681 3496 755; baseline -0.005 -10"><span class='ocrx_word' id='word_1_386' title='bbox 1914 688 2065 755; x_wconf 85' lang='lat' dir='ltr'><strong>Filii,</strong></span> <span class='ocrx_word' id='word_1_387' title='bbox 2124 694 2179 740; x_wconf 90' lang='lat' dir='ltr'><strong>et</strong></span> <span class='ocrx_word' id='word_1_388' title='bbox 2214 685 2335 740; x_wconf 83' lang='lat' dir='ltr'><strong>ideo</strong></span> <span class='ocrx_word' id='word_1_389' title='bbox 2392 683 2608 754; x_wconf 83' lang='lat' dir='ltr'><strong>proprie</strong></span> <span class='ocrx_word' id='word_1_390' title='bbox 2644 688 2985 752; x_wconf 71' lang='lat' dir='ltr'><strong>mincupatur</strong></span> <span class='ocrx_word' id='word_1_391' title='bbox 3019 681 3279 737; x_wconf 82' lang='lat' dir='ltr'><strong>vocabulo</strong></span> <span class='ocrx_word' id='word_1_392' title='bbox 3311 681 3496 737; x_wconf 70' lang='lat' dir='ltr'><strong>citari-‘-</strong></span> 
     </span>
    </p>
   </div>
   <div class='ocr_carea' id='block_1_50' title="bbox 1915 772 3501 846">
    <p class='ocr_par' dir='ltr' id='par_1_50' title="bbox 1915 772 3501 846">
     <span class='ocr_line' id='line_1_51' title="bbox 1915 772 3501 846; baseline -0.007 -9"><span class='ocrx_word' id='word_1_393' title='bbox 1915 783 2060 839; x_wconf 82' lang='lat' dir='ltr'><strong>tatis.</strong></span> <span class='ocrx_word' id='word_1_394' title='bbox 2098 778 2159 833; x_wconf 78' lang='lat' dir='ltr'><strong>In</strong></span> <span class='ocrx_word' id='word_1_395' title='bbox 2185 778 2329 832; x_wconf 83' lang='lat' dir='ltr'><strong>hunc</strong></span> <span class='ocrx_word' id='word_1_396' title='bbox 2354 782 2605 831; x_wconf 85' lang='lat' dir='ltr'><strong>sanctum</strong></span> <span class='ocrx_word' id='word_1_397' title='bbox 2625 772 2885 846; x_wconf 82' lang='lat' dir='ltr'><strong>Spiritum</strong></span> <span class='ocrx_word' id='word_1_398' title='bbox 2914 773 3079 828; x_wconf 86' lang='lat' dir='ltr'><strong>Deum</strong></span> <span class='ocrx_word' id='word_1_399' title='bbox 3100 784 3286 829; x_wconf 81' lang='lat' dir='ltr'><strong>verum</strong></span> <span class='ocrx_word' id='word_1_400' title='bbox 3309 774 3501 842; x_wconf 78' lang='lat' dir='ltr'><strong>credo,-</strong></span> 
     </span>
    </p>
   </div>
   <div class='ocr_carea' id='block_1_51' title="bbox 1916 866 3501 935">
    <p class='ocr_par' dir='ltr' id='par_1_51' title="bbox 1916 866 3501 935">
     <span class='ocr_line' id='line_1_52' title="bbox 1916 866 3501 935; baseline -0.006 -2"><span class='ocrx_word' id='word_1_401' title='bbox 1916 878 2060 933; x_wconf 80' lang='lat' dir='ltr'><strong>hu‘nc</strong></span> <span class='ocrx_word' id='word_1_402' title='bbox 2089 873 2267 930; x_wconf 89' lang='lat' dir='ltr'><strong>laudo.</strong></span> <span class='ocrx_word' id='word_1_403' title='bbox 2296 870 2577 935; x_wconf 77' lang='lat' dir='ltr'><strong>benedice,</strong></span> <span class='ocrx_word' id='word_1_404' title='bbox 2612 868 2750 933; x_wconf 84' lang='lat' dir='ltr'><strong>colo,</strong></span> <span class='ocrx_word' id='word_1_405' title='bbox 2793 876 2847 923; x_wconf 88' lang='lat' dir='ltr'><strong>et</strong></span> <span class='ocrx_word' id='word_1_406' title='bbox 2879 866 3062 932; x_wconf 88' lang='lat' dir='ltr'><strong>adoro,</strong></span> <span class='ocrx_word' id='word_1_407' title='bbox 3095 870 3285 923; x_wconf 78' lang='lat' dir='ltr'><strong>verum</strong></span> <span class='ocrx_word' id='word_1_408' title='bbox 3315 867 3501 925; x_wconf 67' lang='lat' dir='ltr'><strong>lumen</strong></span> 
     </span>
    </p>
   </div>
   <div class='ocr_carea' id='block_1_52' title="bbox 1916 959 3499 1032">
    <p class='ocr_par' dir='ltr' id='par_1_52' title="bbox 1916 959 3499 1032">
     <span class='ocr_line' id='line_1_53' title="bbox 1916 959 3499 1032; baseline -0.008 -8"><span class='ocrx_word' id='word_1_409' title='bbox 1916 972 1972 1025; x_wconf 82' lang='lat' dir='ltr'><strong>et</strong></span> <span class='ocrx_word' id='word_1_410' title='bbox 1997 959 2477 1022; x_wconf 76' lang='lat' dir='ltr'><strong>sanctiﬁcationem</strong></span> <span class='ocrx_word' id='word_1_411' title='bbox 2521 961 2839 1023; x_wconf 63' lang='lat' dir='ltr'><strong>unimanum</strong></span> <span class='ocrx_word' id='word_1_412' title='bbox 2866 960 2959 1029; x_wconf 76' lang='lat' dir='ltr'><strong>qui</strong></span> <span class='ocrx_word' id='word_1_413' title='bbox 2992 967 3077 1015; x_wconf 86' lang='lat' dir='ltr'><strong>est</strong></span> <span class='ocrx_word' id='word_1_414' title='bbox 3109 962 3299 1032; x_wconf 72' lang='lat' dir='ltr'><strong>pignus</strong></span> <span class='ocrx_word' id='word_1_415' title='bbox 3324 959 3499 1016; x_wconf 55' lang='lat' dir='ltr'><strong>haeres</strong></span> 
     </span>
    </p>
   </div>
   <div class='ocr_carea' id='block_1_53' title="bbox 1917 1050 3496 1122">
    <p class='ocr_par' dir='ltr' id='par_1_53' title="bbox 1917 1050 3496 1122">
     <span class='ocr_line' id='line_1_54' title="bbox 1917 1050 3496 1122; baseline -0.006 -9"><span class='ocrx_word' id='word_1_416' title='bbox 1917 1058 2101 1114; x_wconf 85' lang='lat' dir='ltr'><strong>ditatis</strong></span> <span class='ocrx_word' id='word_1_417' title='bbox 2124 1063 2322 1111; x_wconf 69' lang='lat' dir='ltr'><strong>nostrae</strong></span> <span class='ocrx_word' id='word_1_418' title='bbox 2347 1071 2361 1105; x_wconf 90' lang='lat'><strong>:</strong></span> <span class='ocrx_word' id='word_1_419' title='bbox 2386 1053 2477 1122; x_wconf 80' lang='lat' dir='ltr'><strong>qui</strong></span> <span class='ocrx_word' id='word_1_420' title='bbox 2506 1050 2770 1106; x_wconf 80' lang='lat' dir='ltr'><strong>illumth</strong></span> <span class='ocrx_word' id='word_1_421' title='bbox 2793 1058 3007 1121; x_wconf 78' lang='lat' dir='ltr'><strong>semper</strong></span> <span class='ocrx_word' id='word_1_422' title='bbox 3026 1062 3237 1107; x_wconf 82' lang='lat' dir='ltr'><strong>mentes</strong></span> <span class='ocrx_word' id='word_1_423' title='bbox 3261 1052 3496 1117; x_wconf 76' lang='lat' dir='ltr'><strong>nostras,</strong></span> 
     </span>
    </p>
   </div>
   <div class='ocr_carea' id='block_1_54' title="bbox 1916 1140 3505 1209">
    <p class='ocr_par' dir='ltr' id='par_1_54' title="bbox 1916 1140 3505 1209">
     <span class='ocr_line' id='line_1_55' title="bbox 1916 1140 3505 1209; baseline -0.006 -1"><span class='ocrx_word' id='word_1_424' title='bbox 1916 1158 1973 1208; x_wconf 87' lang='lat' dir='ltr'><strong>et</strong></span> <span class='ocrx_word' id='word_1_425' title='bbox 1997 1152 2157 1206; x_wconf 84' lang='lat' dir='ltr'><strong>ducat</strong></span> <span class='ocrx_word' id='word_1_426' title='bbox 2190 1162 2289 1205; x_wconf 87' lang='lat' dir='ltr'><strong>nos</strong></span> <span class='ocrx_word' id='word_1_427' title='bbox 2327 1147 2385 1203; x_wconf 87' lang='lat' dir='ltr'><strong>in</strong></span> <span class='ocrx_word' id='word_1_428' title='bbox 2409 1150 2627 1201; x_wconf 80' lang='lat' dir='ltr'><strong>omnem</strong></span> <span class='ocrx_word' id='word_1_429' title='bbox 2648 1143 2953 1209; x_wconf 72' lang='lat' dir='ltr'><strong>veritatem,</strong></span> <span class='ocrx_word' id='word_1_430' title='bbox 2980 1153 3035 1197; x_wconf 90' lang='lat' dir='ltr'><strong>et</strong></span> <span class='ocrx_word' id='word_1_431' title='bbox 3068 1140 3233 1197; x_wconf 70' lang='lat' dir='ltr'><strong>faciat</strong></span> <span class='ocrx_word' id='word_1_432' title='bbox 3265 1141 3505 1198; x_wconf 56' lang='lat' dir='ltr'><strong>cmlcstia</strong></span> 
     </span>
    </p>
   </div>
   <div class='ocr_carea' id='block_1_55' title="bbox 1917 1233 3500 1310">
    <p class='ocr_par' dir='ltr' id='par_1_55' title="bbox 1917 1233 3500 1310">
     <span class='ocr_line' id='line_1_56' title="bbox 1917 1233 3500 1310; baseline -0.006 -11"><span class='ocrx_word' id='word_1_433' title='bbox 1917 1245 2018 1300; x_wconf 89' lang='lat' dir='ltr'><strong>bus</strong></span> <span class='ocrx_word' id='word_1_434' title='bbox 2054 1244 2334 1305; x_wconf 71' lang='lat' dir='ltr'><strong>inhmrere,</strong></span> <span class='ocrx_word' id='word_1_435' title='bbox 2386 1247 2547 1310; x_wconf 82' lang='lat' dir='ltr'><strong>atque</strong></span> <span class='ocrx_word' id='word_1_436' title='bbox 2590 1242 2855 1306; x_wconf 65' lang='lat' dir='ltr'><strong>prmparet</strong></span> <span class='ocrx_word' id='word_1_437' title='bbox 2901 1233 3114 1305; x_wconf 80' lang='lat' dir='ltr'><strong>dignam</strong></span> <span class='ocrx_word' id='word_1_438' title='bbox 3164 1233 3500 1290; x_wconf 76' lang='lat' dir='ltr'><strong>mansimtem</strong></span> 
     </span>
    </p>
   </div>
   <div class='ocr_carea' id='block_1_56' title="bbox 1919 1323 3511 1397">
    <p class='ocr_par' dir='ltr' id='par_1_56' title="bbox 1919 1323 3511 1397">
     <span class='ocr_line' id='line_1_57' title="bbox 1919 1323 3511 1397; baseline -0.005 -8"><span class='ocrx_word' id='word_1_439' title='bbox 1919 1334 1973 1390; x_wconf 88' lang='lat' dir='ltr'><strong>in</strong></span> <span class='ocrx_word' id='word_1_440' title='bbox 1997 1333 2141 1389; x_wconf 89' lang='lat' dir='ltr'><strong>cordi</strong></span> <span class='ocrx_word' id='word_1_441' title='bbox 2150 1331 2249 1386; x_wconf 88' lang='lat' dir='ltr'><strong>bus</strong></span> <span class='ocrx_word' id='word_1_442' title='bbox 2273 1329 2479 1385; x_wconf 82' lang='lat' dir='ltr'><strong>nostris</strong></span> <span class='ocrx_word' id='word_1_443' title='bbox 2496 1327 2625 1393; x_wconf 83' lang='lat' dir='ltr'><strong>Deo,</strong></span> <span class='ocrx_word' id='word_1_444' title='bbox 2650 1327 2791 1382; x_wconf 81' lang='lat' dir='ltr'><strong>sicut</strong></span> <span class='ocrx_word' id='word_1_445' title='bbox 2812 1325 3061 1397; x_wconf 74' lang='lat' dir='ltr'><strong>promisit</strong></span> <span class='ocrx_word' id='word_1_446' title='bbox 3074 1323 3511 1382; x_wconf 62' lang='lat' dir='ltr'><strong>Domitillam</strong></span> 
     </span>
    </p>
   </div>
   <div class='ocr_carea' id='block_1_57' title="bbox 1918 1415 3498 1489">
    <p class='ocr_par' dir='ltr' id='par_1_57' title="bbox 1918 1415 3498 1489">
     <span class='ocr_line' id='line_1_58' title="bbox 1918 1415 3498 1489; baseline -0.006 -8"><span class='ocrx_word' id='word_1_447' title='bbox 1918 1416 2169 1481; x_wconf 83' lang='lat' dir='ltr'><strong>Christus</strong></span> <span class='ocrx_word' id='word_1_448' title='bbox 2195 1416 2525 1489; x_wconf 70' lang='lat' dir='ltr'><strong>Redempttir</strong></span> <span class='ocrx_word' id='word_1_449' title='bbox 2551 1426 2737 1473; x_wconf 77' lang='lat' dir='ltr'><strong>noster</strong></span> <span class='ocrx_word' id='word_1_450' title='bbox 2765 1417 2835 1473; x_wconf 87' lang='lat' dir='ltr'><strong>de</strong></span> <span class='ocrx_word' id='word_1_451' title='bbox 2858 1416 3181 1488; x_wconf 80' lang='lat' dir='ltr'><strong>ipsosancte</strong></span> <span class='ocrx_word' id='word_1_452' title='bbox 3199 1415 3498 1475; x_wconf 73' lang='lat' dir='ltr'><strong>Paracl‘ettr.</strong></span> 
     </span>
    </p>
   </div>
   <div class='ocr_carea' id='block_1_58' title="bbox 1993 1510 3509 1584">
    <p class='ocr_par' dir='ltr' id='par_1_58' title="bbox 1993 1510 3509 1584">
     <span class='ocr_line' id='line_1_59' title="bbox 1993 1510 3509 1584; baseline -0.001 -15"><span class='ocrx_word' id='word_1_453' title='bbox 1993 1513 2179 1569; x_wconf 71' lang='lat' dir='ltr'><strong>XXIII.</strong></span> <span class='ocrx_word' id='word_1_454' title='bbox 2222 1512 2303 1567; x_wconf 78' lang='lat' dir='ltr'><strong>Ex</strong></span> <span class='ocrx_word' id='word_1_455' title='bbox 2348 1518 2464 1565; x_wconf 82' lang='lat' dir='ltr'><strong>toto</strong></span> <span class='ocrx_word' id='word_1_456' title='bbox 2717 1511 2887 1567; x_wconf 74' lang='lat' dir='ltr'><strong>corde</strong></span> <span class='ocrx_word' id='word_1_457' title='bbox 2926 1518 3048 1566; x_wconf 73' lang='lat' dir='ltr'><strong>meo</strong></span> <span class='ocrx_word' id='word_1_458' title='bbox 3091 1518 3145 1566; x_wconf 77' lang='lat' dir='ltr'><strong>et</strong></span> <span class='ocrx_word' id='word_1_459' title='bbox 3192 1510 3509 1567; x_wconf 70' lang='lat' dir='ltr'><strong>dtdcissimo</strong></span> 
     </span>
    </p>
   </div>
   <div class='ocr_carea' id='block_1_59' title="bbox 1923 1601 3515 1677">
    <p class='ocr_par' dir='ltr' id='par_1_59' title="bbox 1923 1601 3515 1677">
     <span class='ocr_line' id='line_1_60' title="bbox 1923 1601 3515 1677; baseline -0.001 -14"><span class='ocrx_word' id='word_1_460' title='bbox 1923 1614 2127 1672; x_wconf 85' lang='lat' dir='ltr'><strong>amore,</strong></span> <span class='ocrx_word' id='word_1_461' title='bbox 2153 1619 2267 1675; x_wconf 81' lang='lat' dir='ltr'><strong>quo</strong></span> <span class='ocrx_word' id='word_1_462' title='bbox 2294 1601 2503 1659; x_wconf 70' lang='lat' dir='ltr'><strong>reieaa</strong></span> <span class='ocrx_word' id='word_1_463' title='bbox 2533 1610 2619 1659; x_wconf 87' lang='lat' dir='ltr'><strong>est</strong></span> <span class='ocrx_word' id='word_1_464' title='bbox 2646 1603 2827 1659; x_wconf 77' lang='lat' dir='ltr'><strong>anima</strong></span> <span class='ocrx_word' id='word_1_465' title='bbox 2856 1616 2976 1659; x_wconf 86' lang='lat' dir='ltr'><strong>mea</strong></span> <span class='ocrx_word' id='word_1_466' title='bbox 3005 1612 3168 1675; x_wconf 80' lang='lat' dir='ltr'><strong>super</strong></span> <span class='ocrx_word' id='word_1_467' title='bbox 3196 1603 3515 1677; x_wconf 64' lang='lat' dir='ltr'><strong>integritate</strong></span> 
     </span>
    </p>
   </div>
   <div class='ocr_carea' id='block_1_60' title="bbox 1923 1693 3515 1770">
    <p class='ocr_par' dir='ltr' id='par_1_60' title="bbox 1923 1693 3515 1770">
     <span class='ocr_line' id='line_1_61' title="bbox 1923 1693 3515 1770; baseline 0 -16"><span class='ocrx_word' id='word_1_468' title='bbox 1923 1698 2068 1764; x_wconf 87' lang='lat' dir='ltr'><strong>ﬁdei,</strong></span> <span class='ocrx_word' id='word_1_469' title='bbox 2095 1709 2192 1770; x_wconf 90' lang='lat' dir='ltr'><strong>per</strong></span> <span class='ocrx_word' id='word_1_470' title='bbox 2224 1697 2459 1769; x_wconf 75' lang='lat' dir='ltr'><strong>gratiam</strong></span> <span class='ocrx_word' id='word_1_471' title='bbox 2495 1694 2597 1751; x_wconf 72' lang='lat' dir='ltr'><strong>Dei</strong></span> <span class='ocrx_word' id='word_1_472' title='bbox 2639 1695 2821 1761; x_wconf 67' lang='lat' dir='ltr'><strong>credo,</strong></span> <span class='ocrx_word' id='word_1_473' title='bbox 2867 1696 3059 1767; x_wconf 77' lang='lat' dir='ltr'><strong>procul</strong></span> <span class='ocrx_word' id='word_1_474' title='bbox 3095 1694 3267 1767; x_wconf 77' lang='lat' dir='ltr'><strong>pulsis</strong></span> <span class='ocrx_word' id='word_1_475' title='bbox 3292 1693 3515 1754; x_wconf 52' lang='lat' dir='ltr'><strong>eundi}</strong></span> 
     </span>
    </p>
   </div>
   <div class='ocr_carea' id='block_1_61' title="bbox 1927 1787 3502 1858">
    <p class='ocr_par' dir='ltr' id='par_1_61' title="bbox 1927 1787 3502 1858">
     <span class='ocr_line' id='line_1_62' title="bbox 1927 1787 3502 1858; baseline -0.001 -11"><span class='ocrx_word' id='word_1_476' title='bbox 1927 1804 2181 1848; x_wconf 79' lang='lat' dir='ltr'><strong>errorum</strong></span> <span class='ocrx_word' id='word_1_477' title='bbox 2223 1788 2492 1855; x_wconf 83' lang='lat' dir='ltr'><strong>tenebris,</strong></span> <span class='ocrx_word' id='word_1_478' title='bbox 2542 1790 2598 1843; x_wconf 81' lang='lat' dir='ltr'><strong>et</strong></span> <span class='ocrx_word' id='word_1_479' title='bbox 2645 1798 2863 1858; x_wconf 83' lang='lat' dir='ltr'><strong>semper</strong></span> <span class='ocrx_word' id='word_1_480' title='bbox 2911 1788 3131 1844; x_wconf 82' lang='lat' dir='ltr'><strong>credere</strong></span> <span class='ocrx_word' id='word_1_481' title='bbox 3175 1802 3262 1845; x_wconf 87' lang='lat' dir='ltr'><strong>me</strong></span> <span class='ocrx_word' id='word_1_482' title='bbox 3310 1787 3502 1845; x_wconf 69' lang='lat' dir='ltr'><strong>fateor.</strong></span> 
     </span>
    </p>
   </div>
   <div class='ocr_carea' id='block_1_62' title="bbox 1854 1856 3504 1950">
    <p class='ocr_par' dir='ltr' id='par_1_62' title="bbox 1854 1856 3504 1950">
     <span class='ocr_line' id='line_1_63' title="bbox 1854 1856 3504 1950; baseline 0.001 -17"><span class='ocrx_word' id='word_1_483' title='bbox 1854 1856 1909 1933; x_wconf 60' lang='grc' dir='ltr'><em>Β</em></span> <span class='ocrx_word' id='word_1_484' title='bbox 1928 1880 2103 1939; x_wconf 86' lang='lat' dir='ltr'><strong>Credo</strong></span> <span class='ocrx_word' id='word_1_485' title='bbox 2139 1890 2285 1937; x_wconf 90' lang='lat' dir='ltr'><strong>certe</strong></span> <span class='ocrx_word' id='word_1_486' title='bbox 2316 1880 2373 1934; x_wconf 80' lang='lat' dir='ltr'><strong>iu</strong></span> <span class='ocrx_word' id='word_1_487' title='bbox 2412 1884 2585 1934; x_wconf 79' lang='lat' dir='ltr'><strong>unum</strong></span> <span class='ocrx_word' id='word_1_488' title='bbox 2602 1856 2782 1934; x_wconf 75' lang='lat' dir='ltr'><strong>Deum</strong></span> <span class='ocrx_word' id='word_1_489' title='bbox 2800 1874 3021 1933; x_wconf 79' lang='lat' dir='ltr'><strong>Patrem</strong></span> <span class='ocrx_word' id='word_1_490' title='bbox 3060 1879 3504 1950; x_wconf 77' lang='lat' dir='ltr'><strong>omnipotentem,</strong></span> 
     </span>
    </p>
   </div>
   <div class='ocr_carea' id='block_1_63' title="bbox 1924 1965 3517 2041">
    <p class='ocr_par' dir='ltr' id='par_1_63' title="bbox 1924 1965 3517 2041">
     <span class='ocr_line' id='line_1_64' title="bbox 1924 1965 3517 2041; baseline -0.004 -10"><span class='ocrx_word' id='word_1_491' title='bbox 1924 1978 1981 2032; x_wconf 89' lang='lat' dir='ltr'><strong>et</strong></span> <span class='ocrx_word' id='word_1_492' title='bbox 2013 1974 2069 2029; x_wconf 82' lang='lat' dir='ltr'><strong>in</strong></span> <span class='ocrx_word' id='word_1_493' title='bbox 2100 1984 2273 2028; x_wconf 83' lang='lat' dir='ltr'><strong>unum</strong></span> <span class='ocrx_word' id='word_1_494' title='bbox 2305 1968 2593 2026; x_wconf 73' lang='lat' dir='ltr'><strong>Dominum</strong></span> <span class='ocrx_word' id='word_1_495' title='bbox 2629 1965 3115 2025; x_wconf 61' lang='lat' dir='ltr'><strong>temperantem</strong></span> <span class='ocrx_word' id='word_1_496' title='bbox 3156 1968 3357 2024; x_wconf 77' lang='lat' dir='ltr'><strong>Filium</strong></span> <span class='ocrx_word' id='word_1_497' title='bbox 3389 1969 3517 2041; x_wconf 63' lang='lat' dir='ltr'><strong>eiut</strong></span> 
     </span>
    </p>
   </div>
   <div class='ocr_carea' id='block_1_64' title="bbox 1925 2059 3513 2135">
    <p class='ocr_par' dir='ltr' id='par_1_64' title="bbox 1925 2059 3513 2135">
     <span class='ocr_line' id='line_1_65' title="bbox 1925 2059 3513 2135; baseline -0.003 -14"><span class='ocrx_word' id='word_1_498' title='bbox 1925 2066 2101 2123; x_wconf 49' lang='lat' dir='ltr'><strong>D‘eum&#39;</strong></span> <span class='ocrx_word' id='word_1_499' title='bbox 2125 2060 2570 2135; x_wconf 68' lang='lat' dir='ltr'><strong>omnipotentem,</strong></span> <span class='ocrx_word' id='word_1_500' title='bbox 2601 2069 2655 2116; x_wconf 87' lang='lat' dir='ltr'><strong>et</strong></span> <span class='ocrx_word' id='word_1_501' title='bbox 2697 2060 2755 2116; x_wconf 79' lang='lat' dir='ltr'><strong>in</strong></span> <span class='ocrx_word' id='word_1_502' title='bbox 2778 2066 2945 2116; x_wconf 76' lang='lat' dir='ltr'><strong>unum</strong></span> <span class='ocrx_word' id='word_1_503' title='bbox 2974 2068 3225 2116; x_wconf 67' lang='lat' dir='ltr'><strong>mem</strong></span> <span class='ocrx_word' id='word_1_504' title='bbox 3248 2059 3513 2117; x_wconf 57' lang='lat' dir='ltr'><strong>Paraelea</strong></span> 
     </span>
    </p>
   </div>
   <div class='ocr_carea' id='block_1_65' title="bbox 1926 2150 3511 2226">
    <p class='ocr_par' dir='ltr' id='par_1_65' title="bbox 1926 2150 3511 2226">
     <span class='ocr_line' id='line_1_66' title="bbox 1926 2150 3511 2226; baseline -0.004 -14"><span class='ocrx_word' id='word_1_505' title='bbox 1926 2166 2066 2223; x_wconf 88' lang='lat' dir='ltr'><strong>tum,</strong></span> <span class='ocrx_word' id='word_1_506' title='bbox 2099 2157 2317 2222; x_wconf 85' lang='lat' dir='ltr'><strong>donum,</strong></span> <span class='ocrx_word' id='word_1_507' title='bbox 2354 2163 2411 2210; x_wconf 88' lang='lat' dir='ltr'><strong>et</strong></span> <span class='ocrx_word' id='word_1_508' title='bbox 2433 2150 2695 2226; x_wconf 76' lang='lat' dir='ltr'><strong>Spiritum</strong></span> <span class='ocrx_word' id='word_1_509' title='bbox 2726 2153 3028 2219; x_wconf 76' lang='lat' dir='ltr'><strong>amborum,</strong></span> <span class='ocrx_word' id='word_1_510' title='bbox 3056 2151 3231 2208; x_wconf 71' lang='lat' dir='ltr'><strong>Deum</strong></span> <span class='ocrx_word' id='word_1_511' title='bbox 3260 2152 3511 2225; x_wconf 47' lang='lat' dir='ltr'><strong>enimpos-</strong></span> 
     </span>
    </p>
   </div>
   <div class='ocr_carea' id='block_1_66' title="bbox 1926 2242 3507 2314">
    <p class='ocr_par' dir='ltr' id='par_1_66' title="bbox 1926 2242 3507 2314">
     <span class='ocr_line' id='line_1_67' title="bbox 1926 2242 3507 2314; baseline -0.002 -11"><span class='ocrx_word' id='word_1_512' title='bbox 1926 2254 2150 2303; x_wconf 84' lang='lat' dir='ltr'><strong>ten&#39;tem.</strong></span> <span class='ocrx_word' id='word_1_513' title='bbox 2186 2246 2253 2301; x_wconf 86' lang='lat' dir='ltr'><strong>In</strong></span> <span class='ocrx_word' id='word_1_514' title='bbox 2268 2245 2419 2300; x_wconf 80' lang='lat' dir='ltr'><strong>hanc</strong></span> <span class='ocrx_word' id='word_1_515' title='bbox 2445 2252 2690 2300; x_wconf 77' lang='lat' dir='ltr'><strong>Sanctam</strong></span> <span class='ocrx_word' id='word_1_516' title='bbox 2720 2251 2776 2299; x_wconf 89' lang='lat' dir='ltr'><strong>et</strong></span> <span class='ocrx_word' id='word_1_517' title='bbox 2808 2243 3139 2301; x_wconf 74' lang='lat' dir='ltr'><strong>individuam</strong></span> <span class='ocrx_word' id='word_1_518' title='bbox 3161 2242 3507 2314; x_wconf 67' lang='lat' dir='ltr'><strong>Trinitatem,</strong></span> 
     </span>
    </p>
   </div>
   <div class='ocr_carea' id='block_1_67' title="bbox 1926 2322 3539 2409">
    <p class='ocr_par' dir='ltr' id='par_1_67' title="bbox 1926 2322 3539 2409">
     <span class='ocr_line' id='line_1_68' title="bbox 1926 2322 3539 2409; baseline 0 -14"><span class='ocrx_word' id='word_1_519' title='bbox 1926 2352 2048 2409; x_wconf 73' lang='lat' dir='ltr'><strong>quae</strong></span> <span class='ocrx_word' id='word_1_520' title='bbox 2071 2344 2153 2394; x_wconf 87' lang='lat' dir='ltr'><strong>est</strong></span> <span class='ocrx_word' id='word_1_521' title='bbox 2180 2337 2357 2392; x_wconf 76' lang='lat' dir='ltr'><strong>virtus</strong></span> <span class='ocrx_word' id='word_1_522' title='bbox 2382 2344 2486 2392; x_wconf 87' lang='lat' dir='ltr'><strong>una</strong></span> <span class='ocrx_word' id='word_1_523' title='bbox 2517 2342 2573 2392; x_wconf 88' lang='lat' dir='ltr'><strong>et</strong></span> <span class='ocrx_word' id='word_1_524' title='bbox 2602 2334 2893 2392; x_wconf 79' lang='lat' dir='ltr'><strong>indiscreta</strong></span> <span class='ocrx_word' id='word_1_525' title='bbox 2916 2330 3189 2407; x_wconf 72' lang='lat' dir='ltr'><strong>Majetttas,</strong></span> <span class='ocrx_word' id='word_1_526' title='bbox 3220 2322 3539 2396; x_wconf 52' lang='lat' dir='ltr'><strong>emeaclte‘r&quot;</strong></span> 
     </span>
    </p>
   </div>
   <div class='ocr_carea' id='block_1_68' title="bbox 1926 2415 3512 2499">
    <p class='ocr_par' dir='ltr' id='par_1_68' title="bbox 1926 2415 3512 2499">
     <span class='ocr_line' id='line_1_69' title="bbox 1926 2415 3512 2499; baseline 0.001 -12"><span class='ocrx_word' id='word_1_527' title='bbox 1926 2432 1985 2487; x_wconf 87' lang='lat' dir='ltr'><strong>et</strong></span> <span class='ocrx_word' id='word_1_528' title='bbox 2014 2430 2380 2487; x_wconf 85' lang='lat' dir='ltr'><strong>desideranter</strong></span> <span class='ocrx_word' id='word_1_529' title='bbox 2412 2427 2593 2487; x_wconf 86' lang='lat' dir='ltr'><strong>credo.</strong></span> <span class='ocrx_word' id='word_1_530' title='bbox 2628 2415 2795 2485; x_wconf 11' lang='lat' dir='ltr'><strong>illanc</strong></span> <span class='ocrx_word' id='word_1_531' title='bbox 2841 2427 3001 2485; x_wconf 81' lang='lat' dir='ltr'><strong>labiis</strong></span> <span class='ocrx_word' id='word_1_532' title='bbox 3039 2428 3322 2499; x_wconf 82' lang='lat' dir='ltr'><strong>conﬁteor,</strong></span> <span class='ocrx_word' id='word_1_533' title='bbox 3367 2431 3512 2489; x_wconf 82' lang='lat' dir='ltr'><strong>hanc</strong></span> 
     </span>
    </p>
   </div>
   <div class='ocr_carea' id='block_1_69' title="bbox 1927 2518 3506 2593">
    <p class='ocr_par' dir='ltr' id='par_1_69' title="bbox 1927 2518 3506 2593">
     <span class='ocr_line' id='line_1_70' title="bbox 1927 2518 3506 2593; baseline 0.001 -15"><span class='ocrx_word' id='word_1_534' title='bbox 1927 2519 2097 2587; x_wconf 89' lang='lat' dir='ltr'><strong>omni,</strong></span> <span class='ocrx_word' id='word_1_535' title='bbox 2123 2532 2229 2590; x_wconf 80' lang='lat' dir='ltr'><strong>qua</strong></span> <span class='ocrx_word' id='word_1_536' title='bbox 2268 2520 2442 2585; x_wconf 88' lang='lat' dir='ltr'><strong>valeo,</strong></span> <span class='ocrx_word' id='word_1_537' title='bbox 2483 2518 2686 2574; x_wconf 86' lang='lat' dir='ltr'><strong>virtute</strong></span> <span class='ocrx_word' id='word_1_538' title='bbox 2716 2518 2835 2574; x_wconf 90' lang='lat' dir='ltr'><strong>colo</strong></span> <span class='ocrx_word' id='word_1_539' title='bbox 2869 2528 2925 2575; x_wconf 86' lang='lat' dir='ltr'><strong>et</strong></span> <span class='ocrx_word' id='word_1_540' title='bbox 2970 2518 3147 2586; x_wconf 80' lang='lat' dir='ltr'><strong>laudo,</strong></span> <span class='ocrx_word' id='word_1_541' title='bbox 3196 2520 3506 2593; x_wconf 74' lang='lat' dir='ltr'><strong>magniﬁco,</strong></span> 
     </span>
    </p>
   </div>
   <div class='ocr_carea' id='block_1_70' title="bbox 1928 2609 3517 2682">
    <p class='ocr_par' dir='ltr' id='par_1_70' title="bbox 1928 2609 3517 2682">
     <span class='ocr_line' id='line_1_71' title="bbox 1928 2609 3517 2682; baseline 0 -12"><span class='ocrx_word' id='word_1_542' title='bbox 1928 2613 2152 2680; x_wconf 85' lang='lat' dir='ltr'><strong>invoco,</strong></span> <span class='ocrx_word' id='word_1_543' title='bbox 2190 2612 2480 2678; x_wconf 84' lang='lat' dir='ltr'><strong>benedico,</strong></span> <span class='ocrx_word' id='word_1_544' title='bbox 2513 2622 2615 2666; x_wconf 84' lang='lat' dir='ltr'><strong>oro</strong></span> <span class='ocrx_word' id='word_1_545' title='bbox 2642 2618 2803 2682; x_wconf 79' lang='lat' dir='ltr'><strong>atque</strong></span> <span class='ocrx_word' id='word_1_546' title='bbox 2835 2610 3019 2667; x_wconf 88' lang='lat' dir='ltr'><strong>adoro.</strong></span> <span class='ocrx_word' id='word_1_547' title='bbox 3085 2609 3223 2671; x_wconf 72' lang='lat' dir='ltr'><strong>Huic</strong></span> <span class='ocrx_word' id='word_1_548' title='bbox 3256 2620 3422 2669; x_wconf 79' lang='lat' dir='ltr'><strong>servo</strong></span> <span class='ocrx_word' id='word_1_549' title='bbox 3438 2611 3517 2671; x_wconf 52' lang='grc' dir='ltr'><strong>Δ-η</strong></span> 
     </span>
    </p>
   </div>
   <div class='ocr_carea' id='block_1_71' title="bbox 1932 2700 3521 2771">
    <p class='ocr_par' dir='ltr' id='par_1_71' title="bbox 1932 2700 3521 2771">
     <span class='ocr_line' id='line_1_72' title="bbox 1932 2700 3521 2771; baseline -0.001 -8"><span class='ocrx_word' id='word_1_550' title='bbox 1932 2706 2076 2771; x_wconf 90' lang='lat' dir='ltr'><strong>dem,</strong></span> <span class='ocrx_word' id='word_1_551' title='bbox 2100 2703 2228 2759; x_wconf 86' lang='lat' dir='ltr'><strong>huic</strong></span> <span class='ocrx_word' id='word_1_552' title='bbox 2248 2717 2334 2758; x_wconf 91' lang='lat' dir='ltr'><strong>me</strong></span> <span class='ocrx_word' id='word_1_553' title='bbox 2357 2709 2465 2758; x_wconf 89' lang='lat' dir='ltr'><strong>tota</strong></span> <span class='ocrx_word' id='word_1_554' title='bbox 2493 2700 2776 2759; x_wconf 81' lang='lat' dir='ltr'><strong>devotione</strong></span> <span class='ocrx_word' id='word_1_555' title='bbox 2799 2703 3101 2771; x_wconf 84' lang='lat' dir='ltr'><strong>committo,</strong></span> <span class='ocrx_word' id='word_1_556' title='bbox 3139 2703 3281 2771; x_wconf 82' lang='lat' dir='ltr'><strong>vivo,</strong></span> <span class='ocrx_word' id='word_1_557' title='bbox 3306 2712 3361 2761; x_wconf 91' lang='lat' dir='ltr'><strong>et</strong></span> <span class='ocrx_word' id='word_1_558' title='bbox 3379 2710 3521 2762; x_wconf 75' lang='lat' dir='ltr'><strong>vero</strong></span> 
     </span>
    </p>
   </div>
   <div class='ocr_carea' id='block_1_72' title="bbox 1932 2790 3517 2865">
    <p class='ocr_par' dir='ltr' id='par_1_72' title="bbox 1932 2790 3517 2865">
     <span class='ocr_line' id='line_1_73' title="bbox 1932 2790 3517 2865; baseline 0.001 -14"><span class='ocrx_word' id='word_1_559' title='bbox 1932 2800 1989 2851; x_wconf 87' lang='lat' dir='ltr'><strong>et</strong></span> <span class='ocrx_word' id='word_1_560' title='bbox 2020 2795 2377 2865; x_wconf 87' lang='lat' dir='ltr'><strong>omnipotenti</strong></span> <span class='ocrx_word' id='word_1_561' title='bbox 2408 2794 2535 2849; x_wconf 89' lang='lat' dir='ltr'><strong>De&#39;o.</strong></span> <span class='ocrx_word' id='word_1_562' title='bbox 2567 2790 2701 2849; x_wconf 89' lang='lat' dir='ltr'><strong>Cum</strong></span> <span class='ocrx_word' id='word_1_563' title='bbox 2736 2796 2883 2849; x_wconf 89' lang='lat' dir='ltr'><strong>enim</strong></span> <span class='ocrx_word' id='word_1_564' title='bbox 2921 2793 3042 2850; x_wconf 83' lang='lat' dir='ltr'><strong>dico</strong></span> <span class='ocrx_word' id='word_1_565' title='bbox 3083 2794 3277 2863; x_wconf 84' lang='lat' dir='ltr'><strong>Deum,</strong></span> <span class='ocrx_word' id='word_1_566' title='bbox 3312 2802 3517 2853; x_wconf 72' lang='lat' dir='ltr'><strong>nomen</strong></span> 
     </span>
    </p>
   </div>
   <div class='ocr_carea' id='block_1_73' title="bbox 1931 2880 3518 2957">
    <p class='ocr_par' dir='ltr' id='par_1_73' title="bbox 1931 2880 3518 2957">
     <span class='ocr_line' id='line_1_74' title="bbox 1931 2880 3518 2957; baseline 0.003 -14"><span class='ocrx_word' id='word_1_567' title='bbox 1931 2885 2197 2943; x_wconf 89' lang='lat' dir='ltr'><strong>conﬁteor</strong></span> <span class='ocrx_word' id='word_1_568' title='bbox 2223 2886 2490 2953; x_wconf 71' lang='lat' dir='ltr'><strong>essentizc,</strong></span> <span class='ocrx_word' id='word_1_569' title='bbox 2527 2887 2654 2957; x_wconf 87' lang='lat' dir='ltr'><strong>quia</strong></span> <span class='ocrx_word' id='word_1_570' title='bbox 2688 2900 2884 2943; x_wconf 89' lang='lat' dir='ltr'><strong>nomen</strong></span> <span class='ocrx_word' id='word_1_571' title='bbox 2927 2894 3012 2944; x_wconf 85' lang='lat' dir='ltr'><strong>est</strong></span> <span class='ocrx_word' id='word_1_572' title='bbox 3049 2888 3318 2957; x_wconf 61' lang='lat' dir='ltr'><strong>essentne,</strong></span> <span class='ocrx_word' id='word_1_573' title='bbox 3349 2880 3518 2947; x_wconf 66' lang='lat' dir='ltr'><strong>totius</strong></span> 
     </span>
    </p>
   </div>
   <div class='ocr_carea' id='block_1_74' title="bbox 1930 2977 3512 3053">
    <p class='ocr_par' dir='ltr' id='par_1_74' title="bbox 1930 2977 3512 3053">
     <span class='ocr_line' id='line_1_75' title="bbox 1930 2977 3512 3053; baseline 0.002 -20"><span class='ocrx_word' id='word_1_574' title='bbox 1930 2977 2182 3034; x_wconf 80' lang='lat' dir='ltr'><strong>videlicet</strong></span> <span class='ocrx_word' id='word_1_575' title='bbox 2213 2977 2491 3033; x_wconf 85' lang='lat' dir='ltr'><strong>Trinitatis</strong></span> <span class='ocrx_word' id='word_1_576' title='bbox 2524 2985 2759 3045; x_wconf 83' lang='lat' dir='ltr'><strong>naturae,</strong></span> <span class='ocrx_word' id='word_1_577' title='bbox 2801 2990 2909 3035; x_wconf 84' lang='lat' dir='ltr'><strong>non</strong></span> <span class='ocrx_word' id='word_1_578' title='bbox 2951 2979 3113 3035; x_wconf 86' lang='lat' dir='ltr'><strong>unius</strong></span> <span class='ocrx_word' id='word_1_579' title='bbox 3138 2984 3351 3036; x_wconf 81' lang='lat' dir='ltr'><strong>tantum</strong></span> <span class='ocrx_word' id='word_1_580' title='bbox 3382 2988 3512 3053; x_wconf 72' lang='lat' dir='ltr'><strong>per-</strong></span> 
     </span>
    </p>
   </div>
   <div class='ocr_carea' id='block_1_75' title="bbox 1931 3068 3514 3145">
    <p class='ocr_par' dir='ltr' id='par_1_75' title="bbox 1931 3068 3514 3145">
     <span class='ocr_line' id='line_1_76' title="bbox 1931 3068 3514 3145; baseline 0.001 -17"><span class='ocrx_word' id='word_1_581' title='bbox 1931 3074 2096 3128; x_wconf 66' lang='lat' dir='ltr'><strong>sonae.</strong></span> <span class='ocrx_word' id='word_1_582' title='bbox 2141 3069 2275 3127; x_wconf 88' lang='lat' dir='ltr'><strong>Cum</strong></span> <span class='ocrx_word' id='word_1_583' title='bbox 2303 3080 2483 3127; x_wconf 87' lang='lat' dir='ltr'><strong>autem</strong></span> <span class='ocrx_word' id='word_1_584' title='bbox 2515 3070 2765 3145; x_wconf 74' lang='lat' dir='ltr'><strong>adiungo,</strong></span> <span class='ocrx_word' id='word_1_585' title='bbox 2795 3072 2879 3129; x_wconf 88' lang='lat' dir='ltr'><strong>vel</strong></span> <span class='ocrx_word' id='word_1_586' title='bbox 2901 3070 3137 3141; x_wconf 87' lang='lat' dir='ltr'><strong>Patrem,</strong></span> <span class='ocrx_word' id='word_1_587' title='bbox 3171 3073 3259 3130; x_wconf 87' lang='lat' dir='ltr'><strong>vel</strong></span> <span class='ocrx_word' id='word_1_588' title='bbox 3291 3068 3514 3143; x_wconf 74' lang='lat' dir='ltr'><strong>Filium,</strong></span> 
     </span>
    </p>
   </div>
   <div class='ocr_carea' id='block_1_76' title="bbox 1930 3161 3513 3237">
    <p class='ocr_par' dir='ltr' id='par_1_76' title="bbox 1930 3161 3513 3237">
     <span class='ocr_line' id='line_1_77' title="bbox 1930 3161 3513 3237; baseline 0.004 -21"><span class='ocrx_word' id='word_1_589' title='bbox 1930 3161 2019 3217; x_wconf 87' lang='lat' dir='ltr'><strong>vel</strong></span> <span class='ocrx_word' id='word_1_590' title='bbox 2047 3161 2307 3233; x_wconf 89' lang='lat' dir='ltr'><strong>Spiritum</strong></span> <span class='ocrx_word' id='word_1_591' title='bbox 2330 3170 2595 3230; x_wconf 90' lang='lat' dir='ltr'><strong>sanctum,</strong></span> <span class='ocrx_word' id='word_1_592' title='bbox 2622 3162 2913 3234; x_wconf 85' lang='lat' dir='ltr'><strong>specialem</strong></span> <span class='ocrx_word' id='word_1_593' title='bbox 2937 3162 3192 3220; x_wconf 88' lang='lat' dir='ltr'><strong>denuntio</strong></span> <span class='ocrx_word' id='word_1_594' title='bbox 3220 3170 3513 3237; x_wconf 68' lang='lat' dir='ltr'><strong>personam</strong></span> 
     </span>
    </p>
   </div>
   <div class='ocr_carea' id='block_1_77' title="bbox 1935 3252 3515 3328">
    <p class='ocr_par' dir='ltr' id='par_1_77' title="bbox 1935 3252 3515 3328">
     <span class='ocr_line' id='line_1_78' title="bbox 1935 3252 3515 3328; baseline 0.003 -17"><span class='ocrx_word' id='word_1_595' title='bbox 1935 3254 2287 3327; x_wconf 78' lang='lat' dir='ltr'><strong>singulorum.</strong></span> <span class='ocrx_word' id='word_1_596' title='bbox 2327 3252 2467 3310; x_wconf 81' lang='lat' dir='ltr'><strong>Nam</strong></span> <span class='ocrx_word' id='word_1_597' title='bbox 2507 3266 2631 3311; x_wconf 86' lang='lat' dir='ltr'><strong>cum</strong></span> <span class='ocrx_word' id='word_1_598' title='bbox 2670 3254 2789 3311; x_wconf 77' lang='lat' dir='ltr'><strong>Dec</strong></span> <span class='ocrx_word' id='word_1_599' title='bbox 2826 3255 3116 3327; x_wconf 87' lang='lat' dir='ltr'><strong>loquimur,</strong></span> <span class='ocrx_word' id='word_1_600' title='bbox 3151 3254 3242 3313; x_wconf 86' lang='lat' dir='ltr'><strong>illa</strong></span> <span class='ocrx_word' id='word_1_601' title='bbox 3269 3258 3515 3328; x_wconf 82' lang='lat' dir='ltr'><strong>nomina,</strong></span> 
     </span>
    </p>
   </div>
   <div class='ocr_carea' id='block_1_78' title="bbox 1937 3345 3529 3421">
    <p class='ocr_par' dir='ltr' id='par_1_78' title="bbox 1937 3345 3529 3421">
     <span class='ocr_line' id='line_1_79' title="bbox 1937 3345 3529 3421; baseline 0.003 -17"><span class='ocrx_word' id='word_1_602' title='bbox 1937 3362 2056 3421; x_wconf 62' lang='lat' dir='ltr'><strong>qua)</strong></span> <span class='ocrx_word' id='word_1_603' title='bbox 2098 3349 2167 3404; x_wconf 88' lang='lat' dir='ltr'><strong>ad</strong></span> <span class='ocrx_word' id='word_1_604' title='bbox 2210 3347 2570 3405; x_wconf 85' lang='lat' dir='ltr'><strong>substantiam</strong></span> <span class='ocrx_word' id='word_1_605' title='bbox 2613 3345 2729 3417; x_wconf 80' lang='lat' dir='ltr'><strong>ejus</strong></span> <span class='ocrx_word' id='word_1_606' title='bbox 2770 3349 3077 3418; x_wconf 88' lang='lat' dir='ltr'><strong>pertinent,</strong></span> <span class='ocrx_word' id='word_1_607' title='bbox 3127 3346 3354 3421; x_wconf 64' lang='lat' dir='ltr'><strong>aequalia</strong></span> <span class='ocrx_word' id='word_1_608' title='bbox 3396 3355 3529 3408; x_wconf 71' lang='lat' dir='ltr'><strong>Sunt</strong></span> 
     </span>
    </p>
   </div>
   <div class='ocr_carea' id='block_1_79' title="bbox 1938 3434 3521 3514">
    <p class='ocr_par' dir='ltr' id='par_1_79' title="bbox 1938 3434 3521 3514">
     <span class='ocr_line' id='line_1_80' title="bbox 1938 3434 3521 3514; baseline 0.003 -16"><span class='ocrx_word' id='word_1_609' title='bbox 1938 3450 1992 3498; x_wconf 89' lang='lat' dir='ltr'><strong>et</strong></span> <span class='ocrx_word' id='word_1_610' title='bbox 2019 3444 2325 3499; x_wconf 89' lang='lat' dir='ltr'><strong>communia</strong></span> <span class='ocrx_word' id='word_1_611' title='bbox 2366 3441 2514 3497; x_wconf 88' lang='lat' dir='ltr'><strong>Patri</strong></span> <span class='ocrx_word' id='word_1_612' title='bbox 2555 3449 2611 3498; x_wconf 90' lang='lat' dir='ltr'><strong>et</strong></span> <span class='ocrx_word' id='word_1_613' title='bbox 2647 3440 2783 3497; x_wconf 83' lang='lat' dir='ltr'><strong>Filio</strong></span> <span class='ocrx_word' id='word_1_614' title='bbox 2816 3450 2870 3497; x_wconf 87' lang='lat' dir='ltr'><strong>et</strong></span> <span class='ocrx_word' id='word_1_615' title='bbox 2891 3438 3120 3514; x_wconf 90' lang='lat' dir='ltr'><strong>Spiritui</strong></span> <span class='ocrx_word' id='word_1_616' title='bbox 3171 3452 3378 3501; x_wconf 87' lang='lat' dir='ltr'><strong>sancto.</strong></span> <span class='ocrx_word' id='word_1_617' title='bbox 3424 3434 3521 3502; x_wconf 70' lang='lat' dir='ltr'><strong>illa</strong></span> 
     </span>
    </p>
   </div>
   <div class='ocr_carea' id='block_1_80' title="bbox 1939 3534 3529 3608">
    <p class='ocr_par' dir='ltr' id='par_1_80' title="bbox 1939 3534 3529 3608">
     <span class='ocr_line' id='line_1_81' title="bbox 1939 3534 3529 3608; baseline 0.006 -21"><span class='ocrx_word' id='word_1_618' title='bbox 1939 3544 2088 3600; x_wconf 85' lang='lat' dir='ltr'><strong>vero,</strong></span> <span class='ocrx_word' id='word_1_619' title='bbox 2116 3546 2235 3604; x_wconf 64' lang='lat' dir='ltr'><strong>quae</strong></span> <span class='ocrx_word' id='word_1_620' title='bbox 2264 3547 2520 3605; x_wconf 87' lang='lat' dir='ltr'><strong>personas</strong></span> <span class='ocrx_word' id='word_1_621' title='bbox 2553 3535 2853 3608; x_wconf 81' lang='lat' dir='ltr'><strong>designant,</strong></span> <span class='ocrx_word' id='word_1_622' title='bbox 2896 3534 3119 3591; x_wconf 83' lang='lat' dir='ltr'><strong>r‘elativa</strong></span> <span class='ocrx_word' id='word_1_623' title='bbox 3158 3538 3429 3605; x_wconf 88' lang='lat' dir='ltr'><strong>dicuntur,</strong></span> <span class='ocrx_word' id='word_1_624' title='bbox 3467 3545 3529 3596; x_wconf 80' lang='lat' dir='ltr'><strong>et</strong></span> 
     </span>
    </p>
   </div>
   <div class='ocr_carea' id='block_1_81' title="bbox 1938 3624 3521 3698">
    <p class='ocr_par' dir='ltr' id='par_1_81' title="bbox 1938 3624 3521 3698">
     <span class='ocr_line' id='line_1_82' title="bbox 1938 3624 3521 3698; baseline 0.003 -19"><span class='ocrx_word' id='word_1_625' title='bbox 1938 3624 2296 3696; x_wconf 78' lang='lat' dir='ltr'><strong>proprietates</strong></span> <span class='ocrx_word' id='word_1_626' title='bbox 2362 3626 2603 3681; x_wconf 87' lang='lat' dir='ltr'><strong>indicant</strong></span> <span class='ocrx_word' id='word_1_627' title='bbox 2659 3634 2866 3682; x_wconf 86' lang='lat' dir='ltr'><strong>tantum</strong></span> <span class='ocrx_word' id='word_1_628' title='bbox 2923 3642 3293 3698; x_wconf 89' lang='lat' dir='ltr'><strong>personarum.</strong></span> <span class='ocrx_word' id='word_1_629' title='bbox 3368 3628 3521 3683; x_wconf 82' lang='lat' dir='ltr'><strong>Ilan‘c</strong></span> 
     </span>
    </p>
   </div>
   <div class='ocr_carea' id='block_1_82' title="bbox 1942 3717 3521 3787">
    <p class='ocr_par' dir='ltr' id='par_1_82' title="bbox 1942 3717 3521 3787">
     <span class='ocr_line' id='line_1_83' title="bbox 1942 3717 3521 3787; baseline 0.005 -19"><span class='ocrx_word' id='word_1_630' title='bbox 1942 3720 2202 3787; x_wconf 68' lang='lat' dir='ltr'><strong>praeterea</strong></span> <span class='ocrx_word' id='word_1_631' title='bbox 2236 3729 2422 3771; x_wconf 83' lang='lat' dir='ltr'><strong>veram</strong></span> <span class='ocrx_word' id='word_1_632' title='bbox 2461 3725 2514 3772; x_wconf 91' lang='lat' dir='ltr'><strong>et</strong></span> <span class='ocrx_word' id='word_1_633' title='bbox 2541 3717 2859 3774; x_wconf 76' lang='lat' dir='ltr'><strong>catholicam</strong></span> <span class='ocrx_word' id='word_1_634' title='bbox 2895 3732 3016 3776; x_wconf 89' lang='lat' dir='ltr'><strong>esse</strong></span> <span class='ocrx_word' id='word_1_635' title='bbox 3053 3718 3312 3776; x_wconf 86' lang='lat' dir='ltr'><strong>conﬁteor</strong></span> <span class='ocrx_word' id='word_1_636' title='bbox 3337 3718 3521 3776; x_wconf 84' lang='lat' dir='ltr'><strong>ﬁdem.</strong></span> 
     </span>
    </p>
   </div>
   <div class='ocr_carea' id='block_1_83' title="bbox 1943 3807 3527 3884">
    <p class='ocr_par' dir='ltr' id='par_1_83' title="bbox 1943 3807 3527 3884">
     <span class='ocr_line' id='line_1_84' title="bbox 1943 3807 3527 3884; baseline 0.006 -21"><span class='ocrx_word' id='word_1_637' title='bbox 1943 3807 2071 3864; x_wconf 70' lang='lat' dir='ltr'><strong>Hcce</strong></span> <span class='ocrx_word' id='word_1_638' title='bbox 2094 3816 2177 3863; x_wconf 89' lang='lat' dir='ltr'><strong>est</strong></span> <span class='ocrx_word' id='word_1_639' title='bbox 2203 3824 2342 3878; x_wconf 92' lang='lat' dir='ltr'><strong>mea,</strong></span> <span class='ocrx_word' id='word_1_640' title='bbox 2369 3825 2467 3880; x_wconf 90' lang='lat' dir='ltr'><strong>pro</strong></span> <span class='ocrx_word' id='word_1_641' title='bbox 2491 3825 2595 3881; x_wconf 91' lang='lat' dir='ltr'><strong>qua</strong></span> <span class='ocrx_word' id='word_1_642' title='bbox 2638 3813 2774 3866; x_wconf 88' lang='lat' dir='ltr'><strong>mori</strong></span> <span class='ocrx_word' id='word_1_643' title='bbox 2802 3821 3021 3884; x_wconf 90' lang='lat' dir='ltr'><strong>paratus</strong></span> <span class='ocrx_word' id='word_1_644' title='bbox 3052 3829 3188 3869; x_wconf 93' lang='lat' dir='ltr'><strong>sum.</strong></span> <span class='ocrx_word' id='word_1_645' title='bbox 3220 3812 3373 3871; x_wconf 83' lang='lat' dir='ltr'><strong>Hanc</strong></span> <span class='ocrx_word' id='word_1_646' title='bbox 3400 3813 3527 3873; x_wconf 89' lang='lat' dir='ltr'><strong>ﬁdei</strong></span> 
     </span>
    </p>
   </div>
   <div class='ocr_carea' id='block_1_84' title="bbox 1945 3903 3523 3977">
    <p class='ocr_par' dir='ltr' id='par_1_84' title="bbox 1945 3903 3523 3977">
     <span class='ocr_line' id='line_1_85' title="bbox 1945 3903 3523 3977; baseline 0.005 -20"><span class='ocrx_word' id='word_1_647' title='bbox 1945 3903 2186 3975; x_wconf 81' lang='lat' dir='ltr'><strong>regulam</strong></span> <span class='ocrx_word' id='word_1_648' title='bbox 2232 3919 2262 3959; x_wconf 90' lang='lat' dir='ltr'><strong>a</strong></span> <span class='ocrx_word' id='word_1_649' title='bbox 2292 3903 2519 3959; x_wconf 90' lang='lat' dir='ltr'><strong>Domino</strong></span> <span class='ocrx_word' id='word_1_650' title='bbox 2546 3903 2787 3975; x_wconf 83' lang='lat' dir='ltr'><strong>Apostoli</strong></span> <span class='ocrx_word' id='word_1_651' title='bbox 2828 3914 3171 3977; x_wconf 89' lang='lat' dir='ltr'><strong>acceperunt,</strong></span> <span class='ocrx_word' id='word_1_652' title='bbox 3221 3914 3280 3963; x_wconf 91' lang='lat' dir='ltr'><strong>ut</strong></span> <span class='ocrx_word' id='word_1_653' title='bbox 3326 3908 3380 3962; x_wconf 93' lang='lat' dir='ltr'><strong>in</strong></span> <span class='ocrx_word' id='word_1_654' title='bbox 3420 3922 3523 3965; x_wconf 90' lang='lat' dir='ltr'><strong>no-</strong></span> 
     </span>
    </p>
   </div>
   <div class='ocr_carea' id='block_1_85' title="bbox 1945 3994 3527 4068">
    <p class='ocr_par' dir='ltr' id='par_1_85' title="bbox 1945 3994 3527 4068">
     <span class='ocr_line' id='line_1_86' title="bbox 1945 3994 3527 4068; baseline 0.003 -17"><span class='ocrx_word' id='word_1_655' title='bbox 1945 3996 2091 4051; x_wconf 89' lang='lat' dir='ltr'><strong>mine</strong></span> <span class='ocrx_word' id='word_1_656' title='bbox 2115 3994 2291 4052; x_wconf 90' lang='lat' dir='ltr'><strong>Patris</strong></span> <span class='ocrx_word' id='word_1_657' title='bbox 2325 4004 2379 4051; x_wconf 92' lang='lat' dir='ltr'><strong>et</strong></span> <span class='ocrx_word' id='word_1_658' title='bbox 2413 3995 2533 4050; x_wconf 85' lang='lat' dir='ltr'><strong>Filii</strong></span> <span class='ocrx_word' id='word_1_659' title='bbox 2562 4005 2617 4051; x_wconf 91' lang='lat' dir='ltr'><strong>et</strong></span> <span class='ocrx_word' id='word_1_660' title='bbox 2644 3995 2876 4068; x_wconf 87' lang='lat' dir='ltr'><strong>Spiritus</strong></span> <span class='ocrx_word' id='word_1_661' title='bbox 2913 3998 3087 4053; x_wconf 88' lang='lat' dir='ltr'><strong>sancti</strong></span> <span class='ocrx_word' id='word_1_662' title='bbox 3117 3998 3401 4056; x_wconf 86' lang='lat' dir='ltr'><strong>credentes</strong></span> <span class='ocrx_word' id='word_1_663' title='bbox 3430 3999 3527 4056; x_wconf 88' lang='lat' dir='ltr'><strong>ba-</strong></span> 
     </span>
    </p>
   </div>
   <div class='ocr_carea' id='block_1_86' title="bbox 1945 4078 3530 4161">
    <p class='ocr_par' dir='ltr' id='par_1_86' title="bbox 1945 4078 3530 4161">
     <span class='ocr_line' id='line_1_87' title="bbox 1945 4078 3530 4161; baseline 0.006 -20"><span class='ocrx_word' id='word_1_664' title='bbox 1945 4090 2233 4157; x_wconf 84' lang='lat' dir='ltr'><strong>ptizarent.</strong></span> <span class='ocrx_word' id='word_1_665' title='bbox 2282 4088 2387 4144; x_wconf 90' lang='lat' dir='ltr'><strong>Per</strong></span> <span class='ocrx_word' id='word_1_666' title='bbox 2413 4090 2555 4145; x_wconf 88' lang='lat' dir='ltr'><strong>hanc</strong></span> <span class='ocrx_word' id='word_1_667' title='bbox 2584 4088 2765 4156; x_wconf 84' lang='lat' dir='ltr'><strong>ﬁdem,</strong></span> <span class='ocrx_word' id='word_1_668' title='bbox 2814 4078 2904 4161; x_wconf 76' lang='lat' dir='ltr'><strong>qui</strong></span> <span class='ocrx_word' id='word_1_669' title='bbox 2949 4106 3163 4147; x_wconf 89' lang='lat' dir='ltr'><strong>eramus</strong></span> <span class='ocrx_word' id='word_1_670' title='bbox 3208 4090 3302 4147; x_wconf 81' lang='lat' dir='ltr'><strong>lilii</strong></span> <span class='ocrx_word' id='word_1_671' title='bbox 3339 4093 3530 4151; x_wconf 84' lang='lat' dir='ltr'><strong>mortis</strong></span> 
     </span>
    </p>
   </div>
   <div class='ocr_carea' id='block_1_87' title="bbox 1948 4176 3529 4249">
    <p class='ocr_par' dir='ltr' id='par_1_87' title="bbox 1948 4176 3529 4249">
     <span class='ocr_line' id='line_1_88' title="bbox 1948 4176 3529 4249; baseline 0.005 -14"><span class='ocrx_word' id='word_1_672' title='bbox 1948 4189 2004 4235; x_wconf 86' lang='lat' dir='ltr'><strong>et</strong></span> <span class='ocrx_word' id='word_1_673' title='bbox 2019 4178 2425 4248; x_wconf 74' lang='lat' dir='ltr'><strong>dial:oli,el‘fecti</strong></span> <span class='ocrx_word' id='word_1_674' title='bbox 2463 4197 2648 4236; x_wconf 90' lang='lat' dir='ltr'><strong>sumus</strong></span> <span class='ocrx_word' id='word_1_675' title='bbox 2674 4180 2769 4236; x_wconf 82' lang='lat' dir='ltr'><strong>lilii</strong></span> <span class='ocrx_word' id='word_1_676' title='bbox 2795 4176 2911 4249; x_wconf 85' lang='lat' dir='ltr'><strong>Dei,</strong></span> <span class='ocrx_word' id='word_1_677' title='bbox 2935 4182 3070 4239; x_wconf 91' lang='lat' dir='ltr'><strong>lucis</strong></span> <span class='ocrx_word' id='word_1_678' title='bbox 3097 4192 3152 4240; x_wconf 92' lang='lat' dir='ltr'><strong>et</strong></span> <span class='ocrx_word' id='word_1_679' title='bbox 3176 4186 3529 4243; x_wconf 87' lang='lat' dir='ltr'><strong>resurrectio-</strong></span> 
     </span>
    </p>
   </div>
   <div class='ocr_carea' id='block_1_88' title="bbox 1950 4269 3532 4346">
    <p class='ocr_par' dir='ltr' id='par_1_88' title="bbox 1950 4269 3532 4346">
     <span class='ocr_line' id='line_1_89' title="bbox 1950 4269 3532 4346; baseline 0.008 -23"><span class='ocrx_word' id='word_1_680' title='bbox 1950 4269 2055 4323; x_wconf 89' lang='lat' dir='ltr'><strong>nis.</strong></span> <span class='ocrx_word' id='word_1_681' title='bbox 2082 4269 2186 4324; x_wconf 90' lang='lat' dir='ltr'><strong>Per</strong></span> <span class='ocrx_word' id='word_1_682' title='bbox 2212 4270 2352 4325; x_wconf 87' lang='lat' dir='ltr'><strong>hanc</strong></span> <span class='ocrx_word' id='word_1_683' title='bbox 2379 4272 2638 4343; x_wconf 90' lang='lat' dir='ltr'><strong>cripimur</strong></span> <span class='ocrx_word' id='word_1_684' title='bbox 2666 4271 2731 4327; x_wconf 91' lang='lat' dir='ltr'><strong>de</strong></span> <span class='ocrx_word' id='word_1_685' title='bbox 2756 4282 3023 4346; x_wconf 85' lang='lat' dir='ltr'><strong>potestate</strong></span> <span class='ocrx_word' id='word_1_686' title='bbox 3052 4275 3393 4333; x_wconf 89' lang='lat' dir='ltr'><strong>tenebrarum</strong></span> <span class='ocrx_word' id='word_1_687' title='bbox 3416 4319 3430 4345; x_wconf 91' lang='lat'><strong>,</strong></span> <span class='ocrx_word' id='word_1_688' title='bbox 3475 4287 3532 4335; x_wconf 76' lang='lat' dir='ltr'><strong>et</strong></span> 
     </span>
    </p>
   </div>
   <div class='ocr_carea' id='block_1_89' title="bbox 1950 4359 3529 4440">
    <p class='ocr_par' dir='ltr' id='par_1_89' title="bbox 1950 4359 3529 4440">
     <span class='ocr_line' id='line_1_90' title="bbox 1950 4359 3529 4440; baseline 0.007 -25"><span class='ocrx_word' id='word_1_689' title='bbox 1950 4359 2330 4415; x_wconf 67' lang='lat' dir='ltr'><strong>transierimur</strong></span> <span class='ocrx_word' id='word_1_690' title='bbox 2354 4361 2406 4416; x_wconf 93' lang='lat' dir='ltr'><strong>in</strong></span> <span class='ocrx_word' id='word_1_691' title='bbox 2426 4378 2648 4433; x_wconf 82' lang='lat' dir='ltr'><strong>regnum</strong></span> <span class='ocrx_word' id='word_1_692' title='bbox 2664 4361 2783 4418; x_wconf 83' lang='lat' dir='ltr'><strong>Filii</strong></span> <span class='ocrx_word' id='word_1_693' title='bbox 2822 4364 3102 4421; x_wconf 89' lang='lat' dir='ltr'><strong>cbaritatis</strong></span> <span class='ocrx_word' id='word_1_694' title='bbox 3125 4364 3246 4426; x_wconf 86' lang='lat' dir='ltr'><strong>Dei.</strong></span> <span class='ocrx_word' id='word_1_695' title='bbox 3288 4365 3347 4421; x_wconf 89' lang='lat' dir='ltr'><strong>In</strong></span> <span class='ocrx_word' id='word_1_696' title='bbox 3371 4365 3529 4440; x_wconf 79' lang='lat' dir='ltr'><strong>hujus</strong></span> 
     </span>
    </p>
   </div>
   <div class='ocr_carea' id='block_1_90' title="bbox 1952 4449 3527 4526">
    <p class='ocr_par' dir='ltr' id='par_1_90' title="bbox 1952 4449 3527 4526">
     <span class='ocr_line' id='line_1_91' title="bbox 1952 4449 3527 4526; baseline 0.006 -19"><span class='ocrx_word' id='word_1_697' title='bbox 1952 4449 2076 4507; x_wconf 90' lang='lat' dir='ltr'><strong>ﬁdei</strong></span> <span class='ocrx_word' id='word_1_698' title='bbox 2120 4450 2453 4522; x_wconf 78' lang='lat' dir='ltr'><strong>professione</strong></span> <span class='ocrx_word' id='word_1_699' title='bbox 2480 4450 2642 4526; x_wconf 68' lang='grc'><strong>495</strong></span> <span class='ocrx_word' id='word_1_700' title='bbox 2678 4465 2732 4510; x_wconf 91' lang='lat' dir='ltr'><strong>ct</strong></span> <span class='ocrx_word' id='word_1_701' title='bbox 2768 4455 2996 4525; x_wconf 90' lang='lat' dir='ltr'><strong>virtute,</strong></span> <span class='ocrx_word' id='word_1_702' title='bbox 3046 4457 3112 4513; x_wconf 92' lang='lat' dir='ltr'><strong>de</strong></span> <span class='ocrx_word' id='word_1_703' title='bbox 3162 4457 3247 4513; x_wconf 89' lang='lat' dir='ltr'><strong>die</strong></span> <span class='ocrx_word' id='word_1_704' title='bbox 3290 4458 3346 4514; x_wconf 91' lang='lat' dir='ltr'><strong>in</strong></span> <span class='ocrx_word' id='word_1_705' title='bbox 3379 4459 3527 4516; x_wconf 91' lang='lat' dir='ltr'><strong>diem</strong></span> 
     </span>
    </p>
   </div>
   <div class='ocr_carea' id='block_1_91' title="bbox 266 4544 3528 4652">
    <p class='ocr_par' dir='ltr' id='par_1_91' title="bbox 266 4544 3528 4652">
     <span class='ocr_line' id='line_1_92' title="bbox 266 4544 3528 4652; baseline -0.004 -36"><span class='ocrx_word' id='word_1_706' title='bbox 266 4556 575 4631; x_wconf 80' lang='lat' dir='ltr'><strong>linguarum</strong></span> <span class='ocrx_word' id='word_1_707' title='bbox 602 4554 899 4610; x_wconf 87' lang='lat' dir='ltr'><strong>scientiam.</strong></span> <span class='ocrx_word' id='word_1_708' title='bbox 938 4550 1039 4617; x_wconf 85' lang='lat' dir='ltr'><strong>Qui</strong></span> <span class='ocrx_word' id='word_1_709' title='bbox 1066 4549 1303 4605; x_wconf 90' lang='lat' dir='ltr'><strong>viviﬁcat</strong></span> <span class='ocrx_word' id='word_1_710' title='bbox 1336 4550 1537 4614; x_wconf 90' lang='lat' dir='ltr'><strong>omnia,</strong></span> <span class='ocrx_word' id='word_1_711' title='bbox 1570 4550 1661 4620; x_wconf 91' lang='lat' dir='ltr'><strong>qui</strong></span> <span class='ocrx_word' id='word_1_712' title='bbox 1700 4566 1850 4605; x_wconf 92' lang='lat' dir='ltr'><strong>scru-</strong></span> <span class='ocrx_word' id='word_1_713' title='bbox 1874 4576 1930 4652; x_wconf 60' lang='grc' dir='ltr'><strong>ὑ</strong></span> <span class='ocrx_word' id='word_1_714' title='bbox 1951 4544 2216 4617; x_wconf 80' lang='lat' dir='ltr'><strong>proficere</strong></span> <span class='ocrx_word' id='word_1_715' title='bbox 2240 4554 2387 4616; x_wconf 91' lang='lat' dir='ltr'><strong>opto,</strong></span> <span class='ocrx_word' id='word_1_716' title='bbox 2411 4556 2598 4617; x_wconf 86' lang='lat' dir='ltr'><strong>petens</strong></span> <span class='ocrx_word' id='word_1_717' title='bbox 2624 4564 2653 4602; x_wconf 90' lang='lat' dir='ltr'><strong>a</strong></span> <span class='ocrx_word' id='word_1_718' title='bbox 2680 4547 2907 4605; x_wconf 91' lang='lat' dir='ltr'><strong>Domino</strong></span> <span class='ocrx_word' id='word_1_719' title='bbox 2928 4566 3050 4606; x_wconf 91' lang='lat' dir='ltr'><strong>cum</strong></span> <span class='ocrx_word' id='word_1_720' title='bbox 3075 4551 3205 4622; x_wconf 88' lang='lat' dir='ltr'><strong>ipsis</strong></span> <span class='ocrx_word' id='word_1_721' title='bbox 3228 4551 3483 4624; x_wconf 88' lang='lat' dir='ltr'><strong>apostolis</strong></span> <span class='ocrx_word' id='word_1_722' title='bbox 3513 4571 3528 4608; x_wconf 90' lang='lat'><strong>:</strong></span> 
     </span>
    </p>
   </div>
   <div class='ocr_carea' id='block_1_92' title="bbox 265 4640 1849 4718">
    <p class='ocr_par' dir='ltr' id='par_1_92' title="bbox 265 4640 1849 4718">
     <span class='ocr_line' id='line_1_93' title="bbox 265 4640 1849 4718; baseline -0.008 -10"><span class='ocrx_word' id='word_1_723' title='bbox 265 4658 419 4707; x_wconf 82' lang='lat' dir='ltr'><strong>tatur</strong></span> <span class='ocrx_word' id='word_1_724' title='bbox 448 4646 704 4718; x_wconf 80' lang='lat' dir='ltr'><strong>mysteria</strong></span> <span class='ocrx_word' id='word_1_725' title='bbox 748 4644 911 4710; x_wconf 91' lang='lat' dir='ltr'><strong>solus,</strong></span> <span class='ocrx_word' id='word_1_726' title='bbox 955 4650 1008 4697; x_wconf 90' lang='lat' dir='ltr'><strong>et</strong></span> <span class='ocrx_word' id='word_1_727' title='bbox 1031 4641 1297 4713; x_wconf 82' lang='lat' dir='ltr'><strong>profunda</strong></span> <span class='ocrx_word' id='word_1_728' title='bbox 1324 4640 1418 4695; x_wconf 91' lang='lat' dir='ltr'><strong>Dei</strong></span> <span class='ocrx_word' id='word_1_729' title='bbox 1447 4659 1458 4693; x_wconf 91' lang='lat'>:</span> <span class='ocrx_word' id='word_1_730' title='bbox 1485 4641 1573 4710; x_wconf 90' lang='lat' dir='ltr'><strong>qui</strong></span> <span class='ocrx_word' id='word_1_731' title='bbox 1610 4648 1849 4711; x_wconf 88' lang='lat' dir='ltr'><strong>tempore</strong></span> 
     </span>
    </p>
   </div>
   <div class='ocr_carea' id='block_1_93' title="bbox 266 4730 1845 4813">
    <p class='ocr_par' dir='ltr' id='par_1_93' title="bbox 266 4730 1845 4813">
     <span class='ocr_line' id='line_1_94' title="bbox 266 4730 1845 4813; baseline -0.008 -15"><span class='ocrx_word' id='word_1_732' title='bbox 266 4730 522 4813; x_wconf 82' lang='lat' dir='ltr'><strong>baptismi</strong></span> <span class='ocrx_word' id='word_1_733' title='bbox 562 4737 768 4792; x_wconf 88' lang='lat' dir='ltr'><strong>animas</strong></span> <span class='ocrx_word' id='word_1_734' title='bbox 797 4734 1134 4791; x_wconf 86' lang='lat' dir='ltr'><strong>credentium</strong></span> <span class='ocrx_word' id='word_1_735' title='bbox 1177 4740 1233 4787; x_wconf 92' lang='lat' dir='ltr'><strong>et</strong></span> <span class='ocrx_word' id='word_1_736' title='bbox 1262 4746 1489 4802; x_wconf 90' lang='lat' dir='ltr'><strong>corpora</strong></span> <span class='ocrx_word' id='word_1_737' title='bbox 1528 4730 1845 4786; x_wconf 86' lang='lat' dir='ltr'><strong>sanctiﬁcat.</strong></span> 
     </span>
    </p>
   </div>
   <div class='ocr_carea' id='block_1_94' title="bbox 269 4823 1845 4901">
    <p class='ocr_par' dir='ltr' id='par_1_94' title="bbox 269 4823 1845 4901">
     <span class='ocr_line' id='line_1_95' title="bbox 269 4823 1845 4901; baseline -0.01 -9"><span class='ocrx_word' id='word_1_738' title='bbox 269 4834 375 4892; x_wconf 80' lang='lat' dir='ltr'><strong>Hic</strong></span> <span class='ocrx_word' id='word_1_739' title='bbox 397 4847 535 4889; x_wconf 88' lang='lat' dir='ltr'><strong>unus</strong></span> <span class='ocrx_word' id='word_1_740' title='bbox 561 4830 775 4901; x_wconf 88' lang='lat' dir='ltr'><strong>quidem</strong></span> <span class='ocrx_word' id='word_1_741' title='bbox 799 4834 900 4893; x_wconf 85' lang='lat' dir='ltr'><strong>est,</strong></span> <span class='ocrx_word' id='word_1_742' title='bbox 930 4826 1022 4881; x_wconf 89' lang='lat' dir='ltr'><strong>sed</strong></span> <span class='ocrx_word' id='word_1_743' title='bbox 1050 4824 1322 4894; x_wconf 77' lang='lat' dir='ltr'><strong>multiplex</strong></span> <span class='ocrx_word' id='word_1_744' title='bbox 1352 4823 1403 4877; x_wconf 92' lang='lat' dir='ltr'><strong>in</strong></span> <span class='ocrx_word' id='word_1_745' title='bbox 1427 4823 1845 4893; x_wconf 86' lang='lat' dir='ltr'><strong>operationibus.</strong></span> 
     </span>
    </p>
   </div>
   <div class='ocr_carea' id='block_1_95' title="bbox 269 4916 1852 5001">
    <p class='ocr_par' dir='ltr' id='par_1_95' title="bbox 269 4916 1852 5001">
     <span class='ocr_line' id='line_1_96' title="bbox 269 4916 1852 5001; baseline -0.008 -17"><span class='ocrx_word' id='word_1_746' title='bbox 269 4928 395 5001; x_wconf 85' lang='lat' dir='ltr'><strong>Ipse</strong></span> <span class='ocrx_word' id='word_1_747' title='bbox 419 4924 607 4981; x_wconf 88' lang='lat' dir='ltr'><strong>dividit</strong></span> <span class='ocrx_word' id='word_1_748' title='bbox 636 4922 929 4994; x_wconf 83' lang='lat' dir='ltr'><strong>gratiarum</strong></span> <span class='ocrx_word' id='word_1_749' title='bbox 961 4921 1098 4974; x_wconf 88' lang='lat' dir='ltr'><strong>dona</strong></span> <span class='ocrx_word' id='word_1_750' title='bbox 1127 4916 1349 4988; x_wconf 81' lang='lat' dir='ltr'><strong>singulis</strong></span> <span class='ocrx_word' id='word_1_751' title='bbox 1372 4927 1530 4987; x_wconf 87' lang='lat' dir='ltr'><strong>prout</strong></span> <span class='ocrx_word' id='word_1_752' title='bbox 1552 4916 1665 4972; x_wconf 88' lang='lat' dir='ltr'><strong>vult</strong></span> <span class='ocrx_word' id='word_1_753' title='bbox 1694 4935 1706 4969; x_wconf 92' lang='lat'>:</span> <span class='ocrx_word' id='word_1_754' title='bbox 1734 4917 1852 4972; x_wconf 90' lang='lat' dir='ltr'><strong>sine</strong></span> 
     </span>
    </p>
   </div>
   <div class='ocr_carea' id='block_1_96' title="bbox 273 5008 1852 5091">
    <p class='ocr_par' dir='ltr' id='par_1_96' title="bbox 273 5008 1852 5091">
     <span class='ocr_line' id='line_1_97' title="bbox 273 5008 1852 5091; baseline -0.006 -18"><span class='ocrx_word' id='word_1_755' title='bbox 273 5034 385 5091; x_wconf 84' lang='lat' dir='ltr'><strong>quo</strong></span> <span class='ocrx_word' id='word_1_756' title='bbox 417 5031 510 5072; x_wconf 92' lang='lat' dir='ltr'><strong>cor</strong></span> <span class='ocrx_word' id='word_1_757' title='bbox 534 5014 804 5086; x_wconf 88' lang='lat' dir='ltr'><strong>stupidum</strong></span> <span class='ocrx_word' id='word_1_758' title='bbox 831 5020 915 5067; x_wconf 91' lang='lat' dir='ltr'><strong>est</strong></span> <span class='ocrx_word' id='word_1_759' title='bbox 951 5020 1005 5065; x_wconf 89' lang='lat' dir='ltr'><strong>et</strong></span> <span class='ocrx_word' id='word_1_760' title='bbox 1033 5010 1285 5074; x_wconf 89' lang='lat' dir='ltr'><strong>stultum;</strong></span> <span class='ocrx_word' id='word_1_761' title='bbox 1321 5009 1437 5063; x_wconf 91' lang='lat' dir='ltr'><strong>sine</strong></span> <span class='ocrx_word' id='word_1_762' title='bbox 1470 5008 1622 5078; x_wconf 87' lang='lat' dir='ltr'><strong>cujus</strong></span> <span class='ocrx_word' id='word_1_763' title='bbox 1652 5008 1852 5064; x_wconf 81' lang='lat' dir='ltr'><strong>virtute</strong></span> 
     </span>
    </p>
   </div>
   <div class='ocr_carea' id='block_1_97' title="bbox 274 5100 1855 5175">
    <p class='ocr_par' dir='ltr' id='par_1_97' title="bbox 274 5100 1855 5175">
     <span class='ocr_line' id='line_1_98' title="bbox 274 5100 1855 5175; baseline -0.007 -8"><span class='ocrx_word' id='word_1_764' title='bbox 274 5111 422 5169; x_wconf 89' lang='lat' dir='ltr'><strong>nulla</strong></span> <span class='ocrx_word' id='word_1_765' title='bbox 449 5115 693 5164; x_wconf 87' lang='lat' dir='ltr'><strong>creatura</strong></span> <span class='ocrx_word' id='word_1_766' title='bbox 727 5112 901 5175; x_wconf 88' lang='lat' dir='ltr'><strong>potest</strong></span> <span class='ocrx_word' id='word_1_767' title='bbox 934 5102 999 5157; x_wconf 89' lang='lat' dir='ltr'><strong>ad</strong></span> <span class='ocrx_word' id='word_1_768' title='bbox 1034 5101 1387 5156; x_wconf 72' lang='lat' dir='ltr'><strong>:nternitatcm</strong></span> <span class='ocrx_word' id='word_1_769' title='bbox 1424 5101 1644 5155; x_wconf 87' lang='lat' dir='ltr'><strong>venire:</strong></span> <span class='ocrx_word' id='word_1_770' title='bbox 1672 5100 1763 5169; x_wconf 90' lang='lat' dir='ltr'><strong>qui</strong></span> <span class='ocrx_word' id='word_1_771' title='bbox 1799 5108 1855 5156; x_wconf 88' lang='lat' dir='ltr'><strong>et</strong></span> 
     </span>
    </p>
   </div>
   <div class='ocr_carea' id='block_1_98' title="bbox 274 5191 1856 5266">
    <p class='ocr_par' dir='ltr' id='par_1_98' title="bbox 274 5191 1856 5266">
     <span class='ocr_line' id='line_1_99' title="bbox 274 5191 1856 5266; baseline -0.008 -6"><span class='ocrx_word' id='word_1_772' title='bbox 274 5203 561 5259; x_wconf 84' lang='lat' dir='ltr'><strong>universas</strong></span> <span class='ocrx_word' id='word_1_773' title='bbox 599 5198 856 5253; x_wconf 63' lang='lat' dir='ltr'><strong>caelorum</strong></span> <span class='ocrx_word' id='word_1_774' title='bbox 891 5201 1187 5266; x_wconf 88' lang='lat' dir='ltr'><strong>potestates</strong></span> <span class='ocrx_word' id='word_1_775' title='bbox 1221 5208 1319 5247; x_wconf 89' lang='lat' dir='ltr'><strong>sua</strong></span> <span class='ocrx_word' id='word_1_776' title='bbox 1346 5191 1620 5259; x_wconf 79' lang='lat' dir='ltr'><strong>Maiestate</strong></span> <span class='ocrx_word' id='word_1_777' title='bbox 1657 5193 1856 5248; x_wconf 87' lang='lat' dir='ltr'><strong>sancti-</strong></span> 
     </span>
    </p>
   </div>
   <div class='ocr_carea' id='block_1_99' title="bbox 276 5282 1856 5357">
    <p class='ocr_par' dir='ltr' id='par_1_99' title="bbox 276 5282 1856 5357">
     <span class='ocr_line' id='line_1_100' title="bbox 276 5282 1856 5357; baseline -0.009 -5"><span class='ocrx_word' id='word_1_778' title='bbox 276 5295 427 5352; x_wconf 78' lang='lat' dir='ltr'><strong>ﬁcat.</strong></span> <span class='ocrx_word' id='word_1_779' title='bbox 462 5290 716 5347; x_wconf 86' lang='lat' dir='ltr'><strong>Mirabilis</strong></span> <span class='ocrx_word' id='word_1_780' title='bbox 744 5291 946 5352; x_wconf 90' lang='lat' dir='ltr'><strong>doctor,</strong></span> <span class='ocrx_word' id='word_1_781' title='bbox 987 5294 1041 5341; x_wconf 89' lang='lat' dir='ltr'><strong>et</strong></span> <span class='ocrx_word' id='word_1_782' title='bbox 1074 5293 1263 5357; x_wconf 89' lang='lat' dir='ltr'><strong>potens</strong></span> <span class='ocrx_word' id='word_1_783' title='bbox 1296 5282 1509 5348; x_wconf 79' lang='lat' dir='ltr'><strong>artifex,</strong></span> <span class='ocrx_word' id='word_1_784' title='bbox 1544 5285 1637 5355; x_wconf 91' lang='lat' dir='ltr'><strong>qui</strong></span> <span class='ocrx_word' id='word_1_785' title='bbox 1680 5284 1734 5338; x_wconf 92' lang='lat' dir='ltr'><strong>in</strong></span> <span class='ocrx_word' id='word_1_786' title='bbox 1776 5282 1856 5338; x_wconf 82' lang='lat' dir='ltr'><strong>fa-</strong></span> 
     </span>
    </p>
   </div>
   <div class='ocr_carea' id='block_1_100' title="bbox 277 5375 1853 5449">
    <p class='ocr_par' dir='ltr' id='par_1_100' title="bbox 277 5375 1853 5449">
     <span class='ocr_line' id='line_1_101' title="bbox 277 5375 1853 5449; baseline -0.007 -7"><span class='ocrx_word' id='word_1_787' title='bbox 277 5386 475 5443; x_wconf 87' lang='lat' dir='ltr'><strong>ciendo</strong></span> <span class='ocrx_word' id='word_1_788' title='bbox 528 5382 729 5440; x_wconf 90' lang='lat' dir='ltr'><strong>nullam</strong></span> <span class='ocrx_word' id='word_1_789' title='bbox 778 5395 989 5437; x_wconf 86' lang='lat' dir='ltr'><strong>moram</strong></span> <span class='ocrx_word' id='word_1_790' title='bbox 1034 5377 1164 5449; x_wconf 83' lang='lat' dir='ltr'><strong>agit,</strong></span> <span class='ocrx_word' id='word_1_791' title='bbox 1209 5375 1302 5446; x_wconf 90' lang='lat' dir='ltr'><strong>qui</strong></span> <span class='ocrx_word' id='word_1_792' title='bbox 1354 5375 1516 5431; x_wconf 89' lang='lat' dir='ltr'><strong>corda</strong></span> <span class='ocrx_word' id='word_1_793' title='bbox 1560 5375 1853 5445; x_wconf 89' lang='lat' dir='ltr'><strong>molliﬁeat,</strong></span> 
     </span>
    </p>
   </div>
   <div class='ocr_carea' id='block_1_101' title="bbox 276 5468 1856 5549">
    <p class='ocr_par' dir='ltr' id='par_1_101' title="bbox 276 5468 1856 5549">
     <span class='ocr_line' id='line_1_102' title="bbox 276 5468 1856 5549; baseline -0.008 -13"><span class='ocrx_word' id='word_1_794' title='bbox 276 5486 340 5537; x_wconf 81' lang='lat' dir='ltr'><strong>et</strong></span> <span class='ocrx_word' id='word_1_795' title='bbox 367 5476 615 5549; x_wconf 84' lang='lat' dir='ltr'><strong>producit</strong></span> <span class='ocrx_word' id='word_1_796' title='bbox 656 5472 1043 5545; x_wconf 65' lang='lat' dir='ltr'><strong>paenitentibus</strong></span> <span class='ocrx_word' id='word_1_797' title='bbox 1079 5469 1366 5539; x_wconf 78' lang='lat' dir='ltr'><strong>lacrymas,</strong></span> <span class='ocrx_word' id='word_1_798' title='bbox 1395 5468 1483 5537; x_wconf 90' lang='lat' dir='ltr'><strong>qui</strong></span> <span class='ocrx_word' id='word_1_799' title='bbox 1510 5477 1856 5540; x_wconf 83' lang='lat' dir='ltr'><strong>peccatorum</strong></span> 
     </span>
    </p>
   </div>
   <div class='ocr_carea' id='block_1_102' title="bbox 282 5560 1855 5633">
    <p class='ocr_par' dir='ltr' id='par_1_102' title="bbox 282 5560 1855 5633">
     <span class='ocr_line' id='line_1_103' title="bbox 282 5560 1855 5633; baseline -0.008 -8"><span class='ocrx_word' id='word_1_800' title='bbox 282 5569 381 5627; x_wconf 87' lang='lat' dir='ltr'><strong>dat</strong></span> <span class='ocrx_word' id='word_1_801' title='bbox 410 5567 804 5631; x_wconf 88' lang='lat' dir='ltr'><strong>remissionem,</strong></span> <span class='ocrx_word' id='word_1_802' title='bbox 846 5564 898 5619; x_wconf 92' lang='lat' dir='ltr'><strong>in</strong></span> <span class='ocrx_word' id='word_1_803' title='bbox 928 5578 1108 5633; x_wconf 87' lang='lat' dir='ltr'><strong>quem,</strong></span> <span class='ocrx_word' id='word_1_804' title='bbox 1136 5561 1180 5615; x_wconf 91' lang='lat' dir='ltr'><strong>si</strong></span> <span class='ocrx_word' id='word_1_805' title='bbox 1223 5560 1343 5630; x_wconf 90' lang='lat' dir='ltr'><strong>quis</strong></span> <span class='ocrx_word' id='word_1_806' title='bbox 1384 5560 1855 5631; x_wconf 77' lang='lat' dir='ltr'><strong>blasphemaverit,</strong></span> 
     </span>
    </p>
   </div>
   <div class='ocr_carea' id='block_1_103' title="bbox 282 5646 1859 5726">
    <p class='ocr_par' dir='ltr' id='par_1_103' title="bbox 282 5646 1859 5726">
     <span class='ocr_line' id='line_1_104' title="bbox 282 5646 1859 5726; baseline -0.007 -6"><span class='ocrx_word' id='word_1_807' title='bbox 282 5677 397 5720; x_wconf 82' lang='lat' dir='ltr'><strong>non</strong></span> <span class='ocrx_word' id='word_1_808' title='bbox 426 5650 590 5719; x_wconf 88' lang='lat' dir='ltr'><strong>habet</strong></span> <span class='ocrx_word' id='word_1_809' title='bbox 618 5660 1012 5722; x_wconf 88' lang='lat' dir='ltr'><strong>remissionem,</strong></span> <span class='ocrx_word' id='word_1_810' title='bbox 1050 5655 1206 5726; x_wconf 78' lang='lat' dir='ltr'><strong>juxta</strong></span> <span class='ocrx_word' id='word_1_811' title='bbox 1240 5655 1449 5710; x_wconf 89' lang='lat' dir='ltr'><strong>Domini</strong></span> <span class='ocrx_word' id='word_1_812' title='bbox 1486 5656 1707 5710; x_wconf 88' lang='lat' dir='ltr'><strong>dictum.</strong></span> <span class='ocrx_word' id='word_1_813' title='bbox 1762 5646 1859 5709; x_wconf 85' lang='lat' dir='ltr'><strong>Hic</strong></span> 
     </span>
    </p>
   </div>
   <div class='ocr_carea' id='block_1_104' title="bbox 285 5746 1859 5829">
    <p class='ocr_par' dir='ltr' id='par_1_104' title="bbox 285 5746 1859 5829">
     <span class='ocr_line' id='line_1_105' title="bbox 285 5746 1859 5829; baseline -0.005 -18"><span class='ocrx_word' id='word_1_814' title='bbox 285 5753 525 5829; x_wconf 76' lang='lat' dir='ltr'><strong>Spiritus</strong></span> <span class='ocrx_word' id='word_1_815' title='bbox 572 5766 789 5811; x_wconf 88' lang='lat' dir='ltr'><strong>sanctus</strong></span> <span class='ocrx_word' id='word_1_816' title='bbox 817 5752 1059 5809; x_wconf 89' lang='lat' dir='ltr'><strong>charitas</strong></span> <span class='ocrx_word' id='word_1_817' title='bbox 1082 5748 1308 5816; x_wconf 87' lang='lat' dir='ltr'><strong>dicitur;</strong></span> <span class='ocrx_word' id='word_1_818' title='bbox 1350 5748 1487 5804; x_wconf 83' lang='lat' dir='ltr'><strong>sicut</strong></span> <span class='ocrx_word' id='word_1_819' title='bbox 1514 5748 1731 5803; x_wconf 83' lang='lat' dir='ltr'><strong>unicum</strong></span> <span class='ocrx_word' id='word_1_820' title='bbox 1764 5746 1859 5803; x_wconf 88' lang='lat' dir='ltr'><strong>Dei</strong></span> 
     </span>
    </p>
   </div>
   <div class='ocr_carea' id='block_1_105' title="bbox 293 5838 1861 5914">
    <p class='ocr_par' dir='ltr' id='par_1_105' title="bbox 293 5838 1861 5914">
     <span class='ocr_line' id='line_1_106' title="bbox 293 5838 1861 5914; baseline -0.005 -11"><span class='ocrx_word' id='word_1_821' title='bbox 293 5846 527 5903; x_wconf 79' lang='lat' dir='ltr'><strong>Verbum</strong></span> <span class='ocrx_word' id='word_1_822' title='bbox 550 5845 811 5903; x_wconf 76' lang='lat' dir='ltr'><strong>sapientia</strong></span> <span class='ocrx_word' id='word_1_823' title='bbox 838 5844 1167 5909; x_wconf 87' lang='lat' dir='ltr'><strong>nominatur,</strong></span> <span class='ocrx_word' id='word_1_824' title='bbox 1187 5840 1432 5914; x_wconf 89' lang='lat' dir='ltr'><strong>quamvis</strong></span> <span class='ocrx_word' id='word_1_825' title='bbox 1444 5838 1606 5896; x_wconf 84' lang='lat' dir='ltr'><strong>Pater</strong></span> <span class='ocrx_word' id='word_1_826' title='bbox 1626 5847 1679 5895; x_wconf 90' lang='lat' dir='ltr'><strong>et</strong></span> <span class='ocrx_word' id='word_1_827' title='bbox 1694 5838 1861 5895; x_wconf 83' lang='lat' dir='ltr'><strong>Filius</strong></span> 
     </span>
    </p>
   </div>
   <div class='ocr_carea' id='block_1_106' title="bbox 1956 4648 3617 4722">
    <p class='ocr_par' dir='ltr' id='par_1_106' title="bbox 1956 4648 3617 4722">
     <span class='ocr_line' id='line_1_107' title="bbox 1956 4648 3617 4722; baseline 0.005 -19"><span class='ocrx_word' id='word_1_828' title='bbox 1956 4648 2173 4720; x_wconf 82' lang='lat' dir='ltr'><strong>Adauge</strong></span> <span class='ocrx_word' id='word_1_829' title='bbox 2192 4649 2317 4703; x_wconf 80' lang='lat' dir='ltr'><strong>mihi</strong></span> <span class='ocrx_word' id='word_1_830' title='bbox 2338 4648 2497 4719; x_wconf 85' lang='lat' dir='ltr'><strong>ﬁdem</strong></span> <span class='ocrx_word' id='word_1_831' title='bbox 2541 4648 2692 4722; x_wconf 86' lang='lat' dir='ltr'><strong>(Luc.</strong></span> <span class='ocrx_word' id='word_1_832' title='bbox 2722 4666 2855 4717; x_wconf 80' lang='lat' dir='ltr'><strong>xvn,</strong></span> <span class='ocrx_word' id='word_1_833' title='bbox 2885 4650 2960 4722; x_wconf 83' lang='lat'><strong>5).</strong></span> <span class='ocrx_word' id='word_1_834' title='bbox 2997 4650 3148 4707; x_wconf 82' lang='lat' dir='ltr'><strong>Hanc</strong></span> <span class='ocrx_word' id='word_1_835' title='bbox 3167 4651 3531 4711; x_wconf 81' lang='lat' dir='ltr'><strong>Christianam</strong></span> <span class='ocrx_word' id='word_1_836' title='bbox 3608 4698 3617 4703; x_wconf 51' lang='grc' dir='ltr'><em>ι</em></span> 
     </span>
    </p>
   </div>
   <div class='ocr_carea' id='block_1_107' title="bbox 1956 4738 3528 4813">
    <p class='ocr_par' dir='ltr' id='par_1_107' title="bbox 1956 4738 3528 4813">
     <span class='ocr_line' id='line_1_108' title="bbox 1956 4738 3528 4813; baseline 0.006 -21"><span class='ocrx_word' id='word_1_837' title='bbox 1956 4738 2116 4792; x_wconf 85' lang='lat' dir='ltr'><strong>ﬁdem</strong></span> <span class='ocrx_word' id='word_1_838' title='bbox 2142 4738 2273 4792; x_wconf 90' lang='lat' dir='ltr'><strong>Novi</strong></span> <span class='ocrx_word' id='word_1_839' title='bbox 2308 4755 2371 4794; x_wconf 91' lang='lat' dir='ltr'><strong>ac</strong></span> <span class='ocrx_word' id='word_1_840' title='bbox 2398 4740 2611 4795; x_wconf 70' lang='lat' dir='ltr'><strong>Veteris</strong></span> <span class='ocrx_word' id='word_1_841' title='bbox 2638 4739 2967 4796; x_wconf 87' lang='lat' dir='ltr'><strong>Testamenti</strong></span> <span class='ocrx_word' id='word_1_842' title='bbox 2995 4744 3181 4813; x_wconf 75' lang='lat' dir='ltr'><strong>pandit</strong></span> <span class='ocrx_word' id='word_1_843' title='bbox 3205 4746 3528 4804; x_wconf 83' lang='lat' dir='ltr'><strong>auctoritas:</strong></span> 
     </span>
    </p>
   </div>
   <div class='ocr_carea' id='block_1_108' title="bbox 1960 4831 3536 4902">
    <p class='ocr_par' dir='ltr' id='par_1_108' title="bbox 1960 4831 3536 4902">
     <span class='ocr_line' id='line_1_109' title="bbox 1960 4831 3536 4902; baseline 0.007 -18"><span class='ocrx_word' id='word_1_844' title='bbox 1960 4839 2015 4886; x_wconf 88' lang='lat' dir='ltr'><strong>et</strong></span> <span class='ocrx_word' id='word_1_845' title='bbox 2071 4831 2315 4900; x_wconf 82' lang='lat' dir='ltr'><strong>quamvis</strong></span> <span class='ocrx_word' id='word_1_846' title='bbox 2371 4847 2567 4886; x_wconf 90' lang='lat' dir='ltr'><strong>nomen</strong></span> <span class='ocrx_word' id='word_1_847' title='bbox 2626 4833 2802 4902; x_wconf 89' lang='lat' dir='ltr'><strong>ipsum</strong></span> <span class='ocrx_word' id='word_1_848' title='bbox 2850 4831 3046 4889; x_wconf 88' lang='lat' dir='ltr'><strong>Christi</strong></span> <span class='ocrx_word' id='word_1_849' title='bbox 3085 4844 3244 4892; x_wconf 88' lang='lat' dir='ltr'><strong>vetus</strong></span> <span class='ocrx_word' id='word_1_850' title='bbox 3290 4837 3432 4892; x_wconf 86' lang='lat' dir='ltr'><strong>intra</strong></span> <span class='ocrx_word' id='word_1_851' title='bbox 3474 4851 3536 4896; x_wconf 75' lang='lat' dir='ltr'><strong>sc</strong></span> 
     </span>
    </p>
   </div>
   <div class='ocr_carea' id='block_1_109' title="bbox 1957 4922 3535 5001">
    <p class='ocr_par' dir='ltr' id='par_1_109' title="bbox 1957 4922 3535 5001">
     <span class='ocr_line' id='line_1_110' title="bbox 1957 4922 3535 5001; baseline 0.004 -23"><span class='ocrx_word' id='word_1_852' title='bbox 1957 4923 2283 4979; x_wconf 88' lang='lat' dir='ltr'><strong>continuerit</strong></span> <span class='ocrx_word' id='word_1_853' title='bbox 2316 4922 2753 4987; x_wconf 83' lang='lat' dir='ltr'><strong>instrumentum,</strong></span> <span class='ocrx_word' id='word_1_854' title='bbox 2781 4938 3011 4995; x_wconf 88' lang='lat' dir='ltr'><strong>eumque</strong></span> <span class='ocrx_word' id='word_1_855' title='bbox 3045 4941 3255 5000; x_wconf 85' lang='lat' dir='ltr'><strong>semper</strong></span> <span class='ocrx_word' id='word_1_856' title='bbox 3290 4929 3535 5001; x_wconf 70' lang='lat' dir='ltr'><strong>designao</strong></span> 
     </span>
    </p>
   </div>
   <div class='ocr_carea' id='block_1_110' title="bbox 1956 5014 3537 5093">
    <p class='ocr_par' dir='ltr' id='par_1_110' title="bbox 1956 5014 3537 5093">
     <span class='ocr_line' id='line_1_111' title="bbox 1956 5014 3537 5093; baseline 0.006 -23"><span class='ocrx_word' id='word_1_857' title='bbox 1956 5016 2095 5071; x_wconf 89' lang='lat' dir='ltr'><strong>verit</strong></span> <span class='ocrx_word' id='word_1_858' title='bbox 2125 5014 2451 5080; x_wconf 75' lang='lat' dir='ltr'><strong>adfuturum,</strong></span> <span class='ocrx_word' id='word_1_859' title='bbox 2475 5030 2633 5085; x_wconf 86' lang='lat' dir='ltr'><strong>quem</strong></span> <span class='ocrx_word' id='word_1_860' title='bbox 2663 5018 2929 5073; x_wconf 86' lang='lat' dir='ltr'><strong>credimus</strong></span> <span class='ocrx_word' id='word_1_861' title='bbox 2954 5033 3053 5090; x_wconf 84' lang='lat' dir='ltr'><strong>per</strong></span> <span class='ocrx_word' id='word_1_862' title='bbox 3073 5032 3284 5092; x_wconf 87' lang='lat' dir='ltr'><strong>partum</strong></span> <span class='ocrx_word' id='word_1_863' title='bbox 3314 5020 3537 5093; x_wconf 81' lang='lat' dir='ltr'><strong>virginis</strong></span> 
     </span>
    </p>
   </div>
   <div class='ocr_carea' id='block_1_111' title="bbox 1946 5105 3538 5211">
    <p class='ocr_par' dir='ltr' id='par_1_111' title="bbox 1946 5105 3538 5211">
     <span class='ocr_line' id='line_1_112' title="bbox 1946 5105 3538 5211; baseline 0.006 -49"><span class='ocrx_word' id='word_1_864' title='bbox 1946 5105 2060 5176; x_wconf 85' lang='lat' dir='ltr'><strong>jam</strong></span> <span class='ocrx_word' id='word_1_865' title='bbox 2091 5107 2320 5211; x_wconf 53' lang='lat' dir='ltr'><strong>:enissc,</strong></span> <span class='ocrx_word' id='word_1_866' title='bbox 2351 5113 2529 5162; x_wconf 89' lang='lat' dir='ltr'><strong>tamen</strong></span> <span class='ocrx_word' id='word_1_867' title='bbox 2560 5109 2612 5163; x_wconf 93' lang='lat' dir='ltr'><strong>in</strong></span> <span class='ocrx_word' id='word_1_868' title='bbox 2646 5108 2830 5165; x_wconf 86' lang='lat' dir='ltr'><strong>orbem</strong></span> <span class='ocrx_word' id='word_1_869' title='bbox 2862 5118 3126 5168; x_wconf 86' lang='lat' dir='ltr'><strong>terrarum</strong></span> <span class='ocrx_word' id='word_1_870' title='bbox 3165 5111 3234 5167; x_wconf 88' lang='lat' dir='ltr'><strong>ab</strong></span> <span class='ocrx_word' id='word_1_871' title='bbox 3251 5112 3418 5211; x_wconf 68' lang='lat' dir='ltr'><strong>ipsius</strong></span> <span class='ocrx_word' id='word_1_872' title='bbox 3441 5127 3538 5171; x_wconf 89' lang='lat' dir='ltr'><strong>no-</strong></span> 
     </span>
    </p>
   </div>
   <div class='ocr_carea' id='block_1_112' title="bbox 1954 5194 3532 5272">
    <p class='ocr_par' dir='ltr' id='par_1_112' title="bbox 1954 5194 3532 5272">
     <span class='ocr_line' id='line_1_113' title="bbox 1954 5194 3532 5272; baseline 0.006 -19"><span class='ocrx_word' id='word_1_873' title='bbox 1954 5198 2051 5253; x_wconf 88' lang='lat' dir='ltr'><strong>stri</strong></span> <span class='ocrx_word' id='word_1_874' title='bbox 2101 5194 2397 5253; x_wconf 82' lang='lat' dir='ltr'><strong>Salvatoris</strong></span> <span class='ocrx_word' id='word_1_875' title='bbox 2436 5198 2665 5255; x_wconf 83' lang='lat' dir='ltr'><strong>mirabili</strong></span> <span class='ocrx_word' id='word_1_876' title='bbox 2710 5216 2957 5259; x_wconf 87' lang='lat' dir='ltr'><strong>manasse</strong></span> <span class='ocrx_word' id='word_1_877' title='bbox 2984 5194 3532 5272; x_wconf 71' lang='lat' dir='ltr'><strong>probatur&#39;adventu.</strong></span> 
     </span>
    </p>
   </div>
   <div class='ocr_carea' id='block_1_113' title="bbox 2030 5286 3537 5366">
    <p class='ocr_par' dir='ltr' id='par_1_113' title="bbox 2030 5286 3537 5366">
     <span class='ocr_line' id='line_1_114' title="bbox 2030 5286 3537 5366; baseline 0.009 -23"><span class='ocrx_word' id='word_1_878' title='bbox 2030 5286 2218 5343; x_wconf 76' lang='lat' dir='ltr'><strong>XXIV.</strong></span> <span class='ocrx_word' id='word_1_879' title='bbox 2260 5286 2386 5343; x_wconf 65' lang='lat' dir='ltr'><strong>Haec</strong></span> <span class='ocrx_word' id='word_1_880' title='bbox 2419 5296 2597 5346; x_wconf 86' lang='lat' dir='ltr'><strong>autem</strong></span> <span class='ocrx_word' id='word_1_881' title='bbox 2650 5291 2838 5366; x_wconf 74' lang='lat' dir='ltr'><strong>religio</strong></span> <span class='ocrx_word' id='word_1_882' title='bbox 2885 5303 3070 5350; x_wconf 77' lang='lat' dir='ltr'><strong>nostra</strong></span> <span class='ocrx_word' id='word_1_883' title='bbox 3096 5333 3112 5359; x_wconf 91' lang='lat'><strong>,</strong></span> <span class='ocrx_word' id='word_1_884' title='bbox 3141 5309 3261 5365; x_wconf 74' lang='lat' dir='ltr'><strong>qua:</strong></span> <span class='ocrx_word' id='word_1_885' title='bbox 3311 5306 3537 5355; x_wconf 85' lang='lat' dir='ltr'><strong>vocatur</strong></span> 
     </span>
    </p>
   </div>
   <div class='ocr_carea' id='block_1_114' title="bbox 1960 5377 3534 5455">
    <p class='ocr_par' dir='ltr' id='par_1_114' title="bbox 1960 5377 3534 5455">
     <span class='ocr_line' id='line_1_115' title="bbox 1960 5377 3534 5455; baseline 0.006 -19"><span class='ocrx_word' id='word_1_886' title='bbox 1960 5377 2263 5436; x_wconf 86' lang='lat' dir='ltr'><strong>Christiana</strong></span> <span class='ocrx_word' id='word_1_887' title='bbox 2291 5387 2453 5450; x_wconf 90' lang='lat' dir='ltr'><strong>atque</strong></span> <span class='ocrx_word' id='word_1_888' title='bbox 2480 5382 2767 5450; x_wconf 86' lang='lat' dir='ltr'><strong>catholica,</strong></span> <span class='ocrx_word' id='word_1_889' title='bbox 2798 5384 2882 5440; x_wconf 90' lang='lat' dir='ltr'><strong>bis</strong></span> <span class='ocrx_word' id='word_1_890' title='bbox 2900 5383 3284 5453; x_wconf 83' lang='lat' dir='ltr'><strong>fundamentis,</strong></span> <span class='ocrx_word' id='word_1_891' title='bbox 3298 5386 3534 5455; x_wconf 88' lang='lat' dir='ltr'><strong>Christo,</strong></span> 
     </span>
    </p>
   </div>
   <div class='ocr_carea' id='block_1_115' title="bbox 1961 5469 3538 5546">
    <p class='ocr_par' dir='ltr' id='par_1_115' title="bbox 1961 5469 3538 5546">
     <span class='ocr_line' id='line_1_116' title="bbox 1961 5469 3538 5546; baseline 0.01 -23"><span class='ocrx_word' id='word_1_892' title='bbox 1961 5478 2023 5523; x_wconf 91' lang='lat' dir='ltr'><strong>ut</strong></span> <span class='ocrx_word' id='word_1_893' title='bbox 2049 5469 2339 5538; x_wconf 89' lang='lat' dir='ltr'><strong>credimus,</strong></span> <span class='ocrx_word' id='word_1_894' title='bbox 2353 5472 2644 5541; x_wconf 89' lang='lat' dir='ltr'><strong>revelante,</strong></span> <span class='ocrx_word' id='word_1_895' title='bbox 2671 5476 3037 5546; x_wconf 87' lang='lat' dir='ltr'><strong>principaliter</strong></span> <span class='ocrx_word' id='word_1_896' title='bbox 3056 5477 3267 5543; x_wconf 90' lang='lat' dir='ltr'><strong>nititur,</strong></span> <span class='ocrx_word' id='word_1_897' title='bbox 3288 5494 3538 5537; x_wconf 76' lang='lat' dir='ltr'><strong>asserem</strong></span> 
     </span>
    </p>
   </div>
   <div class='ocr_carea' id='block_1_116' title="bbox 1964 5563 3539 5641">
    <p class='ocr_par' dir='ltr' id='par_1_116' title="bbox 1964 5563 3539 5641">
     <span class='ocr_line' id='line_1_117' title="bbox 1964 5563 3539 5641; baseline 0.011 -26"><span class='ocrx_word' id='word_1_898' title='bbox 1964 5575 2029 5615; x_wconf 76' lang='lat' dir='ltr'><strong>ex</strong></span> <span class='ocrx_word' id='word_1_899' title='bbox 2056 5569 2260 5617; x_wconf 79' lang='lat' dir='ltr'><strong>aeterno</strong></span> <span class='ocrx_word' id='word_1_900' title='bbox 2283 5563 2517 5620; x_wconf 87' lang='lat' dir='ltr'><strong>divinam</strong></span> <span class='ocrx_word' id='word_1_901' title='bbox 2539 5566 2716 5623; x_wconf 90' lang='lat' dir='ltr'><strong>Patris</strong></span> <span class='ocrx_word' id='word_1_902' title='bbox 2763 5575 2819 5621; x_wconf 90' lang='lat' dir='ltr'><strong>et</strong></span> <span class='ocrx_word' id='word_1_903' title='bbox 2847 5566 2967 5622; x_wconf 90' lang='lat' dir='ltr'><strong>Filii</strong></span> <span class='ocrx_word' id='word_1_904' title='bbox 2994 5578 3047 5623; x_wconf 89' lang='lat' dir='ltr'><strong>et</strong></span> <span class='ocrx_word' id='word_1_905' title='bbox 3078 5568 3313 5641; x_wconf 86' lang='lat' dir='ltr'><strong>Spiritus</strong></span> <span class='ocrx_word' id='word_1_906' title='bbox 3359 5575 3539 5632; x_wconf 77' lang='lat' dir='ltr'><strong>sancti</strong></span> 
     </span>
    </p>
   </div>
   <div class='ocr_carea' id='block_1_117' title="bbox 1964 5653 3538 5724">
    <p class='ocr_par' dir='ltr' id='par_1_117' title="bbox 1964 5653 3538 5724">
     <span class='ocr_line' id='line_1_118' title="bbox 1964 5653 3538 5724; baseline 0.009 -16"><span class='ocrx_word' id='word_1_907' title='bbox 1964 5653 2232 5709; x_wconf 83' lang='lat' dir='ltr'><strong>exstitisse</strong></span> <span class='ocrx_word' id='word_1_908' title='bbox 2254 5655 2631 5715; x_wconf 86' lang='lat' dir='ltr'><strong>substantiam.</strong></span> <span class='ocrx_word' id='word_1_909' title='bbox 2665 5657 2876 5713; x_wconf 79' lang='lat' dir='ltr'><strong>Patrem</strong></span> <span class='ocrx_word' id='word_1_910' title='bbox 2900 5675 2931 5713; x_wconf 93' lang='lat' dir='ltr'><strong>a</strong></span> <span class='ocrx_word' id='word_1_911' title='bbox 2952 5659 3119 5724; x_wconf 83' lang='lat' dir='ltr'><strong>nullo,</strong></span> <span class='ocrx_word' id='word_1_912' title='bbox 3143 5659 3340 5719; x_wconf 85' lang='lat' dir='ltr'><strong>Filium</strong></span> <span class='ocrx_word' id='word_1_913' title='bbox 3362 5680 3393 5721; x_wconf 89' lang='lat' dir='ltr'><strong>a</strong></span> <span class='ocrx_word' id='word_1_914' title='bbox 3432 5665 3538 5722; x_wconf 81' lang='lat' dir='ltr'><strong>Pa-</strong></span> 
     </span>
    </p>
   </div>
   <div class='ocr_carea' id='block_1_118' title="bbox 1965 5736 3536 5823">
    <p class='ocr_par' dir='ltr' id='par_1_118' title="bbox 1965 5736 3536 5823">
     <span class='ocr_line' id='line_1_119' title="bbox 1965 5736 3536 5823; baseline 0.008 -24"><span class='ocrx_word' id='word_1_915' title='bbox 1965 5752 2070 5811; x_wconf 91' lang='lat' dir='ltr'><strong>tre,</strong></span> <span class='ocrx_word' id='word_1_916' title='bbox 2096 5744 2353 5815; x_wconf 90' lang='lat' dir='ltr'><strong>Spiritum</strong></span> <span class='ocrx_word' id='word_1_917' title='bbox 2382 5759 2624 5805; x_wconf 87' lang='lat' dir='ltr'><strong>sanctum</strong></span> <span class='ocrx_word' id='word_1_918' title='bbox 2652 5764 2683 5803; x_wconf 91' lang='lat' dir='ltr'><strong>a</strong></span> <span class='ocrx_word' id='word_1_919' title='bbox 2709 5736 2868 5805; x_wconf 69' lang='lat' dir='ltr'><strong>Pa&#39;tre</strong></span> <span class='ocrx_word' id='word_1_920' title='bbox 2889 5760 2942 5805; x_wconf 88' lang='lat' dir='ltr'><strong>et</strong></span> <span class='ocrx_word' id='word_1_921' title='bbox 2968 5751 3109 5807; x_wconf 88' lang='lat' dir='ltr'><strong>Filio</strong></span> <span class='ocrx_word' id='word_1_922' title='bbox 3134 5755 3536 5823; x_wconf 86' lang='lat' dir='ltr'><strong>procedentem.</strong></span> 
     </span>
    </p>
   </div>
   <div class='ocr_carea' id='block_1_119' title="bbox 1965 5838 3540 5919">
    <p class='ocr_par' dir='ltr' id='par_1_119' title="bbox 1965 5838 3540 5919">
     <span class='ocr_line' id='line_1_120' title="bbox 1965 5838 3540 5919; baseline 0.01 -25"><span class='ocrx_word' id='word_1_923' title='bbox 1965 5838 2065 5906; x_wconf 84' lang='lat' dir='ltr'><strong>Qui</strong></span> <span class='ocrx_word' id='word_1_924' title='bbox 2098 5839 2169 5895; x_wconf 89' lang='lat' dir='ltr'><strong>sit</strong></span> <span class='ocrx_word' id='word_1_925' title='bbox 2194 5848 2372 5896; x_wconf 91' lang='lat' dir='ltr'><strong>tamen</strong></span> <span class='ocrx_word' id='word_1_926' title='bbox 2401 5842 2591 5898; x_wconf 86' lang='lat' dir='ltr'><strong>modus</strong></span> <span class='ocrx_word' id='word_1_927' title='bbox 2609 5845 2967 5915; x_wconf 87' lang='lat' dir='ltr'><strong>processionis</strong></span> <span class='ocrx_word' id='word_1_928' title='bbox 2991 5846 3315 5919; x_wconf 90' lang='lat' dir='ltr'><strong>istiusmodi,</strong></span> <span class='ocrx_word' id='word_1_929' title='bbox 3340 5850 3413 5907; x_wconf 89' lang='lat' dir='ltr'><strong>ita</strong></span> <span class='ocrx_word' id='word_1_930' title='bbox 3433 5864 3540 5909; x_wconf 83' lang='lat' dir='ltr'><strong>non</strong></span> 
     </span>
    </p>
   </div>
  </div>
