4038 6354
518 368 650 424 I07I

1325 367 1386 419 Β.
1428 366 1489 419 F.
1532 362 1755 455 ΔμιΒῐΝΙ
1795 362 1925 418 SEU
1964 358 2239 417 ALCUINI
2295 359 2577 418 OPERUM
2610 360 2790 416 PARS
2826 361 2956 416 VIII.

3638 362 3784 417 1072

514 495 802 551 possumus
827 480 1099 533 evidenter
1119 477 1317 542 dicere,
1358 480 1499 532 sicut
1539 477 1940 549 generationem
1970 474 2089 528 Filii
2121 476 2171 536 Α
2196 475 2496 532 stitueudus
2525 476 2749 531 ulterius
2784 475 2838 531 in
2868 475 3012 531 illam
3042 472 3337 547 angelicam
3358 475 3705 547 dignitatem,
3725 488 3784 532 ut

515 582 626 630 non
650 582 829 645 potest
858 574 1123 626 humanus
1148 572 1358 624 animus
1408 570 1696 625 aestimare.
1747 569 1872 622 Haec
1915 575 2095 621 autem

516 673 581 721 ut
609 664 918 726 credantur,
946 668 1100 713 vetus
1129 674 1192 713 ac
1213 674 1348 713 nova
1377 657 1632 712 informat
1662 658 1945 712 instructio
1970 697 1984 721 ,
2032 656 2097 711 de

517 769 623 825 qua
654 752 800 806 velut
825 766 948 805 arce
974 750 1246 820 religionis
1269 758 1469 804 nostrae
1502 749 1653 803 multi
1684 749 1896 803 diversa
1924 754 1979 801 et
2001 748 2099 801 hu-

517 843 773 906 maniter,
802 848 984 910 atque,
1014 840 1173 894 ut-ita
1215 840 1414 905 dicam,
1441 839 1729 894 carnaliter
1767 837 2061 892 sentientes
2080 875 2095 900 ,

516 933 743 989 adversa
767 932 930 986 locuti
960 940 1105 985 sunt.
1133 930 1287 986 Unde
1326 930 1567 986 nonnulli
1600 943 1787 983 eorum
1813 943 1913 982 nec
1934 927 2100 982 Vetus

518 1024 788 1094 recipiunt
838 1014 1271 1085 TeStamentum,
1318 1037 1492 1091 neque
1520 1022 1574 1075 in
1635 1022 1844 1090 integro
1870 1019 2096 1074 Novum.

517 1116 830 1172 Christiana
876 1116 1009 1172 ﬁdes
1033 1124 1323 1185 utrumque
1354 1114 1565 1184 recipit,
1588 1114 1816 1168 credens
1846 1112 2023 1166 Patris
2045 1119 2101 1166 et

516 1206 645 1262 Filii
672 1217 728 1263 et
749 1207 985 1277 Spiritus
1015 1208 1187 1261 sancti
1214 1220 1375 1259 unam
1424 1214 1673 1259 naturam
1697 1212 1751 1258 et
1782 1211 1891 1257 tres
1911 1218 2099 1272 perso-

484 1363 490 1367 ,
520 1317 642 1369 nas,
668 1304 759 1358 sed
775 1318 939 1356 unum
955 1302 1126 1356 Deum
1145 1309 1201 1355 et
1228 1316 1394 1354 unum
1419 1298 1740 1370 principium
1767 1316 1779 1349 :
1810 1298 1863 1351 in
1886 1296 2100 1351 Christo

521 1395 752 1452 Domino
781 1405 965 1450 nostro
992 1395 1137 1455 Jesu,
1158 1396 1249 1465 qui
1270 1403 1353 1450 est
1373 1409 1534 1449 verus
1560 1392 1722 1455 Deus,
1749 1398 1802 1446 et
1828 1389 2100 1459 perfectus

519 1489 684 1543 homo
713 1488 845 1541 duas
872 1487 1203 1542 substantias
1232 1494 1289 1541 et
1311 1500 1473 1540 unam
1514 1498 1824 1555 personam.
1853 1482 1994 1552 Ergo
2018 1480 2098 1537 di-

516 1578 643 1635 vina
672 1595 739 1634 ex
768 1588 969 1633 :eterno
998 1586 1190 1633 natura
1216 1618 1232 1642 ,
1294 1586 1349 1632 et
1388 1578 1442 1631 in
1470 1584 1730 1631 aeternum
1761 1574 1877 1629 sine
1918 1571 2098 1640 aliqua

518 1669 884 1725 mutabilitate
909 1669 1229 1738 perdurans,
1257 1668 1361 1724 sibi
1411 1675 1624 1721 tantum
1671 1664 1888 1721 conscia
1909 1662 2095 1718 volun-

515 1769 648 1824 tate,
680 1768 867 1831 sponte
892 1761 1150 1815 mundum
1176 1760 1347 1814 voluit
1395 1760 1683 1823 fabricare,
1718 1770 1950 1826 eumque
1975 1769 2096 1809 cum

2200 568 2458 647 Origenes
2483 568 2714 633 delirat;
2754 569 2848 623 sed
2877 568 3294 637 prmeipitandus
3341 584 3463 623 cum
3519 578 3636 624 toto
3686 586 3787 624 suo

2199 674 2425 728 corpore
2458 667 2582 729 post
2635 659 2897 729 judicium
2950 659 3005 713 in
3036 660 3212 729 ignem
3251 670 3597 729 perpetuum,
3626 670 3690 713 ut
3712 660 3789 715 ibi

2200 751 2254 805 in
2279 758 2542 806 aeternum
2572 750 2709 805 male
2737 750 2921 805 vivens
2957 750 3222 805 moriatur
3262 751 3378 804 sine
3407 750 3534 804 ﬁne.
3565 750 3789 820 Absque

2200 842 2314 897 sola
2341 842 2506 911 igitur
2532 841 2817 906 Trinitate,
2841 856 3003 910 quam
3056 840 3228 895 solam
3254 856 3421 895 unum
3450 841 3789 911 principium

2200 932 2393 998 fateor,
2422 943 2477 988 et
2504 933 2684 997 credo,
2711 946 2870 988 omne
2890 932 3035 1001 quod
3056 932 3108 985 in
3136 931 3312 997 caelis,
3336 939 3505 998 terra,
3538 932 3794 1002 marique

2199 1034 2304 1091 est,
2330 1025 2526 1095 agitur,
2550 1025 2634 1078 vel
2656 1032 2921 1090 movetur,
2946 1032 3250 1079 creaturam
3272 1038 3391 1079 esse
3421 1024 3565 1079 dico.
3592 1023 3793 1078 Malum

2201 1132 2330 1188 ergo
2358 1117 2441 1171 vel
2468 1117 2728 1171 malitiam
2755 1131 2786 1170 a
2813 1116 2923 1171 Deo
2948 1131 3055 1171 non
3083 1132 3202 1171 esse
3241 1123 3450 1181 creata,
3481 1115 3578 1171 sed
3610 1131 3641 1169 a
3666 1115 3795 1170 dia-

2198 1208 2321 1264 bolo
2349 1207 2565 1262 invcnta
2588 1207 2768 1262 credo.
2792 1205 3045 1261 Omnium
3083 1214 3463 1261 creaturarum
3485 1206 3603 1260 sive
3632 1206 3799 1276 spiri-

2201 1298 2420 1353 tualium
2458 1297 2573 1352 sive
2596 1297 2959 1367 corporalium
3000 1298 3199 1352 bonam
3245 1296 3510 1352 conﬁteor
3535 1296 3798 1352 substan-

2198 1392 2331 1446 tiam
2354 1399 2409 1446 et
2433 1391 2559 1445 mali
2581 1392 2783 1446 nullam
2811 1406 2933 1446 esse
2960 1400 3232 1445 naturam.
3274 1390 3351 1444 Ex
3384 1398 3611 1444 auctore
3640 1388 3791 1450 mali,

2199 1482 2473 1539 wncurrit
2498 1482 2700 1545 malitia
2743 1483 2796 1536 in
2825 1489 3070 1538 caeteros.
3102 1481 3255 1537 Unde
3278 1481 3412 1535 nihil
3448 1488 3536 1535 est
3594 1488 3793 1534 natura

2199 1573 2555 1641 immutabile,
2585 1575 2691 1629 nisi
2737 1573 2883 1630 solus
2906 1573 3085 1639 Deus,
3141 1573 3233 1643 qui
3277 1588 3385 1627 non
3409 1579 3593 1643 potest
3646 1571 3795 1626 aliud

2201 1668 2330 1737 quid
2362 1681 2481 1723 esse
2510 1666 2612 1721 nisi
2643 1652 2835 1730 bonus,
2866 1666 2960 1735 qui
2983 1665 3353 1720 universitatis
3378 1663 3634 1719 conditor
3656 1661 3793 1716 nihil

2203 1773 2309 1813 non
2339 1758 2540 1812 bonum
2565 1757 2712 1811 fecit.
2743 1755 2890 1811 Bona
2923 1763 3008 1811 est
3032 1770 3161 1827 ergo
3186 1770 3315 1810 eam
3344 1761 3555 1819 nostra,
3573 1763 3637 1807 ut
3666 1758 3795 1823 pote

528 1853 750 1907 omnino
804 1866 908 1905 non
942 1860 1107 1916 esset,
1135 1850 1287 1915 fecit,
1315 1858 1375 1904 ut
1413 1858 1557 1905 esset
1591 1868 1602 1902 :
1634 1864 1735 1903 nec
1760 1847 1825 1901 de
1852 1862 1946 1901 sua
1976 1845 2103 1900 sub-
2134 1829 2181 1889 Β
2206 1869 2238 1908 a
2264 1854 2405 1906 bono
2433 1859 2486 1905 et
2511 1849 2626 1905 solo
2652 1850 2763 1903 Deo
2799 1849 3033 1913 condita,
3061 1858 3116 1903 et
3166 1865 3276 1903 non
3324 1856 3410 1904 est
3458 1847 3601 1902 mala
3628 1886 3644 1912 ,
3690 1860 3794 1900 nec

526 1944 724 2000 stantia
748 1944 990 2013 protulit,
1015 1957 1085 1998 ne
1129 1942 1343 1997 divinus
1388 1950 1579 1996 natura
1610 1940 1923 1996 crederetur
1946 1977 1959 2001 ,
2008 1936 2103 1990 sed

522 2036 754 2107 primum
782 2037 1079 2107 angelicam
1133 2044 1381 2089 naturam
1418 2044 1473 2090 et
1506 2030 2101 2088 informemmateriam

515 2142 732 2182 creasse
784 2128 1140 2198 perhibetur,
1205 2127 1345 2181 sicut
1408 2126 1667 2195 scriptum
1716 2132 1801 2178 est
1858 2124 1913 2177 in
1963 2122 2103 2176 libro

514 2217 615 2275 Job
644 2238 656 2273 :
702 2219 822 2289 Ipse
851 2229 924 2273 est
962 2219 1278 2288 principium
1308 2219 1511 2271 viarum
1544 2217 1645 2270 Dei
1687 2214 1829 2286 (Job.
1856 2232 1945 2281 XL,
1982 2212 2101 2281 I4),

514 2318 578 2363 ut
602 2326 708 2364 non
736 2318 877 2363 esset
903 2310 1076 2362 otiosa
1106 2307 1201 2362 Dei
1228 2307 1465 2369 bonitas,
1492 2307 1585 2361 sed
1634 2305 1880 2371 haberet,
1913 2305 1968 2359 in
1992 2304 2105 2374 qui-

516 2400 619 2454 bus
644 2399 933 2469 permulta
971 2407 1094 2451 ante
1124 2398 1298 2466 spatia
1333 2396 1629 2451 bonitatem
1680 2410 1831 2449 suam
1857 2394 2104 2448 ostende-

518 2497 623 2543 ret.
662 2488 770 2542 Nec
797 2489 940 2543 enim
964 2488 1258 2557 putandum
1283 2495 1384 2551 est,
1404 2494 1463 2539 ut
1486 2487 1599 2540 hmc
1639 2484 1855 2539 aliunde
1884 2484 2103 2538 molitus

516 2588 681 2645 esset,
701 2595 797 2634 nec
814 2588 1067 2649 tanquam
1083 2579 1381 2634 exstitisset
1401 2578 1621 2646 aliquid,
1640 2577 1782 2647 quod
1794 2575 1911 2645 ejus
1924 2576 2104 2630 volun-

517 2680 681 2728 tatem
699 2672 983 2726 existentia
1017 2672 1466 2742 proprimnaturaa
1483 2670 1697 2740 juvaret
1717 2688 1729 2735 ;
1751 2678 1911 2738 atque
1936 2676 2100 2733 esset,

517 2772 574 2819 et
600 2765 741 2835 quod
768 2778 941 2834 neque
969 2768 1036 2819 ab
1064 2766 1179 2834 ipso
1209 2763 1409 2819 factum
1436 2772 1602 2828 esset,
1632 2770 1687 2817 et
1728 2771 1905 2817 tamen
1937 2768 2100 2827 esset,

517 2857 661 2929 quod
686 2857 827 2911 absit
872 2857 939 2909 ab
972 2855 1244 2911 intellectu
1296 2855 1527 2909 ﬁdelium
1555 2895 1569 2919 ,
1625 2861 1680 2908 et
1701 2854 1843 2908 Deus
1870 2861 2099 2906 avertat.

587 2948 755 3004 XXV.
798 2949 873 3002 Ex
914 2949 998 3002 his
1026 2949 1187 3019 igitur
1212 2964 1332 3018 quae
1356 2954 1535 3003 creata
1566 2946 1805 3011 fuerunt,
1836 2946 1889 3000 id
1913 2954 2104 3009 est,ex

516 3042 610 3098 illa
630 3039 850 3094 informi
872 3040 1099 3094 materia
1128 3040 1218 3095 hic
1245 3039 1474 3094 visibilis
1497 3040 1749 3104 mundus,
1776 3054 1899 3092 cum
1928 3036 2102 3091 omni-

517 3133 635 3192 bus,
669 3148 788 3207 qug:
814 3132 870 3185 in
894 3147 959 3184 eo
981 3141 1107 3185 sunt
1130 3171 1144 3196 ,
1188 3139 1243 3186 et
1270 3130 1443 3185 factus
1479 3132 1719 3185 creditur
1742 3140 1796 3184 et
1838 3138 2061 3185 ornatus
2085 3170 2099 3194 ,

518 3223 614 3278 sed
642 3222 806 3275 verbo
832 3220 998 3275 caelos
1018 3222 1291 3290 produxit,
1317 3230 1371 3275 et
1418 3231 1612 3276 cuncta
1635 3223 1842 3277 creavit
1867 3262 1882 3285 ,
1932 3222 2006 3277 ita
2043 3230 2103 3277 ut

517 3312 643 3368 θα)ιί
673 3311 934 3376 caelestia,
971 3320 1024 3367 et
1054 3320 1213 3365 terra:
1238 3319 1449 3366 terrena
1487 3320 1855 3379 componeret,
1885 3312 2103 3382 dispen-

518 3416 647 3460 Sans
697 3402 892 3470 cuique
948 3402 1093 3470 quod
1139 3410 1459 3456 suumerat.
1493 3402 1691 3456 Verum
1744 3402 1877 3458 tales
1932 3402 2103 3457 creati

517 3503 646 3551 sunt
677 3495 868 3564 angeli,
902 3502 962 3548 ut
993 3494 1037 3549 si
1054 3493 1272 3558 vellent,
1307 3493 1358 3546 in
1384 3492 2100 3561 beatitudinepetsisterent.

522 3587 582 3645 Si
610 3597 791 3643 autem
818 3587 1023 3641 nollent
1051 3586 1214 3640 etiam
1251 3585 1357 3640 labi
1381 3586 1699 3654 potuissent.
1729 3583 1881 3639 Unde
1929 3591 1984 3637 et
2006 3582 2105 3638 Sa-

520 3692 612 3738 tan
650 3696 773 3736 cum
801 3680 1125 3750 sequacibus
1150 3678 1450 3749 legionibus
1490 3677 1723 3732 cecidit:
1757 3676 1850 3731 sed
1872 3678 2103 3733 virtutes

517 3772 793 3843 angelicae,
825 3786 945 3840 quae
980 3770 1034 3825 in
1082 3770 1263 3823 divino
1312 3783 1494 3822 amore
1534 3767 1652 3821 ﬁxae
1699 3768 2056 3838 perstiterunt
2089 3807 2102 3831 ,

516 3860 684 3931 lapsis
706 3860 1137 3930 superbientibus
1176 3856 1379 3926 angelis
1411 3856 1514 3910 hoc
1535 3856 1587 3909 in
1622 3870 1844 3910 munere
1872 3856 2103 3909 retribu-

517 3953 685 4008 tionis
714 3957 1058 4020 acceperunt,
1088 3956 1147 4002 ut
1171 3949 1364 4002 cadere
1385 3948 1606 4001 omnino
1637 3962 1737 4001 nec
1769 3946 2105 4009 vellent,nec

516 4044 747 4115 possint,
773 4043 1034 4096 habentes
1062 4056 1090 4094 a
1122 4039 1233 4094 Deo
1249 4040 1501 4093 virtutem
1524 4038 2113 4093 incommutabilitatis.

517 4134 777 4191 Diabolus
798 4135 978 4202 itaque
1007 4149 1112 4187 non
1135 4132 1208 4186 ita
1230 4131 1407 4187 factus
1433 4139 1537 4195 est,
1567 4138 1628 4184 ut
1672 4130 1915 4184 diabolus
1937 4138 2097 4193 esset,

519 4229 647 4298 quia
676 4229 819 4282 Deus
848 4225 1047 4280 malum
1085 4241 1192 4279 non
1226 4224 1372 4288 fecit,
1403 4224 1497 4278 sed
1549 4239 1671 4277 cum
1727 4229 1869 4277 esset
1922 4237 1952 4275 a
1992 4222 2102 4276 Deo

520 4316 697 4372 factus
720 4316 940 4385 angelus
968 4317 1163 4379 bonus,
1191 4330 1288 4383 per
1335 4314 1523 4367 vitium
1553 4312 1817 4381 superbia:
1842 4328 1871 4365 a
1900 4326 1957 4366 se
1987 4310 2102 4381 ipso

522 4410 698 4464 factus
727 4418 808 4464 est
834 4410 1096 4464 diabolus.
1130 4409 1232 4475 Qui
1273 4423 1395 4463 cum
1441 4408 1554 4462 suis
1602 4407 1953 4476 complicibus
2005 4420 2104 4474 per

522 4501 686 4555 istum
710 4508 935 4569 vagatur
952 4513 1154 4561 aerem,
1187 4498 1445 4551 insidians
1467 4497 1623 4551 saluti
1647 4496 1904 4550 ﬁdelium.
1932 4497 2103 4551 Inter-

522 4607 622 4645 nas
643 4598 849 4644 tantum
887 4588 1242 4658 cogitationes
1262 4588 1475 4650 animm,
1502 4589 1820 4656 quibusdam
1866 4588 2098 4644 forinse-

521 4696 620 4736 cus
669 4680 1070 4749 deprehendere
1100 4678 1336 4741 indiciis,
1363 4677 1663 4746 praesertim
1711 4693 1777 4731 ex
1814 4678 1944 4746 ipsis
1973 4694 2101 4733 con—

522 4774 892 4845 sparsionibus
916 4773 1240 4835 animarum,
1262 4786 1381 4841 quae
1412 4773 1464 4825 in
1493 4772 1734 4828 moribus
1764 4772 2097 4843 singulorum

521 4864 900 4927 inveniuntur,
932 4879 1037 4916 non
1070 4870 1246 4916 autem
1279 4862 1419 4915 scire
1440 4877 1561 4916 eum
1591 4869 1740 4930 puto.
1775 4860 1931 4916 Solus
1954 4862 2098 4915 enim

522 4955 668 5009 Deus
689 4962 895 5009 secreta
912 4954 1091 5008 cordis
1129 4952 1295 5007 novit.
1316 4951 1483 5007 Malas
1505 4952 1858 5022 cogitationes
1883 4953 2099 5021 quidem

518 5062 626 5101 non
658 5060 871 5115 semper
906 5060 974 5099 ex
1004 5044 1120 5115 ejus
1144 5043 1400 5113 instinctu
1429 5043 1678 5106 excitari,
1704 5044 1796 5097 sed
1832 5043 2099 5097 interdum

520 5156 586 5193 ex
614 5139 785 5194 nostri
812 5137 1021 5192 arbitrii
1054 5144 1200 5191 motu
1233 5137 1413 5199 nasci;
1454 5137 1625 5190 bonas
1676 5143 1855 5189 autem
1891 5149 2105 5206 semper

522 5232 677 5287 aDeo
694 5232 946 5294 dicimus,
964 5230 1208 5285 diabolus
1229 5229 1373 5283 enim
1400 5236 1681 5299 suggestor
1707 5227 1972 5282 malorum
1997 5234 2101 5292 est,

520 5340 628 5379 non
661 5324 919 5394 impulsor
946 5341 957 5375 :
993 5320 1421 5376 substantialiter
1444 5334 1573 5373 vero
1592 5334 1713 5373 eum
1739 5318 1886 5372 illabi
1909 5318 2104 5371 animae

521 5429 629 5467 non
658 5413 946 5476 credimus,
976 5411 1069 5465 sed
1111 5409 1468 5478 applicatione
1493 5418 1547 5463 et
1568 5409 1915 5479 oppressione
1942 5408 2099 5462 uniri.

526 5502 687 5559 Solus
709 5519 942 5573 namque
987 5512 1199 5556 creator
1224 5509 1416 5554 natura
1467 5501 1798 5563 subsistens,
1850 5502 2101 5570 incorpo-

524 5611 670 5659 reus,
698 5594 956 5665 capabilis
977 5602 1058 5647 est
1084 5608 1193 5647 sua:
1222 5592 1462 5647 facturae.
1499 5592 1624 5645 Fuit
1651 5607 1779 5661 ergo
1806 5592 1990 5662 refuga
2017 5594 2102 5649 ille

526 5684 814 5752 aliquando
849 5684 901 5737 in
926 5683 1170 5738 contuitu
1188 5682 1463 5738 Creatoris
1490 5682 1661 5753 gloria
1686 5690 1741 5736 et
1769 5682 1972 5737 honore
1997 5686 2102 5739 cir-

527 5777 828 5840 rumdatus,
856 5776 949 5830 sed
976 5788 1101 5829 mox
1144 5784 1206 5829 ut
1231 5775 1424 5842 elatus,
1455 5774 1629 5847 patuit
1654 5774 1846 5853 ruinae,
1880 5790 1984 5830 non
2019 5792 2103 5837 re-

2206 1943 2333 1999 mali
2360 1957 2544 2006 causa,
2562 1956 2660 1997 nec
2686 1956 2750 1995 ex
2776 1942 2919 1995 bono
2941 1940 3191 2009 maloque
3221 1947 3523 2010 compacta,
3547 1939 3646 1993 sed
3667 1953 3789 1992 cum

2207 2036 2277 2090 sit
2304 2033 2581 2090 creatione
2610 2031 3016 2097 bona,arbitrio
3041 2032 3234 2087 animae
3256 2030 3490 2086 efﬁcitur
3512 2030 3598 2085 vel
3626 2031 3789 2093 bona,

2204 2128 2297 2183 vel
2320 2127 2493 2192 mala;
2527 2126 2641 2195 ipsa
2666 2133 2767 2190 est,
2799 2140 2918 2194 quae
2945 2124 3109 2179 stabit
3132 2130 3258 2179 ante
3284 2122 3518 2178 tribunal
3562 2120 3790 2177 Christi.

2275 2217 2463 2273 XXVI.
2506 2216 2681 2273 Credo
2737 2223 2981 2271 sanctam
3033 2214 3328 2270 Ecclesiam
3359 2254 3375 2279 ,
3434 2212 3789 2285 apostolicam

2206 2322 2368 2381 atque
2391 2310 2774 2375 universalem,
2799 2317 2853 2363 et
2886 2309 3239 2364 orthodoxam
3264 2348 3279 2372 ,
3328 2322 3449 2377 quae
3501 2321 3602 2361 nos
3650 2307 3797 2361 hanc

2206 2419 2391 2461 sanam
2408 2400 2589 2456 docuit
2610 2399 2930 2454 doctrinam.
2958 2397 3073 2452 Non
3102 2397 3156 2451 in
3178 2396 3322 2451 illam
3345 2396 3512 2451 credo
3535 2403 3793 2464 tanquam

2205 2498 2259 2553 in
2287 2497 2474 2559 Deum,
2506 2494 2598 2549 sed
2628 2507 2746 2548 eam
2778 2492 2832 2546 in
2858 2491 2998 2555 Deo,
3047 2496 3102 2544 et
3128 2490 3298 2544 Deum
3332 2489 3385 2543 in
3412 2504 3477 2543 ea
3519 2503 3642 2544 esse
3668 2504 3799 2542 con-

2206 2592 2392 2655 ﬁteor;
2430 2603 2538 2642 non
2567 2586 2721 2656 quasi
2759 2586 2877 2655 ipsa
2906 2583 3179 2640 contineat
3206 2582 3374 2637 Deum
3397 2623 3414 2648 ,
3465 2582 3561 2637 sed
3614 2584 3797 2651 potius

2204 2682 2320 2753 ipsa
2345 2679 2652 2735 continetur
2673 2692 2704 2731 a
2749 2677 2879 2733 Deo.
2910 2674 3037 2731 Haec
3077 2676 3266 2730 domus
3304 2674 3424 2739 Dei,
3447 2674 3566 2728 haec
3594 2689 3792 2743 sponsa

2204 2772 2426 2830 Christi.
2483 2770 2633 2824 Hanc
2679 2768 2800 2823 dico
2838 2775 3150 2823 sanctorum
3199 2767 3443 2821 omnium
3493 2781 3797 2836 congrega-

2206 2866 2426 2921 tionem.
2459 2864 2519 2918 ln
2544 2865 2648 2920 hac
2676 2864 3022 2920 continentur
3054 2878 3243 2918 omnes
3266 2860 3418 2930 justi,
3448 2870 3504 2915 et
3524 2861 3617 2930 qui
3645 2870 3795 2921 sunt,

2204 2966 2261 3013 et
2284 2958 2376 3027 qui
2402 2956 2643 3021 fuerunt,
2670 2964 2727 3011 et
2774 2956 2865 3025 qui
2893 2963 3072 3008 erunt.
3125 2953 3315 3008 Adhuc
3359 2952 3484 3006 dico
3540 2949 3795 3019 amplius.

2205 3047 2382 3101 Etiam
2411 3060 2599 3101 omnes
2626 3046 2908 3100 beatorum
2930 3044 3214 3113 spirituum
3243 3042 3462 3097 ordines
3485 3041 3541 3095 in
3564 3041 3670 3095 hac
3691 3056 3795 3093 una

2208 3140 2649 3196 confoederantur
2703 3138 2945 3193 Ecclesia
2973 3177 2988 3202 ,
3046 3134 3304 3206 Apostolo
3366 3149 3469 3189 nos
3519 3132 3794 3187 docente:

2210 3232 2347 3297 Quia
2374 3232 2430 3285 in
2456 3230 2659 3283 Christo
2691 3226 3026 3283 reconciliata
3057 3234 3177 3279 sunt
3203 3224 3377 3278 omnia
3402 3264 3416 3288 ,
3470 3238 3577 3275 non
3600 3220 3795 3284 solum,

2204 3341 2321 3397 qua:
2342 3325 2397 3378 in
2425 3333 2565 3377 terra
2606 3330 2762 3385 sunt,
2819 3337 2993 3375 verum
3024 3320 3180 3373 etiam
3218 3334 3334 3388 qua?
3380 3318 3436 3371 in
3481 3316 3629 3370 cash“:
3674 3323 3799 3370 sunt

2209 3414 2430 3487 (Coloss.
2461 3429 2501 3478 ι,
2524 3412 2635 3485 20).
2670 3412 2796 3466 Haec
2841 3410 3026 3465 omnia
3055 3424 3212 3465 sacra
3239 3409 3430 3472 unitas,
3457 3407 3669 3461 dicitur
3714 3406 3800 3462 ci-

2206 3507 2347 3559 vitas
2377 3504 2492 3559 Dei.
2518 3502 2619 3558 Hic
2666 3501 2818 3557 locus
2846 3509 2970 3566 est,
3021 3501 3073 3554 in
3114 3515 3223 3569 quo
3267 3497 3527 3554 conﬂatur
3570 3513 3795 3552 aurum.

2206 3597 2359 3651 Hanc
2384 3610 2547 3649 unam
2574 3593 2871 3648 Ecclesiam
2891 3590 3214 3646 catholicam
3235 3598 3289 3644 et
3314 3603 3529 3644 sursum
3558 3597 3614 3642 et
3636 3588 3797 3643 deor-

2207 3702 2328 3741 sum
2355 3685 2555 3754 ubique
2576 3682 2825 3738 diffusam
2866 3682 2924 3736 in
2948 3696 3112 3735 unam
3154 3679 3506 3750 colligendam
3559 3678 3796 3733 beatitu-

2207 3777 2388 3831 dinem
2411 3775 2593 3839 credo,
2612 3774 2790 3849 idest,
2814 3779 2986 3827 totam
3016 3770 3174 3826 simul
3202 3771 3256 3824 in
3280 3769 3421 3824 coelo
3444 3777 3794 3839 regnaturam

2206 3881 2330 3921 cum
2362 3865 2602 3930 Christo,
2627 3864 2721 3933 qui
2750 3872 2912 3934 caput
2932 3871 3017 3917 est
3037 3861 3207 3932 ipsius
3229 3859 3501 3924 Ecclesize,
3530 3859 3659 3929 quia
3681 3859 3793 3931 ipsa

2204 3963 2288 4011 est
2318 3970 2514 4025 corpus
2543 3955 2677 4024 ejus.
2720 3951 2890 4021 Hujus
2911 3967 3145 4022 namque
3192 3950 3438 4021 corporis
3466 3949 3646 4004 factus
3677 3963 3795 4005 sum

2204 4061 2302 4118 per
2330 4046 2561 4116 gratiam
2586 4044 2683 4099 Dei
2709 4045 3030 4108 membrum,
3064 4043 3189 4098 licet
3207 4042 3490 4113 parvulum
3542 4051 3600 4095 et
3644 4040 3795 4096 inﬁr—

2205 4152 2372 4191 mum.
2394 4134 2561 4203 llujus
2588 4136 2923 4190 consortium
2950 4146 3003 4190 et
3023 4134 3128 4190 ﬁde
3153 4142 3208 4189 et
3228 4149 3392 4204 opere
3415 4133 3652 4188 ﬁrmiter
3674 4134 3799 4187 reti-

2204 4240 2337 4280 nere
2369 4226 2611 4294 usquein
2642 4226 2826 4291 ﬁnem,
2856 4234 2913 4280 et
2935 4233 3063 4297 opto
3085 4226 3246 4281 nimis
3270 4233 3371 4281 eta
3400 4225 3512 4280 Deo
3540 4224 3755 4295 postulo
3778 4267 3793 4289 ,

2204 4319 2298 4387 qui
2321 4318 2477 4373 dator
2525 4325 2611 4373 est
2640 4319 2881 4373 omnium
2921 4318 3219 4387 bonorum.‘
3253 4318 3394 4390 Ergo
3442 4320 3497 4373 in
3540 4318 3645 4373 hac
3688 4334 3795 4373 una

2206 4412 2445 4467 Ecclesia
2467 4421 2654 4468 sancta
2675 4421 2849 4468 matre
2875 4422 3057 4469 nostra
3097 4414 3395 4479 catholica,
3446 4429 3569 4483 quae
3598 4414 3653 4469 in
3684 4423 3794 4471 toto

2208 4504 2338 4557 orbe
2377 4503 2560 4558 laudat
2590 4504 2759 4560 Deum
2784 4544 2799 4569 ,
2855 4520 2945 4559 me
2993 4515 3305 4559 sanctorum
3354 4506 3792 4560 communionem

2206 4601 2619 4648 consecuturum
2648 4608 2771 4649 esse
2798 4593 2981 4658 credo,
3007 4609 3112 4649 non
3143 4594 3195 4647 in
3223 4594 3358 4647 meis
3396 4594 3610 4649 meritis
3640 4636 3657 4659 ,
3701 4596 3795 4649 sed

2203 4682 2260 4738 in
2298 4684 2502 4739 Christi
2530 4683 2792 4754 sanguine
2821 4691 2876 4738 et
2916 4684 3077 4754 hujus
3106 4683 3294 4738 matris
3325 4684 3584 4739 Ecclesia:
3625 4685 3799 4755 preci—

2203 4774 2304 4830 bus
2338 4777 2657 4846 meritisque
2683 4774 2978 4831 conﬁdens.
3011 4775 3328 4848 Summ
3356 4785 3411 4831 et
3433 4777 3553 4831 aliae
3572 4778 3797 4847 pseudo-

2202 4865 2445 4919 ecclesia:
2470 4865 2782 4920 dtemonicis
2811 4864 3048 4935 decepta:
3076 4867 3338 4921 doctrinis
3368 4882 3475 4920 non
3504 4874 3796 4936 sequentes

2205 4954 2499 5021 Christum,
2525 4972 2754 5027 quarum
2788 4965 2844 5011 et
2870 4957 3075 5012 scelera
3097 4967 3151 5011 et
3175 4957 3395 5012 nomina
3422 4958 3591 5028 pudet
3615 4973 3702 5011 me
3734 4972 3795 5010 ac

2202 5047 2349 5117 piget
2365 5046 2505 5100 inter
2524 5062 2677 5101 sacra
2694 5046 2858 5101 verba
2875 5046 3231 5102 confessionis
3260 5046 3385 5101 ﬁdei
3412 5062 3551 5103 meae
3571 5045 3794 5101 referre.

2203 5139 2348 5193 Nihil
2374 5140 2503 5193 mihi
2541 5155 2665 5195 cum
2697 5139 2801 5194 illis
2822 5154 3126 5204 commune,
3154 5139 3363 5193 cunctis
3386 5139 3468 5194 eis
3504 5138 3795 5194 anathema

2204 5232 2357 5297 dico;
2410 5247 2515 5285 non
2559 5232 2690 5285 mihi
2746 5232 3025 5302 contingat
3076 5247 3199 5286 cum
3234 5231 3338 5285 illis
3366 5231 3450 5286 vel
3506 5230 3795 5301 paciﬁcum

2207 5324 2491 5394 aliquando
2511 5322 2713 5378 habere
2739 5338 3062 5378 sermonem.
3090 5322 3147 5377 Si
3195 5322 3345 5377 locus
3380 5330 3436 5377 et
3465 5331 3675 5392 tempus
3706 5337 3798 5393 po-

2203 5416 2442 5487 poscerit
2472 5417 2723 5486 persequi
2754 5416 2870 5471 illas
2902 5425 2958 5471 et
3007 5432 3107 5487 pro
3136 5415 3279 5472 scire
3312 5424 3367 5471 et
3402 5430 3563 5484 posse
3583 5455 3599 5480 ,
3646 5413 3797 5485 quod

2178 5505 2335 5559 'mihi
2358 5505 2498 5559 Deus
2531 5505 2680 5560 dabit
2734 5514 2790 5561 et
2822 5505 2935 5572 dat,
2977 5506 3117 5560 sicut
3149 5506 3333 5560 hostes
3360 5504 3563 5560 Christi
3620 5506 3798 5575 impu-

2204 5610 2369 5667 gnare
2398 5611 2674 5664 nunquam
2706 5596 2971 5651 desinam.
3021 5596 3215 5650 Divisae
3248 5596 3396 5650 enim
3444 5605 3569 5650 sunt
3613 5610 3642 5648 a
3670 5610 3795 5649 oor-

2201 5702 2335 5757 pore
2354 5687 2573 5744 Christi.
2602 5688 2709 5743 llla:
2737 5687 2952 5760 quidem
2998 5702 3246 5743 errorum
3275 5696 3438 5742 nocte
3490 5685 3795 5742 tenebrosa

2202 5777 2343 5833 ultra
2378 5785 2431 5833 et
2456 5777 2615 5846 infra,
2639 5794 2802 5849 quam
2830 5788 2890 5833 ut
2912 5776 3481 5866 oporteat,trahuntur
3500 5791 3531 5831 a
3552 5773 3789 5835 diabolo.
