4038 6354
308 305 448 364 I075

928 338 931 341 λ
976 290 1128 352 OPP.
1166 285 1395 349 DUBIA.
1435 319 1503 330 —
1544 277 1770 343 ALBINI
1807 282 2187 342 CONFESSIO
2224 278 2423 336 FIDEI.
2466 306 2536 318 --
2573 270 2753 332 PARS
2790 275 2875 332 III.

3412 252 3549 331 um

304 421 560 494 magistro
593 430 799 471 eorum.
852 412 1023 468 Mater
1061 426 1191 466 vero
1242 408 1481 464 Ecclesia
1530 404 1765 460 medium
1794 412 1873 458 te-
1901 411 1950 472 Α
1977 410 2087 454 tam
2120 412 2274 453 suam
2302 397 2526 452 Domino
2555 401 2889 494 protegente.
2912 387 2980 444 ab
3010 390 3156 493 omni
3190 389 3403 494 capitali
3452 393 3555 494 eri:

305 523 419 575 net.
449 510 593 582 quod
611 522 753 563 verae
784 505 998 560 virtutis
1032 502 1308 575 proprium
1332 508 1435 556 est.
1632 580 1633 583 η

374 602 584 660 XXVII.
622 600 749 655 Haec
768 598 985 668 quidem
1018 604 1194 650 mater
1215 593 1474 658 Ecclesia,
1512 605 1631 660 qua:
1677 588 1876 643 dicitur

305 695 591 759 catholica,
617 708 714 764 per
734 691 921 746 orbem
952 688 1006 742 in
1041 703 1149 742 una
1184 687 1479 753 eademque
1510 683 1613 736 Iide
1642 678 1834 735 diﬂ’usa
1858 718 1874 745 ,

306 789 479 844 tribus
513 784 687 840 modis
729 782 988 852 probatur
1016 779 1267 833 existere.
1307 772 1576 844 Quidquid
1604 772 1659 826 in
1691 785 1756 825 ea
1800 777 1880 823 te-

306 888 483 944 netur,
515 884 606 930 aut
629 873 926 929 auctoritas
954 878 1038 926 est
1056 868 1456 939 Seripturarum
1488 905 1503 931 ,
1548 871 1641 919 aut
1660 859 1879 917 traditio

307 969 646 1034 universalis,
680 975 773 1021 aut
792 972 939 1022 certe
965 963 1182 1035 propria
1205 970 1260 1017 et
1308 948 1649 1032 particular-is
1680 957 1881 1011 instru-

305 1064 435 1127 ctio,
461 1060 555 1115 sed
595 1057 916 1113 auctoritate
962 1062 1072 1108 tota
1127 1050 1539 1121 constringitur,
1586 1041 1878 1101 universali

305 1150 594 1205 traditione
619 1145 882 1216 majorum
907 1140 1254 1197 nihilominus
1282 1149 1393 1192 tota
1418 1154 1433 1202 ς
1486 1135 1711 1206 privatis
1750 1147 1880 1187 vero

304 1236 776 1294 constitutionibus
827 1242 883 1288 et
934 1231 1168 1303 propriis
1226 1226 1692 1284 informationibus
1745 1239 1881 1279 una-

305 1345 531 1399 quaeque
554 1326 635 1382 vel
662 1341 761 1396 pro
790 1325 1033 1379 locorum
1070 1321 1348 1385 varietate,
1378 1318 1462 1374 vel
1498 1325 1656 1388 prout
1687 1315 1880 1385 cuique

305 1422 444 1477 bene
468 1420 643 1474 visum
699 1424 801 1482 est,
830 1414 1073 1471 subsistit
1100 1420 1155 1469 et
1208 1412 1429 1482 regitur.
1465 1406 1879 1464 Consuetudinis

304 1513 503 1583 quippe
527 1518 653 1566 sunt
676 1509 903 1564 diversa:
923 1548 938 1572 ,
992 1504 1088 1561 sed
1121 1519 1228 1558 una
1282 1503 1575 1570 eademque
1599 1510 1682 1554 est
1714 1499 1768 1552 in
1814 1512 1878 1552 ea

304 1600 430 1657 ﬁdei
457 1601 769 1656 orthodoxae
798 1597 1093 1668 integritas.
1110 1594 1253 1649 Intra
1280 1594 1420 1647 hanc
1438 1600 1679 1647 sanctam
1701 1588 1882 1644 Eccle-

301 1692 463 1757 siam,
491 1691 580 1745 ubi
608 1704 749 1745 unus
777 1688 918 1742 Deus
949 1687 1052 1740 rite
1073 1685 1287 1749 colitur,
1320 1691 1376 1739 et
1428 1698 1535 1737 una
1590 1688 1676 1737 est
1724 1679 1876 1735 ﬁdes.

1973 491 2117 545 mine
2153 490 2443 543 immunem
2498 492 2799 542 servarunt.
2831 484 2961 538 Dico
3010 481 3174 536 etiam
3213 480 3333 550 plus
3356 523 3371 547 ,
3407 481 3555 551 quod

1976 579 2079 634 illis
2113 577 2520 632 excellentiores
2544 576 2658 630 ﬁeri
2685 581 2911 645 possunt
2954 573 3007 626 in
3050 571 3236 642 gloria.
3290 570 3414 625 Haec
3469 577 3558 627 est

1974 670 2193 741 quidem
2221 669 2287 723 de
2332 668 2516 733 sanis;
2550 668 2617 721 de
2653 666 2880 721 inﬁrmis
2910 681 3038 719 vero
3071 666 3173 719 hoc
3216 664 3409 730 sentio,
3439 678 3560 734 spe-

1970 777 2105 816 rans
2133 761 2200 816 de
2214 759 2512 828 justissima
2542 759 2873 828 pietateDei,
2898 757 3039 828 quod
3071 758 3116 811 si
3149 757 3271 825 quis
3291 772 3477 811 eorum
3502 756 3557 812 in

1976 852 2167 908 ultimo
2197 852 2319 905 vitae
2340 851 2532 920 spiritu
2554 851 2912 905 admissorum
2941 850 3219 919 poeniteat,
3259 857 3313 903 et
3337 856 3558 918 peccata

1978 958 2072 998 sua
2084 942 2292 1013 publica
2308 941 2676 997 satisfactione
2690 942 3107 1007 lamentationis,
3127 956 3307 996 coram
3324 942 3555 1008 cunctis,

1978 1037 2068 1105 qui
2096 1036 2166 1090 ibi
2214 1034 2445 1099 adstant,
2478 1033 2710 1104 prodat,
2763 1033 3081 1104 poenitentia
3131 1033 3247 1104 ejus
3294 1032 3556 1103 recipitur
3604 1046 3611 1105 ξ

1976 1126 2162 1195 procul
2192 1125 2352 1180 dubio
2375 1125 2553 1181 abillo
2590 1126 2683 1195 qui
2724 1143 2815 1180 cor
2843 1125 3121 1179 contritum
3153 1134 3201 1179 et
3223 1123 3558 1179 humiliatum

1978 1235 2083 1271 nou
2117 1218 2313 1286 spernit
2351 1214 2523 1287 (Psal.
2553 1232 2603 1269 L.
2630 1216 2741 1283 I9),
2772 1224 2820 1269 et
2848 1225 3067 1269 mortem
3090 1231 3193 1269 non
3222 1214 3329 1270 vult
3372 1230 3560 1284 pecca-

1979 1319 2150 1363 torum
2186 1307 2401 1378 (Ezech.
2435 1325 2514 1375 ιιι,
2542 1306 2650 1378 Η),
2677 1308 2842 1361 etiam
2887 1305 3004 1378 [F.,
3037 1305 3272 1378 etiamsi]
3306 1306 3563 1361 continuo

1977 1399 2086 1453 vita
2108 1397 2415 1463 exeeditur;
2462 1398 2799 1467 propositum
2827 1397 2973 1451 enim
3004 1397 3099 1451 Dei
3130 1436 3145 1463 ,
3195 1411 3302 1465 quo
3326 1394 3567 1451 decrevit

1978 1490 2189 1545 salvare
2237 1489 2380 1558 quod
2424 1490 2679 1559 perierat,
2708 1498 2817 1545 stat
2846 1489 3137 1545 immobile.
3195 1489 3465 1549 Caeterum
3519 1490 3568 1543 si

1978 1597 2139 1651 quem
2168 1591 2349 1637 movet
2381 1584 2521 1651 quod
2547 1584 2805 1653 scriptum
2839 1592 2960 1649 est,
3012 1584 3137 1653 quia
3168 1583 3309 1639 Deus
3362 1582 3567 1637 nullum

1978 1677 2180 1731 crimen
2209 1677 2294 1732 vel
2314 1686 2594 1747 peccatum
2630 1676 2723 1748 [F.
2769 1677 2907 1731 deest
2944 1676 3195 1749 inultum]
3230 1676 3380 1731 abire
3422 1674 3567 1745 pati-

308 1799 331 1833 ‹
376 1794 402 1822 ι
429 1781 606 1837 Unum
654 1790 846 1834 tenens
882 1775 1146 1831 conﬁteor
1168 1775 1461 1845 baptisma,
1512 1787 1675 1842 quam
1700 1771 1891 1827 iisdem
1923 1765 1965 1825 Β
1992 1773 2123 1819 tur:
2156 1765 2201 1821 si
2238 1766 2399 1822 homo
2449 1781 2556 1820 non
2601 1767 2771 1834 punit,
2833 1767 2973 1821 Deus
3023 1775 3172 1821 certe
3228 1766 3400 1836 punit.
3444 1763 3555 1819 Res

305 1873 630 1930 sacramenti
646 1870 825 1926 verbis
852 1870 907 1923 in
929 1867 1241 1935 infantibus,
1268 1868 1461 1937 quibus
1484 1866 1650 1920 etiam
1675 1865 1729 1919 in
1764 1880 1883 1919 ma-

303 1962 538 2033 ioribus,
570 1978 691 2018 esse
716 1961 1096 2019 celebrandum
1128 1961 1269 2025 dico,
1300 1979 1319 2013 ι
1357 1969 1518 2029 atque
1550 1958 1736 2012 dicens
1763 1970 1884 2011 con-

305 2053 486 2114 ﬁrmo.
514 2053 636 2109 Illos
669 2048 887 2124 quidem
920 2051 1290 2107 tantummodo
1338 2051 1640 2121 baptizatos
1662 2064 1883 2115 assero,

304 2147 485 2221 quiin
521 2148 736 2203 nomine
768 2145 973 2210 Patris,
1028 2155 1084 2199 et
1134 2143 1274 2209 Filii,
1302 2154 1357 2200 et
1383 2142 1613 2213 Spiritus
1666 2141 1884 2206 sancti,

300 2236 457 2310 juxta
478 2237 721 2309 regulam
747 2252 779 2290 a
803 2236 1031 2290 Domino
1078 2235 1310 2305 positam
1340 2234 1494 2288 tincti
1528 2243 1671 2288 sunt.
1696 2232 1755 2286 In
1780 2247 1888 2301 qua

307 2328 715 2401 regeneratione
760 2327 1131 2381 remissionem
1158 2324 1396 2379 omnium
1432 2333 1799 2393 peccatorum,
1833 2330 1889 2376 et

306 2416 647 2489 originalium
672 2426 726 2472 et
750 2416 1042 2472 actualium
1072 2416 1188 2471 dari
1213 2456 1227 2481 ,
1274 2422 1329 2470 et
1359 2414 1569 2468 animas
1622 2412 1889 2482 simulque

308 2524 534 2580 corpora
563 2509 953 2580 baptizatorum
984 2507 1311 2564 sanctificari
1332 2522 1429 2577 per
1470 2504 1733 2576 Spiritum
1764 2520 1891 2559 san-

309 2608 458 2656 ctum
482 2584 645 2657 credo
670 2620 682 2655 :
712 2616 869 2671 quem
900 2602 1195 2672 accipimus
1216 2616 1284 2655 ex
1304 2608 1430 2655 tunc
1451 2596 1645 2671 pignus
1670 2588 1892 2653 haeredi-

313 2693 442 2748 tatis
474 2702 692 2759 nostrae,
717 2703 773 2749 et
813 2709 911 2764 per
936 2709 1095 2763 quem
1118 2692 1429 2749 dilfunditur
1454 2692 1690 2747 Charitas
1714 2692 1811 2747 Dei
1836 2691 1891 2746 in

309 2784 562 2840 cordibus
586 2787 806 2841 nostris.
841 2786 983 2841 Deus
1037 2793 1217 2841 sacrat
1270 2801 1484 2855 aquam,
1523 2794 1579 2839 et
1610 2784 1849 2854 baptizat
1872 2826 1886 2850 ,

311 2878 405 2948 qui
444 2877 571 2933 talia
599 2886 727 2933 tunc
774 2879 828 2933 in
859 2879 1016 2933 nobis
1050 2886 1326 2947 operatur,
1352 2877 1479 2932 licet
1506 2878 1740 2931 humana
1769 2891 1890 2946 my-

311 2971 478 3026 steria
503 2969 635 3026 foris
665 2971 967 3026 videantur.
997 2970 1305 3041 Baptizatos
1341 2980 1540 3034 autem,
1573 2970 1619 3024 si
1650 2978 1772 3039 post
1796 2984 1890 3023 ac-

311 3071 526 3132 ceptam
552 3062 803 3133 baptismi
846 3063 1077 3134 gratiam
1105 3062 1243 3132 lapsi
1272 3060 1471 3115 fuerint
1494 3102 1509 3126 ,
1568 3062 1890 3131 rebaptizari

310 3152 529 3219 debere,
559 3169 898 3224 nequaquam
921 3154 1193 3218 ‘dicimus,
1241 3168 1310 3208 ne
1358 3153 1623 3208 invocatio
1653 3153 1737 3207 vel
1771 3167 1896 3208 con-
1920 3124 1969 3187 θ

312 3243 482 3300 fessio
515 3252 714 3300 sancta:
773 3244 1049 3300 Trinitatis
1090 3243 1430 3309 annulletur;
1464 3244 1557 3297 sed
1582 3243 1779 3298 salvari
1802 3258 1895 3297 eos

312 3352 474 3407 posse
500 3337 770 3391 credimus
788 3352 886 3406 per
909 3336 1301 3407 pmnitentiam,
1338 3351 1459 3405 quae
1488 3336 1671 3390 multis
1722 3335 1895 3391 modis

314 3427 493 3497 agitur
526 3427 577 3481 in
607 3435 778 3483 matre
801 3427 1062 3492 Ecclesia,
1099 3443 1219 3498 quae
1263 3427 1454 3481 domus
1486 3427 1581 3481 Dei
1610 3436 1712 3492 est,
1741 3436 1895 3483 extra

313 3534 479 3588 quam
514 3517 715 3572 nullam
749 3518 971 3573 credere
1017 3518 1100 3573 fas
1137 3527 1221 3574 est
1268 3520 1658 3585 remissionem,
1695 3519 1895 3574 nullam

308 3613 616 3685 justitiam:
651 3612 904 3683 quoniam
948 3622 1102 3668 extra
1158 3613 1304 3667 illam
1339 3615 1530 3683 positis
1555 3656 1569 3679 ,
1615 3622 1669 3668 et
1716 3629 1897 3669 sacra-

313 3711 500 3758 menta
526 3701 910 3768 ecclesiastica,
935 3710 991 3757 et
1018 3702 1276 3772 quidquid
1306 3703 1432 3757 boni
1455 3703 1538 3772 agi
1564 3710 1762 3772 potest,
1792 3718 1897 3757 non

315 3793 638 3863 proveniunt
666 3792 734 3847 ad
759 3792 1005 3859 salutem,
1044 3793 1137 3848 sed
1158 3793 1335 3862 potius
1358 3793 1423 3847 ad
1454 3793 1767 3862 perniciem.
1787 3792 1896 3847 Ex-

316 3890 402 3936 tra
439 3883 578 3936 hanc
606 3882 751 3937 enim
800 3884 937 3937 mori
977 3883 1204 3937 diversis
1247 3882 1499 3943 crucibus
1558 3882 1738 3938 carnis
1776 3885 1898 3953 quis

317 3979 516 4043 potest,
534 3972 628 4026 sed
653 3972 761 4027 Deo
782 3983 1033 4043 acceptus
1052 3988 1172 4029 esse
1199 3989 1303 4029 non
1330 3982 1523 4045 potest.
1554 3974 1680 4031 Haec
1702 3977 1900 4047 quippe

318 4070 406 4114 est
429 4059 598 4125 locus,
634 4061 686 4115 in
714 4076 819 4131 quo
850 4061 1112 4117 conﬂatur
1137 4079 1353 4118 aurum.

392 4150 621 4206 XXVIII.
663 4151 775 4208 Hoc
834 4153 998 4207 etiam
1045 4155 1339 4209 secundum
1373 4155 1531 4212 Iidem
1577 4159 1900 4214 catholicam

335 4251 503 4309 teneo,
526 4243 670 4313 quod
692 4260 880 4300 omnes
896 4246 1163 4301 veraciter
1182 4247 1440 4318 baptizati
1465 4250 1575 4305 Deo
1606 4252 1901 4306 auxiliante

324 4340 378 4388 et
401 4343 744 4403 cooperante,
772 4351 891 4406 qua:
912 4336 978 4391 ad
1002 4338 1226 4393 salutem
1249 4340 1440 4394 animze
1458 4342 1749 4411 pertinent,
1778 4358 1903 4412 pos-

324 4424 433 4482 sint
458 4433 512 4478 et
533 4425 780 4494 debeant,
804 4426 850 4482 si
880 4426 1105 4483 ﬁdeliter
1132 4430 1380 4487 laborare
1408 4434 1693 4501 voluerint,
1730 4435 1901 4489 adim-

323 4512 489 4583 plere.
513 4514 736 4586 Aliquos
762 4533 892 4573 vero
916 4520 982 4573 ad
1007 4520 1207 4575 malum
1243 4524 1421 4578 divina
1466 4535 1734 4597 potestate
1758 4544 1900 4597 prte-

322 4605 624 4662 destinatos
646 4623 767 4663 esse
788 4624 894 4664 non
926 4610 1099 4666 solum
1144 4629 1248 4668 non
1274 4617 1435 4671 credo
1458 4658 1473 4683 ,
1528 4619 1619 4673 sed
1660 4620 1825 4675 etiam
1855 4622 1899 4676 si

325 4706 472 4763 sunt,
504 4699 594 4769 qui
628 4710 835 4755 tantum
859 4703 981 4757 mali
998 4704 1218 4760 credere
1239 4707 1423 4772 velint,
1450 4722 1571 4762 cum
1594 4712 1739 4766 omni
1765 4712 1907 4766 dete-

327 4790 560 4844 statione
590 4791 873 4847 anathema
902 4794 1006 4849 illis
1027 4795 1166 4851 dico.
1197 4795 1338 4852 Deus
1378 4800 1519 4853 enim
1552 4811 1606 4855 et
1630 4800 1826 4868 bonus,
1850 4812 1906 4857 et

329 4882 470 4951 pius,
502 4892 558 4936 et
589 4883 926 4953 omnipotens
987 4895 1087 4941 est.
1123 4888 1263 4959 Ergo
1303 4889 1349 4943 si
1384 4890 1507 4944 mali
1551 4906 1752 4959 sumus,
1794 4909 1901 4949 non

329 4971 489 5036 illius,
523 4971 616 5027 sed
638 4980 823 5027 nostra
852 4982 934 5029 est
954 4976 1128 5047 culpa,
1158 4987 1211 5031 et
1238 4979 1453 5045 diaboli,
1478 4980 1630 5049 cujus
1652 4982 1901 5039 nefandis

328 5062 567 5137 consiliis
592 5064 1001 5134 acquiescimus.
1028 5066 1133 5123 Sed
1149 5070 1292 5124 illam
1306 5080 1563 5141 praeterea
1580 5089 1762 5128 veram
1783 5075 1904 5130 dico

330 5153 723 5224 paenitentiam,
751 5170 871 5226 qua:
895 5158 1130 5213 admissa
1152 5159 1327 5226 deﬂet,
1364 5171 1416 5216 et
1447 5165 1777 5232 pcenitenda,
1809 5181 1906 5220 ne-

332 5257 439 5314 que
469 5242 576 5309 illa,
608 5260 782 5315 neque.
814 5247 892 5301 eis
924 5249 1135 5315 similia,
1159 5266 1258 5321 pro
1281 5253 1475 5321 quibus
1516 5255 1904 5323 pmnitudinem

234 5390 239 5393 _
331 5335 493 5409 gerit,
522 5335 772 5407 deinceps
811 5339 1062 5394 admittit.
1120 5341 1281 5397 Pauci
1315 5344 1677 5412 inveniuntur,
1705 5346 1797 5415 qui
1825 5355 1906 5401 ta-

333 5427 459 5484 liter
479 5431 727 5485 studeant
758 5433 1041 5503 paenitere.
1070 5434 1187 5490 Non
1215 5444 1392 5490 autem
1428 5436 1613 5493 dubito
1642 5439 1776 5494 bene
1797 5456 1908 5511 po:-

336 5520 567 5575 nitentes
588 5522 654 5577 ad
689 5522 900 5577 illorum
930 5532 1283 5593 perventuros
1316 5529 1661 5596 consortium,
1690 5532 1779 5601 qui
1831 5534 1908 5588 vi-

410 5713 434 5743 ι
476 5701 551 5757 Ex
574 5701 773 5772 Pelagii
796 5701 1165 5760 Confessione.

1928 4472 1981 4533 D

1984 1855 2284 1927 poudemus
2335 1857 2461 1926 quia
2504 1866 2588 1911 est
2642 1858 2986 1928 purgatorius
3040 1858 3220 1928 ignis,
3270 1857 3363 1911 ubi
3409 1871 3569 1911 mun-

1986 1948 2102 2003 dari
2153 1956 2443 2019 poterunt,
2480 1957 2534 2004 et
2583 1952 2661 2005 sic
2710 1950 2922 2021 purgati
2967 1949 3260 2020 jungentur
3316 1949 3419 2005 illis
3481 1949 3571 2018 qui

1986 2039 2056 2093 ad
2103 2039 2381 2095 dexteram
2427 2041 2661 2110 ponendi
2710 2049 2888 2095 erunt.
2939 2038 3180 2107 Qualitas
3208 2048 3264 2093 et
3295 2039 3573 2108 quantitas
3614 2046 3615 2053 ‘

1984 2145 2265 2200 poenarum
2314 2146 2414 2200 pro
2473 2132 2810 2201 paenitentia,
2846 2147 2964 2202 quae
3024 2132 3229 2202 agenda
3280 2130 3456 2185 fuerat
3508 2130 3565 2184 in

1985 2220 2116 2285 vita,
2144 2220 2196 2273 in
2224 2221 2317 2274 Dei
2352 2228 2435 2275 est
2464 2221 2689 2275 arbitrio
2709 2262 2723 2287 ,
2779 2222 2870 2290 qui
2917 2220 3271 2295 proﬂuentes
3300 2219 3570 2290 lacrymas

1987 2309 2203 2367 contriti
2229 2310 2407 2364 cordis
2438 2311 2695 2380 suscepit.
2732 2310 2871 2381 Ergo
2898 2309 3035 2364 bene
3066 2308 3349 2380 agentibus
3399 2309 3567 2379 bapti-

1988 2401 2125 2455 satis
2149 2401 2251 2455 iter
2272 2414 2390 2455 esse
2417 2400 2633 2455 salutis:
2663 2401 2863 2455 nullum
2892 2412 3071 2455 autem
3101 2402 3571 2465 catechumenum,

1988 2494 2233 2571 quamvis
2262 2493 2314 2548 in
2339 2493 2495 2548 bonis
2539 2494 2791 2564 cperibus
2823 2492 3153 2558 defunctum,
3182 2493 3347 2547 vitam
3374 2492 3576 2547 habere

1988 2596 2247 2641 aeternam
2282 2585 2539 2650 dicimus;
2587 2593 2814 2654 excepto
2858 2584 3118 2655 martyrio
3143 2625 3158 2649 ,
3195 2583 3286 2637 ubi
3323 2589 3435 2639 tota
3481 2581 3578 2635 ba-

1987 2679 2169 2749 ptismi
2198 2686 2535 2732 sacramenta
2568 2676 2922 2747 complentur.
2965 2678 3236 2747 Sanguine
3261 2676 3437 2740 enim.
3487 2673 3576 2730 vel

1988 2768 2131 2838 igne,
2161 2767 2243 2821 vel
2266 2768 2439 2838 poenis
2470 2768 2587 2822 aliis
2612 2766 2960 2837 baptizantur
2982 2765 3340 2822 confessores.

2060 2878 2250 2932 XXIX.
2291 2877 2465 2933 Credo
2490 2879 2670 2933 carnis
2697 2879 3171 2942 resurrectionem,
3199 2893 3308 2932 non
3335 2877 3528 2932 animm
3548 2917 3566 2944 ,

1987 2985 2107 3039 qua:
2132 2969 2263 3023 licet
2293 2984 2321 3021 a
2347 2984 2444 3023 sua
2466 2969 2596 3031 vita,
2627 2985 2745 3038 quae
2777 2970 2918 3024 Deus
2947 2977 3054 3034 est,
3088 2970 3371 3024 deseratur
3398 3007 3413 3034 ,
3466 2967 3573 3025 hoc

1996 3069 2081 3115 est
2107 3061 2229 3131 ejus
2250 3062 2408 3125 mori,
2432 3070 2610 3130 potest
2654 3062 2799 3115 enim
2834 3063 2970 3116 bene
3007 3064 3074 3116 ah
3128 3063 3232 3117 hac
3257 3071 3430 3117 morte
3483 3076 3577 3133 per

1996 3152 2373 3222 pmnitentiam
2416 3166 2720 3224 resurgere,
2753 3161 2929 3209 tamen
2951 3154 3379 3210 substantialiter
3423 3154 3577 3220 vivit,

1997 3252 2052 3299 ct
2072 3261 2174 3299 non
2204 3246 2426 3299 moritur
2448 3261 2685 3314 unquam
2712 3286 2726 3311 ,
2770 3254 2825 3299 et
2850 3246 2969 3300 ideo
2993 3246 3310 3302 substantiae
3339 3262 3449 3302 sua:
3472 3262 3579 3301 non

1997 3344 2119 3405 eget
2149 3336 2564 3391 resurrectione.
2621 3335 2678 3388 In
2711 3335 2824 3389 sola
2878 3336 3059 3405 itaque
3092 3352 3254 3391 carne
3283 3337 3447 3391 credo
3492 3351 3580 3390 me

2000 3444 2304 3497 resurgere,
2331 3429 2385 3483 in
2426 3444 2534 3498 quo
2558 3428 2745 3497 procul
2775 3429 2936 3483 dubio
2980 3430 3277 3484 moriturus
3301 3445 3441 3484 sum.
3473 3428 3571 3482 Re

1998 3528 2183 3587 surget
2206 3527 2351 3573 certe
2381 3534 2529 3583 caro,
2562 3520 2657 3573 sed
2681 3519 2753 3571 ita
2778 3519 3099 3573 immortalis
3125 3528 3290 3589 atque
3318 3521 3579 3590 spiritua-

1996 3609 2082 3674 lis,
2111 3619 2170 3663 ut
2193 3610 2447 3679 deinceps
2476 3610 2613 3665 mori
2665 3626 2769 3663 non
2798 3611 2987 3679 possit.
3048 3612 3166 3665 Erit
3217 3611 3457 3677 ejusdem
3487 3628 3577 3667 na-

1998 3707 2155 3764 tur:e,
2182 3699 2273 3754 sed
2307 3700 2529 3753 alterius
2568 3700 2863 3769 qualitatis,
2896 3702 3021 3771 quia
3054 3702 3345 3755 seminatur
3393 3719 3581 3773 corpus

1998 3789 2245 3853 animale,
2262 3800 2435 3858 surget
2454 3807 2639 3859 corpus
2656 3790 2990 3862 spirituaIcU
3017 3790 3138 3845 Cor.
3166 3808 3254 3856 xv,
3273 3791 3384 3861 44).
3414 3792 3441 3831 b
3462 3791 3581 3847 Ome

2000 3879 2147 3932 nium
2174 3878 2450 3933 hominum
2476 3881 2617 3934 sicut
2644 3888 2698 3935 et
2745 3896 2917 3934 meam
2945 3881 3209 3936 conﬁteor
3232 3882 3569 3937 resurrectio-

1999 3986 2143 4035 nem,
2175 3972 2267 4026 sed
2305 3987 2467 4025 unam
2493 3980 2546 4025 et
2574 3971 2759 4035 semel,
2791 3972 2951 4025 simul
3000 3988 3186 4027 omnes
3213 3989 3580 4044 resurgemus.

2000 4064 2115 4119 Non
2142 4065 2373 4134 primam
2401 4063 2669 4131 iustorum
2701 4072 2754 4118 et
2782 4065 3071 4119 secundam
3114 4066 3434 4135 impiorum,
3488 4065 3584 4123 sed

2001 4173 2160 4211 unam
2188 4157 2449 4211 omnium.
2482 4177 2500 4208 ι
2536 4156 2651 4211 Non
2675 4157 2819 4211 aliud
2848 4173 3046 4211 novum
3073 4173 3269 4227 corpus
3294 4174 3391 4228 pro
3418 4173 3584 4214 carne

2001 4249 2104 4303 hac
2131 4255 2584 4313 resurrecturum,
2611 4246 2704 4301 sed
2733 4248 2871 4302 hanc
2896 4247 3068 4317 ipsam
3090 4248 3235 4305 nullo
3265 4250 3485 4305 omnino
3534 4252 3584 4307 ei

2000 4340 2088 4394 vel
2111 4339 2353 4394 membro
2377 4348 2672 4409 amputato,
2697 4339 2781 4394 vel
2810 4340 2986 4409 aliqua
3037 4341 3277 4411 corporis
3303 4353 3458 4412 parte
3494 4343 3585 4397 de-

2005 4427 2165 4484 fecta.
2200 4448 2219 4479 ‹
2261 4429 2393 4483 Tam
2414 4428 2715 4498 justorum,
2766 4446 2927 4499 quam
2978 4429 3296 4499 injustorum
3327 4447 3455 4486 caro
3503 4432 3585 4487 in~

2004 4523 2367 4592 corruptibilis
2392 4530 2670 4592 resurget,
2712 4532 2771 4576 ut
2798 4522 2884 4577 vel
2909 4538 3099 4592 poenas
3141 4522 3367 4578 sufferre
3414 4522 3585 4594 possit

2003 4631 2102 4685 pro
2125 4616 2380 4685 peccatis,
2413 4615 2493 4669 vel
2529 4616 2582 4669 in
2617 4616 2785 4687 gloria
2840 4625 3038 4670 :eterna
3072 4632 3292 4672 manere
3322 4632 3421 4687 pro
3470 4632 3585 4673 me-

2004 4704 2144 4758 ritis.
2185 4725 2203 4756 ›
2241 4704 2425 4759 Utrius
2453 4720 2612 4759 sexus
2641 4705 2868 4759 formam
2900 4721 3003 4759 non
3034 4706 3346 4760 mutandam
3383 4708 3543 4763 credo
3565 4748 3582 4773 ,

2005 4796 2099 4849 sed
2145 4796 2318 4850 virum
2348 4782 2400 4849 in
2438 4793 2607 4850 forma
2644 4796 2776 4859 vini,
2821 4806 2876 4850 et
2916 4795 3169 4852 feminam
3197 4799 3250 4852 in
3287 4797 3459 4853 forma
3507 4798 3584 4854 fe-

2005 4889 2165 4943 mina:
2191 4903 2488 4958 resurgere.
2530 4887 2775 4941 Conditio
2802 4888 3057 4954 cessabit,
3089 4908 3193 4946 non
3241 4894 3445 4962 species
3488 4908 3585 4945 na-

2005 4979 2210 5043 turalis,
2243 4979 2380 5032 sicut
2417 4979 2673 5047 scriptum
2701 4989 2784 5033 est
2810 4998 2820 5031 :
2858 4979 3038 5052 Neque
3066 4982 3277 5043 nubent,
3301 4999 3460 5053 neque
3479 4999 3582 5036 mt-

2006 5071 2189 5124 bentur
2217 5069 2428 5141 (Matth.
2462 5086 2595 5133 xxu,
2621 5069 2729 5140 50).
2758 5071 2871 5125 Non
2904 5074 3045 5126 enim
3074 5090 3201 5128 vera
3228 5082 3370 5127 esset
3397 5088 3580 5128 resur-

2007 5160 2194 5223 rectio,
2224 5160 2268 5213 si
2297 5160 2349 5213 id
2394 5160 2536 5228 quod
2561 5161 2794 5227 cecidit,
2848 5179 2952 5217 non
3010 5171 3336 5233 resurgeret.
3371 5182 3389 5214 ι
3428 5163 3580 5231 Quod

2008 5258 2187 5305 autem
2202 5249 2372 5321 ,407
2394 5251 2622 5304 dicimus
2654 5252 2705 5305 in
2726 5253 2991 5323 symbolo,
3026 5255 3077 5307 in
3108 5254 3338 5308 adventu
3366 5254 3576 5309 Domini

2009 5341 2161 5396 vivos
2187 5355 2251 5394 ac
2279 5349 2517 5396 mortuos
2548 5340 2887 5409 judicandos,
2922 5360 3024 5397 non
3046 5343 3221 5412 jusms
3249 5360 3312 5397 ac
3333 5338 3601 5415 peccato?

2013 5447 2117 5495 res,
2143 5439 2202 5485 ut
2230 5431 2444 5499 quidam
2478 5432 2689 5496 volunt;
2719 5433 2809 5486 sel
2845 5434 2993 5487 vivos
3030 5449 3150 5499 eos,
3209 5436 3298 5503 qui
3325 5439 3377 5489 in
3413 5424 3595 5490 carne‘

2012 5525 2313 5580 invenieu-li
2337 5533 2479 5591 sunt,
2502 5526 2791 5593 signiﬁcari
2830 5528 2998 5594 magis
3052 5542 3210 5581 reor:
3250 5530 3338 5596 q..i
3383 5527 3447 5582 ad
3476 5529 3579 5586 hoc

2082 5707 2110 5747 1³
2160 5706 2359 5772 Genu.,
2382 5705 2447 5759 de
2470 5702 2612 5757 Eccl.
2644 5701 2850 5769 Dogm.,
2883 5716 3000 5771 cap.
3039 5703 3092 5759 6.
