4038 6354
266 300 403 357 1077

934 291 1087 359 OPP.
1126 288 1353 353 DUBIA.
1395 284 1715 347 —ALBINI
1744 277 2131 345 COKFESSIO
2162 277 2367 339 FIDE].
2407 307 2478 325 ο·-
2510 275 2695 335 PARS
2726 273 2812 330 Ill.

3367 274 3468 330 {07
3474 276 3508 332 8

262 429 386 469 nem
418 418 699 481 peccatum
730 407 905 461 vitare
952 421 1059 461 non
1104 418 1285 475 posse,
1344 415 1503 471 quam
1552 399 1690 462 illos,
1738 395 1910 467 .quiA
1937 390 2088 461 quid,
2133 389 2277 460 quod
2326 389 2393 445 ad
2422 403 2606 444 veram
2650 385 2875 441 salutem
2896 385 3155 456 pertinet,
3184 385 3304 441 ﬁeri
3346 402 3508 457 posse

262 519 386 560 cum
413 501 694 556 Jovim‘ano
716 506 962 554 asserunt
981 497 1252 552 hominem
1278 510 1383 549 non
1410 507 1566 563 posse
1584 503 1827 563 peccare.

264 599 504 667 Uterque
533 594 677 650 extim
703 593 837 648 tollit
866 591 1079 646 arbitrii
1116 589 1437 643 libertatem.
1470 583 1578 638 Nos
1602 597 1729 636 vero
1754 578 1835 635 di-

265 697 438 754 rjmus
466 692 739 748 hominem
788 702 998 759 semper
1022 694 1076 741 et
1101 698 1352 756 peccare,
1394 690 1448 733 et
1474 694 1577 733 non
1606 687 1837 747 peccare

266 800 453 860 (osse;
490 790 549 837 nt
577 762 787 852 semper
830 794 926 832 nos
952 776 1108 831 liberi
1154 772 1504 829 eonﬁteamur
1541 780 1659 821 esse
1700 762 1838 817 arbi-

264 855 376 935 trii.
412 898 430 930 ι
479 875 538 930 in
583 888 688 943 quo
734 880 910 925 tamen
956 867 1125 922 Deum
1165 865 1241 919 ita
1284 859 1495 939 operari
1542 855 1733 919 credo,
1779 857 1839 908 ut

265 976 453 1024 sancta
484 962 760 1035 cogitatio,
790 960 937 1030 pium
984 955 1291 1020 consilium,
1333 951 1617 1018 omnisque
1660 950 1839 1001 motus

265 1061 420 1116 bona:
444 1032 738 1111 voluntatis
769 1052 837 1107 sit
859 1066 926 1106 ex
956 1064 1041 1115 eo,
1066 1047 1155 1118 qui
1176 1056 1381 1100 summe
1401 1043 1573 1096 bonus
1596 1044 1697 1101 est,
1723 1032 1841 1091 sine

266 1166 374 1222 quo
403 1149 535 1204 nihil
561 1146 686 1202 boni
716 1157 1020 1216 possumus.
1056 1139 1225 1193 Nemo
1255 1137 1398 1191 enim
1428 1133 1531 1187 nisi
1558 1145 1657 1205 per
1682 1124 1842 1182 Chri-

268 1253 411 1301 stum
438 1241 605 1297 libero
630 1240 765 1293 bene
818 1235 989 1301 utitur
1019 1230 1263 1293 aritrio.
1296 1224 1463 1280 Nemo
1504 1236 1600 1293 per
1646 1224 1843 1277 semet-

244 1336 443 1407 ipsum
456 1334 628 1388 bonus
644 1336 745 1394 est,
762 1326 865 1383 nisi
892 1320 1303 1397 participatione
1330 1315 1413 1371 sui
1439 1312 1527 1369 ille
1551 1311 1734 1374 donet,
1750 1305 1843 1387 qui

268 1425 414 1483 solus
442 1432 525 1480 est
549 1424 742 1479 bonus.

334 1557 503 1633 ωε
532 1552 743 1613 xxxu.
781 1548 1119 1609 Firmissime
1138 1542 1469 1602 credendum
1488 1548 1599 1633 est,
1616 1538 1679 1593 in

273 1628 600 1709 var—lentiore
628 1646 759 1701 Ad:
782 1656 975 1699 emus
1013 1638 1259 1694 homines
1285 1631 1592 1690 muralem
1615 1628 1849 1699 possibl-

272 1741 475 1796 litatem
504 1747 563 1795 et
584 1734 947 1793 innocentiam
980 1728 1297 1800 perdidisse.
1338 1725 1409 1779 Et
1442 1723 1565 1779 ideo
1601 1720 1850 1790 quamvis

271 1848 338 1891 ex
372 1839 522 1888 recta
555 1827 661 1885 ﬁde
688 1825 858 1881 Deum
878 1820 1231 1892 proﬁteantur
1255 1824 1529 1871 autumem
1549 1825 1655 1866 non
1676 1808 1852 1865 solum

268 1922 516 1981 omnium
531 1918 797 1979 honorum
816 1912 1131 1977 allectuum,
1143 1919 1305 1978 atque
1318 1917 1565 1975 operum,
1584 1899 1854 1957 omnium-

270 2031 382 2087 que
409 2012 711 2070 studiorum
734 2018 795 2064 et
820 2007 1099 2069 virtutmn,
1126 2000 1331 2071 quibus
1355 1997 1425 2055 ab
1630 1991 1761 2087 ﬁdei

277 2083 445 2165 Deum
488 2104 753 2169 tenditur;
795 2109 857 2156 et
886 2100 959 2155 ab
988 2097 1160 2167 ipsum
1186 2091 1362 2164 gratia
1395 2088 1575 2145 omnia
1620 2083 1854 2142 hominis

276 2198 467 2259 marita
494 2193 811 2267 preveuiri;
839 2199 895 2247 et
916 2205 1015 2260 per
1038 2202 1166 2245 eum
1186 2180 1446 2255 quidquid
1469 2186 1551 2234 est
1580 2178 1782 2233 bonum

276 2266 572 2359 uetuerit:
599 2289 890 2360 incipiatur
910 2294 965 2341 et
986 2282 1126 2347 ﬁeri,
1152 2278 1253 2335 sed
1272 2277 1440 2339 etiam
1464 2272 1683 2328 initium

278 2400 562 2460 Ipsumttue
600 2358 937 2443 credulitatis
969 2374 1241 2437 allectum,
1270 2384 1378 2439 quo
1521 2379 1645 2419 eum
1681 2358 1856 2460 credi.-

278 2451 417 2545 mus,
448 2451 542 2546 qui
563 2472 829 2544 justiﬁcat
854 2469 1101 2542 impium,
1130 2473 1187 2521 et
1213 2461 1282 2519 ad
1309 2459 1576 2530 baptisma
1605 2451 1856 2525 perveni.-

280 2586 419 2634 mus.
441 2568 562 2624 ﬁeri
586 2582 683 2638 per
700 2565 820 2636 ejus
840 2577 949 2618 non
970 2558 1281 2615 dubitemus
1294 2548 1723 2638 inspirationem,
1748 2557 1856 2612 qua

284 2662 527 2721 voluntas
566 2634 752 2715 nostra
799 2656 868 2711 ab
898 2649 1216 2713 inﬁdelitate
1263 2650 1505 2700 mutatur
1539 2637 1607 2693 ad
1649 2634 1852 2693 ﬁdem:

282 2769 392 2813 non
422 2734 599 2807 tamdu
624 2749 859 2805 liberum
900 2741 1198 2800 uiuimus
1226 2734 1537 2796 arbitrium,
1582 2728 1682 2785 sed
1711 2734 1861 2781 tanta

286 2844 381 2903 Dei
401 2860 503 2916 ope
530 2851 584 2898 et
608 2841 782 2914 gratia
808 2835 1028 2895 liberari
1049 2831 1362 2894 asset'imus,
1392 2833 1454 2882 ut
1470 2824 1541 2881 de
1574 2819 1862 2916 tenebroso

284 2909 542 3005 lucidum,
571 2909 638 2993 de
662 2950 830 3007 prave
859 2939 1086 2994 meum,
1130 2926 1197 2982 de
1226 2920 1478 2992 languido
1527 2929 1752 2979 mm.
1794 2909 1863 2967 ἀθ

288 3032 625 3104 tmprudente
652 3028 868 3098 sapiens
890 3033 947 3080 et
972 3021 1256 3093 providum
1284 3017 1397 3073 iiut.
1434 3013 1495 3069 Si
1522 3012 1669 3069 enim
1694 3009 1866 3065 liber-2'

1934 482 2136 551 absque
2162 482 2293 547 Deo,
2322 480 2606 535 continuat
2630 479 2712 532 vel
2734 477 2951 548 cogitat.
2974 478 3168 534 Omnia
3194 488 3510 536 caudarum

1934 573 2149 639 merita,
2179 580 2234 627 et
2255 580 2450 626 cuncta
2479 570 2676 635 studia,
2702 578 2756 624 ct
2784 584 2947 639 opera
2974 569 3140 634 bona,
3171 570 3435 639 cogitatus
3455 580 3512 625 et

1935 665 2115 727 verba,
2172 665 2241 721 ad
2270 663 2366 717 Dei
2414 663 2640 733 gloriam
2693 662 3015 732 laudemque
3062 660 3342 717 referenda
3390 678 3512 717 esse

1934 756 2211 829 perhibeo,
2243 755 2428 811 dicens
2457 770 2577 811 cum
2605 753 2863 824 Apostolo
2892 768 2989 823 pro
3012 752 3238 823 singulis
3260 754 3463 808 sanctis
3494 770 3507 805 :

1939 846 2123 903 Gratia
2151 844 2249 903 Dei
2275 863 2390 899 sum
2439 845 2494 901 id
2520 845 2657 915 quod
2688 862 2803 899 sum
2836 844 2887 915 (l
2918 844 3040 900 Cor.
3074 862 3164 911 xv,
3201 846 3311 916 l0).
3345 846 3512 903 Nemo

1942 935 2158 993 aliunde
2184 937 2231 992 ei
2259 937 2471 1007 placere
2498 936 2637 992 valet
2656 938 2759 991 nisi
2782 952 2847 991 ex
2879 953 2945 992 eo
2969 937 3112 1008 quod
3144 938 3258 1007 ipse
3284 940 3515 995 donave-

1942 1030 2034 1084 rit.
2065 1028 2306 1085 Gratiam
2343 1037 2524 1087 tamen
2550 1026 2666 1097 ejus
2692 1044 2880 1084 omnes
2907 1029 3107 1084 habere
3134 1038 3379 1098 possunt,
3424 1025 3515 1099 qu'

1941 1134 2197 1175 exercere
2228 1118 2433 1185 volunt,
2463 1120 2607 1190 quod
2652 1121 2896 1175 credunt.
2927 1120 3035 1175 Nos
3064 1122 3154 1190 qui
3185 1121 3279 1175 ﬁlii
3327 1121 3525 1179 matris-

1942 1210 2197 1267 Ecclesia:
2239 1226 2444 1275 sumus,
2494 1225 2593 1282 pro
2626 1221 2776 1265 certo
2814 1209 3107 1275 credimus,
3150 1212 3278 1280 quia
3312 1210 3516 1275 Adam,

1943 1302 2046 1357 nisi
2088 1311 2386 1371 peccasset,
2429 1316 2536 1355 non
2565 1310 2888 1367 moreretur,
2923 1303 3017 1358 sed
3042 1302 3159 1357 sine
3187 1311 3359 1358 morte
3402 1318 3523 1357 cor-
3588 1362 3591 1363 ν

1943 1391 2115 1469 poris,
2148 1407 2270 1446 cum
2301 1390 2413 1446 suis
2462 1391 2712 1449 omnibus
2746 1390 2874 1447 ﬁliis
2917 1392 2987 1447 ad
3031 1391 3258 1463 gloriam
3287 1392 3525 1448 caelestis

1947 1480 2099 1551 regni
2134 1476 2537 1533 transferretur.
2562 1478 2687 1535 ldeo
2731 1479 2858 1550 quia
2894 1495 3003 1536 non
3044 1480 3193 1536 stetit
3215 1481 3373 1551 juxta
3419 1481 3525 1537 Do-

1946 1572 2077 1627 mini
2105 1578 2461 1642 praeceptum,
2513 1586 2618 1626 non
2670 1570 2912 1629 ascendit
2963 1586 3126 1642 supra
3166 1586 3224 1627 se
3266 1580 3525 1641 tanquam

1948 1662 2225 1730 obediens,
2279 1662 2373 1718 sed
2420 1662 2614 1718 cecidit
2642 1663 2831 1718 subtus
2881 1679 2941 1719 se
2984 1671 3046 1719 ut
3093 1662 3438 1729 inohediens,
3472 1670 3527 1720 et

1879 1760 1929 1824 Β
1952 1753 2120 1808 traxit
2144 1768 2326 1809 secum
2353 1767 2567 1831 omnem
2593 1754 2963 1822 posteritatem
3001 1770 3155 1809 suam
3187 1755 3241 1808 in
3271 1764 3525 1820 mortem,

1953 1857 2007 1902 et
2055 1846 2110 1901 in
2161 1846 2260 1901 has
2298 1847 2496 1904 multas
2526 1846 2795 1910 miserias,
2837 1860 2973 1914 quas
3015 1855 3070 1900 et
3100 1854 3279 1902 mente
3306 1855 3364 1902 et
3400 1863 3526 1903 eor—

1952 1957 2083 2021 pore
2122 1941 2361 2011 quotidie
2404 1941 2660 2011 patimur.
2713 1939 3027 2008 Redemptio
3058 1938 3282 2006 Christi,
3327 1948 3385 1995 et
3432 1942 3529 1997 ba-
3587 1986 3604 1997 .

1948 2032 2181 2103 ptismus
2206 2038 2261 2085 et
2284 2031 2488 2102 reliqua
2516 2037 2877 2093 sacramenta,
2915 2044 3035 2099 quae
3063 2037 3314 2084 tenentur
3347 2032 3402 2084 in
3428 2029 3533 2086 Ee-

1954 2122 2138 2184 clesia,
2167 2137 2274 2176 non
2324 2121 2391 2175 ad
2421 2136 2682 2191 pra-scus,
2734 2120 2829 2177 sed
2877 2120 2945 2174 ad
2991 2118 3232 2175 futurum
3275 2119 3532 2175 saeculum

1950 2212 2249 2285 pertinent,
2288 2217 2343 2266 et
2382 2212 2584 2269 idcirco
2614 2227 2722 2266 non
2750 2210 2985 2266 liberant
3008 2226 3106 2266 nos
3132 2212 3200 2266 ab
3242 2212 3345 2269 hac
3368 2228 3532 2281 ptena

1953 2304 2182 2373 peccati.
2220 2301 2361 2357 Dum
2383 2302 2528 2363 enim
2557 2318 2744 2358 sumus
2770 2303 2826 2359 in
2853 2317 3099 2373 corpore,
3129 2304 3531 2373 ingemiseimus

1955 2397 2096 2451 intra
2124 2412 2244 2462 nos,
2271 2396 2567 2466 duramque
2590 2396 2810 2451 ferimus
2832 2397 3181 2461 servitutem;
3214 2397 3306 2452 sed
3326 2404 3528 2451 certam

1956 2504 2105 2559 spem
2137 2489 2420 2557 habemus,
2466 2487 2749 2549 transferri
2777 2502 2875 2543 nos
2905 2487 2961 2542 in
3013 2486 3323 2543 libertatem
3348 2487 3536 2557 glorise

1958 2579 2192 2635 ﬁliorum
2229 2580 2343 2645 Dei.
2399 2579 2630 2652 Sanguis
2671 2580 2815 2636 enim
2841 2578 3041 2639 Christi
3074 2579 3339 2634 reseravit
3382 2579 3538 2636 uobis

1953 2670 2176 2747 januam
2212 2671 2334 2727 vitae
2362 2679 2595 2727 aeternae.
2626 2669 2766 2731 Ante
2795 2669 3169 2727 ascensionem
3193 2668 3405 2724 Domini
3422 2684 3538 2725 om-

1962 2777 2059 2818 nes
2088 2771 2396 2817 sanctorum
2425 2762 2618 2816 anima:
2661 2762 2714 2815 in
2753 2760 2981 2824 inform,
3011 2761 3257 2832 quamvis
3298 2761 3352 2815 in
3388 2769 3539 2816 tran-

1963 2854 2245 2927 quillitatis
2286 2854 2429 2920 sinu,
2478 2854 2819 2915 tenebantur.
2850 2852 2979 2911 Post
3011 2853 3382 2911 ascensionem
3424 2853 3541 2924 ejus

1964 2957 2225 3009 exeuntes
2254 2948 2321 3011 de
2349 2960 2594 3017 corpore,
2626 2946 2693 3007 ad
2740 2944 3019 3003 Christum
3046 2944 3277 3010 vadunt,
3319 2951 3376 2999 et
3414 2959 3539 3000 eum

1967 3054 2032 3095 eo
2059 3047 2183 3096 sunt
2211 3038 2265 3097 in
2296 3036 2490 3110 gloria,
2515 3036 2643 3106 quia
2663 3035 3083 3106 chirographum
3110 3034 3242 3090 illud
3262 3051 3293 3089 a
3315 3035 3543 3095 Domino

288 3134 374 3182 tas
399 3138 506 3179 non
535 3129 679 3178 esset
702 3117 934 3181 arbitrii,
964 3128 1138 3183 ηθψιθ
1171 3110 1315 3181 ιθεεθ
1342 3115 1400 3163 ei
1434 3118 1610 3201 1⁸⁸⁸³⁸
1648 3108 1861 3168 Mt
1889 3113 1939 3185 6
1964 3129 2079 3201 jam
2126 3108 2360 3185 deletum
2405 3134 2510 3195 est,
2549 3135 2605 3181 et
2631 3141 2729 3182 nos
2774 3126 2989 3183 liberati
3018 3141 3206 3183 sumus
3250 3127 3317 3183 de
3363 3128 3547 3185 servili

288 3232 465 3288 neque
512 3216 716 3273 mollita
762 3210 1187 3281 Seripturarum,
1220 3211 1275 3258 et
1300 3200 1718 3273 praedicameata
1745 3209 1869 3250 san-

290 3283 502 3373 ctorum
528 3306 742 3361 ﬁerent.
774 3302 839 3358 Et
866 3314 1105 3363 rursum,
1139 3294 1243 3351 nisi
1275 3291 1447 3364 gratia
1480 3288 1573 3346 Dei
1610 3288 1666 3342 in
1695 3283 1870 3341 cordi-

293 3410 393 3465 nus
424 3398 722 3460 hominum,
770 3401 932 3463 atque
958 3390 1013 3445 in
1054 3389 1174 3458 ipso
1212 3385 1385 3440 libero
1415 3378 1641 3436 arbitrio
1664 3389 1829 3432 omne
1852 3414 1866 3438 ,

293 3490 439 3563 quod
464 3490 663 3557 bonum
687 3494 787 3549 est,
816 3489 1156 3553 operarewr,
1191 3476 1319 3547 quid
1344 3489 1482 3544 opus
1510 3471 1649 3527 foret
1685 3482 1874 3539 preces

296 3559 366 3649 ad
414 3583 620 3639 Deum?
656 3579 844 3634 Nonne
888 3589 983 3647 per
1036 3570 1347 3627 sacerdotes
1385 3564 1597 3621 Domini
1627 3563 1681 3617 in
1726 3559 1874 3616 omni

296 3672 542 3732 Ecclesia
572 3668 857 3733 catholica,
893 3666 980 3723 die
1020 3663 1348 3718 Parasoeves
1380 3672 1477 3728 per
1504 3663 1677 3710 totum
1721 3666 1877 3707 mur»

298 3768 427 3823 dunt
482 3762 784 3836 postulatur
818 3775 848 3815 u
896 3758 1030 3821 Deo,
1075 3750 1425 3810 morantibus
1469 3745 1697 3817 populis,
1737 3742 1879 3797 sicut

302 3857 560 3915 traditum
589 3862 675 3911 est
702 3854 770 3911 ab
813 3851 944 3921 ipsis
974 3846 1249 3918 apostolis),
1274 3851 1337 3899 ut
1358 3839 1671 3896 inﬁdelibus
1712 3836 1881 3890 done-

300 3956 393 4009 tur
426 3946 588 4001 ﬁdes?
616 3953 677 3999 ut
705 3941 903 3998 ludatis
932 3940 1114 3996 ablato
1150 3935 1331 3995 cordis
1358 3931 1623 3987 velamine
1665 3928 1757 3982 lux
1786 3940 1882 3981 ve-

302 4036 484 4094 ritatis
514 4034 804 4105 appareat?
834 4040 892 4087 ut
919 4028 1156 4087 haeresim
1184 4034 1240 4081 et
1283 4021 1618 4080 sebismatici
1657 4018 1723 4074 ad
1768 4032 1884 4071 ma-

307 4137 451 4194 trem
478 4125 770 4181 Ecclesium
796 4138 896 4193 per
918 4121 1080 4177 ﬁdem
1112 4127 1167 4174 et
1190 4118 1477 4172 caritatem
1506 4110 1761 4167 redeant?
1788 4124 1885 4179 pro

307 4218 559 4275 ﬁdelibus
585 4224 765 4271 autem
792 4227 902 4268 non
916 4202 1095 4267 solum
1114 4207 1207 4263 illo
1228 4206 1343 4271 die,
1374 4204 1470 4260 sed
1497 4210 1553 4258 et
1578 4200 1887 4257 similem-

306 4326 440 4385 porc
464 4318 654 4364 oratur
678 4306 845 4371 Deus,
866 4312 928 4359 ut
952 4304 1069 4373 ipse
1100 4316 1197 4356 nos
1223 4315 1253 4353 a
1276 4297 1420 4353 male
1446 4296 1640 4351 liberet
1676 4299 1733 4347 et
1757 4304 1889 4347 eou-

310 4411 493 4463 servet
540 4403 593 4456 in
637 4401 799 4456 bono.
832 4398 1126 4454 Verissime
1174 4395 1358 4464 itaque
1400 4389 1731 4447 credendum
1770 4392 1889 4449 est,

1972 3220 2297 3276 conditione.

2042 3311 2279 3369 XXXIV.
2339 3309 2457 3367 Non
2508 3312 2651 3367 enim
2714 3327 2811 3383 per
2873 3312 3074 3368 bonum
3128 3320 3358 3376 naturae,
3407 3313 3552 3381 quod

1973 3404 2123 3476 prius
2168 3403 2222 3456 in
2264 3403 2435 3458 Adam
2465 3403 2650 3459 datum
2679 3401 2877 3469 fuerat,
2928 3404 3023 3458 sed
3065 3405 3236 3475 gratia
3268 3404 3362 3459 Dei
3417 3404 3553 3459 salvi

1976 3496 2104 3551 facti
2132 3504 2255 3550 sunt
2271 3511 2367 3566 per
2388 3495 2548 3555 ﬁdem
2573 3496 2735 3551 etiam
2758 3495 2950 3551 Patres
2971 3496 3182 3552 Veteris
3200 3496 3550 3552 Testamenti.

1978 3588 2108 3665 Quae
2131 3589 2298 3660 gratia
2329 3588 2478 3653 facit,
2520 3596 2577 3645 ut
2595 3589 2877 3645 christiani
2902 3589 3092 3653 simus,
3122 3597 3177 3643 et
3205 3596 3426 3657 accepta
3450 3585 3556 3643 ﬁde

1979 3679 2109 3735 facit
2151 3696 2248 3735 nos
2278 3679 2548 3737 declinare
2600 3695 2631 3735 a
2671 3679 2830 3745 malo,
2861 3688 2915 3734 et
2957 3694 3116 3750 agerc
3158 3678 3389 3742 bonum;
3430 3676 3558 3746 quia

1982 3787 2131 3825 omne
2159 3770 2339 3823 datum
2367 3770 2640 3841 optimum,
2679 3778 2727 3823 et
2757 3754 2906 3824 omne
2928 3771 3124 3824 donum
3159 3768 3447 3838 perfectum
3472 3766 3559 3821 de-

1980 3879 2188 3917 sursum
2212 3871 2284 3915 est
2311 3861 2450 3934 (Jac.
2484 3877 2524 3927 1,
2555 3859 2662 3933 l7).
2686 3859 3020 3914 Medicinalia
3047 3860 3290 3928 quaedam
3311 3858 3560 3913 Christus

1983 3953 2174 4007 tribuit
2197 3959 2556 4017 sacramenta,
2586 3958 2643 4005 ut
2672 3964 3088 4020 agnosceremus
3117 3948 3259 4003 aliud
3288 3947 3441 4002 nobis
3461 3947 3557 4003 de-

1982 4043 2098 4100 beri
2127 4059 2225 4114 per
2253 4050 2459 4097 natura:
2478 4042 2750 4105 meritum,
2782 4040 2925 4096 aliud
2947 4043 3239 4111 pergratim
3263 4039 3564 4105 donum,ut

1986 4145 2180 4203 natura
2198 4134 2331 4189 nihil
2352 4134 2493 4188 aliud
2508 4134 2609 4189 nisi
2632 4148 2806 4204 poenae
2822 4132 3199 4196 summitteret,
3218 4132 3389 4200 gratia
3414 4144 3562 4198 vero,

1989 4247 2108 4311 qua:
2134 4229 2295 4285 nullis
2326 4229 2535 4283 meritis
2562 4228 2823 4283 attributa
2854 4234 2933 4281 est
2961 4224 3108 4297 (quia
3139 4238 3238 4279 nec
3269 4224 3441 4296 gratia
3484 4223 3567 4279 di..-

1989 4330 2221 4385 ceretur,
2254 4320 2298 4375 si
2326 4320 2535 4375 meritis
2575 4318 2947 4390 tribueretur),
2973 4327 3162 4381 totum,
3194 4316 3338 4386 quod
3378 4315 3568 4371 salutis

1992 4423 2092 4477 est,
2138 4412 2373 4467 alferret.
2440 4409 2626 4466 Nullus
2671 4418 2892 4475 sanctus
2937 4418 2992 4465 et
3027 4409 3208 4481 justus
3251 4408 3306 4462 in
3352 4406 3568 4461 mortali

311 4495 460 4568 WJ
492 4495 634 4548 Deus
664 4493 719 4547 ί¹¹
755 4490 911 4547 nobis
954 4488 1074 4544 sine
1122 4484 1311 4547 "Ol’is’
1342 4481 1487 4553 quoa
1527 4481 1727 4574 υοφιιιιιξ
1770 4483 1886 4539 es"
1918 4481 1970 4544 θ
1994 4519 2222 4574 corpore
2266 4502 2449 4556 vivens
2476 4508 2625 4556 caret
2653 4508 2894 4572 peccato,
2924 4509 2979 4559 et
3022 4498 3141 4555 ideo
3166 4515 3263 4571 pro
3292 4507 3440 4554 certo
3479 4497 3572 4552 illa

314 4588 527 4659 incipit,
557 4586 650 4641 sed
678 4584 954 4640 nobiseum
982 4582 1034 4636 in
1060 4579 1218 4635 uobis
1246 4576 1375 4632 illud
1402 4573 1614 4645 operari
1640 4569 1785 4635 vult;
1808 4583 1896 4624 re-

316 4682 542 4753 quirens
561 4695 592 4735 a
607 4678 761 4734 nobis
783 4683 1088 4748 promptam
1106 4673 1457 4733 voluntatem,
1473 4675 1528 4722 et
1541 4664 1756 4721 fervens
1781 4670 1898 4717 stu-

319 4773 491 4836 dium,
535 4777 697 4839 atque
741 4766 1077 4837 quotidianus
1120 4763 1360 4825 labores,
1390 4766 1451 4813 ut
1497 4764 1552 4811 et
1592 4770 1691 4810 nos
1729 4754 1901 4808 simus

320 4873 703 4937 cooperatores
745 4860 932 4933 gratiae
976 4856 1091 4913 Dei.
1142 4839 1537 4910 Laborantibus
1585 4847 1728 4903 enim
1772 4845 1905 4900 dare

320 4959 440 5017 vult
463 4956 679 5028 priemia
709 4969 807 5009 sua
845 4971 858 5006 :
890 4951 983 5007 sed
1008 4958 1158 5004 tatna
1186 4955 1271 5003 cst
1293 4946 1410 5015 ejus
1428 4943 1668 5006 bonitas,
1694 4948 1754 4994 ut
1799 4953 1897 4993 no-

323 5062 440 5111 stra
465 5027 596 5104 velit
618 5061 737 5102 esse
763 5044 977 5107 merita,
1009 5056 1128 5110 quae
1154 5046 1279 5093 sunt
1320 5037 1486 5107 ipsius
1512 5034 1672 5088 dona.
1716 5029 1799 5084 Ad
1834 5027 1904 5082 il-

324 5144 440 5205 lum
474 5153 705 5209 namque
732 5133 1118 5193 reourrendum
1158 5139 1267 5195 est,
1294 5129 1342 5183 si
1386 5127 1516 5197 quid
1554 5126 1608 5179 in
1638 5121 1793 5178 nobis
1835 5136 1903 5174 ex

328 5240 519 5297 nostra
541 5229 835 5285 viderimus
856 5212 1178 5281 remissione
1200 5220 1568 5290 languescere,
1596 5212 1688 5283 qui
1710 5223 1907 5266 sanare
1970 5224 1981 5231 α

329 5332 515 5399 potest
539 5321 829 5391 languores
850 5323 1090 5372 nostros.

404 5452 647 5511 XXXIII.
686 5452 791 5509 Sed
818 5467 923 5505 non
955 5456 1035 5504 est
1065 5445 1369 5510 tacendum,
1408 5442 1550 5515 quod
1593 5441 1637 5509 si
1666 5438 1912 5505 voluntas

335 5555 588 5620 prompta
613 5552 716 5609 est,
753 5551 809 5598 et
836 5541 1070 5597 studium
1102 5538 1293 5599 fervet,
1326 5537 1369 5591 si
1394 5535 1547 5588 labor
1588 5541 1641 5588 et
1669 5532 1812 5586 vires
1833 5530 1913 5584 vie

338 5650 491 5713 gent,
535 5637 745 5693 Domini
774 5631 1144 5691 misericordia
1193 5631 1309 5685 inec
1352 5627 1533 5682 omnia
1562 5626 1719 5681 ﬁunt.
1768 5623 1913 5679 Satis

340 5732 543 5791 stultus
571 5738 655 5786 est
680 5737 736 5783 et
759 5726 1043 5800 superbus,
1077 5721 1169 5794 qui
1198 5736 1296 5792 per
1324 5728 1528 5775 natura:
1557 5716 1795 5789 vigorem
1818 5715 1914 5770 ali-

1994 4596 2159 4653 verba
2197 4594 2479 4649 dominica:
2509 4592 2770 4648 orationis
2821 4592 3002 4660 credo,
3042 4592 3132 4647 ubi
3161 4591 3430 4647 dicimus:
3472 4588 3574 4643 Di-

2000 4688 2142 4742 mitte
2190 4686 2334 4741 nobis
2381 4685 2553 4739 debita
2588 4693 2764 4738 nostra
2797 4682 3011 4753 (Matt/2.
3058 4697 3131 4746 vr,
3158 4682 3267 4753 12),
3309 4680 3577 4737 veraciter

2003 4779 2109 4835 dici
2141 4779 2195 4833 in
2225 4778 2327 4833 hac
2352 4776 2462 4832 vita
2499 4776 2566 4845 ab
2594 4773 2845 4828 omnibus
2872 4773 3093 4839 sanctis,
3122 4772 3244 4842 quia
3271 4771 3326 4826 in
3349 4771 3572 4831 veritate

2006 4875 2236 4939 habent,
2268 4870 2410 4941 quod
2435 4869 2728 4940 plangant,
2762 4881 2861 4922 nec
2896 4874 3072 4929 tamen
3100 4881 3168 4931 ex
3193 4865 3296 4921 hoc
3331 4863 3578 4927 desian

2005 4980 2126 5022 esse
2142 4963 2299 5034 justi,
2327 4975 2449 5015 cum
2472 4957 2666 5013 aﬂ‘ectu
2691 4966 2912 5012 teneant
2938 4958 3299 5015 sanctitatem.
3326 4954 3560 5019 Liberan

2007 5064 2097 5113 tur
2121 5040 2266 5110 enim
2294 5069 2324 5105 a
2366 5050 2485 5121 lege
2526 5049 2753 5120 peccati,
2785 5058 2839 5105 ct
2878 5048 3243 5121 justiﬁcantur
3281 5047 3453 5119 gratia
3485 5046 3583 5105 Dei

2008 5160 2107 5218 per
2131 5142 2316 5199 Jesum
2342 5140 2621 5197 Christum
2645 5142 2930 5213 Dominum
2956 5152 3219 5199 nostrum.
3248 5141 3417 5196 Nemo
3437 5147 3587 5195 certe

2009 5248 2218 5297 naturae
2240 5236 2467 5304 viribus,
2499 5236 2592 5292 sed
2612 5236 2874 5308 propositi
2903 5236 3210 5306 atljumento
3231 5249 3328 5304 per
3355 5232 3587 5305 gratiam

2014 5338 2113 5396 Dei
2138 5336 2373 5406 adquirit
2418 5335 2779 5391 sanctitatem.
2814 5332 2965 5389 Unde
2993 5348 3073 5387 vm
3120 5329 3357 5395 miseris,
3386 5329 3479 5399 qui
3522 5328 3593 5393 de

2018 5451 2116 5499 sua
2152 5427 2737 5503 prmsumuntjustitia,
2790 5433 2847 5480 et
2885 5423 3111 5494 justitia‘.
3163 5421 3261 5477 Dei
3306 5435 3419 5476 non
3465 5425 3593 5474 sunt

2019 5524 2266 5597 subjecti.
2309 5523 2493 5593 Signa
2520 5521 2635 5575 ﬁeri
2678 5520 2839 5574 etiam
2883 5533 2912 5572 a
2960 5516 3115 5571 malis
3153 5515 3209 5569 in
3250 5513 3464 5570 Domini
3495 5527 3593 5566 no-

2020 5620 2164 5677 mine
2212 5631 2391 5687 possc,
2444 5614 2558 5684 ipsa
2588 5611 2814 5665 veritate
2854 5608 3098 5672 docente,
3130 5604 3388 5660 discimus
3432 5618 3448 5656 2
3500 5600 3597 5656 sed

2022 5711 2225 5780 absque
2258 5704 2537 5777 signorum
2586 5700 2787 5755 virtute
2836 5704 3079 5755 sanctum
3107 5702 3161 5752 et
3191 5694 3402 5769 justum
3437 5701 3599 5766 atque
