4038 6354
486 301 639 358 ’1079

1316 301 1375 357 B.
1417 298 1477 356 ρ.
1520 298 1743 356 ALBINI
1782 300 1913 359 seu
1942 296 2219 357 ALCUINI
2256 288 2542 361 cessim
2568 303 2747 362 PARS
2776 301 2911 363 Vlll.

3605 305 3747 367 1080

501 417 773 471 hominem
809 416 903 472 Dei
953 405 1068 471 ﬁeri
1099 429 1256 484 posse
1300 429 1406 469 non
1443 413 1647 479 dubito,
1682 412 1729 468 si
1756 412 2068 483 temperatis
2095 414 2144 472 Α
2169 413 2260 483 pio
2296 415 2349 469 in
2381 431 2447 471 eo
2470 416 2732 472 librorum
2761 431 3006 483 numero,
3041 430 3202 487 quem
3230 425 3432 474 sancta:
3457 418 3747 474 catholicas

496 516 555 563 et
580 508 807 577 placidis
835 508 1075 563 moribus
1101 514 1243 577 agat.

574 614 600 642 ι
638 602 813 657 Bonas
838 601 958 657 dico
983 601 1215 669 nuptias,
1248 615 1366 669 qua:
1409 607 1628 653 auctore
1665 598 1775 652 Deo
1804 611 2073 651 concessae

501 702 625 747 sunt
659 707 821 747 causa
865 691 1096 746 ﬁliorum
1127 709 1139 744 :
1170 705 1456 745 exsecraris
1484 704 1597 753 eos,
1656 707 1675 739 ι
1712 687 1794 742 vel
1828 688 1920 758 qui
1962 687 2105 757 prin

501 800 616 838 mas
649 798 772 838 cum
811 782 1123 847 Manichzeo,
1165 790 1259 837 aut
1293 780 1558 837 secundas
1594 796 1720 835 cum
1766 778 2072 849 Catapbry-

498 877 580 946 gis
606 876 884 930 damnant.
926 895 943 927 ι
973 873 1078 929 Sed
1104 874 1190 929 his
1219 874 1497 929 meliorem
1527 888 1647 928 esse
1680 873 2071 927 continentiam

496 981 701 1032 assero,
746 968 791 1021 si
831 981 990 1022 causa
1034 967 1259 1021 vacandi
1298 967 1410 1021 Deo
1436 965 1688 1035 eligatur,
1720 964 1917 1035 spretis
1942 980 2073 1018 cun-

494 1060 598 1114 ctis
623 1059 850 1114 deliciis.
890 1058 1157 1113 Humilem
1189 1074 1321 1113 vero
1349 1058 1712 1128 virginitatem
1731 1098 1744 1120 ,
1776 1065 1831 1111 et
1858 1056 2071 1125 plenam

498 1150 771 1205 laboribus
809 1167 909 1221 pro
932 1150 1158 1205 Domino
1186 1149 1493 1204 castitatem
1525 1148 1768 1217 corporis
1801 1156 1854 1201 et
1878 1147 2072 1200 anima:

496 1241 780 1312 magniﬁco
826 1250 985 1310 atque
1030 1240 1245 1309 utrique
1280 1239 1355 1293 illi
1380 1240 1520 1295 bono
1548 1253 1822 1310 praepono,
1852 1245 1909 1291 ut
1947 1243 2072 1305 pote

493 1332 767 1402 egregium
797 1347 1036 1402 germen.

565 1423 781 1479 XXXV.
823 1425 850 1463 ι»
877 1423 1193 1478 Creaturam
1224 1423 1321 1479 Dei
1345 1435 1581 1487 omnem,
1605 1437 1723 1492 qua:
1748 1422 1815 1476 ad
1845 1436 1974 1476 usus
1995 1420 2073 1475 ci-

495 1516 685 1569 borum
718 1530 750 1568 a
796 1514 1052 1569 Creatore
1081 1529 1336 1569 concessa
1380 1521 1481 1575 cst,
1512 1512 1722 1585 [bonam
1759 1526 1879 1566 esse
1905 1508 2072 1566 conﬁ-

495 1614 631 1667 teor,
665 1605 805 1661 sicut
832 1613 885 1658 et
922 1603 1062 1659 facta
1095 1613 1199 1658 est.
1231 1604 1297 1657 Et
1345 1604 1429 1658 liis
1457 1602 1522 1657 ad
1554 1602 2072 1673 tempusabstinere
2102 1675 2112 1686 .

492 1711 600 1750 non
623 1710 723 1764 pro
748 1694 1133 1764 superstitione
1157 1693 1451 1763 religionis,
1473 1708 1645 1762 neque
1670 1692 2071 1747 abominatione

2174 505 2428 562 Ecclesia;
2451 510 2615 563 tradit
2643 510 2958 575 auctoritas.
2999 509 3248 565 Historiae
3275 509 3434 565 ﬁdem
3464 528 3575 567 non
3617 524 3748 567 eva-

2172 614 2340 655 cuans
2365 602 2527 656 credo
2547 602 2800 657 universa
2841 610 2990 673 gesta
3014 616 3134 658 esse
3157 642 3173 667 ,
3219 618 3339 672 qua
3364 602 3569 673 scripta
3597 611 3746 669 sunt,

2173 690 2264 744 sed
2284 689 2437 759 juxta
2466 691 2768 747 doctrinam
2793 693 3142 763 apostolicam
3166 708 3381 748 sensum
3407 694 3749 764 spiritualetu

2173 780 2229 834 in
2254 782 2333 835 eis
2364 782 2661 853 intelligere
2690 791 2835 852 opto.
2860 782 3048 839 Omnis
3070 785 3214 837 enim
3240 784 3419 838 divina
3451 783 3750 839 auctoritas

2173 873 2259 928 his
2284 875 2457 929 modis
2476 885 2728 929 constare
2756 874 2987 942 videtur,
3020 883 3081 929 ut
3117 883 3211 928 aut
3235 874 3527 930 historialis
3554 876 3750 931 modus

2172 968 2264 1033 sit,
2293 967 2385 1037 qui
2414 967 2545 1021 nihil
2580 967 2723 1022 aliud
2753 967 2855 1022 nisi
2878 983 2965 1022 res
2998 976 3182 1039 gestas
3213 969 3520 1034 annuntiet,
3553 976 3650 1022 aut
3671 968 3753 1023 cl-

2170 1059 2447 1130 legoricus,
2478 1068 2535 1113 ut
2560 1074 2667 1114 non
2692 1058 2802 1113 illic
2821 1058 2990 1129 possit
3005 1059 3137 1114 ordo
3152 1060 3451 1114 consistere
3470 1059 3749 1127 historia;

2173 1159 2266 1205 aut
2284 1159 2429 1207 certe
2450 1164 2516 1205 ex
2538 1151 2782 1221 utrisque
2809 1151 3161 1247 cgnpositus,
3183 1161 3243 1207 ut
3264 1152 3564 1208 secundum
3584 1154 3755 1211 bist}-

2171 1243 2306 1297 riam
2330 1252 2385 1299 et
2409 1244 2704 1299 secundum
2736 1243 3046 1315 allegoriam
3065 1259 3287 1299 manere
3314 1245 3586 1299 videatur.
3605 1245 3755 1300 Non.

2170 1348 2442 1403 nunquam
2478 1342 2533 1389 et
2557 1335 2771 1389 moralis
2801 1350 2993 1390 sensus
3019 1335 3084 1390 de
3119 1335 3318 1389 divinis
3347 1336 3590 1390 trahitur
3612 1337 3753 1391 serio

2170 1424 2362 1493 pturis,
2384 1423 2472 1493 qui
2502 1438 2624 1478 cum
2655 1425 2727 1479 sit
2739 1424 3000 1495 optimum
3016 1439 3185 1495 genus
3209 1424 3460 1488 docendi,
3478 1425 3548 1479 ad
3572 1440 3756 1480 emen-

2172 1514 2444 1570 dationem
2468 1516 2593 1570 vita:
2620 1514 3172 1585 compositionemque
3194 1530 3408 1570 morum
3456 1516 3618 1570 valde
3636 1532 3755 1587 pro-

2172 1605 2303 1662 ﬁcit.
2337 1607 2464 1661 Haec
2493 1614 2671 1662 autem
2693 1606 2969 1661 humiliter
2989 1607 3369 1662 accedentibus
3397 1615 3455 1662 et
3480 1609 3570 1677 pie
3592 1608 3754 1663 intel-

2171 1698 2478 1769 ligentibus,
2504 1704 2665 1767 atque
2700 1698 2882 1752 veraci
2936 1697 3103 1752 corde
3133 1698 3445 1752 tenentibus
3474 1698 3613 1753 satis
3657 1699 3754 1754 ab-

494 1794 762 1844 creatura:
789 1784 903 1847 Dei.
934 1785 1025 1838 sed
1050 1800 1149 1852 1)ιό
1180 1784 1511 1838 continentia
1558 1783 1754 1848 οίιτιιίεν
1788 1783 1918 1836 “me
1946 1797 2067 1837 esse
2098 1767 2140 1825 Β
2172 1767 2421 1861 undeque
2450 1791 2711 1845 relucent.
2745 1788 2870 1845 Haec
2899 1790 3142 1844 doctrina
3173 1788 3410 1844 cmlestis
3435 1797 3493 1844 et
3518 1805 3755 1859 praesen-

494 1876 769 1945 perhibeo.
800 1876 976 1945 Atque
1005 1876 1088 1931 bis
1115 1891 1235 1931 cum
1253 1876 1470 1931 libuerit
1495 1877 1665 1940 uti,et
1689 1892 1812 1930 cum
1842 1875 2071 1931 delecta-

494 1968 632 2023 verit
664 1968 1025 2032 abstinere,in
1055 1968 1290 2023 hominis
1317 1975 1584 2037 potestate
1609 1969 1904 2023 consistere
1926 1969 2064 2023 dico.

493 2060 758 2115 Moderari
789 2062 934 2115 enim
966 2075 1121 2115 usum
1144 2075 1332 2115 eorum
1353 2077 1452 2130 pro
1480 2061 1804 2115 necessitate
1830 2060 1993 2133 5,09
2014 2068 2069 2115 et

493 2161 733 2223 tempore
753 2153 971 2223 proprie
997 2153 1421 2208 christianorum
1461 2162 1565 2216 est,
1597 2153 1829 2207 maxime
1857 2153 2068 2209 illorum

491 2244 582 2311 qui
622 2243 948 2311 virginitatis
982 2242 1123 2297 bono
1154 2243 1511 2307 delectantur,
1536 2252 1595 2297 ut
1622 2242 1831 2298 facilius
1854 2244 2070 2298 vincant

492 2348 548 2393 et
576 2346 825 2392 naturam
850 2336 1097 2407 corporis
1127 2336 1458 2407 integritate.
1479 2345 1534 2391 et
1558 2352 1795 2407 pugnam
1820 2337 2070 2391 castimo-

493 2428 596 2483 nia:
620 2444 771 2497 pace.

464 2585 476 2599 ‘
565 2517 946 2574 Pmnitcntiam
976 2517 1134 2588 plena
1165 2516 1270 2573 ﬁde
1300 2517 1556 2587 suscipio,
1587 2526 1751 2587 atque
1788 2517 2019 2573 honoro.

566 2610 874 2665 Facultates
887 2624 1009 2664 cum
1028 2608 1381 2677 dispositione
1398 2608 1724 2678 pauperibus
1746 2607 1955 2678 erogari
1977 2609 2070 2664 bo-

496 2718 624 2757 num
641 2717 760 2757 esse
775 2701 1057 2766 conﬁrmo,
1082 2701 1177 2757 sed
1200 2700 1392 2755 melius
1413 2699 1466 2753 in
1494 2698 1659 2754 semel
1682 2698 1893 2764 donari,
1915 2698 2069 2753 utsic

494 2797 666 2867 possit
689 2811 811 2850 cum
836 2792 1055 2849 Christo
1087 2807 1267 2865 egere.

569 2886 892 2942 Sanctorum
906 2900 1134 2955 corpora
1146 2892 1200 2939 et
1215 2884 1483 2954 praecipue
1496 2890 1795 2953 martyrum
1812 2881 2068 2951 reliquias

496 2980 859 3043 honorandas,
876 2985 932 3033 et
942 2977 1194 3032 basilicas
1216 2990 1406 3031 eorum
1423 2974 1732 3030 nominibus
1747 2972 2064 3043 appellatas,

495 3070 639 3126 ﬁdeli
659 3069 943 3125 devotione
973 3066 1417 3138 frequentandas,
1443 3080 1509 3120 ac
1534 3064 1579 3121 si
1602 3064 1845 3119 membra
1876 3072 1932 3118 et
1952 3063 2065 3117 loca

495 3158 715 3224 Christi,
750 3167 919 3214 testor
939 3166 993 3213 et
1020 3157 1200 3212 laudo.

571 3248 825 3303 Mundum
866 3248 1050 3313 istum,
1085 3246 1213 3301 licet
1242 3246 1408 3300 multa
1443 3245 1601 3315 quasi
1637 3244 1857 3300 confusa
1893 3252 1948 3299 et
1982 3245 2067 3298 in-

494 3339 746 3393 ordinata
774 3353 896 3394 esse
929 3337 1181 3392 videntur
1204 3338 1256 3391 in
1285 3352 1368 3401 eo,
1398 3352 1506 3392 non
1540 3343 1718 3391 tamen
1765 3335 2069 3392 temerariis

498 3432 736 3487 motibus
772 3432 855 3499 agi
884 3471 898 3496 ,
932 3428 1022 3486 sed
1056 3429 1233 3486 divina
1267 3428 1607 3500 providentia
1640 3428 1753 3499 regi
1787 3429 2065 3482 conﬁteor.

497 3524 640 3579 Nihil
669 3524 812 3579 enim
840 3524 897 3577 Iit
924 3524 975 3577 in
1003 3532 1146 3579 terra
1172 3523 1287 3577 sine
1303 3537 1484 3577 causa.
1513 3521 1626 3577 Soli
1649 3522 1783 3576 recti
1806 3522 1966 3576 corde
1993 3521 2071 3574 in-

497 3618 744 3688 telligunt
789 3627 1052 3674 rectorem
1088 3618 1141 3671 in
1176 3616 1429 3672 omnibus
1463 3617 1654 3670 Deum.
1706 3615 1782 3669 De
1831 3614 2069 3668 minimis

493 3712 660 3766 etiam
691 3711 851 3766 rebus
879 3709 1038 3764 audio
1062 3709 1266 3764 dictum
1301 3724 1331 3762 a
1356 3708 1603 3772 Domino,
1645 3723 1780 3760 unus
1797 3722 2068 3777 passerum

496 3818 602 3858 non
640 3801 778 3856 cadit
802 3802 856 3854 in
886 3810 1026 3854 terra
1058 3800 1169 3853 sine
1205 3796 1365 3856 Patre
1394 3808 1559 3853 vestro
1608 3795 1824 3866 (Matth.
1867 3813 1922 3861 Χ,
1948 3794 2063 3867 ‘29).

568 3893 746 3950 Unum
770 3892 1091 3964 principium
1143 3891 1303 3946 credo
1323 3932 1339 3956 ,
1371 3898 1427 3944 et
1460 3904 1625 3944 unum
1658 3903 1927 3943 summum
1973 3889 2069 3942 bo-

496 4002 667 4052 num,
721 4002 751 4041 a
807 4001 916 4055 quo
951 3985 1129 4039 omnia
1181 3985 1322 4040 bona
1359 3983 1692 4054 procedunt,
1752 3982 2067 4037 anathema-

496 4080 671 4135 tizans
709 4078 860 4142 illos,
898 4077 981 4132 vel
1003 4078 1094 4148 qui
1124 4078 1229 4133 duo
1261 4077 1523 4147 principia
1559 4077 1663 4131 sibi
1687 4076 1869 4147 ignota
1898 4076 2069 4130 intro-

498 4173 727 4237 ducunt,
752 4179 812 4226 ut
831 4170 1023 4236 Cerdo,
1055 4179 1112 4226 et
1131 4171 1370 4226 Marcion
1402 4188 1415 4227 :
1449 4170 1531 4224 vel
1576 4169 1670 4241 qui
1694 4169 1966 4224 contraria
2010 4176 2071 4222 ut

499 4264 846 4330 Manichacus,
874 4266 959 4320 vel
994 4265 1087 4335 qui
1118 4265 1221 4320 tria
1245 4272 1304 4319 ut
1330 4264 1664 4330 Theodotus,
1685 4262 1771 4318 vel
1790 4266 1882 4332 qui
1902 4260 2067 4315 multa

497 4367 558 4412 ut
581 4357 917 4414 Valentinus.

532 4510 535 4513 δ
574 4468 593 4500 ι
626 4461 648 4488 c
680 4450 947 4505 Exsecror
966 4465 1154 4505 eorum
1189 4464 1402 4518 quoque
1430 4447 1839 4518 blasphemiam,
1872 4445 1965 4515 qui
1987 4444 2069 4499 di-

496 4549 626 4596 cunt
654 4541 983 4611 impossibile
1006 4541 1207 4610 aliquid
1232 4541 1437 4595 homini
1479 4556 1510 4595 a
1540 4541 1649 4595 Deo
1682 4555 1802 4594 esse
1831 4551 2068 4607 praecep-

498 4642 611 4688 tum
643 4650 658 4690 :
688 4642 743 4689 et
764 4635 1018 4688 mandata
1048 4634 1141 4688 Dei
1186 4648 1295 4688 non
1334 4649 1363 4687 a
1388 4633 1612 4704 singulis
1635 4672 1651 4699 ,
1686 4632 1781 4687 sed
1804 4634 1871 4686 ab
1901 4630 2072 4685 omni-

496 4729 596 4782 bus
619 4729 673 4781 in
713 4743 993 4784 commune
1020 4745 1177 4801 posse
1211 4729 1437 4785 servari.
1472 4749 1489 4781 ι

573 4838 591 4869 ι
612 4817 637 4858 δ
661 4817 784 4873 lllos
821 4819 981 4873 etiam
1005 4834 1200 4887 respuo
1219 4827 1275 4874 et
1298 4820 1619 4884 condemno,
1641 4818 1734 4888 qui
1754 4817 1849 4873 Dei
1872 4816 2071 4872 Filium

495 4913 821 4969 necessitate
872 4913 1050 4968 carnis
1100 4913 1386 4968 mentitum
1438 4928 1559 4968 esse
1590 4913 1791 4972 dicunt,
1844 4917 1900 4965 et
1946 4923 2071 4963 eum

495 5014 715 5076 propter
735 5012 1069 5075 assumptum
1120 5005 1393 5060 hominem
1428 5020 1534 5059 non
1562 5002 1745 5059 omnia
1771 5001 1949 5057 facere
1975 5015 2073 5071 po-

496 5096 665 5152 tuisse
690 5138 704 5162 ,
739 5113 859 5167 qua:
886 5096 1070 5151 voluit.
1103 5096 1302 5151 Eorum
1333 5111 1547 5166 quoque
1575 5095 1838 5150 haeresem
1863 5091 2071 5147 abomi—

497 5201 618 5252 nor,
639 5188 730 5257 qui
750 5187 949 5241 nullam
988 5188 1040 5241 in
1074 5186 1257 5242 futuro
1280 5187 1597 5242 meritorum
1619 5199 1739 5239 esse
1759 5182 2070 5239 distantiam

495 5286 760 5339 asserunt,
778 5294 985 5349 nosque
1003 5294 1097 5334 eas
1120 5279 1193 5333 ibi
1215 5278 1497 5333 habituros
1520 5292 1640 5331 esse
1662 5275 1910 5338 virtutes,
1932 5286 2070 5342 quas

494 5368 582 5423 hic
610 5369 963 5437 negleximns.
1003 5390 1021 5422 ι

567 5461 803 5515 XXXVI.
851 5481 869 5511 ε
914 5474 937 5501 ο
968 5461 1175 5516 Novum
1205 5470 1260 5516 et
1285 5461 1453 5516 Vetus
1487 5459 1894 5514 Testamentum
1937 5455 2073 5512 reci-

568 5627 591 5653 α
625 5615 967 5669 Concordant
996 5616 1272 5684 sequentia
1300 5614 1477 5684 quoad
1506 5628 1745 5675 sensum,
1774 5626 1880 5665 non
1905 5609 2067 5667 verba

496 5701 616 5739 cum
646 5684 906 5745 Cennad.,
939 5701 1092 5753 capp.
1121 5686 1208 5748 '50,
1240 5686 1327 5750 5|,
1356 5686 1444 5739 52.

568 5757 594 5796 ι’
624 5755 887 5823 Gennad.,
918 5771 1033 5825 cap.
1063 5756 1151 5823 22,
1182 5756 1301 5812 aliis
1331 5755 1527 5812 verbis.

2170 1894 2279 1941 tem
2307 1887 2473 1940 vitam
2513 1884 2671 1940 bonis
2700 1882 2957 1938 informat
3007 1882 3291 1953 operibus,
3325 1889 3381 1935 et
3428 1890 3555 1951 post
3591 1881 3751 1938 ﬁnem

2167 1976 2292 2031 vitae
2320 1983 2577 2030 aeternam
2613 1975 2894 2044 pollicetur
2908 1973 3158 2045 gloriam.
3189 1972 3464 2027 Prmterca
3488 1982 3752 2031 tractatus

2169 2070 2309 2135 illos,
2337 2077 2391 2122 et
2412 2083 2719 2133 sermones,
2758 2066 3024 2135 simulque
3063 2063 3489 2120 commentarios
3535 2080 3745 2129 omnes,

2168 2177 2301 2232 quos
2324 2176 2354 2215 a
2377 2160 2811 2216 catholicissimis
2838 2159 3238 2228 nominatisque
3260 2157 3579 2211 auctoribus
3601 2157 3745 2211 novi-

2167 2274 2287 2314 mus
2306 2258 2633 2323 elahoratos,
2660 2262 2937 2327 gratanter
2960 2253 3099 2325 lego,
3128 2261 3183 2307 et
3209 2251 3475 2321 Spiritum
3504 2260 3751 2307 sanctum

2168 2349 2222 2405 in
2256 2351 2334 2405 eis
2363 2350 2671 2419 loquentem
2713 2347 2973 2403 attonitus
3003 2361 3135 2401 aure
3160 2345 3342 2400 cordis
3366 2346 3636 2414 percipio,
3670 2354 3752 2398 at-

2167 2457 2270 2512 que
2295 2459 2363 2497 ex
2392 2442 2602 2497 illorum
2628 2441 2763 2495 mira
2792 2440 3039 2503 scientia,
3068 2453 3186 2492 mea
3210 2437 3527 2507 insipientia
3548 2444 3751 2506 quanta

2168 2535 2266 2600 sit,
2300 2532 2604 2588 evidentius
2634 2530 2997 2602 deprehendo.
3031 2529 3139 2583 Nec
3154 2543 3257 2583 non
3284 2538 3340 2583 et
3365 2529 3593 2583 decreta
3614 2543 3747 2598 pon—

2168 2625 2394 2690 tiﬁcum,
2429 2632 2483 2677 et
2510 2623 2736 2677 concilia
2762 2621 2850 2677 illa
2873 2662 2887 2685 ,
2927 2636 3047 2691 quae
3074 2620 3318 2676 Romana
3353 2620 3599 2675 Ecclesia
3629 2634 3747 2674 sus-

2166 2715 2316 2785 cipit,
2342 2722 2397 2768 et
2419 2714 2603 2767 laudat
2628 2712 2778 2783 (quia
2804 2712 3128 2767 universalis
3156 2710 3416 2766 Ecclesiae
3448 2710 3744 2765 documen-

2167 2817 2281 2864 tum
2313 2816 2367 2861 et
2392 2814 2638 2861 tutamen
2667 2804 2822 2875 sunt)
2850 2820 2950 2876 ego
2976 2819 3210 2860 veneror
3230 2845 3245 2869 ,
3294 2813 3351 2859 et
3377 2819 3478 2874 pro
3526 2804 3670 2858 scire
3699 2813 3754 2859 et

2166 2914 2326 2969 posse
2371 2913 2493 2953 meo
2524 2895 2610 2951 illa
2643 2906 2833 2953 contra
2860 2897 3042 2951 hostes
3074 2910 3263 2950 eorum
3306 2894 3561 2950 defendo.
3599 2895 3755 2951 Unde

2166 3006 2266 3061 ego
2294 2990 2547 3044 maritum
2578 2991 2803 3044 duarum
2843 2995 2967 3058 post
2991 2987 3320 3057 baptismum
3349 2995 3747 3049 matronarum,

2170 3081 2430 3137 clericum
2481 3096 2588 3135 non
2634 3081 2991 3137 ordinandum
3021 3080 3179 3144 dico;
3223 3095 3400 3149 neque
3446 3080 3622 3145 illum,
3662 3080 3754 3149 qui

2170 3190 2334 3229 unam
2370 3174 2604 3243 quidem,
2630 3173 2723 3227 sed
2750 3172 3126 3237 concubinam,
3159 3186 3266 3226 non
3299 3181 3613 3227 matronam
3660 3173 3754 3227 ha-

2170 3267 2324 3330 buit;
2369 3280 2470 3320 nec
2508 3264 2676 3329 illum,
2714 3264 2806 3334 qui
2852 3263 3102 3326 viduam,
3132 3262 3218 3318 vel
3244 3263 3580 3333 repudiatam
3606 3305 3622 3325 ,
3670 3261 3755 3317 vel

2171 3357 2508 3413 meretricem
2540 3356 2594 3409 in
2626 3355 3034 3409 matrimonium
3056 3353 3315 3423 sumpsit;
3350 3367 3527 3421 neque
3572 3352 3753 3418 illum,

2170 3449 2261 3518 qui
2288 3465 2387 3519 per
2427 3446 2775 3502 ambitionem
2800 3444 2865 3498 ad
2905 3444 3261 3499 imitationem
3312 3442 3548 3498 Simonis
3604 3442 3752 3514 Magi

2168 3540 2454 3612 pecuniam
2472 3536 2649 3592 offert.
2668 3536 2711 3592 Ο
2736 3533 2971 3589 infelicia
3000 3544 3244 3603 tempora
3266 3542 3470 3597 nostra,
3504 3548 3629 3602 qua:
3652 3546 3754 3587 nec

2171 3633 2340 3688 Deum
2368 3631 2591 3694 timent,
2616 3643 2718 3692 nec
2746 3628 2855 3682 vim
2888 3641 3165 3681 sacrorum
3199 3640 3471 3680 canonum
3499 3639 3753 3679 reveren-

2170 3726 2286 3780 tur!
2317 3724 2504 3778 Nullus
2531 3722 2691 3778 modo
2716 3719 3012 3791 sacrilegus
3042 3717 3128 3773 vel
3157 3718 3518 3782 criminosus,
3568 3734 3638 3772 ne
3680 3716 3747 3771 ad

2170 3816 2310 3871 sacri
2340 3814 2545 3871 ordinis
2584 3813 2815 3868 cilicium
2839 3812 3083 3877 accedat,
3112 3811 3409 3866 inhibetur.
3446 3807 3507 3866 Si
3550 3810 3751 3866 marito

2169 3908 2398 3963 duarum
2428 3906 2769 3962 interdicitur
2807 3904 3123 3971 clericatus,
3156 3918 3262 3973 qua
3309 3902 3488 3957 fnonte
3518 3903 3628 3967 ille,
3659 3902 3749 3973 qui

2169 3999 2352 4055 furore
2392 3999 2630 4055 libidinis
2679 4012 2778 4068 per
2825 3997 3024 4052 diversi
3075 3997 3292 4066 generis
3342 3995 3749 4065 inquinamenta

2169 4100 2417 4163 raptatus
2439 4101 2542 4155 est,
2577 4090 2661 4144 vel
2686 4090 2964 4154 diaconus,
2989 4088 3072 4143 vel
3097 4088 3401 4158 presbyter,
3436 4087 3525 4142 vel
3545 4089 3749 4157 episco-

2168 4198 2270 4253 pus
2304 4181 2420 4236 ﬁeri
2462 4181 2658 4237 audet?
2702 4179 2759 4235 Si
2793 4180 3072 4235 usurarius
3119 4194 3228 4235 non
3263 4187 3349 4234 est
3392 4180 3745 4243 ordinandus.

2169 4281 2225 4328 et
2255 4272 2362 4337 ille,
2392 4272 2481 4341 qui
2515 4271 2818 4325 membrum
2862 4270 2945 4325 sui
2982 4269 3226 4340 corporis
3253 4285 3354 4339 pro
3387 4270 3749 4340 qualicunque

2171 4363 2701 4420 trnncaveritcausa.
2720 4367 2804 4417 est
2823 4360 3184 4415 removendus
3204 4360 3359 4428 juxta
3383 4360 3607 4415 decreta
3633 4374 3748 4414 con-

2101 4472 2147 4531 D
2172 4453 2441 4518 ciliorum,
2469 4451 2597 4521 quid
2627 4450 2893 4522 agendum
2933 4458 3019 4505 est
3061 4450 3128 4505 de
3174 4449 3477 4505 simoniaco
3504 4457 3563 4503 et
3589 4450 3746 4504 totius

2171 4544 2521 4615 turpitudinis
2546 4541 2702 4597 viro?
2742 4540 2856 4595 Heu
2907 4540 3074 4595 miser
3101 4540 3238 4611 ego!
3277 4538 3459 4608 qualia
3504 4546 3744 4607 tempora

2167 4636 2299 4691 mihi
2332 4633 2555 4704 contigit
2577 4631 2787 4687 videre!
2828 4631 3116 4686 Decentius
3146 4644 3288 4684 nunc
3328 4637 3634 4683 tractantur
3659 4640 3740 4681 res

2168 4727 2289 4783 usui
2335 4725 2580 4795 corporis
2623 4724 2946 4779 necessaria:
2970 4764 2985 4787 ,
3040 4737 3201 4792 quam
3246 4730 3597 4776 sacrosancta
3640 4734 3746 4790 my-

2170 4817 2373 4881 steria;
2407 4814 2551 4884 iuste
2598 4812 2727 4868 illud
2765 4813 2872 4868 dici
2901 4812 3057 4868 nobis
3097 4820 3275 4882 potest
3317 4831 3331 4866 :
3363 4810 3617 4876 Qurrritis
3642 4826 3740 4874 ιιι,

2171 4925 2276 4962 non
2306 4907 2429 4978 quia
2459 4905 2664 4960 vidistis
2695 4906 2847 4975 signa
2864 4944 2879 4970 ,
2903 4904 2994 4959 sed
3015 4905 3141 4975 quia
3182 4903 3553 4958 manducaui:
3578 4904 3643 4957 de
3660 4918 3741 4973 pa-

2171 4998 2323 5052 nibus
2349 4998 2624 5069 (Joarmn,
2648 4995 2763 5066 26).

2240 5088 2504 5145 XXXVII.
2545 5087 2656 5143 Has
2688 5087 2874 5159 igitur,
2924 5104 3061 5159 quas
3094 5088 3357 5154 diximus,
3394 5089 3737 5159 suscipientes

2170 5198 2296 5238 cum
2340 5181 2487 5237 omni
2520 5181 2755 5252 puritate
2782 5165 3002 5236 sanctds
3051 5179 3392 5251 Scripturas,
3449 5177 3731 5250 peregrinis

2172 5285 2334 5347 atque
2378 5273 2576 5345 ignotis
2620 5272 2688 5329 de
2736 5273 3140 5343 Scripturarum
3187 5271 3522 5327 continentia
3557 5267 3731 5324 fabulis

2171 5384 2280 5424 non
2318 5367 2478 5424 facile
2508 5366 2985 5423 accommodamus
3010 5380 3313 5419 assensum.
3343 5364 3594 5418 Doctrina
3622 5359 3725 5423 illa,

2171 5474 2292 5529 quae
2322 5466 2531 5513 tantum
2567 5457 2621 5512 in
2655 5466 2865 5512 secreto
2894 5456 2999 5513 sibi
3039 5454 3244 5525 placet,
3293 5454 3435 5512 etin
3476 5451 3723 5526 publicum

2246 5624 2266 5649 ο
2305 5611 2573 5681 Pelagius.

2240 5682 2267 5722 ἀ
2310 5681 2575 5750 Pelagius.

2248 5765 2271 5794 α
2307 5751 2576 5825 Pelagius.
