4038 6354
310 301 443 363 1081

986 298 1138 355 ΟΡΡ.
1178 294 1405 356 ΒυΒΙΑ.
1445 329 1516 339 -
1551 288 1782 354 ALBINI
1819 296 1874 354 C4

1977 286 2203 355 iESSlO
2240 287 2440 354 FIDE].
2483 329 2552 340 —
2591 290 2771 355 PARS
2809 297 2896 356 III.

3434 292 3575 357 1089

302 417 578 474 erubescit
602 416 776 482 exire,
825 416 969 472 absit
992 425 1053 471 ut
1103 417 1317 471 aurium
1365 426 1675 472 nostrarum
1719 415 1887 469 intret
1911 412 1963 471 Δ
1989 412 2126 478 buit,
2158 413 2203 468 si
2235 414 2569 484 signaculum
2600 413 2706 470 Dei
2728 413 3098 469 similitudinis
3137 412 3272 468 fuit?
3321 432 3339 466 ι
3371 412 3579 471 Notan-

300 527 581 569 cavernas.
614 509 764 565 lianc
793 510 956 564 talem
1006 525 1112 564 non
1166 509 1339 565 solum
1400 509 1663 580 fugimus,
1693 521 1883 562 verum

299 610 468 666 etiam
488 605 777 660 anathema
804 602 877 657 illi
907 602 1175 668 dicimus;
1205 610 1431 657 cunctos
1452 600 1736 656 haereticos
1762 614 1883 654 sen-

299 718 397 759 sus
426 716 527 755 nec
562 698 772 763 audire,
799 712 900 752 nec
930 696 1113 751 videre
1142 695 1405 750 volentes.
1430 692 1658 749 Omnem
1684 690 1887 747 doctri-

299 809 447 858 nam,
480 806 602 862 quae
629 788 999 846 ecclesiastico
1028 788 1223 842 canoni
1269 802 1374 842 non
1402 786 1676 849 convenit,
1706 797 1885 853 neque

300 885 605 949 consentit,
633 898 741 937 non
771 881 943 936 solum
972 896 1079 935 non
1122 879 1466 948 suscipimus,
1516 876 1610 932 sed
1636 882 1692 931 et
1718 872 1885 930 veluti

298 977 529 1033 alienam
563 991 595 1029 a
625 974 747 1029 fidei
774 973 1004 1028 veritate
1039 972 1383 1027 damnamus.

366 1067 729 1141 Iguorantiam
755 1065 972 1136 quidem
1000 1078 1177 1119 meam
1198 1061 1444 1117 confiteri
1476 1075 1582 1115 non
1597 1059 1879 1114 erubesco.

294 1159 352 1215 In
386 1159 582 1215 divinis
605 1158 777 1221 libris,
814 1156 1083 1226 praecipue
1113 1153 1330 1210 Veteris
1345 1151 1704 1216 Testamenti,
1724 1149 1883 1219 plura

298 1269 386 1308 me
407 1252 609 1316 latent;
640 1266 810 1321 pauca
841 1248 996 1303 valde
1036 1230 1199 1313 sunt:
1249 1261 1367 1315 qua:
1394 1244 1529 1300 mihi
1563 1250 1753 1313 patere
1799 1256 1885 1295 ar-

295 1345 488 1400 bitror.
519 1343 714 1397 Beatus
741 1339 972 1411 Moyses,
1003 1337 1088 1393 cui
1128 1337 1269 1392 Deus
1302 1343 1357 1391 et
1386 1333 1573 1389 mundi
1617 1332 1884 1401 originem

295 1446 353 1494 et
397 1436 621 1493 humani
644 1433 865 1506 generis
910 1430 1277 1487 conditionem
1317 1427 1487 1482 voluit
1517 1426 1879 1487 innotescere,

298 1529 366 1584 de
394 1530 480 1584 his
522 1527 829 1599 praesertim
849 1566 863 1589 ,
900 1538 1021 1595 quae
1042 1538 1073 1577 a
1102 1521 1215 1576 Deo
1245 1535 1312 1575 ex
1336 1518 1508 1577 nihilo
1551 1516 1697 1571 facta
1732 1522 1880 1577 sunt.

297 1623 539 1678 breviter
565 1620 727 1675 nimis
764 1619 1103 1685 obscureque
1123 1612 1336 1668 locutus
1360 1618 1463 1666 est.
1498 1608 1653 1665 Unde
1682 1606 1880 1661 factum

298 1721 403 1778 est,
440 1721 500 1766 ut
524 1710 677 1765 multi
702 1709 870 1763 multa
896 1707 1111 1762 diversa
1139 1709 1491 1774 exponerent.
1517 1699 1722 1766 Quibus
1750 1712 1881 1753 sane

295 1822 363 1861 ex
399 1812 553 1875 parte
583 1803 736 1858 lectis
768 1818 872 1856 non
904 1800 1035 1854 mihi
1067 1798 1203 1853 satis
1241 1797 1439 1859 elucet,
1471 1793 1667 1857 fateor,
1697 1792 1825 1862 quid
1850 1806 1882 1845 a

295 1896 409 1950 Deo
439 1894 692 1966 primitus
744 1892 907 1947 fuerit
950 1889 1171 1944 factum.
1201 1887 1326 1942 Ideo
1356 1885 1580 1941 dilIinite
1603 1899 1708 1937 non
1735 1882 1880 1949 dico,

290 1989 435 2045 sicut
462 1990 529 2042 de
558 1986 780 2056 reliquis
826 1999 973 2040 nunc
1004 1996 1196 2052 usque,
1229 1995 1351 2049 quae
1395 1978 1461 2033 ad
1511 1975 1882 2032 ecclesiastica

291 2082 550 2153 dogmata
577 2079 873 2150 pertinent,
902 2076 999 2132 sed
1020 2084 1076 2129 et
1103 2075 1372 2144 majorum
1415 2077 1726 2125 nostrorum
1758 2082 1883 2121 sen-

290 2191 385 2231 sus
422 2183 475 2228 et
506 2173 804 2228 sententias
832 2186 993 2242 pono.
1024 2168 1162 2223 Sunt
1192 2181 1448 2235 namque,
1489 2163 1584 2234 qui
1630 2160 1877 2226 credunt,

293 2262 583 2321 informem
619 2263 903 2318 materiam
952 2262 1189 2332 primum
1237 2258 1438 2313 factam
1476 2254 1664 2317 fuisse,
1704 2261 1761 2309 et
1788 2267 1884 2322 po-

291 2366 410 2413 stea
442 2356 739 2428 angelicam
772 2362 1047 2410 naturam.
1093 2352 1336 2419 Quorum
1384 2362 1564 2429 unus,
1620 2354 1681 2400 ut
1730 2360 1876 2410 reor,

288 2457 449 2505 aetate
504 2459 559 2504 et
606 2448 872 2519 sapientia
923 2446 1009 2501 vir
1058 2459 1328 2517 magnus,
1379 2442 1757 2497 incunctanter
1804 2438 1878 2492 ita

291 2542 557 2613 scriptum
578 2540 840 2611 reliquit:
877 2557 896 2591 ‹
926 2538 986 2593 In
1018 2536 1285 2607 principio
1323 2533 1531 2589 creavit
1580 2531 1724 2585 Deus
1768 2541 1879 2583 cm-

288 2632 433 2699 lum,
465 2641 521 2689 et
544 2641 766 2697 terram,
800 2638 855 2687 et
876 2645 1072 2701 aquam
1111 2644 1178 2683 ex
1208 2627 1401 2692 nihilo,
1429 2634 1485 2681 et
1533 2639 1656 2680 cum
1701 2622 1878 2677 adhuc

290 2722 529 2779 tenebrae
557 2724 730 2793 ipsam
758 2737 956 2793 aquam
997 2720 1366 2783 occultarent,
1396 2726 1453 2771 et
1506 2730 1645 2785 aqua
1677 2722 1879 2769 terram

288 2816 683 2881 absconderet,
716 2814 843 2870 facti
893 2821 1021 2871 sunt
1061 2811 1237 2882 angeli
1281 2818 1338 2865 et
1380 2824 1570 2863 omnes
1626 2805 1879 2862 caelestes

284 2907 518 2962 virtutes
548 2919 596 2960 ι.
634 2927 653 2958 ι
702 2904 920 2961 Utinam
966 2903 1175 2975 Moyses
1220 2902 1324 2956 hoc
1364 2900 1440 2953 ita
1486 2898 1716 2953 haberet
1761 2896 1879 2951 sine

285 2998 640 3068 ambiguitate
669 2995 1003 3066 descriptum
1023 3035 1039 3059 ,
1082 2994 1148 3048 de
1175 2990 1330 3061 cujus
1365 2990 1668 3045 assertione
1718 3002 1879 3043 nemo

283 3076 533 3143 dubitare
571 3086 995 3156 permitteretur.
1026 3084 1131 3139 Sed
1154 3098 1364 3139 mecum
1394 3083 1745 3136 vehementer
1774 3080 1868 3134 ad-

283 3178 475 3243 miror,
508 3149 606 3233 cur
630 3177 718 3232 ille
751 3185 933 3232 tantus
965 3176 1082 3243 vir,
1127 3190 1252 3229 cum
1280 3172 1569 3227 manifesta
1596 3171 1740 3242 loqui
1777 3186 1875 3241 po-
1900 3149 1947 3212 ο

283 3271 412 3335 tuit,
443 3277 501 3325 ut
526 3278 679 3341 puto,
719 3284 830 3339 prae
858 3267 1070 3323 cunctis
1101 3266 1443 3331 hominibus,
1472 3263 1636 3336 5.10
1664 3264 1731 3319 de
1761 3272 1873 3318 tam

281 3362 518 3418 excelsis
542 3362 708 3417 rebus
736 3362 809 3415 ita
836 3359 1027 3415 maluit
1054 3368 1255 3413 tacere.
1289 3355 1459 3425 Hujus
1487 3354 1737 3410 videlicet
1763 3353 1871 3409 dif-

281 3453 543 3509 ﬁnitionis
569 3453 730 3508 Pater
748 3450 1048 3522 Gregorius
1074 3450 1129 3505 in
1154 3449 1390 3519 quodam
1439 3448 1559 3502 loco
1603 3447 1868 3512 meminit,

282 3558 448 3616 quam
471 3551 653 3597 tamen
672 3557 778 3605 non
805 3541 1119 3596 afﬁrmando
1140 3540 1343 3610 posuit,
1366 3539 1445 3593 sic
1466 3539 1690 3593 dicens:
1713 3557 1731 3590 ι
1754 3538 1874 3593 Pri-

282 3651 373 3692 ma
393 3636 540 3691 enim
554 3634 610 3688 in
628 3641 868 3703 tempore
884 3631 1100 3687 condita
1125 3640 1321 3685 natura
1337 3628 1740 3684 rationabilium
1761 3629 1874 3699 spi-

281 3729 487 3783 rituum
513 3724 772 3781 creditur.
805 3722 958 3790 Quod
982 3723 1029 3777 si
1054 3722 1128 3776 ita
1158 3730 1262 3787 est,
1290 3722 1416 3775 dum
1446 3731 1595 3776 terra
1621 3728 1767 3776 esset
1793 3720 1874 3775 in-

277 3816 511 3873 visibilis
546 3824 603 3871 et
649 3814 1027 3885 incomposita,
1058 3812 1191 3867 dum
1214 3817 1455 3868 tenebrae
1494 3820 1680 3867 essent
1709 3826 1872 3881 super

278 3911 555 3983 abyssum,
580 3917 863 3964 venturum
886 3908 1030 3962 diem
1050 3906 1432 3976 subsequentis
1459 3900 1641 3961 saeculi
1661 3920 1761 3977 per
1782 3903 1864 3958 lu-

277 4020 398 4061 cem
413 4004 691 4074 sapientize
709 4003 991 4059 existendo
1009 4008 1390 4072 praevenerunt
1409 4000 1457 4053 ι).
1488 4019 1506 4052 ι

349 4096 636 4153 XXXVIII.
680 4094 820 4151 Sunt
849 4103 1030 4148 autem
1063 4103 1118 4149 et
1139 4092 1229 4147 alii
1256 4092 1349 4162 qui
1384 4090 1685 4163 angelicam
1713 4096 1871 4144 natu-

279 4204 420 4255 ram,
450 4204 569 4259 quae
594 4188 807 4259 dignior
832 4196 916 4242 est
960 4192 1016 4240 et
1039 4184 1365 4241 eminentior
1391 4193 1645 4239 creatura
1670 4222 1684 4247 ,
1724 4180 1871 4235 arbi-

278 4290 496 4338 trantur
520 4282 573 4336 in
595 4280 787 4336 ordine
816 4278 1141 4335 conditionis
1164 4277 1417 4349 primam.
1441 4275 1682 4343 Quorum
1711 4272 1870 4329 intel-

277 4374 445 4431 lectui
472 4371 754 4444 suffragari
769 4372 985 4427 videtur
1004 4369 1155 4435 illud,
1185 4368 1331 4439 quod
1356 4383 1388 4422 a
1409 4367 1635 4423 Domino
1660 4365 1866 4420 dictum

275 4476 364 4523 est
392 4466 457 4521 de
480 4462 896 4534 Lucifero:Ipse
920 4472 994 4517 est
1024 4462 1343 4534 principium
1368 4461 1574 4516 viarum
1590 4459 1691 4514 Dei
1717 4458 1860 4531 (Job.

1986 502 2110 557 dum
2135 519 2347 573 quoque
2372 512 2472 569 est,
2499 512 2560 558 ut
2582 505 2658 559 ait
2684 503 2845 558 Pater
2867 502 3159 575 Gregorius
3192 515 3240 570 ο,
3272 504 3415 574 quod
3441 504 3572 561 dum

1987 595 2195 649 viarum
2220 596 2315 650 Dei
2346 598 2669 667 principium
2716 596 3012 652 Behemoth
3055 597 3271 664 dicitur,
3307 612 3570 671 vesanum

1986 685 2178 756 dogma
2229 685 2345 741 Arii
2396 696 2583 758 aperta
2635 688 2849 743 ratione
2906 689 3221 759 dissipatur.
3275 690 3575 749 Facturam

1985 780 2183 850 quippe
2210 779 2302 835 Dei
2328 780 2526 836 Filium
2570 781 2789 837 fatetur.
2815 782 2883 847 Et
2906 797 3033 838 ecce
3068 783 3366 840 Behemoth
3401 784 3457 840 in
3489 782 3574 840 fa-

1985 881 2140 927 ctura
2185 887 2367 927 rerum
2417 875 2624 944 primus
2665 883 2884 931 creatus
2933 876 3259 931 ostenditur.
3309 875 3575 947 Superest

1985 977 2145 1034 ergo,
2197 972 2257 1018 ut
2302 964 2466 1020 Arius
2505 973 2599 1019 aut
2651 964 2806 1038 [non]
2837 966 3041 1022 factum
3068 967 3265 1023 Filium
3292 968 3567 1039 prmdicet,

1987 1064 2080 1110 aut
2121 1072 2245 1111 eum
2273 1066 2395 1127 post
2436 1058 2736 1113 Bebemoth
2783 1060 3060 1114 conditum
3111 1059 3304 1115 stultus
3344 1068 3517 1130 putet.
3546 1079 3567 1115 ι

1985 1147 2220 1219 Angelos
2244 1149 2299 1203 in
2327 1150 2596 1220 principio
2623 1166 2742 1206 esse
2766 1152 3014 1206 conditos
3036 1150 3265 1207 forsitan
3315 1160 3371 1207 et
3419 1152 3570 1219 illud,

1985 1241 2129 1310 quod
2148 1242 2312 1297 beato
2332 1242 2433 1297 Job
2450 1243 2669 1308 dicitur,
2701 1244 3067 1300 demonstrat:
3098 1243 3197 1299 Ubi
3219 1263 3337 1301 eras
3361 1247 3572 1317 quando

1984 1333 2235 1403 ponebam
2265 1334 2609 1403 fundamenta
2646 1346 2824 1401 terrm,
2880 1345 2935 1391 et
2963 1336 3123 1406 paulo
3172 1346 3322 1408 post,
3352 1355 3467 1392 cum
3492 1354 3573 1393 me

1984 1421 2265 1479 laudarent
2307 1434 2453 1480 astra
2500 1428 2785 1493 matutina,
2838 1436 2885 1482 et
2918 1427 3212 1498 jubilarent
3256 1445 3434 1485 omnes
3473 1428 3574 1499 ﬁlii

1983 1515 2084 1571 Dei
2113 1516 2260 1589 (Job.
2290 1535 2522 1586 xxxvm,
2550 1519 2605 1587 Δ,
2630 1520 2707 1591 7).

2055 1618 2299 1675 XXXIX.
2366 1621 2722 1677 Inveniuntur
2769 1630 3031 1693 praeterea
3089 1639 3198 1679 non
3255 1624 3573 1695 spernendae

1986 1711 2226 1766 scientia:
2264 1711 2369 1765 viri
2393 1753 2407 1777 ,
2441 1712 2533 1781 qui
2580 1721 2834 1767 neutrum
2863 1729 3052 1769 eorum
3081 1713 3378 1784 praeferunt
3406 1756 3421 1781 ,
3478 1714 3575 1770 sed

1986 1812 2221 1873 utraque
2247 1804 2405 1859 simul
2429 1821 2460 1859 a
2481 1804 2593 1859 Deo
2619 1815 2805 1860 creata
2827 1822 2948 1861 esse
2974 1807 3279 1872 dicunt,.ita
3306 1815 3366 1860 ut
3385 1821 3578 1861 unum‘

1986 1894 2238 1965 quodque
2268 1910 2456 1949 eorum
2487 1895 2592 1951 dici
2621 1896 2795 1966 possit
2826 1896 3064 1951 initium.
3116 1894 3246 1962 Quae
3287 1897 3428 1951 ratio
3455 1911 3578 1952 esse

1983 1982 2324 2051 probabilior
2366 1982 2582 2037 videtur
2604 2024 2619 2048 ,
2664 1983 2771 2039 illis
2800 1985 2904 2039 hoc
2943 1983 3103 2039 modo
3137 1983 3521 2040 diIIinientibus
3559 2003 3575 2041 :

1982 2069 2124 2126 Ante
2154 2087 2372 2127 omnem
2427 2072 2587 2142 hujus
2623 2073 2803 2128 saeculi
2833 2073 2976 2129 diem
3006 2073 3218 2129 creavit
3243 2073 3387 2129 Deus
3418 2088 3579 2145 supe-

1984 2164 2183 2220 riorem
2211 2173 2267 2220 et
2292 2164 2633 2235 spiritualem
2658 2182 2783 2221 cum
2800 2167 2930 2233 suis
2955 2167 3155 2223 accolis
3182 2167 3442 2223 mundum
3459 2210 3473 2235 ,
3522 2176 3579 2224 et

1982 2256 2273 2312 informem
2315 2257 2484 2312 totius
2510 2256 2671 2326 hujus
2706 2258 2890 2312 mundi
2930 2259 3239 2328 materiam,
3264 2260 3423 2330 juxta
3468 2260 3576 2316 hoc

1981 2350 2125 2419 quod
2164 2349 2425 2420 scriptum
2466 2359 2551 2404 est
2584 2366 2597 2402 :
2640 2347 2745 2415 Qui
2774 2350 2897 2404 vivit
2939 2350 2995 2404 in
3030 2361 3283 2406 aeternum
3306 2393 3323 2418 ,
3382 2350 3575 2406 crearit

1981 2446 2159 2501 omnia
2194 2445 2354 2501 simul
2406 2444 2612 2518 (Eccli.
2662 2461 2830 2511 xviii,
2881 2445 2979 2518 I).
3044 2446 3157 2504 Hoc
3200 2463 3437 2518 namque
3477 2462 3579 2518 per

1981 2537 2202 2609 Moysen
2233 2537 2607 2607 diciturjuxta
2633 2536 2920 2592 historiam
2967 2556 2981 2592 :
3029 2538 3097 2592 In
3139 2539 3399 2610 principio
3450 2538 3574 2609 fecit

1980 2628 2123 2684 Deus
2146 2628 2329 2683 caelum
2358 2638 2406 2683 et
2436 2638 2632 2683 terram
2670 2625 2823 2701 (Gen.
2858 2645 2897 2695 ι,
2922 2629 3007 2701 ‘1).
3039 2630 3174 2685 Nam
3206 2630 3328 2687 ideo
3359 2631 3575 2702 Moyses

1981 2727 2094 2774 tam
2144 2719 2383 2774 breviter
2435 2718 2563 2774 fecit
2608 2720 2941 2775 mentionem
2997 2721 3295 2791 superioris
3347 2720 3531 2775 mundi
3555 2759 3574 2786 .

1981 2812 2108 2882 quia
2136 2812 2202 2867 de
2230 2811 2431 2866 mundo
2465 2812 2603 2877 hoc,
2634 2811 2687 2865 in
2728 2826 2837 2881 quo
2882 2812 3046 2867 homo
3084 2810 3257 2867 factus
3280 2820 3404 2877 est,
3437 2812 3574 2875 scri-

1979 2905 2111 2960 bere
2146 2904 2423 2968 decrevit,
2463 2902 2708 2959 sulIicere
2735 2904 3007 2970 credens,
3058 2905 3106 2961 si
3155 2920 3370 2960 omnem
3418 2919 3569 2959 orca.

1980 3002 2115 3050 turae
2150 2994 2445 3064 spiritualis
2469 3003 2523 3049 et
2548 2995 2837 3051 invisibilis
2867 3005 3091 3062 statum,
3120 3007 3282 3067 atque
3315 3005 3569 3053 ornatum

1978 3104 2088 3144 uno
2121 3089 2245 3145 εωιί
2287 3089 2537 3155 nomine,
2572 3090 2716 3160 quod
2751 3090 2805 3145 in
2831 3090 3099 3161 principio
3145 3089 3350 3145 factum
3397 3090 3567 3157 dixit,

1977 3181 2463 3251 comprehenderet
2504 3201 2517 3236 :
2561 3182 2899 3252 corporalem
2934 3198 3068 3238 vero
3095 3181 3366 3238 visibilem
3403 3192 3567 3253 atque

1976 3272 2379 3342 corruptibilem
2405 3280 2712 3329 creaturam
2757 3274 2917 3330 latius
2954 3289 3022 3330 ex
3062 3274 3256 3330 ordine
3286 3273 3566 3329 describe-

1976 3372 2089 3431 ret;
2126 3365 2228 3421 hoc
2273 3375 2379 3433 est,
2409 3368 2593 3422 tacitis
2641 3367 2743 3435 eis,
2796 3383 2918 3438 qua:
2966 3367 3159 3423 altiora
3207 3367 3477 3437 quiesitu,
3514 3374 3572 3423 et

1975 3455 2201 3511 fortiora
2234 3465 2478 3513 scrutatu
2506 3466 2654 3525 sunt,
2679 3458 2767 3513 illa
2792 3458 2994 3528 potius,
3027 3473 3147 3528 quae
3176 3473 3207 3511 a
3235 3457 3348 3513 Deo
3387 3458 3564 3512 omni-

1974 3548 2075 3603 bus
2107 3558 2378 3619 praecepta
2422 3551 2536 3605 sive
2575 3550 2845 3620 promissa
2876 3560 3021 3614 sunt,
3057 3549 3342 3619 cogitanda
3370 3564 3571 3619 pr0po-

1974 3648 2149 3695 neret.
2187 3639 2338 3696 Unde
2368 3641 2533 3696 etiam
2566 3641 2813 3697 consulte
2858 3640 2925 3696 de
2952 3656 3081 3696 casu
3125 3640 3563 3711 praevaricatoris

1974 3732 2148 3803 angeli
2183 3740 2237 3787 et
2279 3733 2551 3789 sociorum
2582 3735 2698 3805 ejus
2732 3734 2951 3804 penitus
2994 3734 3243 3799 reticuit,
3294 3734 3420 3804 quia
3458 3734 3563 3790 hoc

1972 3821 2231 3876 nimirum
2278 3823 2346 3877 ad
2404 3831 2607 3878 statum
2647 3823 2791 3879 illius
2830 3810 3117 3879 invisibilis
3160 3832 3217 3879 et
3267 3821 3567 3894 spiritualis

1972 3922 2240 3970 creatura:
2265 3916 2540 3985 pertinere
2568 3916 2863 3972 arbitratus
2912 3924 3014 3973 est.
3048 3916 3106 3972 In
3130 3917 3401 3989 principio
3442 3934 3567 3973 cum

1973 4007 2112 4063 caalo
2136 4006 2338 4064 factam
2363 4009 2496 4065 dicit
2525 4008 2695 4064 solam
2718 4017 2941 4075 terram,
2965 4024 3089 4063 cum
3107 4016 3341 4079 quatuor
3354 4016 3563 4063 constet

1970 4115 2093 4156 esse
2118 4101 2385 4157 elementa
2414 4120 2426 4156 :
2462 4111 2515 4158 et
2544 4103 2649 4158 hoc
2698 4118 2814 4169 cur,
2860 4102 2967 4158 nisi
3012 4102 3137 4172 quia
3168 4102 3237 4157 ad
3279 4101 3383 4155 alia
3404 4142 3418 4167 ,
3446 4114 3563 4171 qua

1972 4193 2146 4264 magis
2186 4193 2497 4249 necessaria
2538 4204 2714 4258 erant,
2768 4192 3135 4264 properabat?
3183 4190 3368 4262 Neque
3416 4192 3561 4245 enim

1970 4297 2158 4352 aquas,
2182 4282 2286 4337 nisi
2309 4297 2340 4335 a
2359 4282 2471 4337 Deo
2493 4281 2666 4337 factas
2702 4282 2863 4338 simul
2882 4297 3005 4336 cum
3034 4280 3171 4336 cmlo
3192 4288 3247 4335 et
3271 4288 3417 4335 terra
3445 4294 3552 4335 ere

1970 4375 2099 4429 dere
2128 4373 2211 4429 fas
2236 4381 2339 4429 est.
2364 4373 2518 4441 Quod
2548 4374 2596 4430 si
2624 4375 2740 4445 ipse
2765 4389 2875 4429 non
2898 4373 3076 4445 palam
3100 4372 3253 4440 dicit,
3275 4371 3455 4443 palam
3481 4381 3562 4428 ta-

1969 4482 2093 4521 men
2117 4464 2405 4537 significat,
2436 4481 2558 4521 cum
2586 4465 2686 4521 has
2724 4480 2754 4520 a
2779 4465 2893 4521 Deo
2949 4464 3266 4529 illustratas,
3297 4470 3462 4534 atque
3492 4463 3561 4519 ad

276 4572 368 4621 ιι,
417 4555 528 4627 Ib).
563 4553 702 4622 Quid
726 4554 871 4609 enim
902 4553 1018 4607 vias
1046 4552 1143 4607 Dei
1172 4550 1278 4606 nisi
1309 4548 1426 4619 ejus
1450 4550 1692 4604 actiones
1720 4548 1864 4604 acci-

1977 4573 2171 4613 tussum
2218 4555 2335 4626 ejus
2360 4557 2639 4612 ordinatas
2669 4556 2928 4612 insinuat.
2962 4553 3069 4611 Sed
3095 4562 3151 4610 et
3179 4554 3389 4625 reliqua
3415 4555 3547 4622 duo,
3626 4560 3629 4561 ⁷

275 4648 475 4719 pimus,
506 4646 572 4700 de
602 4645 793 4715 quibus
819 4659 918 4714 per
941 4645 1261 4715 pr0phetam
1296 4641 1497 4696 dicitur
1528 4659 1542 4695 :
1572 4640 1697 4694 Non
1725 4641 1861 4695 enim

275 4747 400 4792 sunt
436 4737 532 4791 vias
558 4752 707 4804 mete,
738 4737 875 4791 sicut
898 4736 994 4790 via:
1021 4744 1204 4789 vestra:
1227 4732 1392 4806 (Isa.,
1416 4748 1503 4798 LV,
1526 4732 1602 4804 8).
1622 4734 1689 4787 Et
1714 4732 1864 4803 prin-

273 4829 479 4900 cipium
505 4828 718 4882 viarum
741 4828 943 4883 dicitur
974 4826 1291 4891 Behemoth,
1319 4824 1445 4895 quia
1473 4824 1528 4878 in
1557 4834 1751 4879 natura
1776 4840 1864 4879 re-

273 4934 399 4975 rum
448 4918 591 4975 hunc
633 4918 869 4974 creando
910 4934 1007 4989 per
1057 4917 1417 4974 substantiam
1457 4917 1708 4972 conditor
1750 4917 1864 4988 pri-

272 5026 427 5067 mum
459 5009 607 5066 fecit.
646 5010 766 5081 Ipse
791 5025 1026 5079 namque
1044 5009 1337 5080 primatum
1362 5009 1506 5064 inter
1534 5009 1753 5079 angelos
1782 5016 1861 5063 te-

273 5107 396 5163 nuit
421 5121 544 5162 cum
573 5108 769 5178 quibus
810 5104 969 5161 simul
1000 5104 1252 5178 conditus
1278 5102 1474 5170 fuerat,
1535 5103 1675 5158 sicut
1721 5102 1861 5157 dicit

271 5200 545 5270 Propheta
580 5168 607 5253 τ’
640 5198 797 5255 Cedri
842 5214 948 5252 non
997 5168 1211 5267 {agrum
1250 5168 1468 5249 altiores
1515 5193 1609 5248 illo
1639 5192 1856 5265 (Ezech.

274 5307 429 5359 xm,
455 5290 532 5365 8).
569 5290 671 5359 Qui
701 5291 905 5346 idcirco
936 5303 1169 5360 peccans
1219 5288 1338 5343 sine
1365 5285 1525 5341 venia
1571 5286 1871 5340 damnatus

272 5393 391 5452 est,
430 5386 557 5456 quia
577 5400 805 5456 magnus
831 5384 948 5438 sine
979 5379 1383 5451 comparatione
1414 5377 1589 5433 fuerat
1621 5386 1857 5431 creatus.

272 5476 342 5533 Et
373 5492 588 5532 rursum
620 5476 787 5542 idem,
810 5475 903 5545 qui
930 5489 1093 5544 supra
1133 5491 1145 5527 :
1181 5470 1259 5525 Tu
1301 5468 1632 5542 signaculum
1678 5468 1863 5523 simili-

272 5567 474 5622 tudinis
498 5567 714 5641 (Ezech.
736 5582 926 5632 xxviii,
961 5565 1070 5637 12).
1114 5563 1251 5631 Quid
1280 5562 1427 5618 enim
1456 5562 1581 5617 boni
1621 5577 1731 5616 non
1758 5561 1860 5617 ha-

276 5696 373 5815 ωε·
413 5682 723 5739 Gennadius
784 5684 836 5737 in
884 5678 1268 5738 ecclesiasticis
1319 5677 1689 5749 Dogmatibus,
1736 5692 1856 5749 cap.

916 5841 1105 5853 ...σεο-οη·
1138 5843 1170 5851 ..-
1204 5843 1311 5855 --ννη

1966 4648 2021 4703 id
2046 4656 2162 4715 est,
2201 4648 2341 4719 ignis
2366 4657 2422 4703 et
2447 4663 2561 4715 aer,
2589 4648 2838 4718 quamvis
2885 4662 2992 4701 non
3019 4646 3291 4712 dicantur,
3343 4653 3554 4701 certum

1963 4746 2044 4794 est
2079 4748 2259 4794 tamen
2289 4755 2352 4794 ea
2386 4738 2442 4793 in
2470 4738 2597 4803 illis,
2631 4746 2777 4793 terra
2799 4736 3052 4792 videlicet
3076 4744 3132 4792 et
3159 4752 3320 4808 aqua,
3354 4736 3553 4806 quibus

1964 4831 2135 4888 indita
2162 4840 2306 4895 sunt,
2346 4830 2415 4885 ab
2437 4844 2502 4884 eo
2531 4828 2935 4899 comprehendi.
2966 4829 3145 4899 Ignem
3182 4843 3418 4898 namque
3444 4838 3556 4882 ter-

1965 4937 2039 4976 rae
2072 4920 2424 4976 interioribus
2452 4919 2673 4973 insitum
2715 4918 2874 4974 calidi
2901 4934 3167 4990 aquarum
3214 4918 3391 4973 fontes
3428 4931 3558 4987 pro.

1962 5013 2116 5067 dunt.
2150 5010 2253 5077 Qui
2272 5010 2436 5064 etiam
2461 5008 2733 5064 invenitur
2764 5009 2818 5063 in
2851 5007 2996 5064 ferro
3020 5017 3074 5063 et
3109 5008 3401 5079 lapidibus,
3433 5019 3554 5076 qua!

1961 5112 2121 5158 teme
2143 5103 2353 5157 viscere
2370 5099 2485 5169 jam
2511 5108 2641 5155 tunc
2665 5101 2881 5155 condita
2907 5100 3169 5155 latebant.
3197 5099 3308 5154 Aer
3336 5112 3464 5152 vero
3495 5096 3552 5152 in

1962 5196 2080 5265 ipsa
2126 5204 2272 5249 terra
2302 5192 2607 5263 permixtus
2635 5207 2757 5248 esse
2796 5192 3140 5264 cognoscitur
3190 5206 3254 5244 ex
3287 5204 3353 5244 eo
3381 5186 3548 5259 quod,

1962 5301 2086 5341 cum
2113 5286 2422 5341 humectata
2448 5283 2613 5339 fuerit
2647 5295 2702 5339 et
2733 5285 3047 5355 temperiem
3084 5282 3212 5337 solis
3257 5279 3548 5350 acceperit.

1962 5392 2088 5430 mox
2135 5390 2367 5446 vapores
2410 5375 2631 5430 exhalat
2684 5374 3043 5446 Iargissimos.
3093 5372 3260 5444 Igitur
3287 5369 3444 5440 quale
3478 5369 3553 5425 sit

1963 5468 2189 5533 cadum,
2223 5446 2368 5537 quod
2393 5467 2446 5521 in
2468 5466 2738 5537 principio
2757 5480 2881 5521 cum
2900 5473 3044 5519 terra
3068 5461 3268 5517 factum
3295 5468 3402 5527 est,
3433 5459 3552 5531 ipse

1964 5561 2224 5627 insinuat,
2256 5576 2378 5615 cum
2410 5560 2541 5615 dicit
2580 5576 2592 5612 :
2632 5557 2795 5611 Terra
2825 5566 2998 5610 autem
3028 5562 3139 5608 erat
3168 5551 3343 5609 inanis
3372 5560 3422 5608 et
3461 5566 3554 5608 va-

2037 5674 2062 5712 b
2100 5673 2414 5744 Gregorius,
2442 5671 2536 5726 lib.
2565 5684 2735 5744 xxviii
2764 5667 2880 5723 Mor
2954 5680 3075 5738 cap.
3101 5665 3191 5723 I4.

2038 5756 2059 5785 ε
2103 5737 2264 5818 Greg.
2293 5744 2451 5814 ibid.,
2483 5756 2604 5817 cap.
2629 5737 2718 5795 24.
