4038 6354
502 219 639 276 1085

1311 215 1371 273 Β.
1409 216 1471 272 F.
1501 215 1724 272 ALBINI
1764 214 1894 271 SEU
1933 211 2206 271 ALCUINI
2239 210 2522 268 OPERUM
2560 209 2740 265 PARS
2779 208 2912 266 VIII.

3615 211 3762 267 ιοθι

502 352 601 390 cua
633 330 782 406 (Gen.
809 349 847 405 ι,
868 331 947 401 2).
975 331 1046 402 Ut
1066 331 1196 403 quid
1232 331 1374 386 enim
1418 331 1535 385 haec
1562 330 1628 384 de
1656 340 1799 384 terra
1851 338 2076 400 pr:eter-
2099 327 2152 388 Α
2178 332 2288 389 est;
2319 331 2372 377 et
2391 322 2493 376 hoc
2523 329 2670 376 tanta
2693 321 2975 376 velocitate
3003 318 3200 400 divina:
3237 320 3476 390 virtutis,
3526 331 3586 376 ut
3625 339 3763 378 nec-

504 428 673 482 misso
699 425 836 480 cmlo
859 424 1066 489 intulit,
1097 425 1198 478 nisi
1221 425 1346 492 quia
1374 423 1508 477 nihil
1539 422 1642 476 tale
1669 423 1732 475 de
1757 421 1894 476 etelo
1919 420 2076 474 intel-

501 521 594 594 ligi
617 521 825 576 voluit?
849 521 1022 590 Ipsum
1051 529 1136 572 est
1160 519 1303 572 enim
1331 516 1524 570 coelum
1541 516 1806 586 superius,
1833 514 1973 583 (mod
2007 514 2074 568 ab

505 612 651 667 omni
675 611 856 665 mundi
880 609 1036 677 hujus
1059 607 1276 663 volubili
1309 615 1452 662 statu
1477 617 1768 668 secretum,
1802 606 1971 676 gloria
1996 605 2075 657 di-

503 705 643 758 vinae
674 702 975 774 prtesentize
1009 709 1192 756 manet
1217 714 1430 769 semper
1451 697 1785 768 quietum,in
1816 712 1923 768 quo
1953 712 2075 766 per-

503 793 643 849 fecte
672 794 850 848 omnia
877 792 1132 862 disposita
1157 806 1368 860 semper
1391 791 1624 845 fuerunt.
1644 789 1778 844 Nam
1801 789 1867 845 de
1890 797 2075 867 nostro

501 885 658 945 cmlo,
687 885 740 938 in
766 899 872 953 quo
886 887 1062 956 posita
1087 891 1210 938 sunt
1230 883 1513 936 luminaria
1539 883 1663 936 huic
1686 882 2074 938 szeculoneces-

500 974 665 1038 saria,
689 975 1125 1044 insequentibus,
1143 974 1413 1044 quomodo
1425 973 1508 1027 vel
1524 972 1738 1042 quando
1757 974 1826 1027 sit
1847 971 2044 1028 factum
2057 1011 2070 1038 ,

497 1064 614 1136 ipse
645 1064 921 1136 legislator
957 1065 1216 1120 declarat.
1259 1063 1375 1119 Non
1407 1079 1534 1134 ergo
1581 1063 1909 1118 credendum
1957 1067 2070 1128 est;

499 1164 559 1211 ut
595 1158 844 1226 superius
883 1156 1012 1211 illud
1059 1155 1279 1222 emtum,
1327 1155 1468 1225 quod
1493 1162 1576 1210 est
1605 1152 1914 1207 mortalium
1949 1167 2070 1206 om-

497 1249 646 1303 nium
683 1247 1060 1317 conspectibus
1107 1245 1498 1311 inaccessibile,
1529 1245 1688 1299 inane
1724 1251 1962 1298 creatum
2001 1243 2072 1296 sit

499 1346 554 1394 et
571 1353 819 1403 vacuum,
847 1347 904 1393 ut
931 1348 1097 1403 terra,
1127 1352 1245 1407 quae
1286 1337 1411 1393 talis
1441 1345 1568 1391 tunc
1607 1344 1748 1400 erat,
1777 1333 1952 1404 qualis
1977 1334 2072 1388 ad-

499 1429 607 1485 huc
648 1431 748 1484 sub
798 1430 906 1484 imo
961 1430 1129 1484 maris
1176 1428 1442 1499 profundo
1495 1443 1562 1482 ex
1607 1433 1761 1496 parte
1807 1433 2067 1479 remanet.

501 1518 706 1589 Quippe
734 1519 886 1589 cujus
911 1520 1218 1574 universam
1241 1515 1582 1588 superficiem
1610 1517 1664 1570 in
1695 1523 1900 1570 tantam
1927 1524 2072 1585 tege—

499 1611 631 1666 bant
653 1609 986 1665 altitudinem
1014 1624 1184 1678 aqua,
1221 1617 1281 1666 ut
1310 1607 1376 1662 ad
1403 1607 1526 1664 illos
1551 1606 1700 1664 locos
1743 1621 1915 1676 usque
1949 1621 2069 1674 per-

2178 414 2302 468 dum
2356 414 2588 483 primum
2637 413 2821 468 mundi
2884 409 3156 468 nascentis
3208 424 3544 469 momentum
3604 423 3755 472 esset

2175 515 2578 562 transcensum.

2247 599 2358 653 XL.
2402 601 2496 654 His
2530 601 2604 654 ita
2641 599 2872 665 auditis,
2921 599 3059 653 absit
3102 608 3163 654 ut
3215 599 3500 654 sinistrum
3551 601 3760 671 aliquid

2177 694 2310 748 mihi
2341 694 2601 764 suspicari
2633 693 2795 747 libeat
2829 694 2894 748 de
2927 695 3108 748 verbis
3137 693 3415 748 doctorum
3439 733 3454 757 ,
3509 702 3662 746 tanta
3693 695 3762 748 de

2176 785 2402 839 summis
2431 785 2592 840 rebus
2629 785 2980 854 loquentium.
3035 786 3182 840 Licet
3207 786 3438 859 Moyses,
3493 805 3618 844 cum
3650 807 3760 860 quo

2173 875 2316 930 Deus
2344 877 2550 931 locutus
2582 886 2685 940 est,
2717 878 2832 931 haec
2866 893 3002 947 pene
3027 878 3225 934 intacta
3254 881 3552 950 reliquerit.
3585 882 3761 940 Video

2175 967 2318 1020 enim
2355 967 2459 1020 Deo
2489 967 2810 1036 promissum
2841 981 2964 1021 esse
2987 968 3288 1038 impletum,
3324 971 3418 1039 qui
3451 972 3615 1025 dicit:
3653 971 3760 1036 Qui

2174 1060 2336 1112 credit
2366 1059 2419 1113 in
2447 1077 2548 1123 me,
2575 1061 2796 1128 ﬂumina
2817 1060 2882 1114 de
2905 1072 3078 1114 renr're
3109 1063 3225 1128 eius
3250 1064 3414 1132 ﬂuent
3452 1081 3606 1134 aqua
3633 1066 3761 1118 rita?

2173 1148 2356 1220 (Joan.
2391 1165 2486 1211 vn,
2513 1149 2623 1222 58).
2685 1149 2838 1205 Unde
2865 1152 3154 1206 modernos
3189 1152 3348 1207 laudo
3393 1155 3674 1216 doctores,
3709 1163 3762 1209 et

2173 1253 2360 1292 eorum
2383 1240 2582 1309 scripta
2605 1239 2838 1294 libenter
2871 1240 3074 1307 lectito,
3125 1243 3217 1310 qui
3245 1244 3372 1297 dum
3407 1245 3760 1313 antiquorum

2173 1330 2315 1385 dicta
2345 1330 2645 1391 revolvunt,
2680 1347 2744 1386 ex
2773 1331 3061 1386 multorum
3089 1333 3322 1388 lectione
3351 1335 3596 1389 radicem
3620 1335 3764 1389 veri-

2172 1417 2299 1470 tatis
2321 1417 2566 1471 rimando
2588 1417 2884 1473 inveniuut.
2921 1419 3134 1486 Quanto
3166 1422 3310 1476 enim
3337 1433 3466 1479 sunt
3488 1422 3758 1490 iuniores,

2170 1516 2320 1564 tanto
2341 1511 2782 1581 perspicaciores,
2809 1519 2860 1566 et
2881 1527 2946 1566 eo
2973 1513 3142 1583 magis
3164 1512 3356 1568 florent
3385 1516 3631 1585 ingenio,
3655 1531 3762 1585 quo

2171 1600 2238 1654 de
2259 1600 2500 1670 pluribus
2521 1597 2760 1656 fontibus
2783 1601 3099 1658 hauserunt.
3151 1603 3318 1674 Igitur
3347 1619 3415 1659 ex
3441 1605 3532 1660 his
3559 1605 3756 1672 tribus,

501 1702 768 1773 tingcrent
788 1743 803 1769 ,
839 1702 930 1758 ubi
975 1718 1118 1757 nunc
1163 1716 1336 1770 usque
1369 1715 1530 1771 supra
1575 1700 1974 1756 firmamentum
2005 1713 2072 1752 ex
2103 1684 2151 1756 Β
2175 1712 2296 1766 quae
2329 1697 2630 1766 posuimus,
2657 1697 2785 1766 quid
2810 1698 2990 1752 verius
3019 1698 3109 1762 sit,
3146 1714 3250 1768 ego
3273 1714 3378 1753 non
3407 1699 3631 1770 indago,
3661 1715 3758 1783 ne-

502 1803 654 1865 parte
683 1795 948 1858 resident;
979 1795 1070 1849 sed
1102 1793 1270 1866 [eum]
1296 1794 1409 1850 suis
1438 1792 1631 1848 incolis
1653 1807 1780 1846 mox
1803 1799 2066 1854 creatum,

501 1884 604 1940 hoc
621 1892 728 1949 est,
747 1885 1076 1940 beatissimi-5
1099 1884 1427 1956 Angelorutn
1458 1884 1763 1955 agminibus
1789 1883 2072 1953 impletum

498 1985 581 2032 est
617 1993 633 2030 :
679 1992 815 2048 quos
843 1977 898 2031 in
945 1977 1209 2047 principio
1237 1992 1361 2031 cum
1393 1976 1530 2031 ccelo
1559 1991 1678 2032 esse
1729 1975 1974 2028 conditos
2017 1981 2074 2028 et

499 2077 662 2132 terra,
713 2083 776 2122 ac
826 2083 952 2123 mox
1005 2067 1368 2123 conditionem
1397 2082 1588 2131 suam,
1647 2065 1805 2120 simul
1829 2075 1885 2119 et
1911 2065 2073 2118 totius

495 2171 760 2215 creaturae
787 2159 1170 2230 primordialis,
1221 2159 1290 2214 ad
1328 2159 1541 2214 laudem
1567 2157 1868 2212 conditoris
1921 2164 2070 2210 retu-

492 2248 622 2304 lisse
649 2257 876 2308 testatur
897 2250 1014 2319 ipse
1037 2249 1306 2314 conditor,
1324 2251 1416 2320 qui
1443 2249 1668 2320 loquens
1691 2247 1758 2303 ad
1775 2245 1876 2302 Ioh
1895 2247 2067 2302 dixit:

497 2339 596 2394 Ubi
633 2358 750 2396 erat
777 2342 989 2412 quando
1019 2341 1271 2410 ponebam
1325 2341 1669 2410 {traduntcum
1723 2350 1876 2394 terra:
1924 2337 2068 2410 (Job.

475 2447 730 2496 "xxxvm,
761 2432 847 2503 4');
877 2441 932 2486 et
951 2441 1080 2501 post
1105 2431 1264 2501 paulo
1294 2449 1306 2484 :
1339 2449 1458 2485 cum
1481 2448 1562 2485 me
1585 2431 1865 2485 laudarent
1891 2445 2069 2484 omam

493 2522 594 2592 ﬁlii
620 2523 718 2578 Dei
745 2523 933 2596 (Ibid,
959 2541 1009 2580 υ.
1041 2524 1116 2597 5).
1155 2525 1346 2580 ﬁerito
1382 2525 1565 2595 itaque
1593 2525 1788 2580 coelum
1817 2524 1938 2578 ceti
1961 2541 2070 2582 non

497 2616 660 2678 inane
688 2617 772 2672 νει
795 2634 1024 2674 νιιθυιιηι
1065 2631 1188 2676 esse”
1216 2620 1416 2676 factum
1444 2630 1779 2676 memoratur
1809 2639 1821 2675 ε
1854 2622 1948 2676 sed
1969 2637 2071 2677 nec

496 2711 736 2766 tenebris
755 2711 812 2766 in
833 2727 918 2778 eo,
947 2712 1031 2768 vel
1060 2713 1256 2784 abysso
1283 2714 1436 2770 locus
1458 2729 1737 2770 remanere
1760 2714 1902 2770 ullus
1941 2731 2068 2785 perc

499 2805 728 2870 hibetur,
760 2806 902 2875 quod
923 2806 1184 2863 Dominus
1213 2807 1352 2863 Deus
1377 2823 1588 2879 semper
1608 2809 1675 2863 ab
1698 2809 1815 2880 ipso
1845 2808 2068 2863 exordio

480 2896 783 2962 illuminat,
811 2899 945 2968 ipse,
973 2899 1064 2968 qui
1091 2899 1294 2955 est-lux
1321 2916 1448 2956 vera
1470 2941 1484 2966 ,
1536 2901 1819 2970 lucemque
1858 2889 2070 2953 habitat

499 2990 954 3057 iuaccessibilem;
985 2990 1142 3060 cujus
1165 2992 1476 3046 beatissima
1508 2993 1713 3047 visione
1739 3008 1864 3047 mox
1893 2991 2065 3046 creati

493 3081 550 3133 in
593 3080 747 3134 caelis
789 3082 1048 3137 malorum
1096 3083 1270 3152 angeli
1311 3083 1422 3152 jam
1450 3083 1653 3153 perfrui
1688 3091 1983 3154 eruperant,
2011 3083 2066 3137 in

497 3184 605 3236 que
635 3185 754 3223 mox
775 3170 1013 3237 perfecte
1041 3173 1222 3225 omnia
1269 3172 1528 3241 disposita
1581 3172 1822 3241 Spiritus
1851 3181 2070 3228 sanctus

492 3259 818 3325 illustrabat,
851 3278 955 3316 non
980 3273 1040 3317 ut
1069 3263 1122 3317 in
1153 3262 1500 3318 inferioribus
1529 3265 1595 3318 ad
1629 3264 1932 3333 perfectum
1977 3266 2071 3320 de—

498 3349 695 3407 ducere
723 3352 1050 3416 intendebat,
1088 3355 1227 3408 sicut
1261 3357 1519 3424 scriptum
1543 3365 1628 3410 est
1664 3374 1676 3408 :
1707 3354 1934 3425 Spiritus
1963 3355 2071 3410 Do—

493 3441 627 3496 mini
647 3442 910 3512 ferebatur
927 3461 1081 3514 super
1105 3462 1268 3515 aqua;
1299 3444 1454 3517 (Gen.
1488 3463 1538 3512 ι,
1569 3446 1624 3518 2)
1652 3463 1666 3513 ;
1698 3460 1796 3500 sua
1826 3446 2072 3501 videlicet

499 3533 721 3600 virtute,
751 3536 954 3592 habens
977 3538 1031 3592 in
1057 3539 1273 3608 prepria
1301 3547 1595 3609 potestate,
1629 3539 1794 3598 veluti
1821 3539 2067 3606 Creator,

495 3629 714 3700 quando
737 3643 830 3684 eas
855 3630 910 3683 in
935 3629 1110 3690 locum
1137 3641 1445 3686 secerneret
1470 3647 1636 3686 unum
1656 3673 1670 3696 ,
1711 3639 1770 3686 ut
1805 3638 1948 3685 terra
1977 3646 2070 3700 ap—

499 3727 736 3792 pareret.
779 3718 1083 3790 Superferrt'
1112 3721 1259 3776 enim
1283 3723 1501 3787 dicitur,
1542 3737 1647 3777 non
1678 3721 1944 3791 positione
1965 3721 2068 3776 loci

499 3813 594 3868 sed
614 3819 746 3873 nutu
767 3813 1074 3882 pracellore
1101 3813 1446 3883 disponendis
1467 3814 1734 3870 creaturis
1765 3827 1778 3867 :
1804 3814 1856 3868 in
1882 3813 2071 3868 simili-

499 3905 742 3963 tudinem
769 3903 972 3960 scilicet
994 3903 1157 3970 fabri,
1180 3903 1332 3973 eujus
1357 3905 1606 3960 voiuntas
1629 3903 1730 3966 his,
1757 3918 1878 3973 quae
1905 3902 2072 3956 fabri-

497 3997 852 4060 candat'sunt,
883 3995 1046 4051 rebus
1072 3996 1208 4051 solet
1230 3996 1542 4066 superferri.
1567 3995 1717 4050 'lliius
1737 4010 1952 4064 quoque
1980 4011 2075 4048 su—

499 4089 732 4161 perioris
760 4097 816 4145 et
847 4090 1133 4145 invisibilis
1171 4100 1438 4146 creaturae
1491 4099 1710 4146 sanctus
1757 4089 1986 4144 Basilius
2015 4090 2070 4144 in

493 4180 637 4236 libro
665 4181 1034 4238 Hexaemeron
1055 4183 1291 4237 secundo
1307 4183 1379 4236 ita
1403 4181 1504 4254 41
1519 4184 1560 4251 ι
1589 4181 1830 4236 meminit
1844 4181 2027 4238 dicens
2053 4200 2066 4236 :

503 4288 524 4321 ι
553 4270 897 4326 Arbitramur
933 4273 1078 4326 enim
1099 4313 1114 4338 ,
1159 4270 1205 4327 si
1236 4272 1334 4326 fuit
1364 4274 1640 4342 quidpiam
1669 4281 1811 4327 ante
1855 4273 2073 4328 institu-

491 4359 697 4413 tionem
721 4361 994 4416 sensibilis
1015 4361 1182 4430 hujus
1201 4371 1256 4416 et
1281 4361 1651 4430 corruptibilis
1689 4360 1898 4427 mundi,
1946 4377 2072 4431 pro-

493 4449 640 4506 fecto
667 4453 719 4505 in
749 4452 866 4505 luce
897 4452 1016 4506 fuit.
1061 4452 1248 4521 Neque
1278 4455 1421 4507 enim
1472 4455 1703 4524 dignitas
1752 4455 2062 4526 angelorum
2092 4433 2143 4498 D-

497 4557 598 4598 nec
616 4542 853 4596 omnium
871 4541 1174 4606 ctelestjum
1191 4544 1416 4609 militite,
1440 4544 1522 4598 vel
1551 4545 1678 4614 quid
1703 4555 1787 4601 est
1817 4549 2067 4602 nomina-

497 4641 609 4687 tum
641 4639 733 4686 aut
761 4631 1207 4712 incompeliabile,
1241 4642 1333 4688 aut
1373 4634 1551 4703 aliqua
1581 4636 1917 4693 rationabilis
1950 4639 2064 4693 vir—

497 4733 585 4781 tus
630 4725 716 4780 vel
745 4725 1078 4782 ministratur
1123 4727 1346 4796 spiritus
1383 4727 1578 4797 degere
1611 4737 1795 4797 posset
1832 4730 1885 4783 in
1915 4737 2066 4785 tene-

494 4816 612 4871 bris
635 4857 648 4880 ,
676 4816 773 4871 sed
800 4817 856 4871 in
884 4816 1004 4872 luce
1045 4825 1104 4873 et
1149 4817 1333 4873 laetitia
1359 4820 1641 4874 decentem
1671 4820 1771 4875 sibi
1820 4822 2064 4877 habitum

495 4907 806 4978 possidebat
829 4921 876 4963 ι.
910 4927 928 4963 ι
967 4909 1109 4966 Bene
1133 4925 1262 4981 ergo
1299 4913 1500 4967 dictum
1549 4921 1630 4968 est
1660 4931 1673 4966 :
1721 4913 1787 4968 In
1811 4915 2065 4985 principio

494 4995 638 5050 Deus
665 4996 786 5067 fecit
815 4998 998 5054 calum
1035 5009 1084 5054 et
1128 5011 1321 5055 terram
1352 5001 1504 5074 (Gen.
1539 5021 1590 5068 ι,
1633 5004 1708 5076 1).
1764 5005 1833 5060 Ut
1879 5013 2068 5075 aperte

493 5084 655 5140 detur
686 5087 908 5159 intelligi
929 5129 944 5156 ,
969 5091 1097 5159 quia
1135 5099 1426 5161 utrumque
1453 5093 1614 5147 simul
1661 5095 1730 5149 ab
1754 5109 1820 5150 eo
1863 5094 2068 5151 factum

494 5186 611 5242 est,
643 5181 892 5249 quamvis
917 5190 1207 5252 utrumque
1251 5183 1408 5238 simul
1451 5186 1518 5239 ab
1564 5186 1783 5242 homine
1809 5188 1915 5242 dici
1960 5203 2068 5254 non

494 5273 686 5343 possit.
733 5273 875 5328 Dicit
921 5276 1065 5330 enim
1115 5275 1610 5346 psalmographus:
1655 5277 1814 5332 Initio
1845 5289 1922 5342 tu,
1959 5279 2068 5334 Do-

497 5365 662 5428 mine,
699 5375 892 5420 termm
923 5365 1157 5436 fundasti
1204 5365 1388 5439 (Paul.
1441 5385 1524 5433 cr,
1572 5368 1698 5438 26).
1731 5369 1943 5440 Moyses
1976 5386 2070 5425 au-

493 5460 604 5510 tem
639 5473 653 5511 :
686 5455 750 5509 In
779 5458 1033 5527 principio
1067 5457 1187 5526 fecit
1231 5457 1373 5511 Deus
1398 5457 1603 5512 ctutum.
1659 5458 1810 5516 Unde
1865 5461 2068 5530 liquido

496 5545 793 5616 col.igitur,
839 5549 966 5617 quia
1016 5547 1226 5603 factura
1254 5551 1537 5618 utriusque
1590 5550 1796 5618 pariter
1853 5553 2064 5621 expleta

2090 3038 2139 3101 Ο

2171 1806 2278 1860 que
2315 1789 2540 1856 diﬂinio,
2566 1806 2690 1845 eum
2735 1792 2836 1844 sim
2859 1792 3165 1860 parvissimi
3219 1793 3472 1848 hamulus
3529 1794 3754 1864 ingenii,

2173 1883 2267 1938 sed
2301 1882 2523 1952 Spiritui
2546 1892 2733 1938 sancto
2757 1883 3022 1953 relinquo,
3049 1884 3200 1955 juxta
3235 1885 3364 1938 illud
3391 1904 3404 1939 :
3439 1884 3498 1940 Si
3518 1887 3651 1957 quid
3677 1904 3756 1942 re-

2173 1976 2383 2029 siduum
2411 1986 2506 2041 est,
2543 1978 2662 2047 igne
2705 1978 3016 2032 comburam
3052 1978 3248 2050 (Exod.
3291 1996 3390 2045 xu,
3427 1981 3543 2054 ιο).
3617 1982 3758 2038 Deus

2172 2083 2405 2138 namque
2435 2077 2519 2124 est
2555 2069 2696 2140 ignis
2721 2069 3079 2125 invisibiliset
3121 2070 3494 2141 incorporeus,
3533 2075 3628 2143 qui
3664 2090 3760 2130 no-

2171 2159 2257 2214 bis
2292 2159 2550 2214 omniain
2598 2159 2686 2214 illa
2731 2160 2850 2215 luce
2879 2176 3025 2216 verae
3059 2162 3298 2216 scientiae
3333 2163 3604 2218 revelabit
3640 2164 3759 2218 abs-

2173 2251 2411 2305 condita.
2472 2249 2586 2306 Non
2623 2251 2794 2307 solum
2823 2260 3004 2307 autem
3049 2253 3114 2308 de
3149 2265 3524 2309 creaturarum
3554 2256 3755 2320 causis,

2170 2342 2262 2397 sed
2285 2343 2446 2397 etiam
2473 2342 2637 2414 (quod
2661 2346 3004 2414 prastantius
3025 2347 3132 2416 est)
3153 2347 3218 2402 de
3237 2349 3356 2416 ipso
3371 2357 3630 2404 creatore
3653 2349 3760 2404 illic

2171 2434 2324 2490 nobis
2359 2435 2534 2505 palam
2579 2425 3004 2492 annimtiabitur.
3077 2436 3335 2494 Conditor
3369 2439 3517 2494 enim
3548 2450 3755 2506 noster,

2169 2541 2292 2580 cum
2319 2527 2428 2596 jam
2461 2527 2615 2582 nobis
2648 2543 2745 2598 per
2765 2529 3002 2598 speciem
3035 2523 3374 2596 ostendetur,
3413 2541 3548 2586 tunc
3573 2531 3758 2587 docto-

2171 2632 2292 2671 rum
2347 2619 2512 2672 verba
2548 2618 2956 2674 subtrahentur.
3019 2619 3138 2690 Ipsa
3190 2620 3520 2676 viviﬁcatr‘rx
3561 2622 3756 2686 virtus,

2169 2725 2290 2780 qum
2320 2712 2541 2781 spiritus
2567 2713 2766 2768 format
2786 2714 3119 2784 angelorum,
3157 2714 3428 2784 quomodo
3451 2715 3600 2776 Deus
3625 2731 3757 2784 pne-

2170 2803 2242 2858 sit
2271 2803 2456 2859 electis
2489 2805 2801 2875 spiritibus,
2836 2807 3149 2862 insinuabit.
3215 2805 3502 2874 Quomodo
3553 2806 3756 2876 aliquid

2169 2911 2270 2951 nos
2291 2899 2490 2967 poterit
2511 2898 2698 2963 latere,
2748 2914 2870 2954 cum
2909 2897 3246 2954 Deus'causa
3277 2913 3592 2964 causarum,
3647 2899 3755 2952 vita

2170 2988 2484 3053 viventium,
2531 2999 2586 3045 et
2611 2991 2749 3045 ratio
2781 2990 3177 3045 rationabilium
3209 2993 3564 3060 semetipsum
3601 2991 3757 3046 nobis

2176 3081 2320 3136 clara
2348 3080 2554 3136 visione
2583 3079 2968 3145 manifestabit,
2992 3082 3102 3151 jam
3128 3081 3343 3150 penitus
3367 3083 3583 3136 detersa
3615 3097 3760 3135 meu-

2178 3173 2246 3226 tis
2279 3180 2478 3226 nostra:
2513 3172 2775 3243 caligine?
2821 3172 2935 3226 Hoc
2966 3157 3151 3226 autem
3207 3181 3292 3227 est
3341 3174 3484 3242 quod
3541 3174 3754 3227 Veritas

2177 3263 2335 3318 dicit:
2391 3261 2536 3317 Venit
2558 3264 2709 3328 hora,
2750 3279 2867 3316 cum
2887 3265 3002 3333 jam
3031 3281 3133 3318 non
3167 3264 3222 3318 in
3259 3264 3538 3334 proverbiis
3562 3265 3758 3330 loquar

2175 3355 2336 3420 vobis,
2381 3359 2470 3409 sed
2511 3353 2688 3426 palam
2738 3354 3066 3409 annuntinbit
3102 3345 3242 3410 nobis
3271 3354 3440 3426 (Iona.
3470 3371 3558 3409 xw
3582 3397 3597 3420 ,
3633 3355 3754 3426 25).

2174 3445 2359 3500 Palam
2398 3448 2592 3517 quippe
2623 3446 2690 3500 de
2722 3445 2884 3501 Patre
2927 3462 2987 3500 se
3022 3447 3338 3502 annuntiare
3383 3447 3604 3511 asserit,
3659 3448 3754 3517 qui

2173 3550 2274 3604 per
2297 3535 2622 3606 patefactam
2649 3552 2762 3591 sua:
2791 3534 3088 3604 majestatis
3109 3538 3366 3607 speciem,
3403 3547 3460 3591 et
3481 3539 3754 3607 quantulo

2173 3628 2288 3698 ipse
2317 3629 2550 3700 gignenti
2579 3629 2755 3698 impar
2782 3645 2888 3683 non
2919 3628 3008 3693 sit,
3035 3638 3088 3684 et
3109 3629 3377 3698 quomodo
3399 3638 3754 3698 utrorunique

2172 3721 2392 3789 spiritus
2417 3721 2628 3789 utrique
2650 3729 2946 3776 coaeternus
2959 3723 3234 3790 procedat,
3259 3722 3515 3776 ostendit.
3552 3721 3752 3791 Aperte

2173 3792 2405 3880 namque
2429 3820 2556 3866 tunc
2579 3812 2896 3876 videbimus,
2922 3812 3188 3882 quomodo
3215 3813 3336 3879 hoc,
3360 3813 3507 3882 quod
3530 3813 3751 3868 oriende

2171 3911 2272 3968 est,
2298 3903 2367 3968 ei,
2405 3902 2472 3958 de
2493 3919 2600 3973 quo
2622 3904 2814 3969 oritur,
2845 3906 3178 3973 subsequens
3207 3921 3312 3960 non
3342 3916 3453 3970 est;
3483 3907 3751 3975 quomodo

2173 3994 2240 4059 is,
2290 3995 2380 4063 qui
2413 4010 2506 4064 per
2541 3996 2940 4064 processionem
2983 3994 3316 4065 producitur,
3365 4011 3396 4050 a
3429 3995 3750 4065 proferenti-

2172 4084 2272 4139 bus
2293 4100 2397 4139 non
2430 4086 2672 4155 praeitur.
2746 4084 2945 4156 Aperte
2971 4095 3098 4140 tunc
3122 4086 3445 4149 videbimus,
3483 4087 3746 4154 quomodo

2171 4182 2227 4228 et
2261 4190 2426 4228 unum
2451 4175 2792 4231 divisibiliter
2838 4177 2944 4230 tria
2971 4177 3098 4241 sint,
3134 4184 3188 4231 et
3219 4175 3622 4233 indivisibiiiter
3651 4177 3747 4230 tn'a

2171 4281 2358 4320 unum.
2421 4267 2623 4338 Lingua
2667 4278 2794 4324 tunc
2823 4269 3094 4324 narrantis
3137 4269 3234 4324 Dei
3291 4278 3396 4334 est,
3445 4270 3562 4324 visa
3593 4270 3749 4324 clari-

2173 4366 2258 4413 tas
2316 4360 2664 4414 sublevantis.
2721 4360 2872 4416 Unde
2903 4377 3018 4427 eos,
3066 4362 3158 4430 qui
3210 4362 3377 4416 Deum
3435 4361 3641 4425 dicunt,
3691 4362 3742 4415 in

2171 4450 2261 4504 illa
2292 4466 2504 4519 quoque
2529 4451 2870 4506 beatitudinis
2915 4453 3132 4522 regione
3167 4453 3224 4507 in
3251 4453 3498 4507 claritate
3526 4453 3740 4523 quidem

2172 4557 2269 4596 sua
2320 4543 2580 4611 conslriei,
2631 4543 2726 4597 sed
2772 4542 2826 4598 in
2853 4554 3045 4598 natura
3097 4545 3318 4609 minime
3345 4546 3519 4600 videri
3561 4561 3736 4615 posse,

2173 4631 2350 4686 minor
2393 4633 2754 4702 inquisitionis
2795 4634 3063 4690 subtilitas
3087 4634 3294 4692 fefellit.
3353 4635 3448 4692 [sti
3483 4637 3620 4691 tales
3649 4651 3744 4690 nec

2173 4725 2394 4795 angelus
2415 4725 2761 4794 suspicantur
2799 4727 2984 4781 videre
3017 4727 3204 4782 Deum.
3275 4728 3461 4797 Neque
3496 4728 3640 4782 enim
3672 4727 3743 4781 iiIi

2171 4815 2403 4885 simpiiei
2435 4824 2492 4870 et
2519 4815 2942 4871 inetnnmutabili
2983 4819 3235 4873 essentia;
3267 4819 3410 4873 aliud
3461 4828 3546 4874 est
3589 4819 3747 4874 clari.

2171 4915 2274 4972 tas,
2332 4907 2478 4961 aliud
2499 4916 2710 4974 natura,
2749 4909 2844 4963 sed
2867 4909 2980 4979 ipsa
3011 4921 3202 4967 natura
3229 4927 3325 4966 sua
3349 4912 3591 4974 claritas,
3633 4913 3744 4981 ipsa

2169 4998 2390 5054 claritas
2412 5009 2602 5056 natura
2621 4995 2725 5066 est,
2759 5002 2898 5056 sicut
2923 5003 3136 5058 Veritas
3179 5003 3444 5073 pronrittit
3472 5021 3484 5056 :
3521 5003 3744 5071 Manife-

2169 5091 2317 5146 stabo
2338 5108 2418 5145 me
2440 5089 2516 5145 illi
2549 5091 2727 5161 (locu.
2757 5107 2868 5156 ιιν,
2908 5092 3020 5178 29.
3085 5093 3164 5148 Ac
3189 5094 3235 5148 si
3269 5103 3523 5164 pateter
3561 5094 3738 5148 dicat:

2170 5183 2272 5250 Qui
2303 5183 2357 5237 in
2389 5191 2571 5237 vestra
2603 5198 2691 5238 me
2713 5184 2954 5250 cernitis,
3003 5193 3171 5241 restat
3191 5194 3250 5240 ut
3291 5187 3350 5239 in
3385 5200 3507 5240 mea
3541 5200 3626 5240 me
3651 5200 3744 5240 na—

2171 5284 2292 5330 tura
2320 5275 2566 5329 videatis.

2201 5415 2208 5422 ,
2243 5363 2377 5418 XLI.
2420 5365 2561 5432 Ergo
2587 5380 2710 5418 cum
2735 5364 2803 5418 ad
2825 5365 3000 5434 ipsum
3025 5364 3226 5420 fontem
3258 5366 3382 5422 vitae
3417 5366 3737 5429 venerim

2169 5457 2275 5510 erit
2290 5457 2443 5511 nobis
2467 5455 2855 5512 delectabiliter
2884 5457 3142 5527 impressa
3163 5457 3284 5514 sitis
3307 5470 3470 5529 atque
3489 5459 3738 5514 satietas:

2171 5551 2264 5605 sed
2317 5549 2470 5620 longe
2513 5550 2666 5604 abest
2728 5567 2760 5625 a_
2785 5552 2873 5606 siti
2909 5553 3218 5622 necessitas,
3257 5553 3414 5626 longe
3447 5570 3478 5610 a
3500 5553 3742 5610 satietate

567 5674 590 5705 υ
618 5663 864 5735 Basilius,
889 5665 1051 5722 IHorn.
1080 5666 1116 5720 2
1144 5666 1197 5722 in
1223 5663 1612 5733 Hexaemeron,
1641 5665 1934 5740 paulopost
1958 5651 2207 5723 medium.
2244 5667 2395 5722 Tom.
2439 5665 2666 5736 l0per.,
2703 5683 2826 5740 pag.
2856 5669 2922 5722 t7
