4038 6354
556 276 693 341 4087

1382 279 1442 339 B.
1484 282 1546 340 ιη’.
1586 259 1811 341 Anum
1850 278 1981 341 seu
2021 280 2297 339 ALCUINI
2333 282 2620 342 OPERUM
2655 281 2835 343 rans
2875 286 3009 345 vni.

3677 288 3818 349 I088

557 396 893 453 terminetur.
961 396 1067 453 Sed
1095 398 1215 467 quis
1245 412 1364 470 ego,
1407 399 1493 454 vel
1515 409 1766 469 quantus,
1824 408 1882 454 ut
1910 404 1977 454 de
2017 406 2125 450 tam
2154 398 2203 457 Δ
2229 397 2490 463 cationes,
2544 406 2800 469 tanquam
2826 400 2892 455 de
2918 399 3132 455 sublimi
3182 400 3376 468 altare,
3418 400 3618 458 divina
3640 404 3818 474 maje-

560 492 705 556 miri,
760 491 1146 561 ineﬁ‘abilisqne
1204 495 1441 563 mysterii
1497 493 1863 564 profunditate
1915 494 2124 564 loquar.

560 582 774 638 anﬁcit
820 584 962 637 enim
1002 583 1156 649 mihi,
1214 584 1258 638 si
1291 584 1471 651 ﬁdem,
1536 601 1695 655 quam
1729 586 1892 642 corde
1946 594 2125 650 teneo,

562 673 731 730 rerbis
771 672 1109 742 aliquatenus
1145 673 1448 742 exprimere
1481 675 1652 740 valeo,
1686 684 1745 729 ut
1771 676 1883 744 ipsa
1920 674 2131 730 confes-

550 762 633 816 sio
660 764 853 817 animae
882 778 1015 818 meaa
1042 762 1325 832 proveniat
1373 765 1438 821 ad
1463 764 1711 819 salutem.
1774 765 1943 836 Magis
1968 781 2133 821 vene—

546 853 773 907 randum
799 861 883 908 est
906 860 957 910 et
970 854 1298 923 pavendum,
1321 870 1482 924 quam
1506 857 1923 911 discutiendum.
1961 856 2130 913 Nemo

547 955 699 1000 certe
746 947 1208 1016 comprehendere
1259 947 1475 1011 sufﬁcit,
1513 965 1671 1005 nemo
1697 949 1821 1004 inde
1846 950 2003 1022 digne
2032 950 2130 1006 ali-

544 1037 675 1104 quid
723 1036 978 1107 loquitur.
1050 1038 1184 1095 Fide
1235 1040 1555 1110 capiendum
1606 1051 1709 1109 est,
1764 1057 1871 1097 non
1913 1044 2125 1100 ratione

545 1128 912 1198 quaerendum,
952 1138 1045 1186 aut
1070 1131 1471 1187 inveniendum.
1536 1133 1734 1190 Beatus
1763 1144 1941 1191 tamen
1989 1136 2124 1192 Gre-

544 1218 749 1289 gorius,
767 1220 991 1277 idoneus
1014 1223 1147 1278 tanti
1165 1226 1489 1280 sacramenti
1511 1226 1796 1297 interpres,
1822 1227 1875 1281 in
1897 1230 2128 1297 quodam

545 1296 664 1363 loco
687 1309 888 1379 aliquid
918 1312 983 1367 de
1004 1312 1113 1377 illo,
1133 1322 1389 1385 tanquam
1414 1317 1481 1373 de
1506 1331 1566 1371 re
1588 1296 1865 1385 ineﬁ‘abili,
1884 1296 2022 1389 plene
2045 1320 2130 1374 in-

545 1398 1140 1473 eﬂ'abiliter'loquitur:
1197 1424 1215 1456 ι
1258 1405 1390 1473 Quis
1439 1407 1582 1461 enim
1615 1406 1873 1474 ﬁdelium,
1932 1410 2127 1478 inquit,

550 1488 755 1545 habere
780 1490 999 1546 dubium
1024 1494 1214 1563 possit,
1248 1496 1302 1550 in
1333 1496 1448 1567 ipsa
1484 1497 1866 1553 immolationis
1899 1500 2032 1554 hora
2060 1500 2129 1555 ad

545 1578 841 1634 sacerdotis
893 1592 1078 1636 vocem
1119 1582 1284 1638 cmlos
1318 1585 1538 1655 aperiri,
1562 1585 1616 1640 in
1650 1587 1739 1644 illo
1773 1586 1900 1643 Jesn
1927 1588 2130 1644 Christi

2228 488 2384 542 statis
2434 491 2809 559 conspectibus
2852 490 3134 547 oil‘eratur.
3177 491 3234 547 Si
3261 494 3407 548 enim
3462 503 3548 549 est
3572 494 3629 550 in
3655 496 3818 553 domo

2228 579 2316 633 illa
2348 583 2686 650 sempiterna:
2714 584 3039 638 sacriﬁcium
3068 584 3256 655 laudis
3294 590 3350 639 et
3385 589 3643 642 sacerdos
3679 601 3821 643 sem-

2229 672 2496 743 piternus,
2545 682 2632 728 est
2653 682 2709 727 et
2735 674 2989 729 sacerdos
3015 674 3397 746 sempiternus,
3441 687 3528 731 est
3557 686 3614 732 et
3646 678 3823 736 altare

2229 766 2614 835 sempiternum
2658 765 2724 819 'in
2760 765 2933 830 caelis,
2967 781 3075 821 non
3113 782 3463 837 corporeum,
3512 770 3611 824 sed
3658 771 3808 826 ratio

2228 856 2350 912 nale
2399 866 2455 912 et
2527 857 2884 929 intelligibile,
2910 859 2991 913 ’ad
3015 860 3160 929 quod
3180 861 3382 916 oblatio
3412 862 3516 917 ista
3556 862 3822 917 defertur.

2230 948 2384 1005 Unde
2416 951 2470 1005 in
2494 951 2609 1021 ipsa
2652 952 3035 1008 immolationis
3063 956 3197 1010 hora
3220 972 3341 1010 cum
3366 957 3682 1013 astantibus
3724 958 3827 1013 sibi

2229 1045 2492 1100 ministris
2510 1046 2820 1102 cmleslibus
2832 1045 3102 1113 Christus,
3133 1057 3193 1104 ut
3216 1052 3494 1121 proposita
3508 1060 3828 1117 consecret,

2230 1133 2390 1206 513
2420 1137 2609 1191 adesse
2633 1137 2931 1194 credendus
2958 1147 3062 1194 est.
3130 1141 3206 1196 De
3254 1157 3360 1211 qua
3390 1158 3449 1197 re
3492 1142 3665 1198 Pater
3694 1143 3829 1199 Am-

2230 1227 2442 1282 brosius
2472 1243 2488 1281 :
2528 1247 2547 1280 t
2582 1228 2701 1285 Non
2724 1230 2959 1296 dubites,
3011 1233 3204 1302 inquit,
3253 1235 3515 1289 assistere
3539 1236 3823 1307 angelum,

2234 1320 2447 1387 quando
2487 1318 2737 1376 Christus
2780 1323 3025 1388 assistit,
3064 1323 3311 1379 Christus
3366 1326 3690 1380 immolatur
3716 1327 3771 1379 δ.
3804 1346 3824 1379 ι

2239 1411 2362 1468 Haec
2398 1422 2481 1469 est
2507 1414 2650 1468 enim
2697 1431 2826 1471 vera
2870 1415 3089 1483 oblatio,
3146 1417 3200 1472 in
3239 1434 3342 1488 qua
3372 1418 3546 1475 Filius
3579 1419 3830 1485 oﬁ'ertur,

2238 1502 2397 1559 Pater
2419 1506 2815 1562 reconciliatur.
2867 1508 2993 1565 Haec
3033 1519 3117 1565 est
3158 1526 3288 1566 vera
3312 1520 3367 1567 et
3396 1521 3607 1568 aeterna
3628 1513 3829 1580 bosﬁa,

2236 1596 2362 1666 quia
2380 1611 2504 1651 vera
2532 1605 2586 1653 et
2612 1607 2814 1655 aeterna
2842 1600 2892 1653 ei
2921 1611 3005 1656 est
3041 1603 3234 1667 virtus,
3262 1620 3391 1659 vera
3419 1613 3479 1659 et
3502 1615 3715 1660 aeterna
3738 1620 3831 1677 per

550 1668 807 1738 mysterio
835 1670 1144 1741 angelorum
1180 1672 1374 1729 choros
1399 1675 1607 1741 adesse.
1643 1693 1852 1733 summa
1884 1679 2008 1733 imis
2045 1695 2132 1735 so-
2157 1763 2195 1769 _
2232 1703 2347 1743 eam
2363 1690 2637 1759 perﬁcitur
2659 1693 2822 1747 salus.
2872 1692 2999 1750 Haec
3014 1703 3098 1749 est
3122 1696 3377 1753 salutaris
3397 1698 3649 1763 victima,
3674 1698 3828 1769 plena

546 1758 703 1823 ciari,
722 1767 920 1815 terram
941 1762 1252 1819 cmlestibus
1271 1763 1446 1837 jungi,
1468 1783 1633 1822 unum
1661 1769 1788 1839 quid
1815 1785 1879 1825 ex
1902 1771 2127 1826 visibili—
2157 1763 2204 1824 Β
2233 1758 2477 1847 rationis,
2507 1782 2663 1851 plena
2684 1785 2948 1855 mysterii,
2998 1802 3119 1856 qua:
3143 1788 3409 1859 spirituali
3444 1758 3819 1846 ratione-cele-

518 1850 650 1906 bus
674 1860 836 1922 atque
868 1854 1228 1910 invisibilibns
1262 1856 1378 1913 ﬁeri
1404 1869 1429 1899 ι
1456 1859 1479 1913 ?
1510 1879 1529 1912 ι
1594 1858 1736 1931 Ergo
1768 1860 1894 1917 licet
1926 1863 1994 1918 ab
2023 1864 2124 1918 ho-

548 1941 693 2015 mine
736 1942 1019 2012 olleratur,
1068 1962 1224 2002 amen
1261 1957 1659 2007 sacramentum
1708 1953 1810 2009 hoc
1835 1969 1923 2010 res
1946 1954 2127 2011 divina

544 2038 647 2086 est.
676 2032 741 2087 Et
763 2035 819 2104 si,
833 2051 922 2091 res
937 2037 1117 2093 divina
1144 2048 1249 2106 est,
1281 2041 1390 2096 imo
1410 2042 1535 2112 quia
1566 2043 1640 2098 ita
1664 2055 1767 2111 est,
1784 2048 1924 2102 absit
1945 2056 2005 2102 ut
2029 2048 2129 2102 ali-

551 2123 681 2192 quid
708 2124 785 2181 ibi
822 2126 1000 2194 aliter,
1027 2130 1129 2185 nisi
1172 2131 1352 2187 divine
1388 2143 1443 2189 et
1475 2136 1828 2205 spiritualiter
1863 2141 2129 2212 intelliga-

549 2222 654 2269 tur.
708 2216 833 2273 Ideo
877 2223 1126 2289 quamvis
1182 2225 1457 2293 corporeis
1506 2229 1676 2283 oculis
1727 2230 1799 2285 ibi
1836 2232 1904 2286 ad
1960 2232 2130 2289 altare

548 2304 761 2361 Domini
787 2309 996 2366 videam
1020 2315 1376 2381 sacerdotem,
1401 2332 1595 2386 panem
1616 2328 1672 2373 et
1698 2321 1878 2375 vinum
1901 2322 2131 2378 offeren-

550 2405 679 2463 tem,
709 2405 885 2455 tamen
917 2403 1111 2459 intuitu
1138 2404 1279 2470 ﬁdei,
1307 2414 1362 2463 et
1383 2423 1519 2478 puro
1542 2410 1744 2466 lumine
1768 2413 1945 2467 cordis
1971 2414 2132 2484 inspi-

547 2491 633 2546 cio
657 2491 803 2547 illum
828 2509 1096 2552 summum
1122 2501 1790 2574 sacerdotem,verumque
1822 2504 2128 2575 pontiﬁcem

551 2580 835 2638 Dominum
867 2582 1049 2641 Jesum
1077 2587 1372 2655 Christum,
1411 2591 1727 2649 offerentem
1755 2596 2013 2666 seipsum,
2067 2597 2133 2651 de

546 2670 701 2741 cujus
735 2688 899 2730 carne
948 2685 1005 2732 et
1034 2674 1296 2752 sanguine
1329 2691 1384 2738 et
1426 2684 1719 2753 pascimnr,
1775 2694 1832 2740 et
1856 2694 2129 2756 potamur,

546 2771 708 2835 atque
730 2766 901 2823 abluti
921 2777 976 2823 et
1001 2772 1205 2839 satiati,
1226 2784 1282 2829 et
1313 2776 1663 2844 sanctiﬁcati,
1691 2778 1854 2835 unius
1882 2795 2134 2836 summa:-

546 2868 652 2923 que
699 2857 996 2915 divinitatis
1021 2866 1313 2936 participes
1342 2865 1633 2923 efﬁcimur.

618 2945 682 3000 Il.
720 2948 839 3017 Ipse
887 2960 975 3006 est
1019 2962 1170 3009 certe
1216 2958 1491 3025 sacerdos,
1541 2959 1658 3029 ipse
1701 2962 2047 3026 sacriﬁcium,
2080 2971 2134 3017 et

548 3034 753 3092 idcirco
782 3040 897 3095 huic
941 3042 1199 3099 salutaris
1231 3046 1450 3102 victima
1488 3066 1763 3122 nunquam
1781 3062 1835 3109 et
1865 3070 2129 3124 nusquam

550 3126 812 3183 minuitur
859 3132 941 3186 vel
994 3143 1259 3205 augetur,
1322 3121 1681 3198 deterioratur
1730 3145 1814 3201 vel
1865 3121 2204 3215 mutatur,c

550 3217 664 3273 sive
689 3217 889 3287 justus,
932 3225 1046 3279 sive
1069 3228 1393 3286 criminosus
1422 3235 1677 3290 sacerdos
1711 3235 1843 3292 foris
1866 3239 1933 3293 ad
1960 3239 2130 3295 altare

536 3308 798 3376 accedat,
849 3313 941 3368 sed
1000 3331 1216 3387 semper
1245 3328 1301 3374 et
1348 3323 1545 3393 ubique
1590 3339 1987 3386 sacramentum
2028 3331 2131 3389 hoc

549 3398 692 3456 idem
721 3402 969 3475 idemque
1000 3418 1198 3466 manet.
1238 3411 1441 3470 Christi
1469 3417 1614 3472 enim
1641 3420 1843 3475 virtute
1869 3432 1924 3477 et
1949 3425 2131 3481 verbis

547 3493 703 3563 panis
729 3493 816 3550 ille
840 3504 894 3551 et
938 3498 1075 3553 calix
1105 3500 1176 3557 ab
1213 3502 1366 3558 initio
1384 3518 1735 3564 consecratus
1782 3519 1883 3565 est.
1925 3512 2129 3570 Christi

547 3586 750 3641 virtute
785 3595 841 3642 et
869 3589 1047 3647 verbis
1068 3602 1418 3649 consecratur
1463 3612 1698 3669 semper,
1758 3610 1813 3655 et
1842 3617 2132 3660 consecra-

547 3678 713 3733 bitur.
754 3677 871 3750 Ipse
929 3681 984 3735 in
1016 3682 1129 3738 suis
1181 3686 1551 3743 sacerdotibus
1578 3691 1817 3759 quotidie
1868 3692 2128 3763 loquitur.

548 3768 694 3825 Illius
719 3787 898 3830 sermo
926 3785 1029 3841 est,
1055 3776 1145 3846 qui
1165 3778 1404 3835 caelestia
1423 3792 1760 3839 sacramenta
1802 3788 2128 3846 sanctiﬁcat.

551 3856 903 3920 Sacerdotes
931 3863 1225 3939 funguntur
1268 3870 1464 3937 ofﬁcio,
1527 3874 1621 3930 sed
1657 3875 1905 3935 Christus
1965 3880 2133 3951 maje-

549 3962 689 4010 state
719 3956 915 4013 divinae
942 3962 1227 4028 potestatis
1257 3972 1528 4033 operatur.
1611 3967 1728 4037 Ipse
1754 3978 1839 4025 est
1862 3972 2005 4027 enim
2043 3973 2133 4030 ille

549 4061 713 4104 verus
739 4048 1153 4120 Melchisedech,
1192 4056 1285 4125 qui
1330 4066 1513 4113 sancta
1549 4060 1816 4117 sacriﬁcia
1842 4104 1857 4129 ,
1892 4079 2011 4134 qua:
2042 4067 2131 4124 ille

550 4142 605 4196 in
644 4144 899 4215 mysterio
954 4154 1081 4202 tunc
1121 4149 1501 4221 praeﬁguravit,
1556 4169 1655 4222 per
1691 4156 2020 4213 oblationem
2043 4160 2128 4217 sui

550 4237 796 4305 corporis
830 4240 1021 4310 suique
1048 4244 1325 4313 sanguinis
1376 4246 1651 4316 adimplet,
1704 4258 1760 4305 et
1804 4266 2016 4323 semper
2062 4255 2132 4312 ab

551 4324 669 4392 ipso
692 4327 864 4395 initio,
910 4347 1020 4401 quo
1064 4333 1330 4402 instituit;
1364 4338 1694 4409 adimplevit.
1768 4343 1886 4416 Ipse
1916 4362 1981 4402 ea
2004 4346 2131 4419 Spi-

551 4417 688 4473 ritus
712 4422 973 4489 paracleti
1016 4426 1232 4490 virtute,
1265 4436 1319 4482 et
1344 4429 1550 4487 caelesti
1578 4433 1956 4493 benedictione
2006 4417 2132 4496 san-

550 4518 697 4565 ctum
723 4526 919 4583 corpus
961 4523 1016 4570 et
1054 4518 1370 4589 sanguinem
1410 4537 1567 4579 suum
1601 4540 1723 4582 esse
1768 4529 1999 4598 perﬁcit.
2070 4530 2128 4586 In
2156 4506 2206 4567 θ

552 4598 654 4654 hac
675 4601 839 4672 igitur
860 4616 1204 4664 sacrosancta
1258 4610 1529 4669 oblatione
1553 4618 1803 4687 corporis
1837 4630 1892 4674 et
1914 4623 2130 4693 sangui-

552 4694 635 4750 nis
684 4695 968 4767 Dominici,
1016 4706 1317 4761 communis
1362 4708 1593 4765 servitus
1650 4711 1944 4769 exhibetur
1994 4716 2127 4783 Deo,

552 4794 662 4843 tam
687 4804 717 4844 a
756 4795 1147 4862 sacerdotibus,
1192 4814 1352 4869 quam
1391 4816 1421 4854 a
1452 4811 1644 4859 cuncta
1696 4802 1901 4861 familia
1938 4806 2130 4865 domus

551 4878 667 4934 Dei.
741 4881 866 4938 Haec
924 4894 1102 4941 autem
1144 4898 1228 4943 est
1262 4891 1494 4948 servitus
1528 4892 1646 4960 Dei,
1691 4910 1811 4965 qua:
1840 4898 1972 4953 nulli
2034 4899 2128 4955 alii

551 4972 796 5041 debetur,
830 4992 928 5032 nec
966 4982 1166 5035 sanctis
1206 4984 1427 5054 angelis,
1456 5001 1555 5042 nec
1590 4988 1792 5044 sanctis
1822 4989 2124 5059 animabus,

551 5064 655 5119 nisi
685 5067 777 5121 uni
826 5068 934 5124 Deo
983 5072 1105 5127 vivo
1131 5080 1188 5127 et
1209 5089 1357 5130 vero.
1422 5075 1574 5132 Unde
1621 5080 1708 5135 isti
1734 5080 1790 5135 in
1818 5079 2130 5138 ccelestibus

551 5156 771 5213 sedibus
811 5162 1110 5229 constituti,
1173 5165 1363 5221 nolunt
1397 5182 1495 5222 nos
1523 5169 1623 5224 sibi
1661 5171 1991 5240 sacriﬁcare,
2032 5172 2128 5229 sed

556 5245 664 5301 Deo
708 5249 832 5317 soli,
881 5251 1032 5322 cujus
1067 5263 1123 5310 et
1142 5255 1244 5325 ipsi
1271 5265 1327 5311 et
1350 5274 1448 5314 nos
1476 5274 1663 5317 sumus
1683 5274 1952 5319 creatura.
1990 5264 2126 5321 Cum

552 5339 687 5409 ipsis
712 5344 858 5398 enim
887 5360 1072 5401 sumus
1084 5362 1188 5401 una
1214 5348 1405 5405 civitas
1418 5350 1531 5416 Dei,
1564 5351 1718 5421 cujus
1738 5369 1864 5424 pars
1896 5356 1949 5411 in
1970 5356 2128 5413 nobis

553 5434 950 5504 peregrinatur,
979 5452 1106 5506 pars
1128 5440 1183 5493 in
1211 5440 1319 5495 illis
1346 5443 1661 5513 opitulatur.
1724 5445 1875 5503 Hanc
1895 5459 2128 5519 partem,

554 5537 816 5593 supernos
851 5527 1101 5583 videlicet
1145 5530 1328 5596 cives,
1398 5534 1523 5589 huic
1570 5536 1829 5593 interesse
1874 5542 2131 5611 mysterio

558 5629 663 5669 non
719 5618 926 5685 dubito,
964 5629 1024 5674 ut
1068 5637 1166 5693 per
1202 5625 1442 5697 angelica
1488 5627 1789 5686 ministeria
1833 5639 1889 5687 et
1929 5636 2131 5705 suppli-

626 5739 656 5777 ο
693 5727 856 5803 Greg.
887 5731 1010 5792 libr.
1042 5753 1097 5793 iv
1120 5738 1348 5813 Dialog.,
1372 5755 1492 5814 cap.
1518 5741 1606 5799 58.

2229 1872 2431 1937 bratur,
2460 1872 2580 1928 ﬁdei
2611 1874 2846 1944 puritate
2869 1877 3173 1933 exhibetur.
3231 1879 3301 1935 Ut
3321 1881 3470 1935 enim
3496 1882 3669 1937 corda
3695 1880 3820 1938 ﬁde-

2226 1960 2355 2016 lium
2379 1963 2570 2018 ﬁerent
2590 1965 2849 2033 coelestia,
2893 1969 3202 2025 rationabili
3233 1970 3512 2028 oblatione
3569 1973 3817 2031 mundarl

2229 2057 2549 2113 debuerunt.

2296 2149 2379 2203 Ill.
2429 2148 2532 2204 Per
2567 2150 2671 2206 hoc
2695 2167 2927 2224 namque
2959 2155 3279 2225 mysterium
3319 2154 3546 2211 Christo
3593 2155 3822 2228 partici-

2228 2253 2451 2312 pantes,
2480 2259 2645 2298 unum
2675 2259 2865 2300 omnes
2888 2261 3076 2301 sumus
3104 2246 3158 2300 in
3198 2247 3320 2312 illo;
3355 2264 3463 2302 non
3502 2256 3592 2303 est
3618 2264 3827 2305 mascu-

2229 2333 2313 2390 lus
2343 2350 2518 2405 neque
2547 2333 2770 2401 femina,
2796 2351 2903 2391 non
2931 2353 3121 2393 servus
3141 2354 3319 2409 neque
3340 2339 3501 2394 liber.
3531 2339 3691 2395 Hanc
3714 2342 3827 2395 uni.

2230 2433 2395 2480 tatem
2428 2426 2483 2479 in
2515 2426 3006 2482 communicatione
3036 2428 3197 2498 hujus
3226 2432 3556 2485 sacramenti
3598 2432 3829 2488 maxime

2230 2515 2547 2585 accipimus,
2580 2516 2835 2586 quoniam
2863 2534 3004 2572 unus
3029 2520 3208 2589 panis,
3244 2537 3411 2576 unum
3438 2537 3648 2593 corpus
3676 2524 3826 2579 multi

2232 2623 2439 2671 sumus,
2468 2621 2765 2679 omnesque
2802 2608 2868 2663 de
2897 2624 3006 2662 uno
3034 2624 3173 2679 pane
3201 2611 3623 2680 participamus.
3660 2613 3825 2668 Tanta

2231 2698 2374 2752 enim
2401 2706 2485 2752 est
2513 2697 2771 2754 Ecclesia:
2795 2699 2850 2753 in
2878 2698 3097 2755 Christo
3120 2700 3323 2767 unitas,
3346 2692 3413 2756 ut
3429 2704 3708 2772 quomodo
3726 2719 3824 2758 una

2235 2788 2388 2853 ﬁdes,
2413 2795 2468 2842 et
2494 2803 2660 2843 unum
2682 2788 2983 2859 baptisma,
3016 2798 3071 2845 et
3106 2807 3273 2845 unum
3315 2791 3516 2855 altare,
3564 2794 3645 2848 ita
3693 2810 3824 2849 unus

2232 2879 2433 2948 ubique
2461 2880 2533 2934 sit
2557 2879 2713 2950 panis
2748 2882 2993 2950 corporis
3021 2881 3243 2947 Christi,
3275 2892 3329 2937 et
3361 2899 3504 2939 unus
3530 2885 3676 2940 calix
3707 2902 3827 2941 san-

2233 2973 2411 3043 guinis
2436 2972 2737 3046 ejus.glllud
2776 2984 2926 3030 certe
2967 2976 3110 3045 quod
3151 2977 3352 3047 legitur
3384 2996 3398 3032 :
3443 2977 3703 3034 Christus
3738 2997 3825 3049 per

2236 3062 2497 3133 Spiritum
2541 3073 2782 3119 sanctum
2820 3068 3155 3137 semetipsum
3194 3067 3383 3122 obtulit
3425 3070 3821 3124 immaculatum

2235 3156 2345 3210 Deo
2376 3155 2532 3227 (Πρὸ.
2567 3173 2643 3222 ix,
2675 3156 2788 3228 M),
2837 3166 2893 3212 et
2923 3158 3054 3213 illud
3090 3176 3104 3212 :
3144 3158 3388 3215 Christus
3416 3160 3605 3215 dilexit
3652 3179 3747 3217 nos
3777 3171 3822 3214 et

2233 3246 2453 3299 tradidit
2473 3247 2805 3317 semetipsum
2826 3264 2922 3317 pro
2945 3248 3091 3302 nobis
3111 3248 3425 3304 oblationem
3446 3258 3497 3304 et
3522 3252 3752 3306 hostium
3770 3252 3824 3307 in

2234 3336 2449 3390 odorem
2473 3338 2745 3391 suavitatis
2774 3336 2887 3392 Deo
2912 3337 3129 3409 (Ephes.
3153 3354 3210 3403 v,
3235 3338 3315 3411 Ξ),
3344 3338 3509 3403 Patri,
3534 3341 3705 3396 nobis
3728 3343 3825 3397 hoc

2234 3424 2288 3480 in
2314 3437 2654 3482 sacramento
2680 3431 2924 3498 corporis
2947 3437 3003 3484 et
3025 3430 3305 3501 sanguinis
3323 3430 3441 3485 Filii
3457 3430 3556 3486 Dei
3579 3432 3823 3502 quotidie

2233 3520 2591 3574 instauratur.
2622 3519 2735 3575 Hoc
2760 3536 2977 3591 corpus,
3005 3528 3060 3575 et
3086 3521 3178 3576 hic
3210 3522 3452 3592 sanguis,
3486 3538 3598 3577 non
3632 3524 3689 3578 in
3718 3524 3825 3595 Spi-

2234 3608 2314 3664 cis
2340 3618 2395 3664 et
2412 3609 2467 3664 in
2492 3612 2782 3665 sarmentis
2806 3611 3092 3682 colligitur,
3124 3611 3218 3667 sed
3240 3621 3389 3667 certa
3413 3614 3820 3668 consecratione

2235 3700 2497 3770 mysticus
2528 3700 2589 3754 ﬁt
2615 3701 2802 3765 nobis;
2833 3716 2939 3756 non
2966 3702 3232 3767 nascitur,
3262 3718 3387 3758 cum
3421 3704 3581 3773 panis
3618 3713 3678 3759 et
3718 3704 3819 3760 vini

2234 3800 2487 3847 creatura
2526 3792 2581 3847 in
2620 3802 3020 3848 sacramentum
3055 3794 3239 3849 carnis
3273 3805 3329 3849 et
3365 3795 3651 3865 sanguinis
3687 3797 3816 3868 ejus,

2234 3881 2491 3937 ineffabili
2521 3881 2758 3952 Spiritus
2787 3884 3217 3941 sanctiﬁcatione
3242 3885 3592 3941 transfertur.
3626 3887 3813 3943 Totum

2233 3990 2363 4046 ergo
2399 3976 2543 4046 quod
2579 3976 2634 4030 in
2678 3977 2780 4031 hac
2813 3978 3084 4033 oblatione
3124 3980 3321 4051 agitur,
3356 3981 3680 4051 mysterium
3717 3990 3812 4047 est,

2233 4067 2378 4137 quod
2407 4067 2667 4138 simplicis
2696 4066 2819 4123 ﬁdei
2845 4068 3083 4138 puritate
3108 4070 3229 4141 capi
3250 4071 3434 4137 debet,
3462 4087 3572 4128 non
3601 4073 3813 4128 rationis

2234 4158 2532 4214 subtilitate
2559 4160 2946 4229 comprehendi
2984 4170 3183 4231 potest.
3220 4162 3377 4219 Aliud
3406 4165 3554 4220 enim
3584 4166 3808 4231 videtur,

2234 4248 2379 4305 aliud
2422 4249 2759 4321 intelligitur.
2791 4250 2945 4317 Quod
2979 4253 3209 4319 videtur,
3236 4256 3471 4325 speciem
3512 4256 3678 4312 habet
3703 4272 3811 4313 cor-

2234 4342 2493 4412 poralem,
2510 4342 2654 4413 quod
2673 4343 3011 4415 intelligitur,
3031 4344 3267 4401 fructum
3279 4347 3443 4403 habet
3457 4349 3803 4420 Spiritualem,

2234 4432 2475 4487 divinum
2502 4432 2727 4489 scilicet.
2755 4433 2944 4489 Altare
2964 4434 3214 4493 Christus
3234 4437 3434 4507 implet,
3467 4448 3525 4494 et
3553 4448 3810 4511 prmpsrat

2231 4538 2291 4579 se
2313 4523 2514 4579 cibum.
2549 4523 2818 4580 Mactatur
2854 4541 2962 4582 non
2992 4527 3279 4593 occiditur,
3320 4529 3679 4586 manducatur
3710 4546 3806 4587 non

2232 4617 2513 4683 minuitur,
2541 4617 2718 4673 reﬁcit
2736 4634 2842 4673 non
2868 4619 3084 4685 deﬁcit,
3111 4621 3470 4676 manducatus
3498 4623 3662 4687 vivit,
3690 4623 3807 4695 quia

2231 4708 2530 4764 resurrexit
2554 4723 2586 4762 a
2608 4709 2854 4764 mortuis.
2887 4708 2933 4765 Ο
2956 4726 3044 4767 res
3065 4710 3202 4766 mira
3225 4720 3281 4767 et
3302 4711 3616 4769 incﬁ'abilis!
3640 4714 3684 4769 Ο
3703 4728 3809 4785 my-

2229 4798 2455 4853 sterium
2500 4798 2652 4855 ﬁdei!
2697 4797 2896 4855 Omnes
2932 4802 3261 4857 manducaui
3298 4817 3364 4857 ex
3393 4818 3491 4869 eo,
3526 4805 3619 4859 sed
3655 4818 3807 4859 unus-

2231 4889 2460 4961 quisque
2486 4899 2657 4946 totum
2695 4893 3003 4948 manducat.
3033 4892 3302 4949 Dividitur
3340 4910 3438 4965 per
3476 4906 3688 4966 partes,
3719 4896 3807 4952 sed

2233 4992 2380 5040 totus
2408 4984 2462 5038 in
2490 4985 2755 5055 partibus.
2780 4985 3131 5042 Manducatus
3158 4987 3228 5044 ab
3246 4990 3393 5043 omni
3413 4992 3631 5062 populo,
3655 5002 3806 5047 sam

2234 5084 2290 5131 et
2320 5076 2529 5147 integer
2567 5086 2767 5133 manet.
2802 5078 2973 5133 Totus
3008 5079 3063 5134 in
3089 5079 3227 5136 cmlo
3248 5122 3263 5148 ,
3297 5088 3442 5137 totus
3478 5082 3535 5137 in
3568 5083 3806 5160 cordibus

2234 5165 2493 5233 ﬁdelium,
2522 5168 2630 5223 vita
2659 5169 3035 5237 manducatur,
3061 5182 3281 5242 peccata
3314 5182 3531 5245 purgat,
3563 5191 3702 5233 mors
3723 5174 3803 5232 τί·

2233 5256 2433 5324 viﬁcat,
2466 5258 2680 5314 inﬁrma
2704 5260 3039 5328 corroborat,
3067 5277 3199 5318 sana
3225 5275 3535 5323 conservat.

2303 5360 2392 5417 IV.
2434 5358 2561 5416 Haec
2593 5376 2829 5433 namque
2865 5362 3211 5434 singulariter
3245 5365 3468 5422 victima
3502 5369 3568 5424 ab
3595 5366 3801 5423 interitu

2231 5463 2432 5528 aeterno
2460 5454 2696 5509 animam
2726 5455 2917 5521 salvat,
2949 5471 3071 5526 qua:
3099 5457 3244 5512 illam
3272 5459 3429 5514 nobis
3450 5460 3802 5515 mortemorti-

2234 5545 2400 5618 geniti
2442 5560 2539 5615 per
2576 5547 2891 5618 mysterium
2939 5559 3185 5619 reparat,
3237 5552 3329 5620 qui
3368 5551 3494 5607 licet
3533 5566 3801 5623 surgensa

2231 5638 2479 5704 mortuis,
2512 5638 2564 5693 in
2591 5654 2651 5695 se
2671 5639 2786 5710 ipso
2807 5640 3188 5696 immortaliter
3206 5652 3369 5713 atque
3397 5643 3801 5716 incorruptibili-

2303 5752 2333 5795 ιι
2362 5751 2678 5812 Ambrosius
2703 5755 2758 5813 in
2783 5770 2901 5830 cap.
2927 5772 2965 5825 ι,
2990 5754 3168 5827 Lucae,
3203 5773 3260 5813 n.
3293 5758 3364 5818 28
