4038 6354
268 339 423 400 1089

959 335 1110 393 OPP.
1152 332 1380 391 DUBIA.
1409 363 1481 375 —
1515 329 1746 388 ALBlNl
1781 325 2166 386 CONFESSIO
2199 325 2400 383 FlDEl.
2432 356 2501 366 -—
2539 325 2717 382 PARS
2758 328 2844 383 IV.

3405 328 3543 413 1090

270 460 356 508 ter
390 451 567 515 vivat,
604 462 703 519 pro
734 445 891 503 nobis
927 446 1125 502 iterum
1161 446 1217 501 in
1258 447 1361 502 hoc
1390 445 1649 518 mysterio
1685 457 1855 499 sacrae
1880 444 1933 502 Α
1959 438 2164 496 locutus
2190 443 2320 496 'sum
2370 440 2509 496 vobis
2530 482 2545 507 ,
2593 442 2807 512 spiritus
2847 450 2896 496 et
2932 444 3040 498 vita
3086 452 3241 510 sunt,
3292 444 3384 499 sed
3423 456 3545 500 sunt

267 540 560 598 oblationis
586 538 912 593 immolatur.
953 537 1082 607 Ejus
1110 537 1306 607 quippe
1345 536 1418 591 ibi
1458 551 1654 605 corpus
1690 533 1857 590 sumi-

270 643 384 701 tur,
410 634 529 704 ejus
556 646 686 686 caro
714 631 768 685 in
793 629 976 701 populi
1012 629 1185 684 salute
1210 628 1467 698 partitur,
1497 628 1616 698 ejus
1640 625 1879 704 sanguis.

269 740 306 781 a
332 723 583 781 fidelibus
609 721 832 776 bibitur.
863 719 972 775 Sed
999 719 1269 789 quomodo
1299 720 1403 774 hoc
1430 718 1527 772 ﬁat
1559 717 1681 789 quis
1706 732 1855 773 com-

1958 533 2173 604 quidam
2198 549 2262 588 ea:
2292 533 2451 598 vobis,
2492 534 2581 605 qui
2624 550 2728 588 non
2765 534 3001 588 credunt.
3046 534 3297 592 Ostendit
3330 553 3390 591 se
3428 554 3545 592 ma-

1959 637 2122 693 gnum
2155 622 2357 677 dixisse
2378 624 2719 695 mysterium,
2746 639 2869 679 cum
2894 625 2969 679 ait
2998 640 3013 679 :
3042 623 3231 693 Verba,
3256 644 3375 697 qua:
3406 628 3548 683 locu-

1960 720 2044 766 tus
2079 729 2196 767 sum
2226 713 2387 778 vobis,
2427 714 2643 784 spiritus
2679 724 2727 769 et
2762 715 2868 769 vita
2904 724 3046 770 sunt.
3077 715 3209 772 Cum
3246 726 3424 774 autem
3453 718 3550 773 ad-

268 813 611 888 prehendere
637 819 834 882 potest,
864 812 950 867 vel
988 810 1266 866 absolvere
1293 807 1561 879 profunda
1600 808 1860 880 mysteria
1955 805 2136 878 jungit
2168 824 2180 861 :
2214 805 2316 862 Sed
2357 816 2479 862 sunt
2515 808 2734 885 quidam
2772 825 2836 863 ea:
2865 809 3037 875 vobis,
3074 811 3164 882 qui
3190 827 3294 866 non
3331 813 3547 867 credunt

271 906 435 977 hu‘jus
463 902 747 966 sacriﬁcii,
772 902 916 971 quod
944 916 1044 972 pro
1070 900 1408 956 absolutione
1443 907 1627 955 nostra
1654 899 1863 970 passio-

270 1012 398 1053 nem
423 992 687 1065 unigeniti
712 992 834 1048 Filii
876 1008 1090 1063 semper
1120 991 1382 1047 imitatur.
1418 990 1571 1046 Sicut
1598 990 1744 1045 enim
1771 1005 1862 1045 sa-

271 1094 614 1144 cramentum
644 1070 1181 1150 sanctae-Trinitatis,
1220 1084 1295 1138 ita
1322 1090 1378 1138 et
1409 1082 1728 1153 mysterium
1760 1081 1865 1136 Do-

271 1179 491 1235 minicaa
537 1176 804 1249 passionis
846 1184 903 1231 et
953 1176 1186 1245 mortis,
1240 1175 1385 1246 quod
1438 1175 1541 1230 hac
1593 1173 1865 1230 oblatione

272 1270 673 1341 frequentatur,
726 1266 1007 1338 :equaliter
1055 1265 1423 1322 necessarium
1474 1266 1543 1320 ad
1592 1265 1821 1320 salutem
1846 1306 1864 1331 ,

272 1359 551 1431 aqualiter
577 1359 632 1414 in
660 1358 987 1414 conscientia
1014 1373 1151 1429 pura
1189 1366 1274 1413 est
1300 1357 1619 1413 sumendum
1644 1371 1709 1411 ac
1738 1356 1866 1411 reti-

274 1452 534 1509 nendum.
580 1449 749 1506 Nemo
791 1449 1008 1520 quidem
1050 1449 1289 1505 ﬁdelium
1330 1449 1579 1503 dubitare
1615 1448 1776 1503 debet
1800 1447 1868 1503 de

275 1545 418 1602 tanti
457 1545 700 1616 mysterii
723 1543 986 1609 veritate,
1014 1557 1135 1612 quae
1171 1549 1283 1596 tam
1319 1540 1503 1596 multis
1543 1539 1868 1595 testimoniis

275 1638 506 1709 probata
527 1644 641 1700 est,
678 1644 735 1690 et
774 1648 1162 1703 nonnunquam
1191 1633 1371 1688 divina
1407 1630 1870 1705 revelationelali-

1962 897 2145 969 (Joan.
2193 913 2271 963 τι,
2315 898 2405 964 64,
2451 898 2563 969 65).
2603 899 2853 955 Ostendit
2894 900 3041 956 istud
3082 903 3401 973 mysterium
3438 918 3547 960 non

1963 1006 2084 1046 esse
2110 991 2215 1046 nisi
2245 990 2392 1055 ﬁdei,
2422 1000 2476 1045 et
2501 992 2761 1058 ﬁdelium,
2788 993 2878 1063 qui
2907 993 2994 1048 illa
3022 995 3187 1050 verba
3215 994 3444 1053 ﬁdeliter
3465 1012 3550 1051 ca-

1962 1082 2137 1154 piunt,
2171 1091 2227 1137 et
2256 1084 2375 1139 ideo
2399 1084 2479 1139 eis
2507 1085 2732 1155 spiritus
2758 1093 2814 1141 et
2838 1086 2950 1140 vita
2980 1094 3137 1152 sunt,
3163 1087 3288 1157 quia
3314 1103 3408 1143 eos
3436 1090 3547 1160 spi-

1964 1174 2232 1230 ritualiter
2256 1176 2532 1231 intellectu
2561 1175 2856 1231 viviﬁcant.
2881 1177 3043 1233 Fides
3071 1194 3179 1233 non
3201 1179 3364 1235 habet
3387 1181 3552 1235 meri-

1966 1272 2102 1331 tum,
2130 1267 2218 1323 cui
2238 1267 2475 1322 humana
2497 1267 2637 1323 ratio
2660 1269 2866 1339 praebet
2891 1269 3340 1338 experimentum.
3367 1271 3554 1328 Melior

1965 1364 2051 1413 est
2077 1357 2240 1423 ﬁdes,
2270 1373 2433 1427 quam
2462 1359 2625 1426 ratio,
2654 1360 2782 1430 quia
2821 1359 2888 1413 ad
2918 1360 3303 1430 perfectionem
3338 1363 3553 1433 plenam

1968 1464 2077 1504 non
2102 1449 2413 1519 pervenitur
2448 1450 2553 1505 nisi
2580 1465 2678 1521 per
2712 1450 2903 1515 ﬁdem,
2941 1452 3083 1507 sicut
3120 1454 3380 1524 scriptum
3421 1462 3506 1510 est
3538 1473 3550 1508 :

1970 1538 2094 1593 Nisi
2114 1538 2463 1606 credideritis,
2484 1557 2589 1594 non
2603 1540 2901 1612 intelligetis
2915 1540 2967 1612 (1
2970 1559 3050 1596 sa.
3069 1559 3163 1608 vn,
3187 1543 3220 1599 9
3241 1561 3344 1598 sec.
3360 1543 3555 1616 LXX),

1968 1639 2025 1686 et
2048 1631 2173 1685 alibi
2200 1650 2213 1685 :
2238 1631 2424 1687 Justus
2444 1642 2619 1688 autem
2645 1650 2791 1688 meus
2814 1651 2879 1689 ea:
2904 1635 3008 1704 ﬁde
3033 1636 3153 1691 vivit
3176 1635 3334 1707 (Heb.
3360 1654 3417 1704 ι,
3440 1637 3553 1710 58).

276 1729 475 1799 quibus
506 1725 849 1782 manifestata
870 1733 971 1780 est.
1015 1724 1128 1794 Ego
1150 1730 1330 1778 autem
1358 1722 1600 1778 omnium
1631 1721 1869 1777 ﬁdelium
1899 1793 1940 1800 _
1969 1721 2132 1779 Pauci
2163 1732 2288 1780 sunt
2314 1739 2566 1795 namque,
2608 1725 2700 1795 qui
2733 1725 2951 1781 ﬁrmare
2987 1738 3230 1798 possunt,
3258 1729 3403 1800 quod
3434 1742 3557 1787 cre-

278 1793 560 1885 minimus,
588 1818 723 1873 nihil
746 1818 812 1872 de
843 1817 933 1872 illo
964 1793 1190 1888 (gratias
1214 1813 1343 1886 Deo)
1371 1815 1425 1868 in
1454 1813 1637 1886 aliquo
1660 1813 1868 1879 dubito,
1899 1793 1949 1855 Β
1973 1813 2127 1869 dunt.
2146 1812 2316 1869 .Unde
2345 1793 2500 1868 multi
2532 1793 2776 1882 illorum,
2807 1816 2901 1886 qui
2928 1793 3255 1887 putaverunt
3276 1793 3340 1875 se
3373 1834 3557 1891 posse,

279 1914 382 1970 sed
408 1927 477 1968 ex
507 1919 618 1967 toto
652 1925 773 1965 meo
800 1910 962 1965 corde
988 1907 1172 1973 credo,
1199 1915 1255 1962 et
1288 1914 1439 1962 certa
1473 1906 1586 1962 oris
1612 1906 1874 1961 relatione

277 2003 569 2068 conﬁteor,
606 2002 782 2072 ipsum
826 2001 1023 2056 divinae
1066 2007 1122 2054 et
1159 1998 1387 2054 viviﬁcze
1432 1998 1649 2053 virtutis
1695 2012 1877 2052 sacra-

225 2106 233 2117 ’
279 2102 529 2149 mentum
550 2134 565 2159 ,
589 2108 778 2148 veram
812 2091 1014 2148 Christi
1043 2106 1262 2145 carnem
1291 2106 1441 2155 esse,
1470 2105 1536 2144 ex
1561 2105 1667 2159 qua
1695 2089 1873 2160 pasci-

282 2201 430 2251 mur,
448 2192 504 2239 et
529 2199 719 2239 verum
743 2182 861 2252 ejus
874 2182 1216 2254 sanguinem,
1233 2197 1299 2237 ex
1322 2196 1429 2250 quo
1455 2190 1723 2251 potamur.
1749 2179 1875 2235 Haec

283 2291 521 2353 namque
556 2277 732 2332 hostia
761 2291 956 2346 corpus
988 2284 1043 2331 et
1071 2275 1288 2346 sanguis
1312 2284 1426 2341 est,
1457 2284 1518 2329 ut
1551 2276 1742 2330 beatus
1777 2273 1877 2328 Pe-

286 2376 409 2423 trus
435 2367 558 2422 ait:
602 2366 1014 2421 Incontaminati
1062 2366 1185 2436 agni
1229 2375 1276 2418 et
1315 2365 1641 2419 immaculati
1680 2362 1876 2419 Christi

286 2459 343 2533 (ι
368 2458 513 2514 Petr.
540 2475 581 2524 ι,
613 2457 723 2527 19).
756 2457 918 2513 Panis
948 2457 1090 2511 enim
1137 2456 1253 2521 ille,
1284 2457 1439 2526 panis
1477 2463 1532 2511 et
1559 2456 1682 2510 vita:
1718 2465 1877 2511 aster-

287 2568 405 2617 nze;
436 2560 491 2607 et
517 2551 658 2607 calix
685 2550 794 2615 ille,
822 2550 958 2604 calix
990 2549 1179 2604 salutis
1206 2556 1497 2619 perpetuae.
1535 2548 1612 2603 Ex
1638 2549 1723 2603 his
1750 2563 1878 2604 sane

287 2643 490 2700 divinis
525 2642 800 2714 mysteriis
843 2641 1198 2703 mundamur,
1244 2648 1300 2696 et
1340 2640 1771 2705 sanctiﬁcamur,
1824 2647 1880 2694 et

288 2735 454 2790 unius
498 2733 797 2789 divinitatis
833 2732 1127 2802 participes
1161 2729 1443 2796 efficimur,
1486 2732 1613 2801 quia
1643 2731 1785 2786 Deus
1824 2731 1878 2786 in

289 2824 472 2889 nobis,
500 2831 555 2879 et
593 2839 694 2879 nos
730 2822 785 2877 in
824 2822 935 2877 Deo
974 2838 1273 2878 manemus.
1311 2823 1484 2877 Audio
1523 2823 1654 2893 quid
1687 2824 1753 2879 de
1794 2824 1881 2879 his

1973 1905 2207 1974 turpiter
2233 1903 2397 1977 414
2424 1913 2765 1971 erraverunt,
2796 1907 2923 1962 dum
2950 1908 3313 1979 relinquentes
3347 1911 3561 1967 humili—

1974 2003 2144 2051 tatem
2185 1988 2343 2061 ﬁdei,
2370 1996 2582 2053 ratione
2610 2013 2775 2068 supra
2804 2014 2863 2054 se
2891 2000 3184 2058 ascendere
3205 2017 3562 2073 praesumpse—

1973 2094 2121 2142 runt.
2187 2086 2321 2141 Cum
2368 2095 2575 2142 certum
2629 2089 2702 2143 sit
2750 2087 3027 2144 Christum
3076 2091 3457 2148 immortaliter
3507 2100 3563 2149 et

1974 2176 2458 2249 incorruptibiliter
2482 2178 2664 2233 vivere
2690 2178 2745 2233 in
2779 2194 2839 2234 se
2874 2180 3023 2250 ipso,
3052 2181 3173 2251 quis
3202 2189 3318 2247 est,
3359 2184 3450 2252 qui
3476 2199 3564 2238 ra-

1974 2266 2122 2323 tione
2149 2281 2344 2338 capere
2362 2267 2560 2332 valeat,
2585 2268 2854 2338 quomodo
2869 2284 3090 2325 carnem
3120 2286 3275 2326 suam
3297 2272 3387 2328 det
3408 2273 3563 2328 nobis

1975 2357 2045 2411 ad
2079 2357 2548 2412 manducandum?
2574 2356 2912 2414 Sacriﬁcium
2948 2360 3092 2414 enim
3124 2360 3266 2416 istud
3294 2361 3559 2429 mirabile,

1975 2449 2251 2505 Christum
2278 2465 2385 2504 non
2421 2449 2677 2515 dandum,
2701 2451 2796 2506 sed
2821 2450 3005 2505 datum
3024 2493 3039 2517 ,
3065 2468 3175 2508 non
3210 2454 3562 2511 occidendum

1976 2545 2072 2598 sed
2095 2541 2334 2597 occisum
2356 2583 2370 2606 ,
2406 2557 2512 2596 non
2541 2542 2885 2598 redimendos
2924 2559 3023 2599 nos
3053 2542 3194 2617 [sed]
3236 2548 3562 2618 redemptos,

1975 2635 2133 2691 nobis
2162 2634 2217 2688 in
2242 2634 2473 2689 veritate
2499 2641 2796 2699 monstrat;
2828 2632 2962 2693 sicut
3005 2638 3203 2692 veteris
3243 2637 3377 2710 legis
3414 2640 3567 2694 victi-

1977 2740 2081 2781 ma:
2116 2725 2233 2779 hare
2260 2725 2446 2779 omnia
2472 2732 2702 2780 ventura
2734 2726 3190 2794 prtenuntiabant.
3223 2726 3328 2782 Sed
3357 2730 3448 2799 qui
3476 2746 3568 2785 ve-

1979 2833 2100 2874 rum
2123 2834 2320 2889 corpus
2339 2835 2516 2884 suum,
2539 2818 2682 2889 quod
2703 2819 2986 2875 suscitavit
3007 2821 3074 2875 de
3089 2822 3356 2891 sepulcro,
3370 2824 3568 2893 potuit,

292 2916 411 2987 ipsa
441 2914 652 2970 Veritas
700 2914 958 2985 loquitur,
1008 2924 1065 2969 et
1107 2915 1223 2969 sine
1259 2914 1421 2969 dubio
1458 2915 1620 2969 credo
1645 2914 1725 2979 ei,
1761 2929 1882 2984 qua;
1973 2909 2156 2981 januis
2179 2911 2401 2978 clausis,
2430 2912 2549 2968 sine
2574 2914 2922 2983 corruptione
2949 2921 3005 2968 et
3034 2913 3212 2984 aliqua
3242 2917 3323 2971 sui
3350 2916 3570 2973 laesione

293 3008 516 3065 mentiri
539 3024 646 3063 non
675 3015 872 3079 potest.
915 3007 1210 3079 Respondit
1247 3007 1393 3062 enim
1434 3007 1767 3079 litigantibus
1788 3007 1883 3063 Ju-

292 3101 459 3166 dazis,
487 3115 681 3171 panem
715 3101 1016 3156 concordiae
1050 3100 1424 3171 ignorantibus
1453 3110 1615 3172 atque
1657 3100 1883 3157 dicenti-

294 3195 400 3250 bus
429 3211 442 3247 :
474 3192 747 3259 Quomodo
769 3202 934 3264 potest
953 3178 1107 3247 nobis
1133 3193 1219 3247 hic
1246 3210 1455 3248 carnem
1484 3210 1636 3248 suam
1662 3194 1790 3248 dare
1812 3191 1883 3247 ad

293 3283 724 3339 manducandum
764 3283 958 3356 (Joan.
1005 3301 1094 3350 γι,
1138 3284 1208 3340 55
1250 3283 1417 3356 seq.)?
1454 3283 1660 3351 Quibus
1694 3300 1793 3354 per
1826 3299 1884 3340 se

296 3376 476 3444 ipsum
505 3374 641 3429 dixit
669 3394 682 3429 ε
715 3374 881 3430 Amen
900 3416 916 3441 ,
944 3393 1097 3430 amen
1123 3375 1241 3430 dico
1270 3375 1411 3430 vobis
1429 3417 1442 3440 ,
1467 3377 1568 3430 nisi
1599 3376 1885 3431 manduca-

295 3468 476 3522 veritis
512 3483 724 3521 carnem
765 3466 894 3521 Filii
921 3468 1177 3533 hominis,
1201 3478 1250 3521 et
1273 3468 1500 3522 biberitis
1527 3469 1641 3539 ejus
1677 3470 1890 3539 sangui-

298 3574 442 3623 nem,
471 3574 575 3613 non
598 3557 797 3612 habetis
824 3558 981 3612 vitam
1011 3558 1066 3612 in
1086 3558 1244 3612 vobis.
1279 3557 1383 3623 Qui
1408 3559 1690 3613 manducet
1718 3576 1887 3613 meam

297 3664 517 3704 carnem
546 3656 594 3702 et
623 3647 746 3702 bibit
776 3665 947 3702 meum
974 3650 1279 3719 sanguinem
1297 3688 1313 3715 ,
1347 3649 1499 3703 habet
1539 3651 1697 3725 vitam
1734 3658 1888 3704 arter-

301 3757 448 3797 ttam.
479 3740 617 3795 Caro
643 3741 779 3795 enim
821 3757 938 3795 mea
981 3758 1095 3796 vere
1121 3741 1265 3796 cibus
1299 3752 1398 3807 est,
1433 3751 1481 3796 et
1503 3743 1718 3813 sanguis
1745 3761 1890 3799 meus

230 3902 235 3905 ἦ
300 3847 419 3886 vere
441 3840 517 3885 est
550 3840 723 3902 potus.
764 3830 869 3897 Qui
900 3832 1184 3887 manducat
1217 3849 1387 3887 meam
1412 3850 1621 3888 carnem
1640 3875 1655 3899 ,
1685 3843 1733 3889 et
1766 3836 1893 3891 bibit

302 3938 478 3977 meum
500 3922 836 3993 sanguinem,
867 3924 923 3978 in
950 3939 1032 3977 me
1058 3932 1263 3989 manet,
1302 3932 1350 3978 et
1384 3941 1477 3995 ego
1502 3926 1556 3978 in
1594 3925 1685 3979 illo
1712 3940 1731 3978 :
1757 3926 1892 3981 sicut

304 4031 390 4068 me
418 4013 556 4069 misit
582 4014 749 4070 vivens
778 4013 959 4080 Pater,
990 4023 1038 4069 et
1073 4031 1166 4086 ego
1206 4016 1313 4070 vivo
1343 4025 1551 4087 propter
1580 4012 1812 4079 Patrem,
1844 4026 1893 4072 et

304 4105 397 4176 qui
418 4105 699 4159 manducat
719 4122 818 4177 me,
853 4106 959 4177 ipse
985 4107 1107 4162 vivit
1128 4116 1336 4178 propter
1361 4124 1462 4162 me.
1494 4107 1597 4163 llic
1624 4118 1698 4163 est
1718 4112 1892 4181 panis,

1981 3005 2329 3060 introducere
2384 3006 2450 3060 ad
2504 3006 2832 3077 discipulos,
2883 3015 3063 3077 potest
3112 3008 3295 3079 utique
3349 3024 3569 3065 carnem

1984 3110 2139 3151 suam
2165 3094 2296 3151 dare
2323 3095 2479 3152 nobis
2505 3097 2573 3151 ad
2606 3096 3041 3152 manducandum
3072 3098 3192 3154 sine
3222 3115 3318 3154 sua
3352 3100 3573 3158 laesione

1986 3197 2044 3245 et
2074 3189 2420 3245 detrimento.

2056 3300 2144 3356 Vl.
2183 3298 2290 3355 iste
2316 3307 2419 3364 est,
2447 3300 2536 3370 qui
2577 3314 2686 3367 non
2722 3307 2911 3371 aperto
2940 3308 3096 3357 utero
3116 3301 3340 3373 virginis
3369 3304 3577 3375 ingres-

1988 3407 2082 3447 sus
2105 3399 2191 3446 est
2216 3392 2499 3457 mundum,
2522 3391 2615 3461 qui
2649 3406 2773 3447 cum
2799 3407 2929 3447 vero
2957 3408 3185 3465 corpore
3220 3411 3381 3467 supra
3425 3412 3577 3453 mare

1989 3482 2303 3547 ambulavit,
2332 3482 2422 3553 qui
2460 3482 2718 3552 pauculas
2746 3498 2901 3539 escas
2930 3486 3271 3541 transitorias
3306 3497 3361 3541 et
3394 3488 3579 3545 visibi-

1987 3573 2068 3627 les
2110 3573 2212 3628 sub
2253 3574 2504 3629 dentibus
2551 3574 2827 3629 edentium
2870 3577 3056 3647 augeri
3093 3577 3238 3633 fecit.
3273 3578 3409 3646 Quid
3449 3596 3579 3654 ergo

1990 3663 2228 3728 dubitas,
2255 3678 2379 3718 cum
2416 3664 2532 3734 ipse
2558 3664 2702 3719 dicat
2733 3664 2829 3719 tibi
2867 3682 2882 3719 :
2926 3664 3030 3731 Qui
3070 3668 3353 3723 manducat
3391 3687 3493 3737 me,
3530 3681 3579 3726 et

1990 3755 2100 3825 ipse
2125 3754 2247 3807 vivit
2275 3763 2486 3824 propter
2522 3771 2603 3809 me
2646 3754 2826 3825 (Joan.
2868 3754 2981 3828 vi)?
3021 3758 3164 3813 Deus
3206 3766 3289 3813 est
3321 3761 3411 3831 qui
3451 3759 3583 3817 facit

1990 3859 2186 3914 magna
2211 3852 2268 3903 et
2292 3842 2582 3910 mirabilia,
2607 3852 2662 3899 et
2687 3843 3075 3913 inscrutabilia,
3104 3862 3333 3918 quorum
3362 3865 3468 3906 non
3497 3859 3583 3907 est

1992 3951 2271 3991 numerus.
2303 3932 2381 3989 Ne
2404 3934 2557 4001 velis,
2592 3950 2796 4006 quaaso,
2822 3936 2924 3991 hoc
2947 3937 3156 3995 ratione
3179 3938 3455 4012 indagare.
3479 3939 3582 3997 Su-

1992 4040 2091 4097 pra
2127 4034 2181 4080 te
2204 4033 2289 4081 est
2318 4025 2613 4095 negotium,
2642 4026 2803 4081 nimis
2827 4028 3039 4082 excedit
3063 4029 3208 4084 vires
3242 4038 3379 4085 tuas.
3412 4031 3581 4087 Nemo

1992 4118 2140 4173 enim
2186 4123 2365 4187 potest
2399 4118 2644 4186 corporis
2673 4124 2729 4171 et
2761 4117 3038 4188 sanguinis
3060 4118 3293 4185 Christi,
3335 4137 3433 4192 pro
3467 4138 3582 4177 ma-

305 4198 401 4269 qui
424 4196 489 4251 de
514 4197 638 4252 εωιο
666 4196 949 4252 descendit
984 4196 1087 4263 Ωιιί
1116 4198 1398 4253 mundum
1420 4198 1557 4253 ’ωηο
1587 4216 1795 4269 Panem.
1820 4202 1897 4257 υἱ·
1987 4210 2185 4280 jestate
2222 4209 2322 4274 rei,
2356 4218 2699 4264 sacramenta
2733 4223 3078 4279 cognoscere.
3108 4210 3391 4267 Praebeant
3418 4212 3580 4278 ﬁdem

308 4297 392 4343 vet
422 4289 478 4342 in
508 4298 780 4344 internum.

388 4384 449 4441 Υ.
477 4384 709 4442 Adverte
726 4386 840 4457 jam
862 4388 1098 4450 tandem,
1124 4401 1158 4441 ο
1182 4387 1627 4458 pravissimarum
1656 4391 1895 4463 gentium

1994 4299 2261 4355 mirabilia
2313 4298 2687 4364 mirabilibus,
2747 4300 3311 4371 incomprehensibilia
3372 4303 3580 4361 incom-

1994 4390 2464 4464 prehensibilibus.
2503 4391 2692 4444 Divina
2732 4391 2994 4461 operatio,
3028 4391 3072 4445 si
3102 4393 3311 4449 ratione
3341 4410 3587 4466 compre-

310 4492 570 4550 perversa
593 4478 862 4546 doctrina,
878 4488 935 4534 et
954 4480 1060 4535 noli
1081 4482 1245 4535 surda
1269 4497 1401 4538 aure
1424 4492 1480 4538 et
1519 4485 1896 4541 incircumciso
1920 4499 1976 4563 ι)
2001 4482 2272 4546 henditur,
2307 4496 2414 4536 non
2437 4488 2519 4537 est
2548 4482 2680 4536 adeo
2706 4481 3057 4536 admirabilis.
3085 4482 3293 4539 Desiste
3317 4500 3579 4556 quaarere.

311 4569 479 4626 corde
510 4571 818 4640 praeterire,
855 4574 999 4642 quod
1035 4571 1237 4627 dicitur
1284 4591 1298 4627 :
1343 4573 1447 4640 Qui
1475 4576 1759 4631 manducat
1794 4594 1896 4643 me,

311 4676 471 4718 suam
492 4661 749 4718 nimirum
776 4669 832 4718 et
857 4676 965 4717 non
995 4662 1154 4717 aliam
1187 4678 1406 4719 carnem
1444 4665 1797 4722 demonstrat.
1841 4666 1900 4724 Si

311 4752 461 4809 enim
482 4752 585 4807 hoc
607 4767 712 4807 non
732 4759 895 4818 esset,
924 4768 1265 4824 nequaquam
1293 4755 1610 4826 mysterium
1640 4756 1768 4813 illud
1789 4765 1900 4813 tam

307 4844 594 4912 mirabile,
633 4854 688 4900 et
712 4844 1009 4912 ineﬁ‘abile,
1038 4855 1201 4918 atque
1225 4847 1764 4918 inoomprehensibile
1793 4850 1902 4907 dici

310 4943 518 5009 posset.
545 4936 646 5005 Qui
666 4936 833 4992 Deum
852 4936 1025 4992 credit
1048 4938 1491 5009 omnipotentem,
1521 4941 1694 4996 credit
1714 4941 1903 5011 utique

310 5042 443 5085 cum
472 5026 629 5084 facile
648 5042 808 5097 posse
835 5027 902 5082 de
931 5044 990 5084 re
1025 5028 1236 5100 aliqua,
1267 5031 1410 5100 quod
1439 5031 1573 5096 vult,
1610 5031 1807 5087 facere.
1844 5031 1902 5086 Si

306 5120 420 5181 hoc
449 5126 592 5174 esset
620 5119 715 5186 ita,
738 5120 1122 5190 comprehendi
1151 5134 1312 5175 sensu
1338 5130 1394 5176 et
1422 5123 1601 5177 verbis
1622 5124 1728 5179 dici
1756 5131 1905 5179 certe

310 5209 600 5269 notnisset.
632 5210 831 5266 Verum
870 5209 995 5279 quia
1033 5209 1191 5280 longe
1226 5209 1385 5265 aliter
1415 5224 1475 5265 se
1506 5212 1667 5267 habet
1701 5213 1905 5267 veritas

314 5302 454 5359 tanti
484 5302 749 5373 mysterii,
769 5317 933 5373 quam
959 5310 1015 5356 tu
1040 5302 1298 5358 haeretico
1321 5302 1576 5373 deceptus
1600 5304 1793 5375 spiritu
1818 5318 1906 5357 ar-

314 5393 563 5460 bitraris,
595 5400 744 5449 recte
771 5393 975 5448 dicitur
993 5393 1309 5465 mysterium
1337 5393 1481 5449 ﬁdei.
1506 5393 1621 5448 Non
1646 5394 1788 5449 enim
1813 5395 1907 5448 hu-

315 5500 480 5542 mano
505 5484 781 5541 intellectu
808 5484 1194 5555 comprehendi
1230 5492 1285 5539 et
1327 5483 1512 5539 subtili
1540 5485 1750 5539 ratione
1776 5500 1904 5555 per-

315 5578 480 5650 pendi
511 5577 674 5642 valet,
699 5576 795 5632 sed
828 5575 1092 5647 simplicis
1124 5576 1248 5633 ﬁdei
1287 5576 1633 5632 devotissima
1671 5578 1906 5647 puritate

317 5673 462 5743 capi.
493 5672 646 5730 Unde
673 5673 933 5729 Dominus
968 5673 1035 5728 de
1068 5674 1173 5731 hoc
1209 5681 1550 5729 sacramento
1584 5674 1904 5743 quibusdam

317 5762 603 5838 discipulis
631 5780 740 5821 non
762 5764 1108 5821 credentibus
1137 5766 1382 5838 loquens,
1410 5764 1489 5819 ait
1514 5779 1530 5818 :
1577 5762 1759 5829 Verba,
1786 5783 1904 5845 qua

2001 4573 2173 4629 Crede
2206 4586 2420 4628 mecum
2451 4579 2660 4627 tantum
2681 4613 2697 4639 ,
2726 4572 2854 4643 quia
2880 4571 3127 4629 Christus
3160 4574 3317 4632 nobis
3345 4578 3585 4647 quotidie

2001 4666 2358 4722 ministratur.
2408 4663 2657 4720 Christus
2708 4672 2795 4720 est
2838 4663 2989 4719 cibus
3018 4672 3073 4719 et
3113 4674 3272 4734 potus
3311 4668 3582 4726 Ecclesia.

2001 4756 2142 4812 Caro
2187 4758 2372 4822 cibus,
2427 4756 2649 4826 sanguis
2699 4764 2880 4825 potus.
2930 4755 3138 4824 Cujus?
3179 4758 3399 4816 Christi.
3449 4761 3585 4818 Audi

2001 4847 2180 4919 ipsum
2221 4847 2493 4903 dicentem
2542 4859 2556 4898 :
2607 4843 2721 4898 Hoc
2767 4853 2843 4899 est
2892 4861 3078 4917 carpus
3128 4864 3302 4903 meum
3351 4850 3585 4921 (Matth.

2002 4957 2157 5005 nix,
2202 4938 2335 5010 26),
2379 4944 2472 4991 et:
2508 4935 2622 5006 Ego
2660 4952 2777 4990 sum
2807 4937 2959 5007 panis
2984 4939 3102 4993 vitm
3133 4938 3325 5011 (Joan.
3362 4957 3445 5009 vr,
3472 4942 3584 5013 48).

2007 5029 2122 5085 Hoc
2146 5030 2302 5113 facite
2320 5028 2375 5081 in
2393 5044 2561 5080 meam
2583 5030 3122 5089 commemorationem
3140 5031 3291 5104 (Luc.
3319 5049 3450 5101 xx",
3475 5034 3583 5106 19).

2005 5121 2120 5176 Hoc
2146 5134 2277 5189 ergo
2306 5117 2602 5188 agendum,
2632 5116 2737 5172 hoc
2765 5115 3212 5188 frequentandum
3246 5126 3589 5179 commenda-

2004 5211 2084 5265 vit
2138 5208 2428 5272 Ecclesiae,
2478 5221 2757 5276 quousque
2806 5209 2990 5264 veniat
3046 5210 3099 5265 in
3154 5210 3317 5266 ﬁnem
3372 5214 3586 5280 saeculi,

2006 5300 2223 5372 quando
2242 5301 2345 5354 erit
2375 5308 2688 5354 sanctorum
2721 5301 2967 5371 requies;
2993 5317 3100 5357 non
3129 5302 3305 5358 adhuc
3332 5303 3387 5359 in
3410 5319 3592 5359 sacra-

2006 5404 2225 5460 mento,
2256 5408 2364 5466 quo
2399 5393 2453 5448 in
2501 5393 2603 5447 hoc
2636 5400 2880 5464 tempore
2925 5395 3269 5450 consociatur
3310 5395 3551 5452 Ecclesia
3572 5435 3591 5465 ,

2006 5487 2244 5558 quandiu
2274 5486 2493 5551 bibitur,
2519 5486 2660 5554 quod
2686 5486 2753 5540 de
2778 5485 2979 5543 Christi
3013 5485 3182 5543 latere
3206 5489 3464 5555 manavit,
3495 5489 3594 5546 sed

2006 5587 2189 5634 tamen
2219 5579 2275 5633 in
2313 5578 2428 5649 ipsa
2458 5576 2790 5649 perfectione
2825 5577 3013 5631 salutis
3043 5586 3292 5646 mternce,
3320 5596 3444 5635 cum
3478 5591 3594 5637 tra-

2006 5673 2162 5729 detur
2192 5687 2417 5743 regnum
2461 5671 2569 5725 Deo
2612 5668 2791 5734 Patri,
2824 5676 2884 5723 ut
2916 5669 3103 5725 in'illa
3141 5673 3426 5745 perspicua
3464 5689 3593 5731 con-

2006 5765 2353 5837 templatione
2375 5761 2831 5843 incommutabilis
2860 5763 3107 5847 veritatis
3138 5765 3299 5857 nuilis
3322 5769 3592 5842 mysteriis
