4038 6354
519 347 656 438 109i

519 514 794 574 egeamus.
829 497 950 554 Noli
993 497 1173 566 itaque
1204 495 1460 561 diuidere,
1495 511 1672 566 neque
1709 494 1942 562 difﬁteri,
1975 509 2098 549 cum
2126 473 2178 553 Α

520 594 702 651 cernis
731 600 1032 647 creaturam
1067 590 1222 659 panis
1263 597 1318 642 et
1347 589 1457 642 viui
1482 589 1547 642 de
1584 586 1914 657 simplicibus
1947 595 2104 640 terrae

518 685 763 758 frugibus
806 692 1096 752 sumptam.
1143 683 1357 737 Intuere
1401 681 1847 751 omnipotentiam
1898 681 1996 735 Dei
2047 688 2104 733 et

519 779 731 836 Domini
766 777 944 832 nostri
961 775 1093 830 Jesu'
1117 774 1340 839 Christi,
1365 775 1455 844 qui
1485 789 1681 843 corpus
1709 781 1763 826 et
1785 773 2101 844 sanguinem

518 887 674 928 mn
705 869 820 924 solo
854 875 986 922 nutu
1017 865 1174 922 efﬁcit
1214 867 1330 920 sine
1362 851 1542 936 aliqua
1568 857 1726 919 'mora
1757 879 1820 918 ex
1865 865 1966 918 eis.
1996 861 2102 918 Sed

517 979 627 1018 non
675 963 791 1016 sine
835 975 1000 1015 causa
1051 959 1136 1030 agi
1181 958 1344 1015 debes
1375 959 1624 1016 credere.
1671 957 1886 1026 quando
1919 956 2103 1010 vinum

505 1064 656 1125 aqua
701 1055 922 1109 mistum
964 1050 1144 1108 offerri
1169 1053 1338 1108 vides.
1379 1053 1454 1107 De
1492 1052 1664 1106 latere
1696 1051 1837 1105 enim
1875 1049 2100 1116 Christi,

516 1149 607 1219 qui
651 1149 777 1202 vitis
814 1157 900 1202 est
940 1163 1099 1212 vera,
1133 1147 1348 1216 quando
1393 1146 1712 1201 transfixum
1763 1154 1846 1200 est
1891 1145 2098 1209 lancea,

515 1253 654 1310 arma
689 1255 812 1294 cum
846 1239 1108 1309 sanguine
1143 1246 1227 1293 est
1259 1253 1498 1309 egressa.
1541 1238 1632 1293 Ille
1667 1238 1884 1307 sanguis
1927 1239 1980 1292 in
2017 1254 2102 1293 rei

515 1334 826 1389 missionem
876 1330 1178 1402 peccatoris
1223 1331 1377 1386 fusus
1413 1340 1515 1386 est.
1547 1329 1702 1400 Aqua
1736 1331 1825 1385 illa
1866 1329 2102 1385 satutare

517 1430 784 1492 temperat
804 1421 1074 1492 poculum.
1102 1420 1228 1475 Haec
1261 1429 1315 1474 et
1343 1420 1617 1476 lavacrum
1649 1427 1888 1490 przestat,
1925 1427 1980 1474 et
2009 1435 2103 1489 po-

520 1522 653 1568 tum.
693 1511 817 1566 Haec
848 1520 974 1566 sunt
1007 1501 1152 1566 enim
1176 1519 1512 1566 sacramenta
1538 1511 1812 1576 Ecclesize,
1843 1511 1961 1566 sine
1984 1509 2103 1580 qui-

517 1603 618 1658 bus
653 1603 720 1657 ad
757 1617 938 1657 veram
962 1591 1128 1656 vitam
1149 1617 1254 1656 non
1291 1594 1548 1666 intratur,
1564 1601 1688 1670 quia
1710 1600 1874 1655 nimia
1900 1601 2103 1671 pietate

519 1703 574 1750 et
618 1709 803 1750 amore
852 1693 1151 1764 timoreque
1199 1707 1400 1764 magno
1438 1694 1641 1763 agenda
1671 1701 1832 1760 sunt,
1865 1703 1920 1748 et
1961 1693 2102 1748 seei-‘-

515 1785 738 1854 pienda.
773 1785 982 1840 Accede
1035 1784 1262 1839 ﬁdeliter
1311 1785 1378 1840 ad
1413 1785 1558 1851 hcce,
1605 1785 1737 1839 nihil
1784 1785 2101 1852 diseutiens,

1441 369 1955 439 FTALBINISEU
1993 374 2267 434 ALCUINI
2321 343 2824 434 ornauu'rAas
2861 376 2994 434 VIII.

3642 379 3791 438 1093

2325 493 2494 554 Agnus
2522 493 2798 541 honoranda
2822 504 2963 542 sacer
2987 491 3066 542 hic
3085 496 3324 544 mactatur
3345 497 3393 544 in
3418 507 3501 546 ara

2392 555 2600 602 (ia-ditur
2631 557 2676 604 in
2705 558 2894 616 partes';
2925 557 3144 614 partitus
3166 561 3326 606 mimis
3345 561 3491 607 inest.

2325 617 2570 680 liniuntur
2597 617 2719 664 alma
2740 629 2871 677 caro,
2900 618 3102 679 sattguis
3122 620 3403 680 bibiturque
3427 625 3663 673 sat-ritil-

2387 678 2589 740 Integer
2615 681 2721 739 ipse
2746 686 2907 728 tamen
2935 678 3068 741 vivit,
3099 682 3282 742 ubique
3304 678 3522 734 inanem.

2272 761 2403 818 VIII.
2445 757 2570 816 Il:cc
2599 770 2682 816 est
2716 762 2880 838 igitur
2909 762 3043 818 ﬁdes
3067 779 3187 816 mea
3209 773 3265 818 et
3288 781 3432 835 spes,
3461 783 3584 838 quae
3616 768 3670 823 in
3703 785 3796 829 me

2201 853 2341 910 dono
2377 853 2756 908 misericordia:
2783 835 2876 908 Dei
2903 862 3005 908 est.
3040 853 3145 909 Pro
3175 870 3279 924 qua
3306 835 3543 914 maxime
3568 871 3798 930 paratos

2201 965 2301 1003 nos
2329 963 2448 1003 esse
2474 947 2688 1014 debere,
2724 947 2912 1003 beatus
2951 947 3142 1004 Petrus
3168 951 3430 1022 praecipit,
3465 955 3532 1008 ad
3561 968 3792 1026 respon-

2202 1042 2432 1097 dendum
2459 1041 2604 1096 omni
2638 1042 2879 1111 poscenti
2915 1057 3012 1096 nos
3045 1043 3331 1098 rationem.
3369 1045 3495 1100 ﬂare
3524 1055 3614 1101 est
3642 1056 3796 1103 certe

2202 1133 2364 1200 ﬁdes,
2393 1151 2554 1205 (piam
2589 1134 2748 1189 corde
2782 1143 2966 1202 teneo,
3000 1151 3094 1190 ore
3119 1136 3543 1206 profiteor,cum
3576 1139 3682 1194 hac
3713 1142 3794 1195 vi-

2205 1241 2330 1282 vere
2364 1243 2450 1282 me
2483 1235 2643 1296 opto,
2679 1241 2802 1280 cum
2837 1227 2950 1297 ipsa
2983 1231 3108 1281 ante
3145 1228 3378 1282 tribunal
3417 1228 3626 1284 Christi
3657 1231 3796 1286 assi-

2202 1328 2366 1375 stere.
2407 1319 2512 1374 Per
2547 1320 2686 1374 hanc
2730 1335 2760 1373 a
2799 1320 3034 1390 peccatis
3067 1321 3204 1375 meis
3237 1321 3442 1376 absolvi
3481 1337 3574 1380 me
3603 1325 3789 1380 unde.

2203 1412 2330 1467 Haec
2359 1419 2422 1466 n-t
2451 1412 2504 1465 in
2529 1426 2616 1466 me
2634 1452 2648 1478 ,
2671 1411 2812 1482 quod
2836 1412 3033 1467 bonum
3063 1421 3168 1480 est,
3195 1428 3294 1484 per
3315 1415 3682 1471 humilitatem
3709 1417 3792 1472 ἃ

2203 1503 2596 1574 lectionemque
2630 1518 2842 1573 semper
2873 1519 3045 1573 usque
3077 1505 3132 1560 in
3167 1504 3330 1561 ﬁnem
3357 1517 3634 1578 operante,
3661 1521 3794 1582 opto

2201 1595 2578 1660 vehementer,
2613 1602 2670 1648 et
2708 1594 2918 1648 Domini
2952 1596 3385 1652 misericordiam
3410 1587 3626 1670 precer.
3661 1602 3792 1659 liae

2204 1682 2338 1738 ﬁdes
2358 1692 2441 1738 est
2463 1682 2688 1738 baculus
2717 1682 3047 1739 defensionis
3071 1701 3234 1752 meae,
3258 1703 3366 1757 quo
3391 1690 3620 1746 callidos
3640 1702 3696 1747 et
3718 1695 3789 1750 si-

2202 1775 2500 1830 mulateres
2533 1775 2588 1830 in
2618 1774 2802 1845 lingua
2838 1774 3028 1830 feriam
3060 1775 3358 1846 falsidicos,
3380 1783 3474 1851 qui
3509 1784 3788 1856 nobis”:

517 1877 642 1946 quia
681 1877 993 1948 mysterium
1042 1884 1126 1932 est
1162 1875 1303 1931 fidei.
1340 1875 1548 1932 Accede
1589 1883 1809 1947 pacate,
1847 1878 1979 1946 «piis.
2006 1895 2098 1934 sa.-
2129 1863 2178 1925 B
2201 1872 2344 1926 viam
2369 1871 2530 1941 hujus
2547 1871 2726 1927 saeculi
2755 1873 3156 1929 transeuntibus
3181 1875 3526 1932 insidiantur.
3563 1878 3680 1936 Hoc
3703 1889 3788 1936 est

515 1975 852 2021 cramentum
875 1974 960 2021 est
982 1967 1203 2022 unitatis
1243 1986 1255 2020 :
1291 1967 1396 2022 fide
1420 1976 1476 2022 et
1514 1979 1678 2039 opere
1701 1969 1884 2024 unitus
1907 1983 1968 2025 es-
1986 1986 2100 2026 mai-

516 2059 584 2112 tri
631 2058 906 2126 Ecclesiae.
954 2057 1068 2114 Hoc
1115 2068 1293 2115 autem
1343 2061 1556 2132 signant
1602 2061 1762 2131 panis
1804 2077 1874 2116 ex
1917 2063 2098 2119 multis

513 2150 716 2221 granis,
746 2159 801 2204 et
823 2151 1010 2206 vinum
1043 2167 1107 2206 ex
1140 2153 1322 2206 multis
1355 2153 1546 2208 acinis.
1582 2153 1792 2209 Accede
1821 2169 1948 2208 cum
1971 2170 2096 2226 gras-

515 2243 716 2299 ttarum
739 2245 968 2309 actione,
995 2245 1118 2314 quia
1142 2246 1460 2316 mysmrium-
1477 2255 1560 2301 est
1585 2247 1884 2302 churitatis.

587 2331 696 2386 VII.
737 2331 882 2385 Illius
925 2333 1082 2402 panis
1117 2341 1172 2386 et
1212 2333 1396 2388 salicis
1438 2333 1642 2388 oblatio
1677 2336 1872 2391 mortis
1895 2335 2097 2392 Christi

517 2428 604 2477 est
631 2423 1074 2476 commemoratio
1099 2431 1154 2478 et
1183 2424 1537 2478 annuntiatio.
1564 2424 1696 2491 Quae
1713 2441 1819 2480 non
1851 2434 1960 2482 tam
1986 2441 2099 2480 vcr-

517 2514 602 2570 bis
620 2529 783 2585 quam
807 2515 1080 2586 mysteriis
1102 2516 1232 2586 ipsis
1255 2517 1448 2588 agitus,
1475 2532 1572 2588 per
1591 2533 1708 2588 qua:
1729 2519 1930 2574 nostris
1949 2513 2097 2574 inen-

516 2606 656 2662 tibns
680 2621 825 2662 mors
847 2607 934 2661 illa
954 2609 1186 2679 pretiosa
1210 2609 1368 2665 altius
1387 2620 1441 2664 et
1462 2610 1653 2666 fortius
1670 2613 2092 2667 commendatur.

511 2695 636 2750 Ideo
659 2696 764 2750 hoc
791 2707 1186 2753 sacramentum
1212 2699 1341 2754 disci
1349 2700 1488 2770 pul'm
1507 2701 1753 2756 ultimum
1779 2703 2015 2768 tradidit,
2037 2712 2098 2758 ut

512 2788 789 2842 memorias
811 2797 972 2844 tantm
992 2790 1294 2856 eharitatis,
1317 2805 1422 2861 qua
1443 2807 1542 2847 nos
1562 2792 1640 2846 sic
1660 2793 1876 2859 amavit,
1900 2793 1980 2847 sic
1997 2793 2098 2848 sat-

511 2879 677 2944 vavit,
712 2879 926 2934 illorum
960 2888 1017 2936 et
1043 2883 1244 2938 nostris
1277 2882 1549 2939 motibus
1573 2884 1732 2938 altius
1756 2884 2093 2954 imprimere-

512 2976 619 3023 tur.
647 2968 857 3024 Accede
879 2979 1030 3025 casto
1066 2978 1122 3027 et
1154 2973 1355 3028 mundo
1384 2974 1564 3028 corde.
1600 2972 1659 3028 Si
1693 2975 1934 3030 cecinisti
1966 2991 2092 3045 θυαε

510 3062 669 3126 viter,
703 3062 748 3116 si
772 3062 950 3117 adhuc
972 3061 1222 3119 affectum
1257 3065 1514 3134 peccandi
1549 3065 1743 3130 habes,
1769 3082 1866 3136 age
1890 3067 2095 3124 fruetus

513 3154 702 3220 dignos
730 3155 1078 3223 paenitentiae.
1114 3155 1307 3211 Munda
1333 3147 1481 3226 prius
1518 3160 1925 3215 conscientiam.
1959 3161 2094 3216 Cra-

2199 1969 2411 2016 scutum
2446 1977 2658 2028 meum,
2693 1977 2802 2032 quo
2834 1972 3098 2019 venenata
3131 1965 3388 2022 animalia
3415 1976 3471 2023 et
3502 1970 3786 2042 pestium

2198 2049 2266 2104 de
2293 2051 2543 2106 cavernis
2577 2060 2925 2123 erumpentes
2964 2053 3224 2112 bestiolas
3253 2057 3514 2128 repellere
3550 2062 3788 2130 valenti,-

2197 2155 2262 2197 ao
2293 2143 2490 2208 vitare,
2525 2157 2608 2224 ne
2627 2141 2841 2213 aliquod
2870 2160 2923 2198 ιιι
2954 2159 3041 2201 me
3063 2155 3258 2228 patens
3275 2149 3610 2218 membrum,
3639 2161 3696 2208 et
3719 2154 3784 2212 de

2195 2244 2529 2306 pmtectiooe
2576 2236 2701 2292 ﬁdei
2737 2239 2969 2304 nudum,
3020 2239 3232 2297 framea.
3259 2243 3525 2310 hostium,
3555 2262 3688 2316 μ
3719 2248 3782 2304 ad

2196 2324 2522 2382 seviendum
2555 2327 2874 2395 destinatur,
2906 2329 3165 2385 inveniat.
3202 2331 3301 2388 Hie
3334 2343 3524 2390 uesta
3551 2335 3782 2402 Rhenus,

2195 2413 2285 2470 hic
2318 2414 2484 2488 ξιξ
2511 2416 2632 2473 fidei
2670 2435 2804 2475 mem
2839 2420 3160 2489 thesaurus,-
3201 2439 3364 2495 quem
3408 2428 3463 2482 in
3506 2429 3783 2486 ωωω

2195 2505 2451 2562 Ecclesia:
2486 2524 2616 2579 agro
2635 2510 2770 2566 bene
2796 2511 2942 2567 culto
2964 2515 3160 2585 reperi.
3190 2515 3316 2572 Haec
3336 2526 3428 2573 est
3441 2517 3602 2586 ﬁdes,
3621 2537 3780 2593 quan

2195 2593 2250 2650 in
2285 2597 2404 2652 sinu
2435 2601 2624 2655 matris
2648 2601 2902 2659 Ecclesia:
2936 2619 3024 2660 me
3057 2605 3259 2663 Christi
3286 2609 3462 2679 gratia
3490 2611 3696 2678 decidt,
3730 2622 3778 2669 et

2195 2687 2337 2746 hanc
2357 2693 2488 2748 mihi
2509 2709 2540 2748 a
2563 2702 2802 2766 tempore
2827 2697 3082 2768 baptismi
3102 2713 3317 2772 semper
3339 2716 3542 2774 augere
3563 2705 3778 2776 dignate

2194 2792 2295 2838 est.
2333 2784 2424 2842 Sic
2450 2803 2636 2844 coram
2658 2791 2770 2848 Deo
2803 2794 3104 2861 credimus,
3143 2796 3224 2852 sic
3256 2811 3440 2853 coram
3473 2800 3778 2859 homiﬂu

2193 2875 2353 2933 labiis
2374 2879 2714 2948 conﬁtemur,
2741 2893 2802 2939 ut
2828 2892 2884 2940 et
2903 2885 3214 2943 hominibus
3236 2890 3478 2960 cognitio
3498 2899 3598 2947 sita
3623 2892 3776 2950 ﬁdem

2193 2966 2378 3035 faciat,
2408 2979 2463 3026 et
2486 2972 2594 3027 Deo
2631 2973 2808 3045 imago
2845 2991 2940 3032 sua
2982 2979 3350 3036 testimonium
3389 2982 3604 3040 reddat.
3637 2985 3776 3044 Haec

2196 3056 2252 3112 in
2274 3061 2461 3115 statuti
2491 3061 2668 3133 legem
2699 3073 2774 3131 tu,
2807 3067 2880 3120 mi
2903 3066 3136 3136 Christe,
3163 3071 3324 3127 unica
3343 3087 3490 3143 spes,
3524 3084 3582 3132 et
3609 3077 3777 3134 villas

2195 3154 2386 3210 salutis
2420 3172 2583 3224 metu,
2627 3168 2849 3232 protege
2884 3161 3116 3234 semper,
3149 3173 3310 3236 atque
3334 3169 3576 3236 utendi,
3601 3187 3674 3227 ne
3695 3172 3775 3228 illi

510 3245 626 3298 vari
670 3220 870 3316 poteris
890 3285 910 3311 ,-
950 3261 1058 3302 non
1099 3220 1396 3316 sublevari,
1429 3251 1474 3306 si
1515 3251 1820 3308 immundus
1860 3256 2088 3312 accedis.
2121 3220 2168 3286 ο
2196 3247 2520 3307 ἀυῐὶεδὶηἱιιε
2544 3253 2726 3323 Pl”me
2753 3263 2812 3310 et
2829 3265 2924 3313 re!
2951 3256 3278 3317 contum
3297 3277 3596 3334 ιυιᾳιιη
3617 3268 3775 3325 corde

514 3331 686 3390 Tanta
715 3345 799 3391 est
825 3337 996 3393 virtus
1017 3338 1175 3408 hujus
1203 3342 1473 3409 sacriﬁcii,
1514 3352 1572 3398 ut
1605 3345 1732 3400 solis
1748 3344 1908 3413 justis
1940 3347 2091 3422 [non]

511 3427 887 3496 peccatoribus
917 3445 1114 3501 corpus
1152 3433 1223 3487 sit
1262 3443 1316 3488 et
1358 3437 1576 3506 sanguis
1616 3436 1836 3492 Christi.
1876 3439 2096 3496 Mundat

510 3527 758 3588 peccata,
788 3520 903 3576 sine
930 3523 1123 3592 quibus
1151 3524 1265 3579 haec
1302 3526 1409 3580 vita
1438 3527 1619 3598 peragi
1661 3544 1767 3583 non
1810 3539 2004 3599 potest.
2049 3531 2094 3588 Ο

514 3620 910 3666 sacramentum
950 3613 1196 3684 pietatis!
1236 3615 1370 3682 Quia
1409 3616 1650 3672 Christus
1693 3621 1963 3689 prtescivit
1995 3637 2094 3677 nos

511 3707 827 3771 peccaturos
851 3712 972 3772 post
1005 3704 1167 3770 illam,
1201 3720 1303 3774 qua
1330 3721 1427 3761 nos
1449 3707 1694 3774 redemit,
1718 3709 2088 3778 salvatioucm,

509 3789 806 3846 instituitur
831 3794 930 3848 hoc
961 3794 1226 3850 ineffabile
1250 3807 1644 3852 sacramentum
1662 3840 1678 3865 ,
1711 3799 1862 3868 cujus
1889 3804 2090 3858 sancti-

509 3879 758 3940 ficatione
807 3888 924 3942 sine
969 3887 1366 3945 intermissione
1409 3892 1770 3962 expiaremur.
1815 3892 1938 3949 Ideo
1973 3896 2092 3964 qui-

509 3969 735 4031 busdam
765 3980 1012 4046 provenit
1037 3980 1104 4034 ad
1135 3981 1506 4035 remissionem
1531 3993 1899 4052 peccatorum,
1933 3995 1989 4040 et
2022 3985 2091 4041 ad

509 4077 854 4138 augmentum
888 4071 1143 4124 virtutum
1183 4091 1194 4125 :
1227 4073 1546 4142 quibusdam
1577 4076 1642 4129 ad
1669 4075 1858 4143 judicii
1880 4078 2090 4147 pondus

505 4165 561 4209 et
582 4158 870 4211 rnaxixham
916 4162 1288 4228 perditionem.
1315 4162 1526 4230 Accede
1556 4177 1866 4220 reverenter
1889 4176 1942 4221 et
1967 4184 2090 4223 cum

507 4255 738 4301 tremore
766 4249 950 4316 multo,
977 4252 1101 4321 quia
1127 4269 1234 4307 non
1268 4253 1428 4321 aliud,
1459 4255 1551 4309 sed
1575 4255 1822 4312 Christus
1843 4258 2003 4312 datur
2023 4257 2088 4313 ad

507 4339 956 4396 manducandum.
1004 4343 1080 4397 Ne
1131 4346 1354 4412 timeas,
1394 4362 1514 4401 cum
1560 4347 1726 4403 Deum
1772 4351 2084 4406 manducas.

505 4427 622 4500 Ipse
649 4435 920 4503 praecepit.
951 4434 1082 4489 Cum
1105 4437 1352 4493 Christus
1373 4441 1744 4509 manducatur,
1774 4445 1903 4513 quid
1922 4444 2083 4512 aliud,

507 4526 666 4590 quam
714 4523 820 4576 vita
862 4525 1248 4580 manducatur?
1289 4527 1343 4584 Si
1392 4533 1744 4587 manducutur
1775 4535 1912 4601 vita,
1961 4536 2081 4602 hoc,

506 4609 650 4681 quod
677 4626 779 4664 non
803 4614 1046 4680 moritur,
1072 4617 1259 4685 procul
1289 4618 1449 4674 dubio
1475 4624 1844 4678 inamhicatur.
1872 4625 2086 4683 Accede

505 4693 755 4755 credulus
789 4705 1134 4760 et'mundus.
1183 4707 1440 4763 Manduca
1483 4711 1646 4765 vitam
1671 4754 1684 4778 ,
1732 4714 1854 4770 bibe
1896 4717 2080 4773 vitam.

507 4789 658 4846 Tunc
676 4800 851 4846 autem
885 4793 985 4848 hoc
1010 4797 1130 4860 erit,
1168 4798 1344 4865 idest,
1378 4801 1488 4854 vita
1521 4802 1810 4874 unicuique
1841 4806 1944 4860 erit
1969 4823 2086 4862 cor-

503 4898 603 4954 pus
630 4893 682 4938 et
712 4887 927 4957 sanguis
949 4887 1170 4956 Christi,
1205 4893 1250 4947 si
1285 4897 1426 4964 quod
1463 4896 1516 4951 in
1545 4912 1882 4955 sacramento
1902 4902 2087 4957 visibi-

501 4975 626 5030 liter
662 4977 908 5043 sumitur,
935 4981 988 5034 in
1023 4981 1132 5052 ipsa
1157 4985 1382 5042 veritate
1406 4989 1756 5058 spiritualiter
1790 4995 2084 5049 manduce-

501 5075 612 5133 tur,
649 5070 1000 5140 spiritualiter
1032 5074 1264 5131 bibatur.
1304 5077 1434 5135 Illud
1467 5081 1648 5137 bibere
1685 5084 1816 5152 quid
1858 5093 1940 5139 est
1979 5087 2084 5142 nisi

500 5160 720 5216 vivere?
746 5162 874 5216 Illud
908 5167 1254 5234 manducare,
1283 5169 1431 5226 refici
1457 5183 1559 5227 est.
1587 5172 1690 5228 Sed
1714 5176 1792 5228 sic
1825 5175 2080 5244 reﬁceris,

500 5259 560 5305 ut
585 5268 690 5306 non
719 5252 962 5321 deficiat,
997 5259 1138 5313 unde
1173 5260 1430 5316 reficeris.
1465 5264 1694 5320 Habebis
1720 5267 1866 5320 enim
1892 5269 2078 5336 vitam,

501 5348 556 5394 et
581 5341 788 5414 integra
809 5353 893 5401 est
914 5347 1041 5402 vita.
1069 5347 1291 5418 Suscipe
1314 5349 1593 5408 Dominum
1615 5354 1797 5410 Jcsum
1822 5366 1913 5412 tuo
1934 5373 2084 5412 men-

469 5432 570 5506 .tis
605 5433 857 5505 hospitio.
901 5437 1002 5493 Ubi
1043 5454 1240 5510 corpus
1271 5440 1404 5510 ejus,
1443 5443 1513 5496 ibi
1551 5443 1808 5502 Christus
1829 5459 1912 5503 est
1933 5462 2079 5504 vere.

503 5519 637 5580 Hinc
658 5527 874 5596 quidam
903 5530 1035 5583 tanti
1059 5532 1301 5602 mysterii
1323 5534 1676 5591 admiratione
1699 5547 1753 5592 et
1775 5555 1964 5596 amore
1974 5541 2085 5612 ple-

502 5633 603 5673 nus
631 5619 730 5673 hos
760 5619 928 5674 edidit
956 5621 1249 5678 versiculos

625 5747 670 5799 Θ
687 5762 780 5818 res
797 5753 920 5803 mira
943 5751 1108 5804 ulnis!
1137 5755 1258 5815 Quis
1278 5755 1424 5818 huius
1447 5765 1658 5809 comere

687 5811 858 5863 Intima
884 5818 1122 5878 mysterii,
1147 5811 1276 5880 quod
1300 5811 1447 5872 Jésus
1472 5811 1720 5876 instituit"!

2197 3355 2324 3396 meo
2341 3343 2614 3414 surripiat.

2267 3433 2356 3488 IX.
2404 3435 2460 3490 In
2504 3451 2612 3506 quo
2649 3440 2900 3496 videlicet
2944 3442 3072 3499 ﬁdei.
3116 3451 3254 3502 mea
3300 3449 3574 3518 omnia,
3625 3453 3774 3523 «μαι

2193 3528 2380 3598 pietati
2422 3538 2527 3586 tua
2553 3532 2756 3601 offero,
2787 3535 2832 3590 si
2861 3537 3040 3594 minus
3067 3540 3242 3610 perite
3277 3552 3372 3596 aut
3391 3557 3590 3612 parum
3616 3556 3774 3604 caute

2194 3622 2427 3690 positum
2453 3633 2538 3679 est
2571 3625 2770 3696 aliquid
2792 3667 2806 3689 .
2831 3644 2900 3684 ne
2925 3632 3206 3702 respicias,
3237 3645 3446 3705 quae,
3474 3643 3684 3694 tam
3709 3643 3773 3698 ad

2193 3712 2264 3777 id,
2289 3715 2432 3784 quod
2454 3716 2583 3782 disi,
2619 3725 2674 3772 tu
2699 3719 2975 3790 inspector
3001 3725 3272 3791 eordium,
3311 3737 3574 3798 qnaan
3602 3733 3676 3787 ad
3699 3734 3768 3798 id,

2193 3809 2344 3877 quod
2365 3809 2548 3866 dicere
2571 3813 2734 3867 volui.
2780 3814 2858 3869 Tu
2889 3818 3030 3882 scis,
3049 3818 3308 3888 Domine,
3335 3833 3500 3891 quem
3527 3825 3602 3879 nit
3625 3825 3768 3892 latet,

2192 3915 2355 3969 quam
2392 3918 2528 3972 pure
2572 3914 2632 3960 et
2666 3905 2898 3962 ﬁdeliter
2923 3912 3125 3976 omnia,
3152 3908 3278 3983 quas
3310 3915 3378 3970 ad
3414 3917 3770 3976 rectissimam

2191 3992 2505 4048 orthodoxae
2534 3991 2660 4049 fidei
2696 4012 2946 4052 normam
2989 4001 3286 4070 pertinent,
3333 4012 3394 4058 et
3424 4003 3652 4064 credere
3684 4023 3771 4066 eo»

2191 4096 2306 4136 ram
2336 4091 2390 4136 te
2416 4123 2430 4150 ,
2476 4091 2529 4139 et
2553 4086 2804 4142 conﬁteri
2845 4103 3027 4145 coram
3055 4092 3298 4152 Ecclesia
3342 4105 3438 4152 tua
3472 4108 3664 4156 sancta
3701 4116 3768 4157 ex

2191 4179 2304 4226 toto
2331 4175 2494 4229 corde
2521 4175 2788 4234 desidero.
2851 4179 2974 4236 Hinc
3002 4185 3251 4253 quidem,
3282 4201 3405 4259 qum
3432 4190 3500 4245 de
3526 4207 3646 4248 mea
3668 4192 3770 4249 ﬁde

2190 4263 2409 4334 digessi,
2439 4267 2482 4321 si
2513 4276 2658 4323 recte
2687 4286 2744 4327 se
2773 4272 2991 4340 habent,
3009 4277 3124 4343 tibi,
3149 4280 3234 4334 cui
3260 4282 3543 4350 debentur,
3571 4287 3768 4356 gratias

2190 4355 2376 4411 reddo.
2419 4357 2475 4413 Si
2505 4361 2649 4414 enim
2679 4363 2906 4420 nihilex
2939 4366 3096 4424 nobis
3125 4368 3254 4424 boni
3280 4380 3394 4438 est,
3439 4355 3768 4432 nihililasdis

2189 4461 2254 4501 ex
2299 4451 2503 4507 nostris
2535 4452 2690 4508 bonis
2730 4456 2862 4512 dare
2909 4459 3068 4515 nobis
3107 4461 3385 4519 debemus.
3438 4463 3592 4534 Quod
3619 4469 3665 4524 si
3697 4485 3766 4524 ex
3827 4504 3832 4506 -

2189 4547 2244 4594 te
2268 4551 2462 4598 cuncta
2491 4554 2616 4600 sunt
2635 4547 2798 4614 bona,
2829 4550 2921 4620 qui
2947 4551 3102 4608 satus
3129 4568 3194 4608 es
3229 4555 3580 4622 honls,.tibi
3621 4569 3766 4617 certe

2188 4641 2273 4688 est
2292 4649 2474 4700 omne,
2500 4637 2644 4706 quod
2675 4654 2795 4696 esse
2831 4650 3036 4711 potest,
3070 4645 3274 4700 bonum
3303 4645 3664 4706 referendum.
3703 4651 3761 4712 Si

2187 4739 2318 4779 vero
2363 4726 2542 4797 aliqua
2571 4743 2630 4784 re
2671 4745 2714 4784 αι
2745 4731 2873 4787 ﬁdei
2904 4734 3088 4805 resilla
3125 4735 3266 4792 forte
3293 4738 3607 4796 discordant
3639 4744 3761 4810 ista,

2189 4831 2308 4884 «ptas
2334 4819 2526 4887 posui,
2564 4836 2594 4874 a
2640 4823 2818 4879 servis
2839 4825 2952 4896 tuis
2975 4824 3210 4882 dominis
3230 4830 3366 4885 meis
3397 4839 3622 4900 paratus
3642 4847 3762 4888 sum

2188 4907 2485 4963 emendari.
2523 4909 2640 4966 Non
2670 4911 2743 4966 ita
2769 4929 2888 4970 sum
2906 4925 3118 4972 amator
3147 4919 3270 4983 mei,
3298 4927 3360 4975 ut
3383 4935 3448 4976 ea
3468 4935 3590 4992 qum
3614 4923 3759 4981 dixe-

2189 4998 2312 5064 rim,
2344 5000 2554 5056 meliori
2597 5005 2880 5061 sententia:
2916 5007 3178 5077 prmfcne
3209 5015 3556 5069 contendam.
3593 5014 3758 5072 Nemo

2184 5098 2270 5144 est
2321 5090 2607 5153 hreretieus
2629 5131 2644 5159 ,
2693 5095 2799 5150 nisi
2823 5099 3170 5156 contentione
3195 5101 3292 5157 fiat
3319 5105 3621 5162 attentions.
3658 5107 3759 5163 Ast

2185 5181 2276 5250 qui
2318 5185 2638 5252 reprehendi
2672 5202 2784 5242 non
2811 5190 3118 5258 erubescit,
3168 5209 3346 5264 neque
3373 5198 3572 5270 corrigi
3610 5198 3754 5252 detlie

2184 5282 2398 5343 gnatus,
2445 5287 2785 5346 nequaquam
2829 5279 2940 5335 dici
2974 5291 3150 5352 potest
3197 5285 3503 5342 haereticis.
3565 5287 3664 5342 Sed
3703 5296 3758 5342 te

2186 5376 2346 5431 rogo,
2375 5364 2658 5420 doctorum
2689 5369 2896 5437 doctor,
2949 5371 3194 5437 Domine,
3242 5386 3302 5431 ut
3329 5377 3377 5432 si
3416 5380 3516 5433 tibi
3557 5377 3754 5448 alitpid

2182 5455 2268 5509 vel
2292 5457 2347 5510 in
2367 5457 2530 5514 corde
2556 5469 2678 5515 meo
2700 5461 2784 5517 vel
2815 5464 2870 5518 in
2894 5464 3054 5521 dictis
3079 5467 3148 5523 de
3187 5467 3292 5524 ﬁde
3320 5484 3448 5525 mea
3485 5471 3752 5540 displicet,

2181 5555 2239 5603 tu
2263 5551 2532 5622 praicipuc
2563 5557 2844 5623 emendes,
2864 5565 2924 5613 tu
2951 5561 3172 5628 doceas,
3205 5564 3380 5620 virtus
3407 5574 3470 5622 et
3493 5566 3753 5637 sapiens:

2177 5639 2374 5696 Patris.
2399 5642 2476 5696 Tu
2494 5659 2579 5699 me
2601 5648 2896 5704 secundum
2922 5653 3252 5720 promissum
3276 5664 3430 5711 tuum
3459 5657 3512 5712 in
3539 5671 3748 5712 omnem

2177 5735 2344 5789 ducas
2374 5736 2656 5792 veritatem
2682 5780 2696 5806 ,
2741 5754 2839 5810 per
2864 5739 3124 5812 Spiritum
3163 5755 3414 5802 manu
3440 5757 3618 5812 tau,
3652 5747 3748 5816 qui

2175 5823 2333 5881 docet
2361 5819 2476 5884 sibe
2495 5830 2724 5901 strepitu
2748 5832 3032 5889 verborum
3063 5850 3249 5894 servos
3283 5853 3430 5897 suos.
3474 5839 3553 5896 Tu
3583 5837 3744 5902 nosti.
