4038 6354
546 313 686 369 1095

1338 312 1501 373 BIF.
1538 313 1786 381 fALBlNl
1826 314 1959 372 SEU
1996 311 2271 373 ALCUINI
2322 311 2606 370 OPERUM
2638 310 2817 368 PARS
2856 310 2987 370 VIII.

3657 312 3814 371 £096

544 434 599 480 et
625 424 869 498 indignos
895 434 1009 483 tam
1033 428 1215 484 multis
1253 428 1702 484 miserationibus.
1756 430 1977 485 lnfunde
2004 444 2116 486 coe-
2142 440 2186 498 Α
2215 427 2582 491 committere;
2610 426 2675 481 de
2697 425 3077 496 temporalibus
3095 440 3195 481 nec
3213 425 3558 497 gauderenec
3574 425 3808 499 lugere;

546 516 671 572 litus
698 517 949 574 cordibus
976 522 1177 575 nostris
1198 519 1458 590 Spiritum
1489 529 1634 575 tuum
1654 530 1923 587 sanctum,
1952 532 2007 577 et
2034 522 2117 575 lac

545 626 645 666 nos
672 620 879 666 tantum
909 614 1224 684 mysterium
1253 624 1309 669 et
1337 614 1632 685 intelligere
1659 623 1715 669 et
1746 615 2016 681 revereri,
2045 615 2118 669 si-

545 714 635 760 cut
667 715 880 776 oportet
921 715 977 762 et
1020 708 1193 764 decet.
1265 708 1373 763 Fac
1399 724 1497 763 nos
1538 708 1911 762 celsitudinem
1953 716 2118 762 tantae

545 798 822 868 dignitatis
849 799 952 870 piis
978 800 1189 856 actibus
1218 809 1276 856 et
1300 801 1456 856 bonis
1486 800 1727 855 moribus
1754 799 1997 870 adipisci.
2038 799 2116 854 Da

545 890 700 945 nobis
728 900 1163 963 perseverantem
1190 894 1244 948 in
1276 902 1364 949 tua
1386 894 1660 949 voluntate
1686 892 2033 948 famulatum:
2063 902 2119 948 et

546 982 612 1036 da
641 981 796 1038 nobis
827 982 1041 1037 tandem
1067 983 1204 1037 bona
1225 992 1337 1049 tua,
1370 1000 1489 1053 qua:
1513 983 1825 1054 prteparasti
1845 982 2117 1053 diligenti-

545 1072 645 1128 bus
663 1081 733 1128 te.
759 1073 899 1129 Deus
914 1073 1214 1140 ineﬁ‘abilis,
1238 1084 1292 1129 et
1308 1074 1784 1144 incircumscripta:
1796 1080 2021 1139 naturas,
2038 1073 2119 1128 in-

544 1163 762 1217 stitutor
780 1164 1021 1217 omnium
1044 1162 1225 1219 rerum
1241 1206 1257 1231 ,
1280 1172 1334 1220 et
1357 1165 1563 1219 Domini
1584 1165 1751 1219 nostri
1771 1163 1897 1220 Iesu
1918 1164 2119 1220 Christi

545 1257 723 1323 Pater,
745 1259 836 1329 qui
860 1261 1106 1316 eumdem
1130 1260 1324 1316 Filium
1350 1269 1499 1316 tuum
1521 1261 1773 1316 dilectum
1789 1262 1855 1317 de
1876 1262 1995 1317 sinu
2025 1271 2117 1319 tuo

546 1346 739 1401 misisti
768 1348 834 1402 ad
863 1348 1134 1418 publicum
1164 1359 1405 1405 nostrum
1424 1391 1439 1416 ,
1479 1352 1753 1421 suscipere
1776 1361 2015 1408 nostram
2033 1355 2116 1409 vi-

546 1445 673 1503 tam,
703 1447 762 1492 ut
782 1439 934 1493 nobis
962 1439 1188 1494 donaret
1215 1457 1386 1507 suam,
1408 1450 1657 1512 essetque
1686 1441 1956 1511 perfectus
1976 1442 2119 1499 Deus

544 1543 611 1583 ex
635 1529 815 1595 Patre,
843 1538 898 1585 et
914 1530 1183 1601 perfectus
1204 1534 1363 1588 homo
1379 1550 1444 1588 ex
1474 1543 1665 1601 matre,
1702 1545 1846 1590 totus
1868 1535 2028 1603 Deus,
2063 1545 2119 1592 et

545 1626 690 1675 totus
716 1620 897 1687 homo,
914 1638 1052 1676 unus
1083 1622 1329 1693 idemque
1353 1623 1621 1691 Christus,
1647 1632 1881 1679 internus
1907 1635 1962 1680 et
1984 1635 2117 1680 tem-

544 1710 763 1780 poralis,
786 1710 1107 1771 immortalis
1132 1722 1187 1767 et
1210 1714 1521 1779 moriturus,
1554 1723 1770 1770 creator
1796 1726 1852 1770 et
1878 1726 2113 1782 creatus,

2219 531 2368 585 spem
2396 516 2447 569 in
2484 524 2535 567 te
2570 513 2683 568 solo
2708 529 2929 584 ponere.

2289 607 2426 662 XIV.
2456 606 2565 661 Fac
2592 622 2677 660 me
2698 606 2837 660 Deus
2864 621 3037 671 meus,
3065 622 3268 675 quaso,
3289 623 3506 679 semper
3526 617 3583 663 et
3608 609 3664 663 in
3692 609 3809 665 ﬁde

2196 696 2486 762 ‘stabilem,
2517 703 2573 750 et
2604 695 2657 748 in
2696 710 2858 766 opere
2893 694 3208 762 elﬁcacem;
3261 696 3313 750 in
3345 697 3501 753 bonis
3542 714 3805 768 perseve-

2217 795 2448 853 rantem,
2479 801 2586 840 non
2618 801 2651 840 a
2674 785 2886 841 delictis
2922 785 3346 843 irrevocabilem.
3401 788 3512 845 Fac
3552 806 3643 845 me
3679 791 3805 846 sine

2217 879 2449 935 elatione
2472 893 2738 944 veracem,
2771 878 2887 933 sine
2918 877 3135 934 ﬁctione
3171 880 3449 946 humilem,
3481 881 3600 937 sine
3626 882 3805 936 disso-

2217 970 2419 1027 lutione
2443 971 2690 1036 hilarem,
2723 969 2841 1025 sine
2861 968 3158 1038 dejectione
3182 970 3414 1036 tristem,
3462 972 3582 1026 sine
3610 986 3805 1026 errore

2210 1063 2437 1134 justum,
2474 1063 2590 1117 sine
2630 1062 2905 1132 impietate
2936 1062 3185 1130 rigidum,
3218 1063 3332 1116 sine
3362 1063 3686 1117 crudelitate
3712 1063 3801 1117 di-

2217 1155 2486 1219 strictum,
2521 1154 2637 1209 sine
2664 1153 2987 1209 hebetudine
3010 1155 3228 1221 bonum,
3261 1154 3378 1208 sine
3406 1153 3675 1209 effusione
3700 1154 3805 1208 mi-

2218 1244 2564 1310 sericordem,
2592 1245 2708 1299 sine
2728 1243 2988 1314 iactantia
3018 1244 3228 1309 mitem,
3265 1243 3383 1297 sine
3409 1243 3802 1314 simultatepa-

2217 1335 2453 1401 ciﬁcum,
2476 1336 2592 1390 sine
2612 1336 2820 1390 insania
2853 1335 3185 1405 vigilantem,
3218 1336 3336 1390 sine
3363 1335 3690 1391 inﬁrmitate
3710 1334 3802 1405 je-

2211 1425 2512 1496 junantem,
2553 1426 2671 1480 sine
2698 1425 2997 1496 pertinacia
3045 1433 3403 1491 constantem,
3456 1425 3577 1480 sine
3606 1426 3803 1481 timore

2218 1519 2576 1585 obedientem,
2600 1519 2715 1573 sine
2736 1518 3151 1590 intemperantia
3177 1518 3498 1585 ferventem,
3524 1520 3646 1574 sine
3668 1536 3803 1590 prae-

2218 1612 2528 1683 cipitatione
2571 1620 2840 1682 agentem,
2887 1613 3004 1667 sine
3052 1612 3423 1683 inquietudine
3478 1612 3799 1679 sollicitum,

2219 1698 2335 1757 sine
2356 1702 2683 1773 procacitate
2711 1702 2963 1769 liberum,
3007 1703 3125 1758 sine
3153 1703 3382 1774 segnitie
3430 1715 3798 1769 mansuetum,

545 1799 698 1857 fortis
723 1810 778 1857 et
797 1802 1061 1869 inﬁrmus,
1089 1805 1321 1861 nutritor
1337 1814 1390 1861 et
1412 1807 1663 1871 nutritus,
1692 1816 1879 1878 pastor
1898 1816 1953 1863 et
1976 1809 2111 1875 ovis,
2143 1793 2191 1855 Β
2217 1793 2333 1848 Sine
2360 1793 2573 1863 pigritia
2595 1794 2858 1864 quietum:
2904 1793 3022 1848 είηθ
3048 1793 3415 1864 ίηάίϐηειιίοηθ
3446 1794 3797 1858 taciturnum,

545 1894 911 1964 temporaliter
937 1906 1200 1961 mortuus,
1231 1897 1325 1951 sed
1350 1906 1523 1953 tecum
1545 1898 1598 1953 in
1627 1907 1886 1953 :eternum
1906 1900 2111 1966 vivens,

541 1982 656 2038 suis
674 1984 1019 2040 dilectoribus
1046 1986 1169 2041 vita:
1189 1988 1576 2058 municipatum
1602 1989 1922 2059 promittens
1948 1989 2111 2056 dedit,

541 2082 597 2129 et
627 2075 783 2130 nobis
810 2075 945 2131 dixit
970 2093 983 2131 :
1034 2075 1392 2149 Quodcunque
1419 2080 1672 2148 petieritis
1698 2079 1912 2133 Patrem
1936 2081 1989 2134 in
2020 2097 2116 2135 no-

541 2166 679 2221 mine
697 2182 829 2231 meo,
852 2167 997 2221 dabit
1020 2168 1159 2223 vobis
1183 2168 1362 2237 (Joan.
1393 2186 1480 2236 xv,
1512 2169 1619 2241 16).
1674 2169 1909 2227 Obsecro
1933 2172 2116 2242 itaque

544 2266 616 2323 te,
657 2258 902 2324 Domine,
957 2259 1010 2313 in
1040 2261 1256 2315 nomine
1289 2261 1456 2331 ipsius
1494 2261 1672 2317 dilecti
1726 2262 1847 2316 Filii
1896 2263 1992 2328 tui,
2047 2263 2115 2318 da

484 2370 493 2377 ί
543 2350 675 2405 mihi
712 2351 1030 2421 sapientiam
1057 2361 1112 2407 et
1140 2353 1491 2420 intellectum,
1545 2363 1604 2409 ut
1649 2364 1701 2410 te
1726 2371 1891 2410 unum
1945 2356 2113 2411 Deum

542 2456 666 2496 cum
698 2442 885 2497 eodem
916 2442 1052 2497 Filio
1088 2450 1196 2509 tuo,
1223 2451 1281 2498 et
1312 2443 1517 2514 Spiritu
1546 2453 1736 2500 sancto
1760 2445 2116 2501 essentialiter

543 2534 767 2604 sapiam,
820 2535 1126 2606 trinumque
1160 2537 1515 2607 personaliter
1551 2538 1780 2607 capiam.
1845 2538 2114 2609 Quidquid

444 2652 447 2655 ν
542 2628 787 2683 naturale
834 2637 917 2683 est
964 2628 1342 2700 indisruptum,
1387 2632 1528 2700 quod
1585 2631 1867 2702 personale
1914 2642 1998 2688 est
2034 2634 2116 2689 in-

541 2716 855 2774 confusum:
888 2719 1123 2775 Verbum
1152 2728 1329 2775 autem
1363 2728 1510 2776 tuum
1540 2723 1769 2778 voluisse
1800 2723 1992 2779 Filium
2020 2727 2117 2781 ho-

542 2811 701 2867 minis
730 2811 869 2879 ﬁeri,
904 2821 1151 2868 neutram
1189 2823 1366 2869 tamen
1399 2816 1451 2869 in
1498 2816 1721 2872 alteram
1760 2818 2141 2875 substantiam~

542 2905 894 2959 commutari:
944 2904 1226 2960 Trinitatis
1258 2908 1514 2977 mysterio
1552 2916 1801 2978 quartam
1830 2925 1937 2964 non
1992 2912 2116 2966 addi

542 3009 854 3063 personam:
885 2995 1050 3060 uniri,
1082 3012 1187 3051 non
1213 2995 1467 3051 confundi
1501 2998 1597 3054 Dei
1626 3000 1965 3070 hominisque
1993 3001 2117 3056 sub-

543 3090 817 3143 stantiam.

614 3264 747 3318 Xlll.
787 3264 885 3331 Da,
937 3264 1180 3333 Domine,
1215 3282 1315 3338 per
1366 3270 1539 3339 ipsum
1567 3278 1621 3324 et
1660 3284 1783 3325 cum
1811 3270 1928 3340 ipso
1979 3270 2116 3327 Filio

546 3363 657 3421 tuo,
692 3357 817 3427 quia
846 3374 1075 3430 quorum
1102 3375 1208 3415 una
1234 3370 1316 3416 est
1362 3362 1684 3426 substantia,
1736 3378 1903 3417 unum
1930 3372 2015 3419 est
2063 3373 2117 3419 et
2186 3420 2189 3423 γ

546 3448 751 3504 datum.
814 3448 891 3505 Da
922 3451 1075 3517 mihi,
1134 3467 1283 3524 rogo,
1337 3470 1443 3509 non
1472 3455 1592 3526 plus
1619 3455 1902 3526 minusque
1929 3472 2117 3527 sapere

546 3538 695 3604 velle,
752 3555 912 3610 quam
942 3550 1027 3596 sat
1055 3551 1158 3609 est,
1207 3559 1316 3599 non
1346 3545 1568 3602 illudere
1596 3548 1983 3614 nescientibus,
2016 3565 2117 3604 nec

542 3633 963 3703 sapientioribus
984 3634 1259 3702 invidere;
1310 3644 1401 3692 tua
1431 3638 1527 3693 tibi
1555 3640 1693 3695 dona
1724 3639 1945 3706 referre,
1997 3656 2117 3695 mea

542 3726 674 3782 mihi
706 3735 882 3782 errata
907 3727 1156 3784 flebiliter
1185 3729 1498 3802 increpare;
1540 3747 1661 3801 quae
1685 3732 1887 3797 oderis,
1943 3734 2113 3798 odire,

542 3832 756 3890 semper
777 3835 961 3876 amare
980 3829 1097 3875 toto
1119 3822 1305 3887 corde,
1346 3838 1466 3893 quae
1494 3824 1701 3894 diligis;
1750 3840 1817 3879 ex
1847 3824 1948 3879 ﬁde
1962 3822 2117 3892 jussa

543 3908 813 3979 complere
843 3926 1029 3982 Opera,
1062 3911 1156 3966 sed
1185 3911 1309 3967 ﬁdei
1335 3927 1441 3967 non
1461 3913 1734 3982 praeferre.
1793 3913 2118 3969 Patientiam

544 4000 765 4066 habere,
797 4017 902 4057 non
934 4003 1185 4057 duritiam
1212 4002 1552 4057 simulatione
1575 4003 1844 4074 patientia:
1864 4004 2113 4075 palliare;

546 4089 913 4147 fortitudinem
954 4100 1323 4163 temperanter
1346 4108 1454 4147 non
1504 4093 1794 4148 crudeliter
1822 4109 2114 4161 exercere;

544 4191 782 4238 astutum
831 4199 971 4249 esse,
1004 4199 1109 4239 non
1142 4183 1256 4239 ﬁeri
1300 4183 1729 4249 fraudulentum;
1778 4184 2119 4239 obedientem

542 4273 792 4340 existere,
808 4290 911 4329 non
925 4275 1325 4345 praecipientem
1339 4275 1501 4337 velle;
1521 4274 1843 4345 simplicitati
1858 4276 2114 4342 animum,

545 4379 651 4419 non
672 4366 982 4420 hebetudini
1006 4368 1419 4422 accommodare
1441 4384 1455 4432 ;
1480 4383 1745 4438 nusquam
1760 4368 2005 4439 superbis
2031 4385 2121 4425 oe-

545 4454 692 4520 dere,
721 4454 815 4509 sed
839 4463 1059 4526 propter
1085 4465 1135 4509 te
1166 4456 1454 4511 humilibus
1483 4457 1816 4523 consentire;
1856 4458 2115 4514 innocen-

546 4531 654 4601 tém
682 4544 819 4610 ﬁeri,
857 4561 963 4600 non
1009 4556 1309 4611 amentem;
1362 4547 1511 4617 pium
1539 4549 1794 4614 existere,
1822 4565 1928 4605 non
1977 4550 2117 4620 inju-

544 4644 714 4700 stum;
748 4636 945 4690 malum
972 4652 1246 4706 nunquam
1269 4652 1454 4691 amare
1478 4654 1679 4705 meum,
1710 4655 1817 4694 non
1859 4656 2117 4712 arrogan-

545 4737 628 4783 ter
654 4744 880 4799 arguere
901 4728 1165 4795 alienum;
1221 4745 1307 4784 me
1336 4730 1510 4802 magis
1534 4730 1589 4785 in
1619 4730 1825 4786 delictis
1840 4731 2116 4802 despicere

542 4836 704 4891 quam
733 4820 1066 4892 proximum;
1100 4835 1344 4876 meorum
1365 4837 1550 4877 curam
1580 4836 1767 4893 gerere
1810 4823 2111 4889 vulnerum,

542 4925 648 4969 non
671 4911 897 4967 aliorum
926 4911 1172 4981 nequiter
1197 4910 1312 4966 ﬁeri
1342 4912 1644 4977 curiosum;
1677 4926 1778 4966 nec
1800 4911 2117 4981 suspicioni-

542 5007 643 5063 bus
671 5020 997 5078 quemquam
1013 5002 1279 5074 judicare,
1310 5004 1403 5059 sed
1427 5004 1615 5069 rebus;
1645 5005 1910 5059 sinceram
1936 5003 2120 5073 paciﬁ-

543 5099 624 5155 cis
651 5112 865 5152 servare
894 5111 1099 5168 pacem,
1127 5111 1401 5165 nunquam
1431 5095 1514 5150 vel
1551 5095 1753 5167 ﬁngere
1774 5095 1960 5160 malis;
2010 5110 2118 5149 non

542 5189 786 5245 homines
805 5189 975 5250 odire,
1002 5190 1097 5244 sed
1125 5186 1353 5253 malum;
1390 5202 1491 5242 nec
1515 5188 1739 5241 interire
1769 5187 1904 5242 velle
1937 5187 2115 5241 homi-

541 5295 661 5342 nes,
686 5280 779 5336 sed
800 5280 1105 5334 animarum
1131 5287 1413 5333 necatores
1429 5319 1444 5342 ,
1467 5278 1614 5332 vitiis
1636 5278 1910 5343 resistere,
1944 5277 2115 5331 malo-

542 5386 662 5427 rum
690 5371 929 5427 omnium
959 5370 1194 5424 radicem
1219 5376 1527 5437 amputare;
1576 5367 1802 5439 ﬂagello,
1834 5384 1955 5422 cum
1983 5369 2121 5421 irru-

542 5466 774 5540 gaveris,
806 5479 911 5519 non
937 5462 1229 5527 resultare;
1270 5475 1373 5515 nec
1391 5460 1571 5514 dolere
1602 5462 2007 5515 retributionem
2035 5461 2121 5530 ju-

544 5557 726 5623 stitiae,
744 5555 839 5611 sed
858 5569 1074 5609 causam
1094 5551 1343 5617 oﬁ'ensze;
1365 5550 1694 5621 patientibus
1706 5550 1961 5620 compati,
1984 5550 2122 5605 bene

547 5650 825 5720 agentibus
848 5647 1101 5703 collaetari
1123 5663 1136 5712 ;
1161 5661 1282 5701 cum
1306 5642 1557 5698 ﬂentibus
1581 5641 1729 5708 ﬁere,
1753 5658 1873 5697 cum
1888 5643 2123 5713 gauden-

548 5740 691 5809 tibus
718 5741 981 5808 gaudere;
1021 5738 1195 5795 danda
1224 5738 1351 5795 vita)
1380 5737 1707 5804 necessaria,
1766 5737 1989 5793 arbitrio
2029 5745 2121 5807 tuo

2215 1883 2331 1937 sine
2354 1884 2641 1938 tenacitate
2665 1898 2910 1954 parcum,
2941 1883 3061 1939 sine
3083 1883 3377 1939 calliditate
3409 1893 3653 1948 cautum,
3684 1885 3799 1940 sine

2214 1975 2554 2030 simulatione
2580 1984 2848 2041 sanctum,
2879 1983 2935 2031 et
2962 1975 3079 2031 sine
3106 1974 3408 2030 manifestis
3433 1975 3601 2040 vitiis,
3634 1975 3799 2030 simn-

2212 2066 2442 2137 latisque
2469 2068 2762 2123 virtutibus
2788 2082 2887 2123 suo
2914 2082 3128 2137 semper
3154 2066 3376 2121 servitio
3400 2066 3672 2121 deditum.
3692 2066 3799 2123 Fac

2213 2171 2302 2211 me
2353 2156 2640 2226 providum
2670 2156 2738 2211 ad
2771 2157 2973 2222 omnia,
3011 2155 3306 2211 discretum
3349 2156 3407 2209 in
3433 2156 3667 2209 cunctis.
3722 2155 3795 2209 Da

2213 2247 2348 2301 mihi
2369 2248 2505 2303 bene
2519 2249 2722 2315 vivere,
2746 2255 2800 2303 et
2819 2247 2987 2302 multa
3005 2248 3162 2313 scire,
3186 2246 3403 2301 doctum
3424 2245 3646 2300 studere
3660 2245 3793 2309 ﬁeri,

2214 2355 2322 2395 non
2350 2351 2703 2415 arrogantem
2722 2340 2859 2395 velle
2888 2340 3079 2395 videri.
3140 2338 3379 2394 Docilem
3409 2353 3797 2407 nonnunquam

2192 2425 2284 2487 “ad
2305 2434 2586 2488 scientiam
2608 2433 3100 2503 pertinentem,pro
3126 2437 3217 2483 tua
3240 2444 3327 2483 me
3348 2427 3516 2482 facito
3535 2428 3793 2483 bonitate.

2214 2525 2293 2580 Da
2322 2524 2650 2595 intelligendi
2705 2538 2953 2589 acumen,
2992 2523 3234 2579 discendi
3292 2522 3634 2588 facilitatem,
3673 2517 3799 2578 reti—

2215 2617 2376 2672 nendi
2398 2618 2764 2672 tenacitatem.
2811 2616 3010 2671 Tribue
3029 2616 3264 2688 linguam
3289 2616 3583 2679 eruditam,
3610 2625 3667 2670 et
3680 2631 3799 2670 ver-

2212 2711 2409 2767 borum
2444 2708 2751 2763 facundiam
2784 2724 2907 2763 cum
2932 2716 3084 2763 tanta
3110 2717 3165 2763 et
3195 2716 3304 2762 tam
3328 2707 3599 2777 profunda
3629 2708 3799 2762 humi~

2215 2804 2387 2869 litate,
2415 2810 2473 2857 ut
2499 2802 2677 2857 nullus
2707 2802 2760 2856 in
2784 2816 2872 2856 me
2896 2809 3081 2872 pateat
3100 2800 3251 2856 locus
3268 2802 3591 2857 execranda:
3614 2817 3799 2873 super-

2216 2894 2336 2949 biae.
2404 2892 2607 2948 Praesta
2636 2892 2771 2962 legis
2818 2900 2922 2946 tuae
2944 2892 3218 2962 geminum
3249 2892 3673 2946 instrumentum
3710 2906 3799 2945 ca-

2214 2998 2365 3054 pere,
2395 2983 2500 3038 duo
2519 2990 2784 3053 prmeepta
2849 2981 3079 3038 ﬁdeliter
3105 2981 3346 3052 implere.
3403 2981 3604 3051 Legem
3633 2982 3798 3036 Evan-

2218 3073 2390 3144 geliis,
2426 3073 2717 3146 Evangelia
2745 3072 2850 3145 legi
2878 3081 2932 3128 et
2957 3072 3254 3143 prophetis,
3284 3072 3448 3128 nullis
3487 3081 3799 3129 controver-

2140 3147 2189 3211 Ο
2217 3164 2310 3219 siis
2336 3163 2628 3231 dissidere;
2665 3166 2760 3220 sed
2787 3163 3118 3234 temporibus
3165 3165 3521 3233 congruentia
3554 3174 3609 3220 te
3637 3166 3793 3220 mini-

2213 3264 2418 3310 strasse
2444 3256 2596 3310 doce.

2284 3365 2401 3421 XV.
2439 3365 2538 3431 Da,
2589 3365 2837 3433 Domine,
2888 3366 3141 3421 aﬁ‘ectum
3191 3373 3480 3435 actumque
3536 3365 3634 3419 tibi
3683 3364 3793 3434 pla—

2214 3456 2371 3511 cendi
2396 3455 2753 3522 consimilem,
2779 3464 2941 3525 atque
2962 3458 3016 3511 in
3046 3465 3099 3511 te
3123 3456 3500 3527 perseverandi
3530 3455 3795 3508 irrevoca-

2213 3544 2376 3599 bilem
2402 3545 2836 3612 destinationem,
2865 3555 2918 3601 et
2945 3532 3148 3601 nullam
3174 3562 3297 3602 cum
3326 3545 3634 3599 inﬁdelibus
3669 3560 3790 3615 por-

2216 3632 2446 3698 tionem;
2483 3632 2648 3689 Deum
2684 3641 2735 3688 te
2763 3649 2971 3699 verum,
3018 3635 3269 3689 omnibus
3299 3649 3419 3704 quae
3442 3632 3641 3697 fecisti,
3700 3648 3789 3687 no-

2215 3720 2403 3791 bisque
2459 3723 2589 3793 ipsis
2640 3723 2959 3788 timendum,
3012 3723 3293 3778 colendum
3326 3765 3341 3787 ,
3395 3724 3791 3795 amandumque

2214 3810 2377 3884 417
2412 3828 2750 3884 proponere;
2777 3814 3017 3881 omnium
3054 3829 3174 3883 qum
3201 3812 3396 3879 fecisti,
3436 3829 3548 3867 non
3588 3823 3641 3869 te
3666 3814 3779 3867 indi

2216 3904 2415 3975 guisse,
2442 3903 2535 3960 sed
2555 3904 2717 3959 etiam
2740 3903 2936 3959 futuris
2955 3920 3170 3974 semper
3180 3903 3466 3959 Dominum
3488 3906 3791 3967 exstitisse;

2218 4012 2324 4051 non
2378 3998 2445 4052 ad
2475 3996 2809 4052 iracundiam
2837 3997 3267 4051 murmuratione
3292 4012 3637 4067 provocare;
3682 3997 3790 4061 tibi,

2218 4098 2275 4144 et
2311 4091 2435 4155 tuis,
2486 4091 2539 4144 in
2567 4088 2764 4160 quibus
2809 4089 2906 4144 tibi
2928 4089 3065 4143 bene
3089 4088 3370 4159 placuerit,
3428 4089 3790 4160 complacere;

2218 4192 2273 4238 et
2299 4184 2391 4238 ubi
2428 4199 2533 4238 non
2554 4190 2640 4237 est
2665 4182 2827 4236 timor
2848 4196 3010 4237 causa
3042 4181 3118 4235 tui
3147 4182 3402 4245 nominis,
3436 4196 3549 4235 non
3576 4182 3788 4245 timere;

2218 4274 2457 4346 pulchris
2498 4274 2553 4328 in
2584 4274 2744 4329 rebus
2767 4272 3048 4328 laudandis
3071 4280 3373 4329 creatorem
3397 4271 3666 4327 bonorum
3692 4286 3791 4325 om-

2219 4369 2369 4422 nium
2400 4374 2453 4421 te
2481 4364 2761 4429 admirari,
2815 4372 2870 4419 et
2898 4364 3143 4418 amandis
3167 4377 3444 4433 nunquam
3475 4361 3675 4416 talibus
3702 4361 3789 4415 im—

2218 4457 2440 4531 plicari;
2463 4457 2713 4511 universa
2741 4456 2795 4510 in
2827 4456 3185 4526 praesentibus
3211 4454 3493 4509 mutabilia
3521 4454 3671 4509 velut
3696 4468 3781 4524 pe-

2220 4553 2391 4606 ritura
2421 4549 2715 4619 despicere,
2747 4548 2941 4602 futura:
2966 4547 3316 4604 beatitudinis
3341 4547 3675 4616 perennibus
3706 4545 3787 4599 bo-

2214 4642 2301 4696 nis
2329 4638 2732 4709 infatigabiliter
2755 4636 2994 4701 inhiare;
3015 4637 3130 4692 haec
3144 4634 3542 4705 praedestinatis
3564 4632 3782 4688 indebita

2216 4730 2585 4789 misericordia
2607 4727 2892 4798 impertiri,
2915 4728 3007 4782 sed
3034 4725 3566 4797 iucomprehensibili
3594 4734 3648 4779 et
3666 4723 3782 4775 irre-

2216 4820 2563 4893 prehensibili
2609 4818 2837 4887 iustitia,
2873 4818 3160 4873 obstinatis
3185 4832 3291 4871 non
3321 4816 3472 4879 dari;
3528 4813 3778 4868 neminem

2219 4916 2335 4971 sine
2364 4913 2487 4977 ﬁde,
2504 4927 2609 4982 qua
2626 4911 2768 4965 intra
2795 4918 3027 4964 matrem
3053 4908 3340 4963 ecclesiam
3355 4906 3611 4969 vivimus,
3642 4915 3780 4973 posse

2220 5003 2457 5069 salvari,
2504 5003 2596 5057 sed
2643 5001 2837 5056 salvari
2886 4998 3205 5071 perditionis
3234 4997 3375 5051 ﬁlios
3419 5010 3531 5049 non
3583 4994 3774 5048 debent.

2220 5097 2461 5152 Scientia
2485 5096 2749 5167 spirituali
2779 5095 2991 5166 augeri,
3019 5109 3126 5149 non
3158 5091 3355 5147 inﬁari.
3386 5089 3536 5145 Velle
3563 5088 3773 5142 animam

2217 5188 2355 5244 mori
2401 5188 2688 5243 salubriter
2716 5188 2868 5253 mihi,
2918 5198 2973 5242 et
3020 5187 3203 5241 vivere
3228 5185 3357 5249 tibi;
3398 5179 3769 5253 paenitudinem

2215 5295 2314 5349 pro
2351 5278 2657 5333 commissis
2681 5277 2969 5333 eﬁicaciter
3002 5293 3209 5347 gerere,
3252 5291 3373 5331 cum
3419 5274 3589 5328 multa
3618 5270 3771 5327 cordis

2220 5371 2545 5425 contritione
2571 5378 2626 5424 et
2668 5368 3029 5440 lacrymarum
3055 5368 3230 5431 fonte;
3265 5367 3521 5437 fugitivos
3565 5367 3768 5420 honores

2223 5472 2277 5517 et
2298 5461 2564 5531 perituras
2575 5475 2704 5530 opes
2719 5476 2818 5516 nec
2840 5476 3099 5531 quaerere,
3126 5474 3224 5514 nec
3239 5458 3568 5518 desiderare,
3585 5454 3669 5509 sed
3683 5451 3764 5504 uti-

2222 5552 2449 5615 litatem,
2472 5551 2975 5621 extremitatemun
2995 5567 3206 5621 semper
3235 5564 3451 5609 amare;
3478 5541 3765 5601 necessariis

2226 5643 2601 5697 famulantium
2631 5643 2906 5711 obsequiis
2933 5650 2988 5697 et
3010 5643 3254 5710 impensa
3291 5655 3321 5692 a
3348 5636 3605 5691 fratribus
3640 5644 3766 5704 γενεὴ

2227 5736 2400 5790 rentia
2431 5749 2702 5805 nunquam
2727 5733 2931 5797 extolli,
2959 5733 3138 5793 omnia
3174 5732 3228 5787 in
3255 5730 3521 5787 charitate
3549 5721 3764 5791 facienda
