4038 6354
335 308 473 365 1097

998 311 1149 367 OPP.
1182 312 1422 368 DUBIA.
1463 342 1531 353 -ο
1570 310 1896 369 DISPUTA'I

2023 306 2430 364 PUERORUM.
2470 334 2541 349 -
2580 307 2919 366 MONITUM.

3452 313 3594 371 1098

328 423 611 493 perﬁcere,
641 430 695 474 et
720 430 907 487 totum,
935 427 1076 494 quod
1100 428 1366 496 eitpletur,
1386 425 1484 479 tibi
1510 426 1781 495 operatori
1812 427 1905 479 bo.
1935 429 1980 481 Δ
2007 434 2219 489 qurere;
2266 423 2359 477 sed
2399 419 2850 492 praepedientibus
2886 419 3123 493 peccatis
3156 422 3310 490 meis,
3352 429 3595 497 reperire

330 527 522 567 norum
550 514 788 566 omnium
832 513 1075 581 Domino,
1136 520 1253 571 sine
1282 534 1389 587 quo
1436 518 1511 570 nil
1542 518 1667 572 boni
1727 517 1905 574 facere

318 618 636 672 possumus,
677 613 949 671 reputare.

396 693 533 748 XVI.
574 694 640 748 Et
662 696 913 763 quoniam
937 706 1058 765 post
1077 707 1351 769 acceptam
1376 700 1628 771 baptismi
1651 700 1904 771 gratiam,

323 794 382 842 et
419 796 541 855 post
567 785 755 852 fidem,
795 803 956 856 quam
1002 791 1096 845 tibi
1138 792 1383 861 promisi,
1415 793 1542 857 imo,
1585 794 1728 862 quod
1754 791 1906 861 pejus

323 884 439 939 est,
482 885 605 943 post
643 887 919 946 acceptam
963 880 1105 936 lianc
1150 883 1398 937 monachi
1452 891 1685 947 vestem,
1737 884 1904 938 multa

322 966 605 1031 commisi,
636 969 817 1032 corde,
849 983 964 1034 ore,
990 978 1044 1025 et
1067 986 1248 1041 opere,
1272 983 1327 1028 et
1362 974 1571 1029 inﬁnita
1599 975 1906 1044 perpetravi

323 1056 462 1110 mala
491 1072 588 1125 per
613 1059 921 1126 superbiam
949 1068 1005 1114 et
1023 1064 1533 1132 concupiscentiam,
1563 1079 1662 1134 per
1689 1065 1824 1118 iram
1850 1074 1908 1119 et

320 1147 734 1215 impatientiam,
777 1166 876 1220 per
914 1151 1157 1208 fraudem
1186 1165 1240 1209 et
1273 1155 1555 1219 desidiam,
1594 1171 1692 1225 per
1731 1165 1906 1211 tumo-

320 1254 435 1292 rem
467 1250 522 1293 et
551 1243 936 1311 arrogantiam,
970 1245 1192 1314 supplex
1226 1246 1453 1316 imploro
1480 1248 1903 1303 misericordiam

319 1338 495 1395 tuam,
526 1329 666 1385 Deus
694 1332 873 1396 Pater,
913 1334 966 1386 in
994 1334 1212 1390 nomine
1237 1336 1416 1391 dilecti
1449 1337 1567 1391 Filii
1599 1338 1698 1403 tui,
1723 1339 1905 1406 propi-

316 1419 425 1475 tius
452 1430 569 1476 esto
591 1422 720 1476 mihi
751 1424 1057 1481 miserrimo
1080 1427 1373 1495 peccatori,
1405 1436 1564 1483 nocte
1590 1437 1645 1483 et
1673 1431 1778 1494 die,
1810 1432 1905 1484 lio-

316 1514 393 1568 ris
419 1522 476 1568 et
504 1516 791 1569 momentis
818 1516 1042 1572 multum
1069 1534 1252 1572 coram
1293 1528 1345 1573 te
1380 1522 1656 1589 peccanti,
1690 1530 1745 1574 et
1782 1537 1906 1591 prc-

311 1611 434 1657 cata
481 1605 718 1673 peccatis
766 1606 1232 1662 innumerabiliter
1278 1610 1527 1675 addcnti,
1575 1621 1631 1665 et
1674 1612 1727 1665 in
1776 1612 1905 1680 ipsis

311 1695 548 1764 turpiter
579 1708 698 1751 mea
734 1697 891 1766 culpa
912 1696 1137 1765 jacenti.
1180 1700 1284 1754 Per
1312 1701 1487 1771 ipsum
1514 1710 1783 1758 summum
1818 1719 1904 1758 sa-

2005 527 2114 565 non
2155 512 2326 568 valeo.
2373 513 2549 579 Unde,
2592 514 2735 570 Deus
2776 515 3031 568 terribilis
3072 516 3125 569 in
3157 516 3396 571 consiliis
3430 534 3595 589 super

2010 600 2147 657 ﬁlios
2177 603 2477 669 hominum,
2524 611 2671 659 tuam
2715 614 2955 659 sanctam
2986 614 3039 659 et
3081 606 3422 673 immensam,
3466 624 3595 679 sup-

2005 691 2128 762 plex
2167 702 2223 747 et
2264 694 2487 749 multum
2531 704 2789 761 tremens,
2833 697 3092 765 deprecor
3131 698 3488 757 clementiam.
3536 699 3591 774 in

2006 784 2226 838 nomine
2252 778 2491 853 ejusdem
2521 786 2701 842 dilecti
2724 787 2843 841 Filii
2872 789 2968 852 tui,
3004 797 3063 842 ut
3094 796 3170 853 tu,
3203 789 3290 857 qui
3320 790 3591 845 neminem

2005 874 2088 927 vis
2109 873 2307 943 perire,
2336 875 2431 928 sed
2458 882 2646 929 omnes
2684 877 2862 931 salvos
2889 877 3088 939 facere,
3117 892 3223 931 non
3251 890 3336 931 me
3361 878 3592 943 dereling

2007 978 2140 1033 quas
2173 964 2226 1020 in
2258 980 2421 1018 manu
2450 965 2660 1019 consilii
2700 966 2826 1031 mei,
2859 976 3035 1037 neque
3072 963 3125 1020 in
3147 963 3350 1036 judicio
3380 968 3592 1025 arbitrii

2006 1058 2134 1121 mei,
2181 1071 2354 1127 neque
2393 1057 2449 1111 in
2487 1067 2752 1127 potestate
2790 1067 2884 1113 aut
2924 1060 3218 1115 tentatione
3263 1061 3587 1126 daemonum,

2006 1166 2183 1221 neque
2223 1150 2278 1205 in
2316 1159 2531 1205 errante
2569 1150 2789 1219 judicio,
2829 1161 2921 1207 aut
2949 1155 3110 1209 noxio
3154 1154 3379 1209 consilio
3414 1155 3592 1210 homi.

2006 1258 2155 1307 num,
2199 1242 2293 1297 sed
2336 1257 2436 1312 pro
2475 1243 2675 1313 pietate
2718 1251 2771 1297 et
2820 1242 3057 1298 bonitate
3101 1255 3208 1305 tua,
3246 1243 3400 1312 juxta
3440 1253 3590 1300 tuam

2005 1331 2484 1402 benignissimum,
2532 1348 2651 1401 qua
2698 1333 2753 1386 in
2797 1332 2881 1387 sui
2924 1333 3279 1402 dispositione
3327 1335 3435 1389 falli
3478 1348 3589 1390 non

2005 1430 2200 1491 potest,
2231 1422 2648 1492 providentiam,
2678 1424 2901 1493 dispone
2927 1424 3016 1478 nic
3040 1432 3095 1477 et
3120 1425 3340 1495 ubique,
3370 1441 3511 1481 nunc
3535 1434 3593 1482 et

2006 1522 2239 1583 semper,
2266 1514 2380 1569 dies
2401 1514 2525 1569 vitae
2554 1529 2687 1569 meae
2717 1515 2771 1569 in
2800 1514 3138 1584 beneplacito
3168 1523 3257 1569 tuo
3289 1524 3301 1568 ξ
3334 1523 3389 1570 et
3418 1517 3592 1588 dirige
3616 1542 3623 1548 -

2004 1620 2102 1675 per
2127 1604 2390 1674 Spiritum
2421 1613 2667 1661 sanctum
2698 1614 2869 1672 tuum,
2897 1622 3011 1671 cor,
3041 1608 3300 1677 linguam,
3332 1617 3593 1680 actusque

2006 1712 2155 1751 meos
2176 1697 2379 1769 iugiter
2409 1697 2705 1753 secundum
2743 1706 2889 1752 tuam
2920 1699 3251 1755 voluntatem
3282 1703 3336 1755 in
3368 1710 3458 1755 tua
3489 1702 3593 1756 mi-

309 1786 611 1851 cerdotem,
644 1795 699 1841 et
722 1802 909 1841 verum
950 1788 1280 1857 pontificem,
1310 1792 1401 1859 qui
1430 1807 1487 1845 se
1529 1792 1625 1845 tibi
1668 1793 1902 1848 hostiam
1936 1789 1976 1847 Β
2006 1789 2330 1853 sericordia,
2365 1797 2425 1842 ut
2454 1797 2507 1843 ιθ
2538 1797 2749 1845 reclm‘e
2778 1797 2833 1843 ct
2860 1798 2911 1843 te
2940 1790 3095 1855 duce.
3129 1799 3179 1845 te
3210 1789 3508 1862 inspirante
3538 1801 3593 1849 et

306 1876 512 1943 vivam,
541 1894 731 1948 puram
751 1920 765 1943 ,
794 1888 849 1935 et
878 1880 1278 1936 immaculatum
1304 1884 1359 1937 in
1388 1898 1481 1937 ara
1505 1886 1685 1939 crucis
1711 1887 1904 1942 obtulit

306 1983 409 2036 pro
436 1969 590 2023 nobis
627 1970 840 2024 miseris
872 1972 1269 2039 peccatoribus,
1302 1974 1498 2027 Filium
1539 1982 1685 2029 tuum
1721 1975 1905 2030 Domi-

305 2072 439 2113 num
483 2069 728 2114 nostrum
768 2059 953 2116 Jesum
983 2060 1290 2127 Christum;
1337 2074 1388 2119 te
1433 2080 1582 2136 rogo,
1629 2068 1902 2137 benignis—

305 2148 446 2203 sime
483 2159 696 2206 amator
723 2152 1002 2207 hominum
1041 2154 1203 2217 Deus,
1244 2156 1504 2211 miserere
1548 2158 1672 2221 mei,
1712 2158 1903 2212 miser-

306 2240 432 2294 rimi
466 2248 522 2295 et
563 2241 765 2313 indigni
797 2245 940 2298 servi
988 2245 1083 2307 tui,
1116 2246 1243 2315 quia
1285 2262 1390 2300 non
1428 2263 1548 2301 sum
1576 2248 1715 2303 sicut
1745 2249 1901 2302 innu-

307 2331 442 2385 meri
470 2338 524 2386 et
550 2333 873 2402 multiplices
898 2333 1084 2388 famuli
1112 2337 1208 2400 tui,
1242 2338 1332 2405 qui
1364 2338 1459 2393 tibi
1485 2340 1553 2393 ab
1579 2340 1709 2407 ipsis
1735 2355 1900 2395 cuna-

304 2422 448 2478 bulis
478 2425 822 2479 devotissime
853 2428 1178 2491 servierunt,
1213 2440 1320 2484 non
1363 2430 1695 2485 declinantes
1724 2448 1899 2502 neque

250 2578 255 2581 ν
306 2514 375 2567 ad
398 2514 672 2569 dexteram
706 2528 881 2585 neque
908 2518 975 2572 ad
1000 2518 1295 2573 sinistram.
1326 2519 1441 2575 Non
1474 2538 1592 2575 sum
1630 2522 1772 2576 sicut
1796 2523 1893 2589 illi,

303 2606 397 2675 qui
439 2616 558 2676 post
592 2608 806 2676 publica
846 2608 1046 2680 flagitia
1087 2612 1418 2681 paenitendo,
1454 2612 1549 2667 tibi
1583 2622 1898 2668 meruerunt

301 2711 425 2752 esse
461 2697 662 2752 devoti.
706 2698 824 2754 Non
855 2715 972 2754 sum
1004 2701 1143 2755 sicut
1172 2703 1439 2757 nonnullie
1465 2702 1786 2759 Christiana:
1820 2704 1897 2759 fe-

299 2789 482 2854 ninae,
535 2792 666 2845 viris
712 2792 1039 2861 conjunctae,
1085 2795 1181 2849 tibi
1229 2803 1407 2850 tamen
1457 2798 1756 2852 servientes
1797 2815 1895 2869 pro

298 2881 444 2936 scire
488 2897 586 2937 suo
623 2901 746 2939 cum
794 2901 1003 2940 summa
1050 2886 1356 2940 devotione.
1403 2886 1522 2941 Non
1565 2903 1685 2942 sum
1730 2889 1895 2944 etiam

297 2973 444 3026 sicut
470 2976 624 3029 multi
656 2977 892 3042 illorum,
922 2978 1014 3046 qui
1042 2978 1094 3031 in
1124 2978 1293 3032 oculis
1324 2977 1605 3033 hominum
1636 2989 1892 3050 tanquam

295 3063 429 3117 mali
456 3073 511 3118 et
552 3068 791 3135 perversi
821 3068 1087 3122 videntum
1138 3068 1250 3122 Heu
1296 3069 1427 3123 mihi
1469 3070 1702 3125 infelici!
1748 3072 1893 3139 Que-

296 3156 463 3210 modo
488 3172 573 3211 me
599 3159 741 3214 elata
764 3156 977 3215 cervice
1017 3162 1348 3226 ambulante,
1390 3177 1579 3218 omnes
1614 3180 1750 3234 pene
1779 3166 1895 3221 dies

295 3246 425 3301 vita:
449 3264 580 3303 meae
604 3251 657 3304 in
679 3252 917 3306 vanitate
936 3253 1240 3323 consumpti
1263 3264 1387 3307 sunt
1406 3254 1417 3307 ε
1456 3252 1736 3320 Quomodo
1760 3264 1895 3311 tem-

295 3354 401 3409 pus
438 3358 616 3397 meum
658 3346 931 3413 praeterivi
977 3346 1030 3399 in
1071 3346 1489 3415 cogitationibus
1532 3349 1794 3411 terrenis,
1840 3356 1895 3404 et

295 3432 612 3501 superﬂuis!
659 3436 798 3503 Quid
834 3436 963 3490 utile
1005 3437 1059 3490 in
1098 3436 1245 3490 omni
1266 3438 1377 3491 vita
1416 3453 1535 3491 mea
1573 3440 1688 3509 egi!
1732 3439 1893 3494 Miser

294 3526 427 3593 ego!
456 3526 549 3580 Vae
574 3526 707 3581 mihi
730 3527 1056 3590 miserrimo,
1080 3529 1172 3597 qui
1196 3527 1389 3583 falsum
1426 3545 1620 3584 nomen
1644 3532 1891 3586 monachi

295 3613 437 3679 fero,
462 3617 593 3670 nihil
617 3617 835 3687 dignum
858 3617 1017 3685 hujus
1038 3620 1273 3675 nominis
1294 3629 1348 3675 et
1370 3620 1587 3676 habitus
1609 3637 1794 3694 agens.
1890 3662 1891 3665 η

370 3707 532 3762 XVII.
578 3707 978 3776 Verumtamen,
1008 3712 1250 3777 Domine,
1276 3714 1321 3768 si
1344 3715 1472 3783 quid
1503 3716 1629 3769 boni
1666 3714 1891 3772 forsitan

295 3798 459 3862 facio,
488 3801 569 3853 vel
592 3800 772 3857 fecero
798 3813 887 3857 tua
918 3805 1092 3873 gratia
1128 3804 1412 3875 largiente,
1437 3822 1543 3875 quo
1569 3806 1674 3861 line
1696 3808 1891 3864 faciam

297 3892 436 3955 haec,
460 3906 633 3959 quave
658 3893 996 3949 districtione
1028 3911 1058 3949 a
1090 3903 1141 3952 te
1173 3906 1489 3965 pensantur,
1520 3898 1729 3968 ignoro.
1772 3898 1892 3955 Scis

296 3980 476 4045 enim,
520 3997 679 4051 quem
722 3985 797 4038 nil
833 3985 983 4050 latet,
1027 3988 1157 4056 quid
1198 3988 1331 4041 mihi
1371 3987 1633 4043 acciderit
1674 3999 1893 4059 propter

296 4081 525 4139 peccata
549 4089 666 4128 mea
695 4093 707 4127 :
733 4078 1003 4144 quomodo
1025 4078 1077 4131 in
1102 4080 1204 4141 via,
1245 4093 1349 4147 qua
1383 4079 1749 4145 ambulabam,
1773 4083 1894 4136 abs-

295 4163 601 4218 conderunt
640 4167 769 4220 mihi
806 4167 1055 4237 laqueum
1100 4170 1303 4224 inimici
1342 4171 1468 4224 mei.
1514 4170 1719 4237 Quibus
1758 4173 1890 4226 milii

296 4270 396 4325 per
435 4257 739 4323 hominem,
784 4268 837 4312 ut
884 4277 1025 4326 reor,
1071 4261 1480 4327 insidiantibus,
1525 4265 1661 4335 proh
1702 4264 1886 4320 dolor!

298 4346 457 4401 amisi
499 4348 673 4403 locum
713 4351 922 4406 dilectam
962 4352 1284 4417 solitudinis,
1332 4355 1565 4409 amicum
1616 4356 1887 4421 maeroris,

295 4437 518 4505 quietis,
550 4448 608 4493 et
636 4443 841 4509 pmnitu
866 4444 1007 4509 linis,
1040 4459 1200 4513 quem
1227 4445 1295 4499 ab
1322 4446 1541 4501 ineunte
1564 4455 1722 4501 aetate
1749 4463 1890 4502 sem-

294 4541 394 4595 per
419 4528 601 4583 dilexi.
636 4530 841 4587 Idcirco
880 4535 932 4587 in
962 4536 1209 4606 angustia
1235 4546 1289 4592 et
1326 4552 1561 4592 mmrore
1596 4538 1767 4592 multo
1793 4556 1887 4608 po-

295 4619 402 4672 sita
432 4629 515 4674 est
553 4623 730 4678 anima
776 4641 917 4689 mea,
960 4634 1110 4681 tuum
1153 4642 1317 4697 super
1358 4643 1416 4682 se
1456 4629 1713 4699 ignorans
1743 4628 1889 4697 judia

293 4709 470 4770 cium,
501 4712 626 4780 quia
665 4724 929 4770 secretum
960 4717 1131 4771 solita:
1158 4719 1355 4787 quietis
1382 4727 1437 4774 et
1473 4730 1789 4790 opportunae
1818 4723 1885 4776 ad

297 4810 350 4852 te
377 4804 691 4869 vacationis,
724 4807 865 4875 quod
906 4810 1071 4863 semel
1114 4810 1363 4864 incautus
1389 4811 1568 4874 amisi,
1596 4811 1774 4867 denuo
1805 4813 1887 4867 in-

293 4894 483 4949 venire
510 4913 615 4951 non
647 4901 814 4968 potui.
846 4901 956 4956 Hoc
982 4911 1163 4957 autem
1192 4912 1320 4972 opto
1348 4904 1543 4969 adhuc,
1574 4904 1805 4973 suspiro,
1830 4914 1884 4960 et

2005 1888 2057 1933 te
2088 1878 2397 1947 adjuvante,
2444 1888 2497 1933 te
2539 1878 2833 1948 incipiente
2859 1889 2915 1935 et
2951 1889 3004 1935 te
3045 1880 3381 1951 perlicieute,
3413 1899 3443 1936 a
3483 1898 3591 1954 quo

2000 1970 2320 2040 procedunt,
2344 1979 2399 2025 et
2424 1986 2522 2040 per
2544 1987 2703 2041 quem
2727 1971 3085 2040 perﬁciuntur
3108 1974 3290 2027 omnia
3313 1974 3476 2039 bona,
3501 1974 3592 2028 illa

2001 2077 2214 2133 semper
2245 2063 2491 2117 studeam
2530 2063 2788 2133 cegitare,
2829 2063 2996 2133 loqui,
3037 2073 3092 2119 et
3123 2074 3303 2135 agere,
3336 2081 3454 2136 quae
3493 2064 3592 2122 tibi

1999 2151 2246 2221 placeant
2274 2154 2328 2207 in
2360 2152 2609 2215 veritate,
2646 2161 2701 2208 et
2724 2169 2810 2207 me
2841 2154 3056 2207 tandem
3097 2154 3166 2209 ad
3196 2154 3363 2209 vitam
3394 2146 3592 2225 perdi;

1997 2251 2123 2297 cant
2146 2252 2433 2307 mternam;
2462 2252 2512 2297 te
2536 2244 2849 2305 miserante,
2871 2251 2923 2297 te
2948 2245 3198 2307 donante,
3222 2258 3320 2314 per
3339 2247 3590 2300 eumdem

1997 2335 2180 2391 Iesum
2204 2336 2395 2390 Filium
2421 2343 2569 2388 tuum
2595 2336 2920 2389 salvatorem
2946 2343 3000 2389 et
3028 2345 3460 2407 recuperatorem
3493 2354 3592 2392 no—

1998 2436 2195 2492 strum,
2225 2427 2317 2497 qui
2364 2432 2734 2503 mortuusiest
2773 2432 2992 2496 propter
3030 2434 3251 2495 peccata
3292 2436 3497 2487 nostra.
3539 2436 3593 2483 et

1998 2522 2298 2577 resurrexit
2323 2528 2546 2590 propter
2574 2520 2992 2575 viviﬁcationem
3023 2527 3285 2575 nostram.

2070 2611 2256 2667 XVIII.
2294 2610 2400 2665 Per
2429 2613 2604 2680 ipsum
2633 2626 2903 2665 summum
2932 2610 3289 2675 sacerdotem,
3317 2620 3374 2665 et
3402 2624 3591 2663 verum

1996 2703 2327 2773 pontificem,
2356 2702 2448 2771 qui
2475 2716 2533 2757 se
2562 2702 2659 2756 tibi
2682 2702 2878 2757 obtulit
2900 2702 2953 2756 in
2981 2701 3331 2766 sacrificium,
3360 2709 3411 2754 te
3435 2716 3587 2771 rogo,

1998 2796 2205 2865 respice
2258 2811 2377 2859 me,
2432 2804 2489 2850 et
2539 2796 2799 2851 miserere
2848 2797 2985 2861 mei;
3039 2796 3235 2851 exaudi
3286 2795 3589 2851 orationem

1996 2902 2197 2952 meam,
2228 2894 2283 2942 et
2320 2889 2397 2942 da
2434 2888 2571 2941 mibi
2619 2887 2849 2957 gratiam
2889 2896 3039 2940 tuam
3083 2894 3306 2957 propter
3349 2885 3593 2940 multitu-

1996 2979 2177 3034 dinem
2209 2979 2466 3034 bonitatis
2494 2978 2627 3043 tuai;
2657 2985 2711 3033 et
2740 2978 2807 3033 de
2836 2975 3127 3048 praeteritis
3159 2977 3315 3032 malis
3345 2977 3483 3032 meis
3508 2976 3592 3033 in-

1999 3071 2353 3141 dulgentiam,
2386 3071 2452 3125 de
2490 3072 2848 3141 przesentibus
2890 3070 3123 3126 concede
3165 3070 3297 3124 mihi
3337 3069 3590 3124 emenda-

1918 3133 1967 3198 θ
2000 3133 2199 3217 tionem
2218 3202 2232 3227 ,
2270 3133 2346 3217 de
2365 3133 2563 3217 futuris
2588 3162 2763 3233 culpis
2785 3162 2988 3233 jugitcr
3019 3162 3216 3230 largire
3245 3162 3376 3216 mihi
3404 3169 3590 3216 custo-

1996 3253 2141 3308 diam
2194 3261 2356 3323 atque
2407 3252 2693 3307 cautelam.
2750 3253 2825 3307 Da
2880 3252 3052 3307 locum
3106 3260 3161 3305 et
3211 3252 3478 3320 spatium,
3533 3259 3589 3305 et

1996 3342 2205 3400 fructus
2234 3346 2425 3414 dignos
2449 3344 2812 3414 pmnitentiie;
2857 3344 2923 3399 da
2953 3360 3045 3399 cor
3070 3346 3361 3400 contritum
3402 3352 3456 3398 et
3490 3343 3589 3398 liu-

1995 3442 2298 3507 miliatum,
2346 3442 2412 3495 da
2462 3442 2695 3511 gratiam
2745 3441 3140 3507 lacrymarum,
3189 3440 3256 3494 da
3305 3439 3482 3493 lumen
3533 3441 3589 3493 in

1994 3535 2178 3598 corde,
2225 3534 2290 3587 da
2320 3534 2463 3588 vires
2501 3534 2553 3588 in
2596 3548 2840 3603 corpore,
2885 3534 2952 3589 da
2993 3532 3142 3587 illum
3179 3532 3378 3603 ignem,
3422 3547 3586 3602 quem

1996 3626 2194 3681 misisti
2224 3626 2450 3680 veniens
2479 3626 2531 3680 in
2560 3634 2779 3688 terram,
2811 3634 2867 3680 et
2889 3641 3050 3695 quem
3075 3627 3156 3680 vis
3180 3635 3240 3679 ut
3267 3626 3472 3679 ardeat.
3508 3626 3584 3679 Da

1994 3720 2186 3773 ardere
2215 3717 2501 3772 charitatis
2540 3718 2682 3788 igne,
2726 3720 2791 3772 da
2833 3718 3014 3772 lucere
3047 3716 3367 3771 obedientice
3395 3716 3587 3786 splen:-

1995 3811 2143 3872 dore,
2174 3810 2238 3862 da
2267 3808 2477 3864 fervere
2506 3807 2810 3863 dilectionis
2837 3823 3042 3873 amore,
3076 3808 3143 3862 da
3175 3808 3317 3861 inter
3345 3806 3583 3876 pericula

1996 3902 2273 3959 interitum
2305 3918 2411 3957 non
2438 3902 2661 3967 habere,
2689 3902 2757 3955 da
2786 3900 2853 3955 de
2878 3898 3132 3969 periculis
3161 3895 3390 3953 feliciter
3412 3897 3583 3964 exire,

1993 3994 2060 4048 da
2091 3993 2160 4048 ad
2196 4001 2342 4047 tuam
2372 3992 2711 4048 dulcedinem
2738 3992 3017 4054 festinare,
3048 3991 3117 4045 da
3146 3992 3214 4045 ad
3245 3998 3392 4043 tuam
3421 3990 3586 4044 visio-

1993 4092 2117 4139 nem
2141 4084 2428 4156 tranquille
2448 4084 2656 4148 venire,
2681 4086 2746 4139 da
2777 4092 2882 4138 ture
2904 4083 3127 4138 visionis
3148 4080 3582 4157 manifesta‘tione

1993 4179 2303 4249 perenniter
2325 4177 2536 4243 satiari,
2565 4180 2630 4233 da
2650 4188 2700 4232 te
2717 4177 2770 4231 in
2788 4175 3106 4232 saeculorum
3131 4177 3435 4232 aeternitate
3463 4177 3581 4232 sine

1995 4268 2101 4323 fine
2129 4267 2370 4322 laudare.
2414 4265 2541 4322 Jesu
2578 4267 2679 4321 Fili
2729 4268 2898 4322 David
2924 4267 3184 4321 miserere
3211 4267 3339 4331 mei,
3382 4266 3581 4321 illumi-

1994 4376 2130 4415 nans
2154 4358 2339 4414 oculos
2363 4373 2535 4422 meos,
2563 4367 2623 4413 ut
2649 4359 2882 4423 videam,
2914 4372 3019 4425 quo
3045 4358 3112 4411 ad
3151 4367 3203 4412 te
3232 4358 3587 4427 perveniam;

1994 4451 2216 4507 firmans
2257 4451 2307 4505 iii
2350 4459 2402 4505 te
2442 4460 2657 4521 gressus
2695 4465 2864 4512 meos,
2906 4463 2974 4503 ne
3005 4448 3371 4518 transgrediar
3398 4449 3573 4511 viam;

1989 4540 2238 4609 aperiens
2263 4554 2324 4593 os
2351 4555 2548 4602 meum,
2578 4548 2637 4592 ut
2664 4538 2864 4608 possim
2890 4537 2954 4593 de
2985 4548 3037 4593 te
3066 4537 3230 4607 loqui,
3261 4538 3352 4607 qui
3384 4538 3578 4593 dedisti

1990 4631 2121 4685 mihi
2164 4630 2299 4684 velle
2346 4638 2459 4694 tua,
2501 4640 2774 4701 utcunque
2815 4631 3101 4698 potuerim,
3146 4631 3309 4700 loqui.
3354 4631 3421 4685 Et
3449 4630 3576 4700 quia

1988 4720 2203 4776 dilectio
2252 4721 2483 4790 proximi
2534 4722 2759 4776 inhaeret
2807 4722 3081 4778 dilectioni
3134 4732 3270 4790 tum,
3322 4723 3388 4779 da
3441 4723 3573 4776 mihi

1990 4829 2244 4869 exercere
2272 4814 2561 4869 utilitatem
2588 4814 2723 4882 ejus,
2757 4830 2874 4881 quae
2900 4815 3098 4871 formet
3122 4816 3361 4871 salutem
3384 4815 3488 4879 illi,
3520 4823 3577 4869 et

1990 4906 2266 4975 perveniat
2292 4906 2346 4959 in
2372 4905 2585 4960 laudem
2607 4913 2664 4959 et
2685 4906 2909 4975 gloriam
2930 4907 3161 4962 nominis
3182 4906 3279 4961 tui.
3306 4904 3497 4959 Amen.

564 5045 3563 5070 *πυ-αὴ--ι-α--ῌα--ᾑ-Μ--κ

1083 5166 1950 5282 DISPUTATIO
2036 5170 2804 5284 PUERORUM

892 5360 1059 5424 PER
1119 5354 2029 5425 INTERROGATIONES
2086 5364 2199 5424 ET
2263 5366 2974 5431 RESPONSIONES.

625 5544 792 5624 418
826 5550 1143 5608 ΜΟΝΙἸὌΜ
1183 5551 1543 5610 PRJEVIUM.

368 5641 520 5712 Quod
547 5642 666 5697 loco
694 5642 930 5697 secundo
959 5642 1100 5697 inter
1127 5644 1287 5699 dubia
1315 5644 1456 5698 beati
1486 5644 1695 5699 Alcuini
1726 5645 1882 5699 exhi-

292 5716 488 5773 bemus
507 5713 823 5777 opusculum
853 5713 906 5766 in
932 5722 1244 5773 pervetusto
1270 5716 1453 5769 codice
1480 5732 1581 5771 ms.
1609 5715 1883 5771 Salisbur-

702 5806 975 5864 Ρλτιιοι..
1014 5805 1111 5869 CI.

1984 5570 2136 5644 gensi
2163 5571 2266 5630 900
2289 5589 2573 5639 annorum,
2604 5579 2788 5627 notato
2812 5586 2958 5644 num.
2984 5569 3069 5633 67,
3096 5565 3567 5644 deprehendimus.

1985 5640 2247 5715 Quoniam
2278 5660 2406 5699 vero
2442 5645 2644 5715 nullum
2676 5640 2913 5715 auctoris
2944 5656 3148 5715 nomen
3168 5640 3249 5695 ibi
3290 5640 3568 5715 prietiriim

1986 5710 2149 5783 esset,
2174 5716 2541 5771 haesitavimus
2571 5712 2876 5780 aliquandiu
2898 5727 2965 5765 an
2986 5710 3115 5764 illud
3136 5710 3297 5765 beato
3316 5711 3567 5777 Alcuino,

3055 5802 3131 5862 35
