4038 6354
480 288 619 347 1099

1317 286 1376 339 Β.
1419 284 1478 337 F.
1516 283 1738 339 ALBlNl
1777 285 1905 341 SEU
1947 285 2221 341 ALCUlNl
2260 286 2542 342 OPERUM
2582 288 2759 343 PARS
2801 290 2925 345 Vill.

3604 289 3769 345 {I00

478 416 547 457 an
574 397 725 453 alteri
750 396 891 451 illius
914 394 1010 468 aevi
1035 394 1450 468 scriptoriesset
1475 395 1892 468 attribuendum.
1916 392 2051 468 Nec-
2078 402 2126 460 Λ
2154 397 2298 466 cipio
2325 400 2507 468 operis
2554 400 2893 467 Conditoris;
2924 402 3131 457 idcirco
3176 403 3219 455 si
3270 410 3462 457 vestrae
3487 404 3768 459 domina-

478 472 607 527 dum
632 482 761 522 vero
798 466 930 521 certi
968 463 1240 534 quidpiam
1278 464 1343 517 de
1382 463 1472 534 illo
1507 465 1859 532 pronuntiare
1890 466 2055 519 aude-

480 554 619 601 mus,
651 536 893 606 quamvis
936 533 1169 588 rationes
1208 533 1532 606 handleves
1560 535 1668 606 sint
1693 550 1811 606 qua!
1836 550 1934 602 pro
1964 535 2055 587 Al-

479 610 640 663 cuino
667 603 957 676 pugnant,
1002 619 1139 673 quas
1180 603 1406 657 eruditis
1452 603 1816 671 dijudicandas
1860 620 2055 675 propo-

477 693 675 734 nimus.

548 747 729 800 Primo
773 758 1004 811 namque
1047 742 1099 796 iu
1147 742 1333 796 eodem
1379 742 1561 798 codice
1606 742 1711 798 alia
1756 742 2055 798 indubitata

476 814 687 871 Alcuini
736 812 989 880 opuscula
1044 813 1406 873 continentur,
1461 819 1517 865 et
1570 821 1692 881 post
1736 822 2055 880 praesentem

481 885 790 939 Tractatum
818 881 1005 935 eadem
1031 896 1192 951 manu
1232 881 1533 949 descriptus
1560 881 1788 951 habetur
1816 882 2053 951 ejusdem

476 951 907 1008 Commentarius
951 952 1003 1003 in
1044 950 1277 1019 psalmos
1311 950 1724 1019 pmnitentiales,
1764 950 1891 1016 etc’.,
1932 967 2055 1005 cum

477 1023 700 1092 epistola
722 1023 788 1074 ad
811 1020 1082 1092 Arnonein
1111 1020 1586 1092 archiepiscopum.
1618 1020 1862 1092 Secundo
1887 1021 2056 1092 stylus

479 1088 534 1147 et
580 1091 862 1146 methodus
900 1088 1058 1154 hujus
1097 1097 1361 1143 tractatus
1399 1088 1537 1157 stylo
1579 1105 1643 1143 ac
1682 1088 2056 1147 methodo‘Al-

478 1162 622 1215 enini
652 1162 723 1215 ita
746 1159 948 1213 similes
969 1167 1112 1221 sunt,
1134 1167 1193 1211 ut
1213 1174 1371 1212 ovum
1399 1174 1514 1218 ovo,
1543 1159 1683 1227 quod
1707 1175 1883 1225 nemo,
1911 1175 2053 1224 reor,

480 1230 828 1292 inliciabitur,
859 1229 951 1297 qui
989 1230 1041 1282 in
1071 1228 1288 1297 scriptis
1313 1229 1412 1281 viri
1441 1227 1775 1283 ccléherrimi
1812 1239 2057 1283 versatus

476 1300 640 1355 fuerit
680 1318 692 1352 :
739 1313 838 1352 nec
875 1298 1016 1352 ullus
1061 1297 1198 1351 alius
1243 1298 1385 1352 illius
1426 1299 1620 1364 aetatis,
1664 1314 1768 1368 qua
1816 1314 2057 1369 praesens

480 1369 807 1440 Opusculum
836 1377 1114 1440 exaratum
1151 1382 1270 1422 esse
1296 1368 1548 1440 diximus,
1581 1377 1671 1440 aut
1698 1368 1933 1440 anterior
1955 1369 2053 1423 ali-

516 1437 598 1494 uis
632 1439 862 1507 scriptor
895 1437 1105 1491 ostendi
1143 1446 1342 1507 potest,
1380 1437 1466 1492 cui
1506 1438 1675 1507 stylus
1718 1438 1804 1491 ille
1846 1441 2057 1493 metho-

522 1523 689 1577 usque
720 1506 902 1577 magis
918 1506 1217 1561 conveniat.
1259 1506 1577 1561 Continetur
1606 1509 1824 1576 insuper
1862 1509 1913 1562 in
1955 1510 2057 1563 hoc

482 1575 704 1646 scripto,
733 1578 841 1646 sub
880 1575 1051 1630 forma
1078 1577 1290 1645 dialogi,
1332 1577 1511 1632 brevis
1548 1577 1635 1632 illa
1664 1575 2057 1633 commentatio

476 1649 532 1701 in
558 1645 687 1703 illud
713 1645 973 1718 Genesis:
1005 1646 1292 1701 Faciamus
1320 1648 1579 1718 hominem
1608 1648 1677 1701 ad
1703 1649 1982 1718 imaginem
2004 1659 2054 1703 et

476 1717 871 1772 simi.’itudinem
911 1726 1172 1785 nostram,
1215 1732 1375 1785 quam
1417 1718 1486 1771 cl.
1530 1717 1918 1784 Quercetanus,
1961 1719 2054 1773 de-

477 1795 649 1841 tracta
672 1785 841 1841 forma
856 1778 1299 1857 idialogica,vpo'st
1320 1778 1707 1857 expositionem
1742 1788 1794 1842 in
1816 1778 2051 1843 Genesin

480 1856 649 1911 edidit
676 1871 743 1910 ex
772 1856 891 1909 cod.
934 1855 1035 1909 ms.
1078 1855 1369 1920 Sirmondi,
1392 1855 1499 1912 iubi
1538 1857 1787 1912 exstabat
1825 1860 1925 1913 sub
1960 1874 2056 1913 no-

479 1927 625 1981 mine
663 1925 875 1981 Aleuini
918 1936 964 1978 ι.
1012 1926 1079 1979 Et
1114 1927 1418 1982 verosimile
1454 1928 1611 1982 nobis
1646 1928 1883 1994 videtur,
1916 1930 2056 1983 hanc

476 1996 648 2067 ipsam
672 1996 1274 2068 commentatiunculam
1314 2014 1345 2051 a
1379 1999 1633 2068 quopiam,
1659 2014 1757 2067 pro
1796 1998 2055 2068 singulari

476 2066 795 2137 ususuoiex
826 2066 993 2137 hocce
1033 2066 1580 2137 Dialogojextract’am
1615 2067 1803 2133 fuisse,
1836 2066 2057 2137 praefixo

474 2136 633 2191 titulo
661 2150 675 2188 :
708 2134 1224 2207 DietajbeatiI-llbini
1251 2135 1420 2207 levita?
1444 2154 1601 2207 super
1623 2137 1754 2190 illud
1778 2134 2052 2203 Geneseos,

476 2216 607 2270 etc.,
653 2206 796 2274 quod
829 2205 975 2276 idem
1025 2205 1226 2259 factum
1270 2204 1440 2276 fuisse
1483 2204 1728 2276 suspicor
1766 2222 1890 2261 cum
1936 2208 2060 2264 aliis

475 2276 695 2347 scriptis
718 2276 804 2329 hic
824 2275 1065 2347 insertis,
1087 2291 1139 2347 v.
1162 2292 1241 2347 g._,
1270 2275 1345 2347 De
1364 2275 1765 2347 proprietatibus
1787 2278 2056 2331 nominum

510 2343 726 2417 uteVDeo
750 2343 1176 2417 attribuunturin
1197 2343 1499 2417 scripturis,
1524 2346 1830 2417 quodriuter
1852 2348 2056 2417 scripta

510 2364 593 2399 tua
618 2364 726 2398 ueo
750 2364 1103 2397 attribuuntur
1121 2364 1175 2396 in
1197 2364 1499 2414 scripturis,
1524 2364 1664 2415 quoa
1690 2364 1830 2399 Inter
1852 2364 2055 2417 scripta

475 2364 688 2469 chuini
720 2424 958 2468 recenset
989 2413 1319 2468 Trithemius
1349 2414 1485 2468 libro
1516 2431 1552 2469 ιι
1582 2417 1646 2470 de
1676 2416 1821 2470 Viris
1860 2416 2055 2470 illustr.

478 2485 541 2539 ().
575 2483 631 2539 S.
666 2484 748 2547 B.,
779 2497 898 2552 cap.
927 2482 1014 2554 26.
1052 2483 1437 2553 Explicationes
1468 2484 1702 2554 Symboli
1727 2495 1775 2538 et
1803 2487 2058 2541 orationis

477 2554 788 2626 Dominicis,
825 2568 964 2626 quas
990 2552 1218 2626 Alcuino
1246 2554 1434 2609 tribuit
1468 2552 1723 2626 chesiiis
1758 2555 1956 2611 Chron.
1990 2557 2053 2612 Ο.

481 2625 536 2680 S.
571 2624 632 2677 Β.
666 2632 795 2676 tom.
825 2623 908 2686 ΙΙΙ,
938 2640 1056 2694 pag.
1088 2623 1217 2694 4‘26.
1545 2623 1578 2641 ’“

547 2694 616 2747 At
655 2694 851 2768 mirum
880 2693 1050 2768 videri
1082 2693 1315 2768 cuipiam
1356 2694 1557 2764 possit,
1598 2698 1868 2768 neminem
1901 2697 2059 2768 hujus

475 2762 720 2834 opusculi
762 2764 1093 2827 meminisse,
1136 2762 1277 2834 quod
1322 2762 1497 2820 tamen
1541 2775 1697 2821 astate
1734 2762 2058 2824 Alcuini'ac

475 2835 731 2909 deinceps
765 2834 834 2909 ob
864 2836 1211 2889 materiarum
1231 2876 1245 2898 ,
1282 2849 1416 2909 quas
1443 2845 1766 2905 pertractat,
1797 2847 2059 2909 praestan-

477 2905 609 2976 tiam
635 2903 983 2976 etAselectum
1025 2920 1217 2975 magno
1246 2907 1365 2960 usui
1395 2903 1517 2961 esse
1558 2909 1729 2976 potuit
1758 2903 1821 2962 ac
1851 2908 2053 2963 debuit.

478 2973 677 3028 Verum
704 2974 807 3027 hoc
832 2989 932 3042 ego
958 2973 1257 3028 oscita'ntiie
1290 2976 1501 3030 illorum
1529 2973 1872 3031 librariorum
1904 2979 2058 3032 attri-

477 3043 606 3107 buo,
624 3045 715 3112 qui
736 3044 992 3111 opuscula
1017 3046 1157 3099 beati
1182 3045 1282 3098 viri
1309 3058 1650 3101 recensentes
1674 3050 1848 3103 nudos
1869 3049 2056 3103 titulos

474 3114 761 3176 dederunt,
787 3113 929 3165 nulla
958 3112 1097 3167 facta
1130 3115 1400 3177 mentione
1424 3117 1560 3171 initii
1583 3117 1664 3172 vel
1686 3118 1808 3173 ﬁnis
1828 3130 2053 3174 conten-

477 3192 655 3236 torum
672 3223 686 3244 ,
720 3190 813 3234 aut
842 3183 1098 3237 methodi.
1229 3188 1253 3205 "

547 3251 871 3323 Possevinns
896 3261 951 3305 et
972 3252 1058 3305 alii
1084 3254 1224 3323 inter
1250 3254 1448 3323 scripta
1479 3256 1690 3311 Alcuiui
1722 3268 2006 3313 numerant
2039 3279 2050 3314 :

477 3320 818 3397 Dialogorum
857 3323 940 3397 ad
976 3322 1263 3397 discipulos
1303 3320 1491 3397 librum
1540 3344 1721 3397 unum.
1773 3328 2056 3397 Speculum

475 3391 761 3464 parentant
769 3392 895 3464 atde
907 3391 1145 3461 dogmate
1159 3392 1525 3464 ecclesiastico.
1545 3396 1619 3450 De
1630 3391 1960 3464 dogmatibus
1974 3417 2059 3453 ec-

477 3458 781 3531 elesiasticis
808 3458 994 3531 libram
1022 3479 1202 3531 unum.
1234 3463 1624 3519 Sententiarum
1653 3458 1841 3520 librum
1874 3486 2054 3524 unum.

476 3528 544 3605 [ιι
561 3530 889 3605 Bibliotheca
916 3528 1274 3605 [tani'entiana
1302 3533 1556 3605 Medicea,
1579 3537 1762 3605 pluteo
1792 3539 1871 3603 l2,
1905 3556 2053 3592 num.

477 3598 570 3663 22,
599 3609 736 3677 teste
763 3601 1353 3677 MontciaueoniqBihl.
1386 3598 1549 3671 Bibl.,
1572 3598 1692 3677 pag.
1726 3598 2059 3672 270,'exstat

475 3678 599 3794 Best
630 3670 840 3725 Alcuini
869 3672 1040 3725 leviuc
1077 3673 1143 3725 ad
1168 3673 1420 3731 Carolum
1448 3670 1584 3745 imp;
1608 3670 1674 3732 de
1703 3670 1968 3734 Trinitate
1996 3681 2058 3734 Ii-

518 3756 606 3794 ros
634 3750 744 3794 tres
770 3760 782 3794 :
827 3740 978 3794 Fidei
1009 3742 1276 3794 calholicm
1302 3745 1681 3794 Recanitulatin
1711 3766 1803 3794 nar
1837 3750 2057 3794 interra—

518 3756 606 3817 ro_s
634 3750 744 3796 tres
770 3760 782 3795 :
819 3740 978 3817 fidei
1009 3742 1276 3817 cal/ultime
1301 3740 1681 3817 Recapitulatio
1709 3766 1803 3817 per
1837 3750 2057 3803 interro-

477 3810 708 3878 gationes
737 3821 784 3864 et
812 3809 1091 3881 Responsa.
1132 3813 1199 3866 Et
1236 3816 1336 3867 sub
1377 3809 1460 3869 his
1492 3817 1663 3870 titulis
1690 3809 1780 3871 aut
1807 3836 1912 3873 uno
1942 3820 2059 3873 illo-

472 3895 600 3933 rum
646 3890 889 3959 nostrum
926 3881 1367 3959 hocppusculum
1409 3903 1502 3939 seu
1527 3888 1834 3959 Disputatio
1863 3906 2059 3959 puero-

478 3964 597 4002 rum
620 3965 719 4020 per
715 3951 1192 4025 jnterrogationes
1214 3963 1268 4007 et
1294 3951 1672 4025 responsiones
1705 3951 2058 4016 facile'latcre

476 4028 677 4088 potest.
712 4021 775 4075 Et
812 4021 1055 4075 I'urtaSsis
1088 4023 1174 4077 hic
1210 4021 1470 4080 tractatus
1502 4036 1584 4080 est
1613 4028 1699 4081 ille
1737 4028 1887 4082 Liber
1921 4030 2057 4084 Sen-

477 4089 959 4163 tentiarum,_que.u
993 4092 1130 4146 inter
1160 4097 1357 4163 scripta
1388 4094 1594 4149 Alcuini
1626 4109 1907 4152 recensent
1932 4099 2057 4152 Tri-

479 4159 733 4223 themius,
776 4160 1119 4225 Passerinus,
1163 4159 1490 4219 Helinandus
1525 4177 1577 4219 rt
1619 4168 1727 4220 alii.
1776 4168 1869 4221 Est
1912 4170 2056 4223 enim

478 4226 641 4308 hujus
678 4239 938 4308 tractatus
980 4233 1165 4287 titulus
1199 4252 1211 4285 :
1256 4233 1445 4305 Incipit
1486 4237 1756 4291 Sententia
1785 4241 1955 4308 prima
1994 4239 2058 4292 de

478 4298 718 4365 operibus
747 4317 836 4353 se:
865 4301 1088 4354 dierum.

551 4365 626 4420 Ex
661 4369 958 4448 his,.reor,
1000 4373 1097 4425 viri
1128 4373 1703 4448 eruditijudicabant,
1742 4379 2053 4448 opusculum

478 4449 738 4510 praesens,
761 4439 806 4510 si
838 4454 940 4492 non
965 4451 1111 4493 certe
1138 4439 1401 4510 genuinis,
1428 4445 1603 4501 dubiis
1626 4439 1813 4502 saltem
1841 4449 2050 4502 Alcuini
2088 4445 2135 4505 υ

476 4508 731 4585 operibus
753 4508 874 4585 iure
913 4523 943 4561 a
988 4508 1453 4585 tiobis'accenseri
1495 4518 1752 4584 potuisse.
1791 4519 1869 4571 Ex
1914 4520 2054 4573 illius

481 4577 638 4657 initio
659 4577 1111 4657 haudobscurum
1138 4588 1245 4644 est,
1268 4577 1799 4657 deiicere-prologum
1827 4598 1918 4640 aut
1942 4591 2055 4657 epi-

480 4644 700 4728 stolam"
718 4646 1098 4728 dedicatoriam
1138 4654 1470 4721 autographo
1513 4644 1609 4728 abs
1642 4644 1805 4710 dubio
1844 4644 2054 4728 appu'si-

482 4715 755 4795 tam.‘Est
789 4731 916 4771 vero
957 4715 1302 4795 totumpene
1324 4715 1679 4795 idpusculumr
1704 4715 2050 4795 cumulatum

478 4783 645 4868 (quad
684 4801 851 4868 genus
888 4790 1152 4868 scribendi
1168 4783 1408 4868 ';_\_lcuinr'_i
1447 4803 1630 4868 nostro
1658 4786 1923 4868 familiare
1951 4800 2053 4868 est)

479 4869 543 4934 e3
577 4853 733 4934 Ψπίδ
762 4856 1037 4934 Οτίὶξξῐὶιιξιὲ
1069 4862 1649 4934 SeeLEIymologiarum
1689 4867 1911 4934 aliisque
1948 4853 2056 4921 tral

480 4924 715 5003 etatibus
739 4924 1119 5004 sanclilsidori
1150 4924 1501 5000 llispaleiisis,
1526 4951 1663 5004 quos
1688 4924 1872 4991 sedulo
1899 4948 2053 4991 nota-

479 4991 673 5078 vimus,
701 5004 756 5048 et
782 5010 845 5049 ex
877 4997 982 5050 illis
1010 4991 1390 5078 nonnunquam
1416 4991 1624 5076 ea'qinu
1649 5007 1703 5061 in
1728 5021 1830 5062 ms.
1860 5008 2053 5078 depra-

478 5070 600 5117 vata
628 5063 863 5130 fuerant,
893 5071 1246 5124 correximus.

871 5157 1036 5229 419
1081 5160 1308 5217 CAPUT
1346 5164 1633 5220 PRIMUM.

479 5256 531 5295 IN
572 5260 767 5299 NOIlNE
802 5264 980 5302 DIVlNO
1020 5267 1180 5303 TRINO
1218 5268 1414 5307 INCIPIT
1451 5272 1747 5311 SENTENTIA
1792 5274 1948 5311 PRIM\
1993 5274 2055 5312 DE

550 5328 805 5370 OPRIUBUS
844 5334 937 5371 SEX
989 5335 1187 5374 DII‘ZRUI
1236 5338 1338 5376 CUI]
1385 5339 1668 5380 ρυειιοηωι
1722 5335 2054 5382 INTERROGA-

553 5395 795 5440 ﬂOﬁlBUS
839 5404 908 5441 ετ
945 5405 1383 5447 κεδνοκδιυκιιιυδ
1421 5411 1558 5449 RJUS.

551 5475 810 5550 Interrog.
857 5481 921 5535 Et
946 5483 1071 5549 quia
1096 5484 1326 5538 humana
1357 5486 1618 5555 fragilitas
1644 5506 1741 5543 nec
1765 5491 1942 5552 audet,
1961 5506 2059 5544 nec

478 5576 655 5636 potest
678 5570 892 5625 aliunde
914 5573 1195 5626 exordium
1223 5590 1437 5629 sumere
1454 5579 1710 5653 \rationis,
1730 5581 1829 5631 nisi
1860 5596 1886 5632 a
1910 5579 2059 5648 prin-

475 5708 483 5719 ι
554 5688 580 5717 ι
620 5677 749 5735 Vide
782 5689 910 5737 tom.
944 5684 962 5739 l
990 5684 1145 5753 hujus
1176 5688 1331 5753 edit,
1364 5688 1463 5742 col.
1494 5690 1614 5741 565.

2157 490 2289 544 tioni
2312 488 2498 544 audire
2517 490 2798 559 placuerit,
2832 492 2885 545 in
2907 498 3166 560 quantum
3219 506 3286 545 eo
3336 492 3620 563 largiente,
3647 492 3764 564 qui

2155 586 2346 633 cuncta
2378 580 2606 643 creavit,
2639 580 2968 647 conceditur,
2997 581 3243 635 volumus
3271 582 3339 638 de
3379 582 3765 639 distinctioni—

2155 669 2256 723 bus
2280 684 2375 723 scx
2403 668 2612 724 dierum
2643 685 2867 740 Operum
2916 671 2969 724 in
3000 674 3288 740 prcesentia
3337 682 3513 728 vestra
3537 674 3761 743 aliquid

2156 760 2382 814 rationis
2408 761 2697 815 deducere.
2726 762 2820 815 Eia
2859 762 3245 833 condiscipule,
3292 766 3548 834 quoniam
3598 768 3763 823 sicut

2155 852 2284 916 dixi,
2316 860 2372 905 et
2400 853 2516 923 ipse
2548 853 2711 918 nosti,
2736 868 2839 907 nec
2858 869 3146 923 possumus
3171 870 3269 911 nec
3298 861 3558 913 audemus
3578 858 3761 914 altius

2156 944 2368 998 initium
2395 953 2594 999 nostrae
2613 946 2931 1015 protrahere
2956 949 3360 1018 disputationis,
3393 952 3437 1005 si
3462 952 3559 1005 tibi
3595 953 3761 1007 vide-

2156 1042 2244 1087 tur
2265 1034 2588 1104 ineipiamus
2614 1036 2683 1090 ab
2703 1036 2892 1089 eodem
2914 1038 3197 1107 principio,
3245 1048 3299 1093 et
3346 1049 3505 1109 prout
3552 1038 3756 1097 Domi-

2156 1145 2258 1183 nus
2280 1129 2483 1184 donare
2510 1130 2784 1199 dignatur,
2815 1130 3152 1200 disputemus
3187 1131 3253 1185 de
3302 1132 3758 1187 distinctionibus

2154 1216 2498 1288 praefatamm
2518 1234 2612 1273 sex
2630 1219 2838 1274 dierum
2854 1235 3184 1290 suorumque
3200 1237 3445 1291 operum.
3470 1221 3629 1292 Resp.
3646 1222 3762 1277 Ne-

2154 1324 2424 1379 quaquam
2451 1310 2875 1380 disputationem
2927 1321 3168 1366 nostram
3218 1313 3413 1367 alicubi
3443 1313 3643 1367 melius
3668 1316 3761 1368 in-

2155 1399 2333 1467 cipere
2355 1414 2513 1469 posse
2544 1399 2802 1466 arbitror,
2820 1415 2981 1469 quam
3005 1401 3074 1455 ab
3093 1402 3209 1470 ipsa
3238 1402 3413 1471 prima
3437 1405 3754 1468 creatione,

2154 1498 2210 1543 et
2230 1505 2260 1541 a
2290 1489 2607 1560 prtescripto
2630 1502 2843 1546 sacrato
2869 1500 2923 1545 et
2944 1492 3186 1561 perfecto
3208 1509 3455 1559 numero,
3480 1494 3626 1549 sicut
3654 1510 3757 1549 as-

2154 1579 2389 1645 seruisti,
2421 1581 2513 1649 qui
2542 1595 2609 1635 ex
2631 1581 2776 1635 omni
2813 1591 2968 1651 parte
2991 1582 3264 1653 perfectus
3288 1593 3391 1638 est.

2226 1669 2393 1724 Inter.
2431 1669 2550 1724 Jam
2583 1672 2709 1740 quia
2742 1671 2817 1726 ita
2832 1670 3110 1740 judicasti,
3138 1672 3234 1727 ﬁat
3257 1675 3352 1728 ita.
3379 1672 3485 1728 Sed
3510 1675 3757 1744 primum

2084 1746 2128 1808 Β
2154 1769 2296 1831 peto,
2341 1769 2401 1814 ut
2448 1760 2631 1827 dicas,
2685 1762 2954 1831 quomodo
3002 1764 3276 1834 perlectus
3326 1780 3450 1820 esse
3498 1769 3759 1820 constet?

2154 1850 2306 1921 Resp.
2334 1852 2460 1906 Ideo
2483 1852 2627 1906 enim
2653 1852 2925 1923 perfectus
2955 1868 3076 1909 esse
3100 1854 3320 1920 dicitur,
3345 1856 3473 1924 quia
3496 1857 3755 1925 partibus

2152 1943 2265 1998 suis
2295 1943 2613 2014 completur.

2224 2034 2389 2089 Inter.
2422 2035 2538 2103 Qua
2568 2035 2815 2091 ratione?
2865 2035 3015 2108 Resp.
3072 2037 3245 2092 liabet
3292 2037 3493 2109 quippe
3540 2055 3750 2105 unum;

2154 2124 2295 2195 quod
2322 2135 2405 2179 est
2434 2135 2586 2180 sexta
2612 2141 2739 2195 pars
2766 2124 2913 2195 ejus;
2952 2127 3079 2190 duo,
3100 2128 3242 2197 quod
3270 2138 3353 2182 est
3383 2130 3577 2191 tertia;
3613 2141 3750 2193 tres,

2154 2218 2297 2288 quod
2327 2226 2411 2273 cst
2440 2219 2707 2285 medium;
2742 2235 2907 2273 unum
2936 2236 3085 2291 ergo,
3119 2221 3245 2284 duo,
3281 2230 3336 2276 et
3371 2232 3481 2275 tres
3527 2239 3624 2277 sex
3678 2222 3756 2276 fa-

2155 2313 2325 2374 ciunt,
2351 2310 2502 2380 cujus
2521 2310 2786 2381 perfectio
2818 2312 2889 2365 ita
2914 2311 3179 2380 completa
3211 2320 3315 2366 est.

2227 2399 2393 2455 Inter.
2415 2402 2679 2469 Quoniam
2705 2403 2774 2456 ab
2797 2402 2886 2457 illo
2903 2403 3171 2473 principio
3189 2404 3552 2474 incipiendam
3571 2405 3756 2475 dispu-

2155 2492 2413 2547 tationem
2457 2502 2698 2548 nostram
2742 2510 2863 2548 esse
2893 2495 3171 2557 censuisti,
3217 2494 3303 2549 dic
3354 2496 3484 2549 mihi
3538 2496 3592 2549 in
3645 2512 3755 2565 quo

2155 2582 2421 2652 principio
2455 2584 2624 2654 ipsam
2651 2585 2981 2639 creationem
3018 2585 3344 2640 condidisset
3400 2588 3752 2657 omnipotens

2157 2674 2328 2741 Deus;
2365 2676 2418 2730 in
2468 2676 2733 2747 principio
2779 2680 3058 2749 temporis,
3089 2695 3156 2734 an
3205 2681 3255 2733 in
3286 2681 3557 2750 principio
3585 2682 3751 2736 Verbi

2158 2763 2272 2829 Dei,
2297 2766 2440 2835 quod
2469 2774 2553 2820 est
2577 2768 2885 2835 unigenitus
2928 2769 3097 2823 Filius
3148 2769 3279 2823 Dei?
3330 2769 3490 2839 Resp.
3545 2770 3667 2824 Non
3699 2772 3752 2823 in

2158 2855 2422 2925 principio
2472 2858 2749 2926 temporis,
2782 2858 2878 2912 sed
2927 2860 2981 2912 in
3038 2860 3303 2929 principio
3332 2859 3493 2913 Verbi
3530 2859 3648 2921 Dei,
3685 2860 3753 2913 de

2158 2962 2267 3017 quo
2289 2957 2344 3001 et
2368 2948 2557 3002 beatus
2581 2946 2819 3008 Joannes
2862 2950 3191 3020 evangelista
3217 2951 3293 3003 ait
3332 2969 3344 3003 ε
3373 2949 3442 3003 In
3490 2952 3752 3020 principio

2161 3046 2274 3089 erat
2338 3036 2585 3103 Verbum,
2622 3049 2669 3092 et
2708 3037 2930 3093 Verbum
2956 3050 3067 3093 erat
3097 3041 3237 3111 apud
3268 3040 3453 3103 Deum,
3516 3051 3568 3094 et
3611 3040 3751 3093 Deus

2161 3138 2271 3182 erat
2311 3127 2556 3195 Verbum,
2585 3129 2759 3185 omnia
2782 3148 2875 3201 per
2899 3132 3067 3203 ipsum
3095 3132 3235 3201 facta
3258 3142 3401 3196 sunt,
3428 3144 3475 3186 et
3502 3134 3621 3186 sine
3642 3134 3750 3202 ipso

2160 3220 2359 3289 factum
2382 3231 2456 3275 est
2494 3222 2624 3276 nihil
2653 3221 2837 3294 (Joan.
2876 3239 2914 3287 ι,
2950 3224 3023 3295 1).
3060 3223 3215 3279 Unde
3255 3235 3308 3279 et
3339 3226 3455 3294 ipse
3480 3224 3747 3279 Dominus

2160 3313 2213 3367 in
2239 3313 2528 3384 Evangelio
2557 3315 3018 3385 interrogantibus
3046 3334 3059 3369 ι
3088 3314 3165 3368 Tu
3199 3318 3317 3386 quis
3365 3333 3418 3369 es
3445 3316 3471 3368 2
3507 3316 3753 3386 Respon-

2160 3411 2237 3464 dit
2267 3430 2278 3464 :
2309 3410 2418 3481 Ego
2443 3410 2673 3475 initium,
2700 3411 2790 3482 qui
2820 3421 2868 3465 et
2892 3411 3079 3483 loquor
3111 3411 3456 3481 rabionan.
3483 3426 3603 3471 vui,
3635 3411 3747 3481 25}.

2158 3504 2216 3559 in
2240 3506 2342 3560 hoc
2365 3521 2495 3577 ergo
2517 3506 2783 3576 principio
2828 3505 2955 3561 fecit
3006 3507 3347 3575 omnipotens
3377 3506 3519 3559 Deus
3551 3505 3748 3559 cretum

2159 3605 2213 3651 et
2237 3605 2458 3659 terram,
2493 3612 2643 3651 mare
2668 3604 2722 3650 et
2744 3596 2944 3661 omnia,
2984 3613 3104 3666 qua:
3136 3598 3188 3650 in
3214 3598 3293 3651 eis
3323 3607 3470 3650 sunt.

2230 3687 2396 3741 Inter.
2428 3687 2581 3742 Nunc
2603 3686 2744 3749 volo,
2775 3695 2835 3741 ut
2865 3702 3055 3741 omnes
3096 3687 3474 3759 distinctiones
3507 3685 3747 3753 singulo-

2160 3796 2279 3835 rum
2328 3795 2552 3850 operum
2616 3779 3049 3849 supradictorum
3102 3778 3311 3834 dierum
3368 3795 3468 3849 per
3508 3780 3750 3833 ordinem

2158 3870 2290 3925 mihi
2318 3885 2578 3939 exponas.
2614 3868 2765 3938 Resp.
2794 3868 2977 3923 Primo
3023 3870 3109 3924 die
3156 3870 3243 3922 lux
3274 3885 3339 3923 ex
3393 3870 3567 3923 nihilo
3614 3869 3749 3923 facta

2158 3968 2271 4024 est;
2306 3959 2366 4013 2°
2391 3959 2792 4013 ﬁrmamentum
2820 3959 2871 4011 in
2897 3958 3074 4013 medio
3124 3974 3420 4028 aquarum;
3455 3958 3512 4011 δι’
3548 3959 3751 4028 species

2159 4049 2325 4104 maris
2354 4057 2410 4102 et
2438 4057 2595 4103 terrae
2627 4064 2749 4103 cum
2777 4049 2877 4111 his,
2906 4064 3025 4117 qua:
3059 4057 3218 4103 terra:
3274 4049 3541 4104 radicitus
3584 4051 3747 4103 inhie-

2160 4148 2308 4205 rent;
2334 4140 2393 4192 4°
2416 4139 2705 4193 luminaria
2740 4139 2860 4194 cmli
2889 4141 2953 4193 dc
2990 4139 3209 4203 lumine,
3234 4140 3411 4208 primo
3447 4140 3535 4193 die
3579 4139 3743 4195 facto:

2159 4230 2216 4283 5°
2250 4231 2448 4285 natalia
2478 4240 2532 4285 et
2561 4231 2797 4285 volatilia
2830 4232 2899 4287 de
2925 4234 3113 4301 aquis;
3150 4234 3207 4287 6°
3241 4248 3370 4287 vero
3398 4232 3609 4303 reliqua
3635 4234 3744 4285 ani-

2159 4321 2317 4375 malia
2343 4322 2410 4375 de
2441 4331 2615 4385 terra;
2643 4330 2698 4377 et
2724 4322 2885 4378 homo
2907 4337 3073 4378 carne
3094 4324 3311 4392 quidem
3338 4324 3405 4377 de
3433 4332 3603 4385 terra,
3635 4324 3743 4375 ani-

2162 4425 2247 4463 ma
2274 4419 2454 4464 autem
2489 4411 2555 4464 de
2584 4412 2752 4466 nihilo
2773 4421 3005 4477 constat,
3041 4413 3106 4467 de
3128 4429 3254 4483 quo,
3304 4428 3428 4467 cum
3485 4411 3742 4467 creandas

2161 4511 2321 4563 esset,
2353 4502 2495 4555 Deus
2527 4502 2640 4556 ait:
2674 4501 2962 4558 Faciamus
2981 4504 3239 4559 hominem
3270 4504 3339 4556 ad
3375 4504 3650 4574 imaginem
3695 4511 3737 4552 et

2159 4593 2554 4649 similitudinem
2585 4604 2819 4649 nostram
2849 4592 3001 4667 (Cen.
3030 4613 3064 4659 ι,
3094 4594 3207 4667 26).

2796 4705 3022 4761 CAPUT
3060 4708 3120 4761 ll.

2655 4792 2719 4829 DEI
2756 4793 2971 4831 NATURA
2999 4793 3237 4833 HOIlNlS.

2231 4862 2397 4917 Inter.
2435 4864 2700 4930 Quoniam
2726 4878 2939 4922 creator
2984 4870 3225 4923 omnium
3270 4870 3337 4923 ad
3369 4870 3651 4939 imaginem
3681 4876 3725 4919 et

2163 4952 2563 5007 similitudinem
2616 4971 2763 5009 suam
2814 4956 3084 5011 hominem
3120 4975 3306 5013 creare
3358 4960 3607 5027 dignatus
3633 4966 3723 5019 est,

2166 5043 2498 5112 inquiramus
2521 5045 2824 5115 diligenter,
2852 5050 3120 5116 quomodo
3144 5060 3237 5102 aut
3257 5050 3490 5118 qualiter
3515 5051 3581 5105 ad
3611 5050 3725 5102 ima-

2163 5135 2340 5204 ginem
2371 5135 2487 5203 ejus
2503 5138 2662 5190 homo
2695 5145 2908 5193 creatus
2931 5153 3052 5194 esse
3089 5141 3338 5194 dicatur?
3370 5139 3525 5211 Resp.
3559 5138 3724 5195 Facia-

2166 5241 2284 5280 mus
2314 5235 2371 5279 ut
2416 5228 2570 5291 dicis,
2615 5244 2679 5282 eo
2712 5231 2853 5299 quod
2904 5246 3125 5286 necesse
3161 5243 3242 5287 cst
3290 5233 3446 5287 nobis
3487 5234 3637 5293 scire,
3679 5230 3721 5281 in

2164 5327 2423 5387 quantum
2458 5319 2526 5373 ab
2555 5335 2618 5373 co
2653 5321 2987 5385 conceditur,
3043 5322 3273 5392 qualiter
3319 5322 3388 5375 ab
3435 5325 3550 5392 ipso
3578 5319 3722 5375 creati

2165 5424 2370 5471 sumus,
2405 5417 2462 5463 ut
2493 5408 2608 5477 ejus
2635 5410 3057 5465 misericordiam
3106 5412 3274 5482 magis
3310 5412 3529 5466 laudare
3571 5408 3719 5463 valea-

2166 5511 2307 5557 mus,
2333 5496 2478 5564 quia,
2507 5506 2564 5550 ut
2596 5498 2669 5551 ita
2694 5498 2889 5563 dicam,
2929 5500 2973 5552 si
2997 5501 3177 5553 omnia
3220 5501 3456 5555 membra
3487 5507 3652 5553 nostra
3678 5496 3719 5547 in

2167 5586 2374 5657 linguas
2396 5590 2635 5644 converti
2660 5593 2866 5659 potuiss
2902 5601 2978 5655 nt,
3006 5592 3312 5646 imllatenus
3338 5610 3437 5662 pro
3464 5594 3571 5647 sola
3594 5602 3716 5645 etca-
