4038 6354
308 339 439 395 llOl

1218 333 1366 393 OPP.
1406 337 1630 395 DUBIA.
1663 369 1732 377 -—-
1769 332 2177 391 DISPUTATIO
2215 331 2635 392 PUERORUM.-

3408 320 3551 381 ιιοιι

305 455 471 517 tione,
502 468 606 522 qua
636 468 734 508 nos
763 467 951 508 creare
980 453 1227 523 dignatus
1261 462 1364 517 est,
1393 453 1580 520 dignas
1608 452 1655 506 ei
1692 451 1877 505 laudes
1904 454 1952 513 Α
1980 448 2391 515 beatitudinem,
2441 448 2557 503 sine
2587 446 2707 501 aliis
2734 444 2941 501 duobus
2992 442 3259 516 integrum
3311 451 3549 498 constat.

305 547 511 603 referre
542 546 915 602 valuissemus.

377 638 543 692 Inter.
573 636 861 692 Consentio
882 652 979 707 per
1000 637 1200 700 omnia,
1224 646 1284 691 ut
1318 636 1474 702 dicis,
1508 634 1601 690 sed
1626 643 1750 705 peto
1782 630 1884 688 liu—

305 726 524 791 militer,
552 735 612 779 ut
638 727 905 795 quomodo
924 725 1010 780 vel
1056 725 1288 795 qualiter
1337 726 1405 778 ab
1448 740 1513 779 eo
1553 724 1719 779 creati
1765 737 1885 777 esse

306 816 592 880 fateamur,
618 824 880 885 quantum
902 830 969 869 ex
1014 823 1068 870 te
1113 824 1216 880 est,
1242 814 1373 869 mihi
1410 814 1647 868 indicare
1677 827 1781 867 non
1806 827 1889 867 re-

307 921 464 959 nuas.
500 904 655 974 Resp.
694 904 1001 959 Secundum
1043 905 1185 973 quod
1229 904 1354 975 legi,
1395 903 1591 957 faciam
1620 902 1761 971 quod
1788 917 1884 971 pc-

306 998 440 1051 tisti.
475 1009 499 1036 ει
533 997 705 1051 Tanta
753 996 987 1068 dignitas
1031 997 1280 1051 humana:
1301 996 1624 1051 conditionis
1654 1009 1774 1049 esse
1795 1011 1886 1049 co—

306 1087 603 1158 gnoscitur,
647 1096 706 1140 ut
754 1102 860 1141 non
888 1086 1004 1141 solo
1026 1085 1265 1155 iubentis
1304 1101 1573 1149 sermone,
1618 1085 1756 1139 sicut
1778 1083 1884 1136 alia

305 1193 403 1233 sex
427 1179 633 1233 dierum
689 1193 875 1248 opera,
910 1186 1003 1233 sed
1036 1178 1263 1233 consilio
1288 1189 1488 1232 sancta:
1520 1177 1798 1231 Trinitatis
1830 1184 1888 1229 et

306 1282 470 1339 Opere
517 1270 709 1323 divina:
756 1269 1050 1341 Majestatis
1093 1277 1309 1324 creatus
1352 1278 1437 1323 est
1487 1269 1668 1332 homo,
1695 1268 1747 1321 in
1779 1282 1884 1335 quo

306 1362 385 1416 ait
416 1380 429 1415 :
462 1360 745 1415 Faciamus
781 1361 1041 1415 hominem
1077 1360 1146 1413 ad
1181 1361 1457 1429 imaginem
1494 1369 1543 1412 et
1589 1357 1889 1412 similitudi-

307 1469 425 1507 nem
452 1462 678 1507 nostram
704 1450 855 1522 (Gen.
889 1469 929 1518 ι,
952 1452 1067 1523 26),
1097 1451 1240 1521 quod
1267 1450 1387 1505 ideo
1408 1450 1456 1504 ei
1484 1450 1731 1520 praestitit
1755 1465 1886 1504 con-

306 1542 469 1606 ditor,
494 1551 552 1596 ut
572 1550 723 1597 tanto
747 1543 1024 1597 ardentius
1052 1558 1176 1596 eum
1220 1550 1447 1606 amaret,
1476 1549 1679 1611 quanto
1702 1556 1758 1595 se
1781 1540 1884 1593 mi-

308 1632 532 1687 rabilius
558 1633 626 1686 ab
649 1649 716 1687 eo
739 1649 860 1688 esse
884 1633 1163 1688 conditum
1214 1631 1536 1703 intelligeret
1572 1649 1585 1685 :
1616 1644 1669 1685 et
1694 1647 1761 1686 ne
1784 1630 1887 1685 hoc

306 1724 483 1779 solum
524 1726 573 1779 ei
609 1726 895 1789 concessit,
930 1725 1072 1795 quod
1102 1724 1324 1780 consilio
1349 1732 1550 1778 sancta:
1602 1723 1887 1780 Trinitatis

306 1820 388 1875 sic
410 1835 533 1873 eum
563 1818 823 1883 condidit,
861 1819 955 1872 sed
977 1819 1141 1871 etiam
1182 1816 1323 1887 quod
1376 1817 1443 1870 ad
1503 1810 1790 1885 imaginem
1836 1825 1890 1870 et

306 1907 714 1962 similitudinem
764 1921 916 1960 suam
967 1921 1089 1959 eum
1132 1906 1357 1970 creavit,
1415 1906 1557 1975 quod
1608 1904 1735 1959 nulli
1784 1906 1891 1961 alio

308 1997 485 2072 [Leg.,
522 1997 634 2069 alii]
672 2013 733 2052 ex
767 1998 1032 2052 creaturis
1066 1998 1301 2052 donarit.

380 2088 547 2141 Inter.
574 2089 772 2143 Verum
796 2094 895 2152 est,
930 2097 987 2141 ut
1014 2089 1233 2153 asseris,
1258 2088 1350 2143 sed
1373 2101 1640 2158 quomoeo
1662 2091 1728 2145 ad
1753 2090 1890 2144 ima-

306 2178 486 2248 ginem
512 2194 663 2233 suam
695 2194 817 2233 eum
850 2188 1109 2243 creasset,
1136 2189 1193 2233 ut
1221 2181 1351 2234 mihi
1379 2182 1610 2250 aperias,
1639 2183 1886 2237 obsecro.

306 2265 460 2337 Resp.
492 2267 674 2322 Primo
705 2268 918 2337 quidem
952 2270 1020 2323 ad
1046 2270 1333 2339 imaginem
1366 2286 1520 2324 suam
1565 2286 1686 2325 cum
1731 2287 1887 2327 crea-

306 2357 404 2423 vit,
454 2359 596 2427 quod
628 2358 679 2411 in
713 2359 990 2413 nobilitate
1038 2359 1315 2414 interioris
1364 2361 1597 2417 hominis
1643 2362 1891 2418 conside-

309 2461 433 2502 rare
462 2448 738 2512 debemus,
771 2457 831 2502 ut
883 2449 1041 2503 sicuti
1092 2449 1232 2505 Deus
1261 2467 1401 2505 unus
1447 2466 1661 2522 semper
1692 2453 1889 2523 ubique

308 2546 453 2594 totus
464 2547 567 2605 est,
585 2540 761 2593 omnia
774 2540 1072 2607 viviﬁcans,
1088 2548 1328 2608 mo‘vens,
1344 2545 1735 2613 etguberuans,
1752 2546 1892 2599 sicut

308 2630 593 2702 Apostolus
618 2632 919 2687 conﬁrmat.
940 2635 1082 2689 auod
1111 2635 1246 2713 in‘eo
1272 2636 1508 2701 vivimus,
1538 2654 1821 2702 movemur,
1842 2647 1890 2691 et

308 2737 490 2775 sumus
517 2721 653 2793 (Act.
688 2738 820 2787 xvu,
847 2722 960 2794 98),
990 2724 1067 2778 sic
1101 2725 1279 2779 anima
1309 2726 1362 2778 in
1389 2742 1485 2779 suo
1519 2742 1744 2795 corpore
1770 2728 1891 2781 ubi-

307 2826 415 2883 que
435 2820 547 2869 tota
567 2815 728 2884 viget,
751 2814 1031 2870 viviﬁcans
1056 2831 1201 2881 eum,
1230 2833 1451 2872 movens
1486 2827 1539 2872 et
1561 2819 1885 2889 gubernans.

380 2903 548 2958 Inter.
578 2904 673 2959 Die
704 2904 857 2970 mihi,
888 2906 932 2959 si
958 2907 1143 2960 eadem
1167 2908 1364 2973 anima,
1390 2924 1549 2977 quam
1579 2909 1891 2963 interiorem

309 2993 583 3047 hominem
608 3009 727 3048 esse
752 2994 952 3059 dixisti,
979 2996 1030 3048 in
1058 2995 1379 3065 quibusdam
1407 2996 1699 3065 majoribus
1724 3016 1893 3053 mem-

307 3083 423 3138 bris
444 3086 687 3154 corporis
714 3085 797 3139 sui
816 3087 884 3140 sit
908 3084 1096 3154 major,
1122 3096 1175 3140 et
1201 3087 1251 3141 iu
1280 3089 1579 3143 minoribus
1606 3088 1769 3161 420
1793 3090 1891 3145 ιιιί-

2053 540 2221 597 Inter.
2260 542 2450 597 Adhuc
2474 541 2539 596 de
2565 541 2753 595 eadem
2785 552 2843 593 re
2873 552 2903 591 a
2957 546 3008 592 te
3047 536 3235 591 audire
3278 533 3549 590 desidero.

1984 627 2133 702 Resp.
2152 631 2218 685 Et
2239 647 2338 702 ego
2363 631 2457 686 tibi
2479 639 2636 702 prout
2662 632 2795 694 scio,
2814 630 2988 685 adhuc
3012 629 3206 683 dicam.
3231 627 3388 683 Sicut
3405 628 3552 682 enim

1982 720 2125 776 Deus
2156 719 2334 787 Pater,
2365 722 2507 776 Deus
2540 722 2728 787 Filius,
2754 722 2895 776 Deus
2926 720 3157 790 Spiritus
3193 727 3409 774 sanctus
3448 726 3552 782 est,

1982 827 2090 866 non
2114 821 2292 866 tamen
2321 821 2429 867 tres
2458 813 2530 868 dii
2552 822 2696 879 sunt,
2728 813 2821 869 sed
2850 829 2988 866 unus
3036 811 3177 865 Deus
3220 818 3329 863 tres
3350 810 3559 864 habens

1982 917 2273 972 personas;
2302 904 2377 958 ita
2399 906 2575 959 anima
2601 905 2920 970 intellectus,
2946 904 3121 959 anima
3146 903 3415 967 voluntas,
3441 900 3560 955 ani-

1985 1009 2072 1048 ma
2104 995 2382 1060 memoria,
2409 1010 2516 1050 non
2547 1004 2727 1051 tamen
2751 1006 2861 1052 tres
2883 997 3075 1051 anima:
3098 997 3149 1049 in
3176 1011 3285 1050 uno
3305 1010 3554 1064 corpore,

1984 1085 2078 1139 sed
2102 1099 2207 1137 una
2232 1084 2412 1139 anima
2458 1093 2567 1140 tres
2613 1086 3150 1156 habens-dignitates,
3203 1086 3442 1156 atquein
3471 1086 3557 1141 his

1984 1175 2156 1230 tribus
2186 1173 2302 1243 ejus
2324 1177 2608 1247 imaginem
2637 1177 2955 1232 mirabiliter
2980 1178 3120 1247 gerit
3140 1179 3193 1232 in
3221 1193 3317 1233 sua
3363 1186 3557 1231 natura

1983 1277 2171 1322 noster
2196 1268 2423 1323 interior
2450 1269 2642 1334 homo;
2680 1280 2746 1322 ex
2776 1268 2973 1338 quibus
3021 1268 3174 1338 quasi
3217 1267 3563 1324 excellentio—

1984 1360 2134 1416 ribus
2179 1362 2373 1416 anima:
2398 1361 2742 1433 dignitatibus
2784 1362 3037 1432 jubemur
3074 1361 3295 1433 diligere
3319 1362 3564 1417 condito-

1987 1469 2125 1517 rem,
2149 1462 2209 1507 ut
2228 1460 2486 1521 quantum
2516 1452 2860 1522 intelligatur,
2914 1452 3181 1522 diligatur,
3215 1460 3270 1506 et
3301 1460 3561 1521 quantum

1986 1543 2238 1613 diligatur
2285 1558 2498 1613 semper
2548 1543 2602 1597 in
2647 1544 2903 1598 memoria
2935 1542 3221 1609 habeatur;
3271 1557 3370 1597 nec
3416 1542 3563 1598 solus

1988 1630 2184 1686 suﬂieit
2212 1632 2276 1686 de
2302 1646 2369 1686 eo
2402 1630 2722 1696 intellectus,
2774 1631 2878 1686 nisi
2916 1631 3008 1685 ﬁat
3032 1632 3086 1685 in
3114 1646 3298 1685 amore
3323 1628 3440 1700 ejus
3466 1645 3562 1684 vo-

1989 1725 2199 1790 luntas;
2230 1737 2330 1778 nec
2356 1723 2516 1778 etiam
2549 1724 2663 1778 hmo
2685 1723 2788 1778 duo
2816 1721 3101 1787 sufﬁciunt,
3150 1722 3253 1777 nisi
3304 1721 3563 1778 memoria

1922 1796 1966 1854 Β
1993 1817 2243 1882 addatur,
2273 1831 2380 1885 qua
2403 1830 2617 1884 semper
2640 1814 2692 1867 in
2720 1806 3291 1886 mente'intelligentis
3332 1823 3389 1870 et
3439 1813 3565 1869 dili-

1988 1910 2164 1981 gentis
2191 1917 2410 1963 maneat
2431 1906 2602 1972 Deus;
2627 1915 2680 1961 et
2711 1908 2848 1961 sicut
2875 1907 3079 1961 nullum
3110 1916 3289 1977 potest
3309 1922 3427 1962 esse
3451 1923 3567 1961 mo-

1990 2010 2251 2065 mentum,
2282 2014 2387 2070 quo
2410 2001 2569 2054 homo
2589 2014 2693 2053 non
2723 2007 2905 2052 utatur
2930 1999 3011 2054 vel
3052 1998 3262 2053 fruatur
3292 1998 3388 2054 Dei
3409 2000 3567 2054 boni-

1990 2101 2100 2145 tate
2124 2102 2179 2146 et
2200 2090 2584 2157 misericordia,
2613 2089 2685 2144 ita
2711 2090 2911 2144 nullum
2936 2091 3129 2147 debeat
3169 2106 3289 2146 esse
3324 2108 3569 2147 momen-

1990 2188 2124 2244 tum,
2152 2195 2258 2251 quo
2282 2188 2601 2250 praesentem
2624 2196 2745 2235 eum
2770 2197 2875 2235 non
2901 2182 3099 2237 habeat
3123 2183 3401 2239 memoria.

2058 2270 2224 2324 Inter.
2265 2269 2390 2325 llaec
2422 2270 2487 2325 de
2531 2271 2768 2342 imagine
2818 2272 2921 2326 hac
2951 2273 3065 2327 vice
3096 2273 3228 2327 mihi
3260 2273 3563 2341 sulliciunt;

1988 2362 2081 2419 sed
2104 2362 2335 2433 qualiter
2357 2363 2425 2417 ad
2449 2361 2853 2417 similitudinem
2896 2364 2989 2418 Dei
3017 2365 3183 2417 creati
3211 2379 3397 2420 sumus
3418 2365 3570 2420 inno-

1952 2461 2153 2506 tesce.
2209 2450 2364 2522 Resp.
2414 2451 2472 2506 ln
2520 2460 2779 2521 quantum
2822 2453 2939 2521 ipso
2987 2454 3266 2509 conditore
3308 2454 3572 2526 largiente

1989 2539 2160 2605 valeo,
2182 2540 2397 2594 faciam.
2432 2538 2584 2595 Sicut
2604 2542 2748 2595 enim
2773 2541 2913 2598 Deus
2961 2551 3193 2609 creator,
3238 2543 3330 2613 qui
3378 2560 3478 2600 nos
3500 2544 3570 2601 ad

1990 2629 2395 2683 similitudinem
2424 2645 2577 2684 suam
2609 2630 2831 2696 creavit,
2859 2640 2943 2686 est
2961 2632 3220 2697 Charitas,
3247 2642 3331 2689 est
3372 2635 3567 2701 bonus,

1984 2718 2166 2788 justus
2190 2729 2246 2774 et
2270 2720 2503 2791 patiens,
2529 2722 2677 2776 mitis
2701 2732 2755 2777 et
2778 2724 3029 2789 mundus,
3052 2733 3214 2794 atque
3234 2726 3565 2793 misericors,

1990 2818 2044 2866 et
2065 2821 2260 2865 etetera
2286 2812 2547 2866 virtutum
2567 2824 2876 2867 sanctarum
2900 2815 3149 2883 insignia,
3173 2832 3292 2887 quae
3320 2819 3384 2874 de
3404 2834 3472 2874 eo
3499 2819 3574 2875 le-

1991 2914 2222 2976 guntur;
2256 2905 2331 2959 ita
2353 2905 2513 2960 homo
2534 2914 2748 2961 creatus
2768 2914 2870 2972 est,
2896 2914 2954 2960 ut
2981 2908 3302 2964 eharitatem
3325 2910 3568 2977 haberet,

1991 3005 2050 3051 ut
2077 2996 2250 3051 bonus
2270 3005 2416 3051 esset
2442 3006 2497 3051 et
2516 2997 2714 3068 justus,
2733 3007 2793 3053 ut
2815 2998 3023 3069 patiens
3047 3010 3208 3071 atque
3227 3002 3389 3068 mitis,
3415 3018 3575 3057 mun-

1994 3088 2091 3142 dus
2123 3096 2177 3142 et
2208 3088 2520 3144 misericors
2550 3090 2721 3154 l'oret;
2752 3105 2887 3159 quas
2915 3091 3141 3146 virutes
3162 3102 3361 3164 quanto
3379 3094 3497 3164 plus
3519 3096 3573 3149 in

307 3176 445 3230 nor?
480 3174 587 3230 Aut
611 3177 776 3230 etiam
798 3177 842 3231 si
874 3177 1198 3247 singularem
1252 3178 1427 3232 locum
1463 3180 1515 3232 in
1544 3181 1731 3235 eodem
1763 3197 1886 3235 cor—
1916 3147 1961 3206 Ο
1994 3181 2150 3235 nobis
2176 3182 2459 3245 habemus,
2489 3190 2635 3236 tanto
2685 3183 2902 3252 propius
2926 3198 3111 3238 sumus
3150 3184 3280 3249 Deo,
3313 3194 3367 3240 et
3398 3184 3571 3255 majo-

306 3280 443 3335 pore
487 3274 686 3331 teneat,
738 3283 805 3322 an
838 3269 980 3323 non?
1022 3267 1173 3339 Resp.
1208 3268 1316 3323 Nec
1342 3269 1516 3323 locum
1554 3269 1623 3324 ibi
1651 3270 1888 3342 singula-

307 3374 427 3413 rem
456 3360 681 3425 obtinet,
715 3375 815 3414 nec
849 3360 901 3413 in
931 3361 1224 3431 majoribus
1254 3361 1509 3416 membris
1533 3362 1725 3431 major,
1757 3372 1811 3417 et
1838 3365 1892 3419 in

312 3450 611 3505 minoribus
642 3450 838 3516 minor,
870 3451 963 3505 sed
991 3452 1044 3505 in
1073 3452 1310 3506 minimis
1342 3461 1451 3506 tota
1481 3462 1535 3506 et
1563 3454 1614 3506 in
1642 3454 1893 3509 maximis

307 3548 422 3594 tota
449 3560 462 3594 :
491 3551 544 3595 et
591 3541 703 3594 haec
744 3550 827 3595 est
873 3542 1048 3611 imago
1099 3543 1321 3597 unitatis
1360 3544 1745 3615 omnipotentis
1776 3546 1889 3611 Dei,

306 3646 472 3701 quam
499 3632 679 3684 anima
704 3630 867 3685 habet
894 3632 946 3686 in
976 3649 1053 3687 se.

383 3746 547 3801 Inter.
563 3746 746 3801 Potest
768 3747 956 3803 eadem
974 3750 1151 3803 anima
1172 3750 1406 3820 aliquam
1430 3749 1718 3806 Trinitatis
1733 3753 1896 3807 habe-

309 3852 370 3891 re
386 3837 694 3906 imaginem,
714 3854 781 3891 an
799 3839 939 3892 non?
962 3838 1112 3910 Resp.
1142 3839 1337 3910 Utique
1354 3850 1549 3912 potest.
1569 3842 1731 3896 Inter.
1754 3843 1897 3910 Quo-

309 3926 862 3995 modo?Resp.Primo
877 3929 1177 3983 euitnsicut
1196 3931 1333 3985 Deus
1349 3940 1451 3995 est,
1485 3932 1635 3996 vivit,
1661 3943 1715 3986 et
1736 3935 1894 4002 sapit,

311 4018 386 4073 ita
415 4017 590 4071 anima
620 4020 915 4073 secundum
945 4036 1099 4074 suum
1134 4023 1469 4087 ntodumest,
1500 4024 1631 4077 vivit
1651 4033 1703 4079 et
1732 4026 1890 4095 sapit.

387 4109 548 4162 Inter.
579 4108 758 4163 Potest
788 4110 839 4163 in
865 4110 965 4165 hoc
991 4111 1149 4165 aliam
1177 4114 1377 4168 habere
1410 4115 1709 4169 rationem?
1740 4114 1891 4185 Resp.

311 4200 516 4254 Potest.
553 4200 717 4253 Inter.
750 4200 1062 4266 Quomodo?
1101 4201 1256 4273 Resp.
1300 4204 1396 4258 Est
1422 4207 1565 4259 enim
1604 4206 1706 4258 alia
1740 4206 1896 4260 trini-

312 4304 396 4349 tas
429 4295 480 4348 in
511 4290 595 4359 ea,
628 4312 731 4363 qua
774 4296 839 4348 ad
871 4295 1156 4365 imaginem
1189 4295 1270 4349 sui
1298 4295 1611 4358 conditoris,
1644 4295 1898 4364 perfectae

310 4387 528 4456 quidem
572 4399 623 4442 et
653 4403 875 4443 summa:
920 4389 1219 4454 Trinitatis,
1254 4405 1374 4458 quas
1418 4399 1501 4443 est
1552 4391 1605 4443 in
1653 4391 1813 4445 Patre
1842 4401 1895 4445 et

312 4475 449 4531 Filio
472 4485 527 4531 et
568 4475 767 4547 Spiritu
820 4488 1024 4543 sancto,
1074 4481 1309 4545 condita,
1336 4497 1453 4551 qua!
1480 4481 1605 4535 licet
1632 4482 1792 4536 unius
1824 4483 1891 4537 sit
1925 4491 1972 4552 ί)

311 4576 543 4631 naturas,
577 4575 685 4633 tres
718 4576 899 4623 tamen
927 4568 978 4621 in
1006 4584 1063 4625 se
1086 4570 1373 4640 dignitates
1400 4572 1578 4626 habet.

384 4655 549 4709 Inter.
584 4654 711 4722 Quae
734 4667 856 4710 sunt
882 4657 996 4711 hre?
1023 4657 1175 4730 Resp.
1208 4660 1263 4714 ld
1292 4669 1392 4725 est,
1423 4661 1771 4727 intellectura,
1798 4681 1894 4717 vo-

310 4746 572 4799 luntatem
596 4752 649 4800 et
680 4748 1014 4801 memoriam.
1045 4748 1196 4803 Unde
1218 4758 1271 4803 et
1295 4749 1552 4804 Dominus
1579 4751 1632 4805 in
1654 4752 1895 4823 Evange-

311 4836 383 4888 lio
418 4854 430 4887 ε
466 4834 661 4906 Diliges
685 4835 966 4890 Dominum
990 4838 1160 4891 Deum
1183 4849 1330 4893 tuum
1373 4857 1437 4894 ex
1470 4851 1576 4895 toto
1600 4842 1755 4895 corde
1780 4854 1890 4906 tuo,

321 4934 359 4977 τι
382 4941 446 4978 ea:
474 4933 583 4978 tota
610 4927 785 4978 anima
820 4936 936 4991 tua,
966 4937 1012 4980 et
1051 4946 1115 4981 ex
1142 4939 1250 5001 tota
1280 4941 1445 4984 mente
1474 4941 1585 4995 tua,
1614 4932 1662 4985 id
1688 4941 1788 4996 est,
1827 4948 1893 4986 ex

310 5022 427 5067 toto
450 5014 739 5079 intellectu,
760 5024 812 5070 et
827 5027 1017 5081 ex_tota
1033 5020 1322 5085 voluntate,
1342 5031 1471 5076 etcx
1491 5031 1595 5076 tota
1613 5025 1891 5077 memoria.

385 5101 553 5156 Inter.
602 5103 715 5171 Qua
776 5107 986 5160 ratione
1014 5108 1126 5162 hazc
1172 5109 1272 5162 sibi
1316 5112 1680 5165 conveniunt?
1736 5104 1887 5181 Resp.

312 5196 451 5261 Quia
480 5196 619 5249 sicut
647 5212 712 5251 ex
737 5196 895 5250 Patre
918 5208 1207 5266 generatur
1234 5200 1422 5264 Filius,
1450 5217 1513 5255 ex
1540 5201 1699 5257 Patre
1729 5202 1893 5256 Filio-

312 5305 419 5358 que
443 5290 684 5359 procedit
709 5289 945 5359 Spiritus
968 5304 1219 5356 sauctus;
1249 5294 1320 5346 ita
1350 5308 1415 5347 ex
1441 5293 1714 5347 intellectu
1739 5310 1896 5364 gene-

315 5390 469 5434 ratur
497 5381 763 5446 voluntas,
795 5390 849 5434 et
876 5398 940 5435 ex
967 5383 1051 5435 his
1078 5384 1206 5437 item
1232 5383 1493 5437 ambobus
1518 5383 1757 5452 procedit
1784 5399 1895 5437 [ηρα-

312 5474 514 5530 moria.
544 5474 609 5527 Et
641 5475 741 5528 hoc
773 5474 928 5529 facile
977 5476 1201 5546 intelligi
1251 5484 1446 5544 potest,
1480 5478 1605 5545 quia
1654 5476 1769 5530 sine
1811 5477 1897 5529 his

315 5568 493 5621 tribus
522 5567 760 5637 perfecta
791 5568 967 5621 anima
1017 5585 1136 5624 esse
1190 5585 1295 5623 non
1334 5578 1540 5639 potest;
1574 5585 1671 5624 nec
1701 5569 1896 5624 horum

314 5655 481 5712 trium
533 5674 696 5712 unum
755 5660 991 5731 aliquod,
1043 5668 1303 5729 quantum
1352 5662 1419 5715 ad
1456 5676 1606 5714 suam
1664 5661 1896 5730 pertinet

1994 3290 2109 3329 rem
2130 3274 2298 3329 nostri
2331 3274 2629 3329 conditoris
2651 3276 2887 3345 gerimus
2916 3275 3338 3332 similitudinem.

2067 3360 2232 3413 Inter.
2270 3360 2328 3414 Si
2361 3369 2561 3425 autem,
2607 3362 2747 3429 quod
2794 3361 2955 3427 absit,
2990 3371 3234 3417 nostrum
3260 3363 3452 3433 aliquis
3478 3376 3575 3434 per

1995 3450 2149 3505 devia
2181 3452 2457 3517 vitiorum,
2481 3460 2535 3505 et
2564 3450 2791 3505 divortia
2814 3453 3104 3508 criminum
3135 3454 3203 3508 ab
3230 3455 3331 3509 liae
3354 3456 3577 3511 nobilis,-

1994 3544 2131 3597 sima
2177 3543 2257 3597 sui
2308 3543 2605 3597 conditoris
2658 3543 3009 3599 similitudine
3050 3544 3287 3615 degener
3330 3547 3570 3613 oberrat,

1995 3635 2123 3703 quid
2154 3634 2202 3687 ei
2235 3632 2473 3688 futurum
2525 3649 2644 3688 esse
2676 3635 2911 3688 asserts?
2955 3634 3109 3705 Resp.
3162 3634 3337 3699 Absit,
3374 3644 3433 3690 ut
3471 3638 3575 3692 hoc

1996 3724 2119 3776 ﬁat!
2161 3722 2292 3776 Nam
2316 3723 2363 3775 si
2384 3721 2608 3777 forsitan
2635 3724 2896 3789 evenerit,
2923 3723 3239 3794 quid‘aliud,
3267 3726 3368 3782 nisi
3392 3736 3449 3781 ut
3477 3728 3576 3782 im-

1996 3814 2207 3885 pleatur
2235 3814 2288 3868 in
2316 3815 2492 3880 nobis,
2529 3816 2670 3885 quod
2701 3816 2961 3885 scriptum
3003 3826 3088 3871 est
3119 3835 3131 3871 :
3160 3815 3349 3882 Homo,
3376 3835 3491 3871 cum
3517 3820 3571 3874 in

1997 3908 2192 3962 honore
2216 3920 2369 3972 esset,
2392 3923 2495 3960 non
2527 3905 2803 3971 intellexit,
2850 3917 3181 3978 comparatus
3221 3919 3297 3962 est
3316 3908 3574 3978 jnmentis

1996 3999 2380 4070 insipientibus,
2412 4007 2458 4052 et
2510 3998 2692 4052 similis
2723 3999 2894 4068 factas
2924 4009 2997 4052 est
3031 3999 3135 4053 illis
3161 3999 3332 4069 (Psal.
3384 4016 3575 4067 ιιινιιι,

2000 4093 2108 4164 15).
2128 4092 2257 4160 Qum
2278 4091 2448 4164 [Leg.,
2478 4090 2620 4164 quis]
2642 4092 2812 4161 major
2829 4092 3000 4146 honor
3021 4091 3409 4162 potuithomini
3431 4107 3572 4159 esse,

1997 4198 2158 4254 quam
2187 4191 2247 4237 ut
2266 4182 2334 4237 ad
2360 4182 2766 4237 similitudinem
2797 4180 2878 4235 sui
2907 4179 3127 4237 factoris
3153 4182 3491 4242 conderetur,
3520 4193 3576 4237 et

1995 4275 2198 4329 eisdem
2245 4274 2505 4327 virtutum
2550 4272 2885 4326 vestimentis
2932 4282 3237 4338 ornaretur,
3284 4273 3478 4342 quibus
3522 4283 3578 4329 et

1996 4366 2267 4427 conditor,
2294 4365 2359 4419 de
2399 4379 2505 4433 quo
2534 4364 2730 4434 legitur
2764 4383 2776 4416 :
2812 4363 3067 4418 Dominus
3109 4367 3363 4436 regnavit,
3389 4365 3577 4422 decore

1998 4458 2210 4512 indutus
2244 4467 2318 4511 est
2350 4455 2519 4529 (Psal.
2555 4472 2685 4521 xcn,
2712 4457 2785 4529 l),
2814 4455 2866 4511 id
2900 4466 3003 4520 est,
3048 4458 3286 4513 omnium
3316 4459 3573 4515 \irtutum

1997 4547 2302 4620 Splendorc,
2331 4557 2383 4603 ct
2412 4549 2574 4602 totius
2619 4548 2878 4603 bonitatis
2917 4549 3111 4603 decore
3155 4557 3395 4605 ornatus.
3434 4550 3501 4605 Et
3543 4565 3576 4605 e

1997 4654 2183 4699 contra
2206 4643 2347 4713 quod
2373 4640 2543 4710 majus
2563 4643 2610 4696 ci
2639 4649 2816 4713 potest
2844 4654 2963 4696 esse
2992 4639 3241 4705 dedecus,
3274 4650 3366 4697 aut
3394 4642 3573 4698 infeli-

1997 4741 2112 4795 cior
2140 4739 2378 4803 miseria,
2410 4753 2570 4807 quam
2612 4748 2671 4791 ut
2719 4738 2823 4790 hac
2867 4734 3232 4790 similitudinis
3274 4734 3441 4805 gloria
3491 4734 3574 4788 sui

1998 4835 2291 4889 conditoris
2331 4834 2550 4896 amissa,
2584 4829 2650 4885 ad
2687 4830 2971 4883 informem
3023 4836 3075 4883 et
3125 4827 3576 4884 irrationabilium

1997 4928 2276 4983 brutorum
2294 4927 2661 4995 jumentorum
2683 4922 2962 4977 delabatur
2982 4922 3411 4977 similitudinem.
3434 4918 3576 4986 Qua-

1997 5028 2236 5091 propter,
2283 5031 2317 5071 o
2363 5015 2710 5070 dilectissime
2749 5012 2944 5068 frater!
3002 5015 3219 5070 attende
3267 5011 3572 5083 diligentius

1996 5109 2183 5179 prium
2209 5106 2533 5161 conditionis
2562 5115 2761 5160 nostra:
2805 5105 3197 5169 excellentiam,
3225 5113 3280 5158 et
3313 5117 3575 5165 veneran-

1998 5199 2117 5251 dam
2144 5206 2341 5253 sanctae
2367 5196 2645 5251 Trinitatis
2670 5211 2899 5267 agnosce
2932 5198 3240 5267 imaginem,
3288 5196 3577 5249 honorem-

1998 5303 2101 5358 que
2125 5288 2492 5342 similitudinis
2522 5289 2733 5354 divinat,
2762 5290 2827 5344 ad
2865 5304 3025 5359 quam
3073 5297 3286 5343 creatus
3311 5302 3387 5351 es,
3420 5285 3577 5341 nobi-

1998 5380 2204 5434 litatem
2253 5396 2493 5446 morum,
2544 5382 2860 5436 exercitium
2909 5381 3199 5443 virtutum,
3261 5378 3574 5448 dignitatem

2000 5487 2211 5525 morum
2247 5471 2670 5541 meritorumque
2716 5471 2916 5524 habere
2954 5468 3238 5533 contende,
3272 5475 3331 5520 ut
3358 5467 3574 5536 quando

2000 5574 2276 5632 appareat,
2308 5563 2481 5631 qualis
2511 5563 2598 5625 sit,
2634 5572 2761 5616 tunc
2792 5560 2982 5615 similis
3010 5560 3058 5613 ei
3087 5574 3365 5629 appareas,
3399 5557 3490 5628 qui
3523 5566 3576 5610 te

2000 5654 2317 5710 mirabiliter
2345 5655 2411 5709 ad
2460 5652 2864 5708 similitudinem
2910 5664 3062 5706 suam
3104 5651 3156 5704 in
3200 5650 3376 5721 primo
3404 5647 3576 5703 Adam

390 5824 415 5854 ι
444 5811 566 5867 llaec
595 5822 716 5868 sunt
746 5813 898 5867 Dicta
926 5814 1135 5868 Alcuini
1159 5832 1313 5885 super
1340 5796 1472 5870 illud
1490 5813 1700 5872 Genesis
1720 5832 1737 5871 :
1755 5814 2038 5872 Faciamus
2065 5812 2347 5879 hominem,
2371 5820 2498 5881 etc.,
2527 5819 2567 5866 t.
2599 5809 2639 5881 l,
2658 5808 2759 5865 col.
2792 5805 2915 5875 563',
2942 5808 3139 5867 omissa
3166 5807 3335 5865 forma
3356 5806 3550 5877 dialogi
