4038 6354
468 248 606 304 “03

1283 250 1342 303 Β.
1386 250 1448 303 F.
1489 248 1713 304 ALBlNl
1754 248 1882 304 SEU
1918 246 2192 304 ALCUINI
2232 248 2510 304 OPERUM
2549 249 2725 306 PARS
2766 253 2895 307 Vill.

3590 260 3726 315 HM

464 363 720 427 candidit,
740 364 1144 434 mirabiliusque
1167 364 1220 418 in
1246 363 1480 418 secundo
1506 362 1818 417 reformavit
1842 373 1890 414 α.
1910 360 2034 415 Haec
2062 363 2111 420 Δ
2138 358 2260 414 lista
2303 361 2377 415 ita
2419 363 2639 431 protulit
2684 365 2869 419 dicens
2896 384 2906 418 :
2941 364 3009 419 Et
3055 367 3305 422 inclinato
3348 370 3519 439 capite
3551 372 3725 425 emisit

463 455 529 512 de
554 454 787 525 imagine
810 464 863 508 et
891 454 1240 509 similitudine
1264 453 1473 507 habeto.

535 544 698 598 Inter.
740 544 962 615 Expleta
990 544 1195 597 ratione
1250 543 1499 614 imaginis
1528 542 1594 596 ad
1631 541 2037 598 similitudinem

460 633 734 691 interioris
767 635 1017 700 hominis,
1042 649 1160 703 quae
1182 634 1409 700 cunctis,
1433 635 1574 688 sicut
1593 633 1867 702 hucusque
1892 642 2038 686 retu-

460 725 593 791 listi,
619 724 873 794 pnecedit
894 723 1177 789 creaturis,
1202 722 1374 792 qualis
1397 723 1513 792 ejus
1540 730 1730 776 natura
1759 723 1825 775 sit
1847 737 2037 775 secun-

458 822 586 873 dum
629 817 889 870 rationem
939 815 1224 869 exterioris
1265 814 1521 880 hominis,
1553 813 1697 868 velut
1741 814 1870 883 quid
1920 814 2035 883 ipsa

457 918 652 964 natura
697 908 924 970 dicatur,
966 905 1249 977 diligenter
1290 921 1517 975 expone.
1555 905 1712 974 Resp.
1763 906 1789 945 δ
1832 904 2033 961 Natura

455 1000 601 1056 dicta
627 1005 709 1054 est
753 998 819 1052 ab
859 1012 942 1060 eo,
976 996 1119 1065 quod
1146 995 1294 1049 nasci
1336 995 1549 1064 aliquod
1573 993 1758 1058 faciat,
1784 994 2032 1066 gignendi

454 1093 598 1146 enim
620 1101 676 1145 et
698 1088 924 1145 faciendi
951 1098 1143 1158 potens
1166 1097 1267 1141 est.
1295 1087 1445 1141 Hanc
1462 1087 1678 1155 quidam
1706 1085 1859 1157 [Ms.,
1886 1102 2033 1155 quae-

456 1182 602 1252 dam]
628 1182 796 1236 Deum
826 1196 946 1235 esse
975 1180 1248 1244 dixerunt,
1282 1194 1312 1233 a
1341 1194 1448 1248 quo
1474 1178 1651 1232 om..ia
1681 1187 1862 1232 creata
1907 1185 2032 1231 sunt

454 1285 511 1329 et
534 1274 798 1330 existunt.

524 1364 691 1418 Inter.
726 1362 862 1429 Quid
886 1369 967 1416 est
987 1360 1190 1432 genus?
1224 1358 1377 1429 Resp.
1403 1357 1584 1412 Genus
1603 1364 1684 1411 est
1711 1372 1740 1409 a
1763 1356 2029 1427 gignendo

453 1454 672 1518 dictum,
702 1454 788 1509 cui
811 1452 1163 1507 derivativum
1185 1464 1380 1503 nomen
1406 1463 1434 1500 a
1464 1456 1627 1510 terra,
1654 1461 1717 1503 ex
1746 1462 1848 1515 qua
1872 1444 2037 1517 [Μεη

450 1566 519 1604 ex
545 1546 677 1618 quo]
708 1545 886 1601 omnia
909 1544 1217 1616 gignuntur.
1247 1540 1412 1595 Inter.
1438 1539 1748 1607 Quomodo?
1774 1537 1929 1607 Resp.
1954 1534 2027 1591 Ge

452 1641 595 1695 enim
621 1636 792 1712 graece
819 1648 966 1695 terra
992 1639 1212 1693 dicitur.
1247 1638 1413 1691 Inter.
1464 1636 1583 1690 Vita
1627 1635 1768 1689 unde
1795 1634 2025 1690 dicitur?

2134 455 2377 523 spiritum
2424 454 2604 526 (Joan.
2634 473 2746 522 xix,
2776 455 2886 529 '50).
2930 458 2997 513 Et
3034 459 3236 515 idcirco
3279 462 3413 516 nihil
3458 462 3602 517 aliud
3638 473 3728 519 est

2137 544 2383 614 Spiritum
2403 547 2667 611 emittere,
2683 547 2785 602 nisi
2807 549 2950 619 quod
2973 559 3028 604 et
3045 551 3281 606 animam
3302 569 3521 622 ponere.
3552 553 3719 609 Inter.

2136 635 2311 700 Quare
2336 635 2478 691 dicta
2508 647 2593 692 est
2617 638 2839 692 anima?
2866 638 3019 708 Resp.
3051 640 3243 696 Anima
3284 654 3368 699 est
3401 644 3551 698 enim
3575 645 3724 699 dicta

2133 735 2351 794 propter
2375 728 2517 795 quod
2546 727 2698 782 vivit.

2205 812 2369 869 Inter.
2411 815 2588 883 Quare
2617 827 2840 874 vocatur
2867 818 3134 889 spiritus?
3162 822 3317 894 Resp.
3350 823 3587 894 Spiritus
3626 839 3724 879 au-

2134 909 2239 957 tEm
2267 904 2563 973 appellatus
2597 915 2698 971 est,
2735 908 2817 962 vel
2853 924 2951 978 pro
2979 911 3244 981 spirituali
3274 924 3492 978 natura,
3517 914 3603 969 vel
3622 930 3725 985 pro

2078 1008 2088 1018 ι
2132 1006 2216 1059 eo,
2248 996 2392 1063 quod
2424 996 2650 1067 inspiret
2676 998 2730 1052 in
2761 1015 3008 1069 corpore.

2176 1084 2367 1143 .Inter.
2412 1088 2557 1142 Inter
2602 1091 2840 1144 animum
2891 1100 2946 1146 et
2987 1108 3223 1148 animam
3274 1096 3402 1165 quid
3447 1096 3726 1153 interest?

2132 1172 2288 1244 Resp.
2334 1175 2560 1233 Animus
2595 1179 2738 1233 idem
2778 1190 2881 1246 est,
2909 1184 3053 1251 quod
3081 1192 3136 1238 et
3160 1186 3339 1239 anima
3364 1202 3379 1251 ;
3410 1189 3505 1241 sed
3536 1190 3723 1243 anima

2128 1267 2252 1320 vita:
2279 1276 2381 1332 est,
2416 1268 2634 1331 animus
2676 1272 2905 1326 consilii.
2960 1273 3113 1328 Unde
3160 1274 3343 1329 dicunt
3385 1278 3721 1349 philosophi,

2129 1356 2285 1409 etiam
2317 1356 2434 1411 sine
2475 1358 2657 1413 animo
2698 1360 2865 1415 vitam
2896 1377 3134 1430 manere,
3179 1373 3235 1418 et
3260 1366 3377 1420 sine
3406 1380 3592 1422 mente
3622 1371 3725 1423 du-

2130 1461 2252 1501 rare
2276 1448 2531 1515 animam,
2561 1451 2704 1505 unde
2726 1463 2781 1507 et
2806 1464 3067 1509 amentes;
3102 1455 3238 1509 Nam
3262 1468 3501 1514 mentem
3523 1464 3719 1516 vocari

2130 1538 2356 1613 [volunt]
2389 1551 2447 1597 ut
2481 1544 2634 1610 sciat,
2682 1546 2916 1600 animam
2944 1562 3095 1612 vero,
3125 1560 3184 1603 ut
3205 1550 3351 1604 velit.

2198 1630 2364 1685 Inter.
2395 1633 2545 1689 Mens
2568 1634 2707 1691 unde
2729 1639 2997 1693 vocatur?
3040 1638 3194 1710 Resp.
3227 1641 3374 1697 Mens
3411 1654 3595 1699 autem
3625 1662 3720 1699 vo-

454 1733 608 1803 Resp.
625 1708 763 1788 iVita
792 1732 937 1787 dicta
963 1739 1045 1785 est
1070 1737 1291 1799 prepter
1330 1728 1589 1799 vigorem,
1618 1726 1700 1780 vel
1749 1725 1891 1795 quod
1916 1726 2025 1779 vim
2059 1708 2103 1769 Β
2128 1728 2269 1786 cata,
2294 1722 2436 1790 quod
2464 1714 2666 1777 eminet
2683 1724 2735 1777 in
2759 1725 2961 1791 anima,
2995 1726 3077 1781 vel
3102 1708 3245 1797 quod
3267 1722 3539 1786 meminit.
3564 1734 3721 1790 Unde

450 1832 630 1877 teneat
680 1822 955 1884 nascendi,
1010 1828 1172 1889 atque
1220 1818 1519 1883 crescendi,
1546 1817 1688 1871 unde
1714 1823 1769 1870 et
1804 1814 2026 1871 arbores

446 1914 613 1967 vitam
643 1914 840 1967 habere
863 1911 1135 1973 dicuntur,
1164 1910 1289 1978 quia
1314 1909 1607 1979 gignuntur
1632 1915 1686 1959 et
1708 1914 1978 1960 crescunt.

518 2005 684 2059 Inter.
739 2004 910 2060 Homo
962 2004 1104 2058 unde
1147 2009 1233 2057 est
1275 2000 1482 2055 dictus?
1521 1998 1673 2069 Resp.
1709 1991 1832 2053 Ideo
1880 1998 2025 2051 enim

448 2100 611 2153 homo
636 2106 720 2153 est
743 2097 1060 2167 appellatus,
1091 2095 1218 2164 quia
1239 2108 1305 2149 ex
1332 2094 1496 2147 humo
1522 2099 1604 2145 est
1646 2089 1854 2155 factus;
1886 2090 2025 2144 sicut

446 2198 501 2241 et
528 2189 583 2242 in
611 2187 807 2243 Genesi
836 2188 1035 2242 dicitur
1076 2204 1088 2238 :
1121 2184 1190 2237 Et
1242 2183 1433 2238 crearit
1482 2182 1622 2235 Deus
1671 2181 1930 2234 hominem
1959 2180 2023 2233 de

445 2283 604 2334 Itum'o
638 2279 768 2350 [Al.,
794 2278 1121 2351 limo]terrte
1147 2273 1298 2347 (Gen.
1348 2291 1410 2340 ιι,
1455 2274 1528 2345 7).
1559 2273 1793 2327 Abusive
1842 2282 2021 2328 autem

444 2369 667 2438 ponitur
710 2383 775 2422 ex
831 2378 1059 2436 utraque
1106 2365 1407 2421 substantia
1446 2373 1591 2419 totus
1612 2365 1789 2425 homo,
1826 2364 1877 2417 id
1914 2373 2017 2429 cst,
2068 2425 2082 2435 .

445 2473 513 2512 ex
555 2458 814 2514 societate
859 2458 1054 2511 animm
1095 2464 1148 2511 et
1176 2457 1445 2526 corporis;
1472 2470 1595 2509 nam
1617 2455 1832 2524 proprie
1860 2454 2020 2509 homo

445 2550 515 2605 ab
551 2551 734 2605 humo.

513 2646 678 2700 Inter.
717 2646 888 2701 Homo
907 2644 1173 2715 quomodo
1193 2652 1417 2698 vocatur
1438 2642 1657 2698 Gncce?
1672 2641 1824 2713 Resp.
1845 2639 2017 2695 Graeci

444 2750 628 2794 autem
662 2739 933 2794 hominem
959 2738 1283 2808 antrophum
1313 2737 1731 2806 appellaverunt,
1769 2748 1834 2788 eo
1874 2732 2018 2802 quod

441 2845 657 2885 sursum
683 2836 888 2899 spectet
916 2827 1223 2883 sublevatus
1248 2827 1316 2881 ab
1334 2828 1497 2881 humo
1516 2826 1580 2880 ad
1606 2823 2015 2893 contemplatio-

448 2939 570 2978 nem
598 2922 824 2977 artiﬁcis
845 2921 951 2984 sui,
978 2921 1121 2989 quod
1138 2918 1363 2973 Obidius
1385 2917 1556 2990 [Leg.,
1584 2915 1827 2987 Ovidius]
1855 2922 2013 2986 poeta

439 3015 703 3086 designat,
733 3028 859 3069 cum
886 3011 1016 3065 dicit
1045 3012 1082 3082 (ι
1117 3010 1239 3064 Met.
1268 3008 1359 3079 84)
1394 3025 1409 3063 :

564 3143 1149 3212 Pronaquecouspectant
1162 3136 1391 3212 3nimalia
1409 3144 1584 3207 caatera
1606 3143 1813 3212 terram,

561 3208 633 3254 0s
653 3198 829 3253 homini
847 3198 1054 3252 sublime
1077 3200 1232 3262 dedit,
1254 3201 1526 3262 caelumque
1542 3198 1712 3262 videre

562 3266 734 3323 Jussit,
760 3273 811 3316 et
828 3270 1022 3313 erectos
1039 3263 1097 3309 ad
1120 3257 1289 3312 sidera
1311 3260 1483 3309 tollere
1503 3257 1685 3310 vultus.

508 3370 667 3441 421
700 3367 862 3422 Inter.
920 3366 1029 3421 Cur
1056 3364 1220 3420 homo
1264 3361 1505 3433 aspicere
1554 3361 1749 3417 cmlum
1779 3362 2016 3417 dicitur?

446 3464 596 3532 Resp.
630 3461 751 3516 Ideo
777 3459 919 3515 enim
945 3464 1158 3513 erectus
1188 3456 1255 3512 ad
1284 3454 1481 3510 cmlum
1508 3454 1720 3523 aspicit,
1751 3462 1809 3507 ut
1848 3454 2013 3509 Deum

436 3560 660 3623 quzerat,
690 3567 795 3607 non
829 3558 889 3604 ut
914 3558 1111 3603 terram
1145 3546 1407 3611 intendat,
1451 3544 1615 3599 veluti
1651 3558 1864 3615 pecora,
1894 3561 2013 3614 quae

439 3653 631 3699 natura
659 3658 826 3715 prona
865 3649 918 3696 et
945 3639 1121 3696 ventri
1147 3638 1452 3695 obedientia
1480 3636 1652 3691 ﬁnxit.

513 3735 670 3789 Inter.
696 3733 790 3788 Est
814 3735 975 3787 homo
1001 3730 1251 3801 simplex,
1292 3745 1361 3783 an
1384 3727 1623 3797 duplex?
1654 3726 1809 3797 Resp.
1842 3727 2012 3783 Homo

437 3837 617 3881 autem
644 3825 837 3894 duplex
862 3832 967 3887 est,
993 3821 1216 3876 interior
1236 3829 1291 3875 et
1312 3818 1570 3875 exterior.

456 3986 465 3993 _
510 3917 675 3971 Inter.
702 3914 1020 3983 Quomodo?
1050 3912 1200 3983 Resp.
1227 3911 1456 3966 Interior
1492 3910 1672 3965 homo.
1707 3924 1885 3964 amma
1911 3928 1926 3977 ;
1960 3916 2015 3965 et

435 4008 675 4066 exterior
697 4007 879 4075 homo,
909 4020 1125 4075 corpus.
1579 4078 1585 4084 _

508 4101 673 4157 Inter.
697 4099 889 4154 Anima
914 4098 1054 4152 unde
1082 4112 1275 4153 nomen
1302 4096 1551 4167 accepit?
1574 4096 1730 4167 Resp.
1756 4097 1802 4151 A
1841 4095 2014 4167 genti-

436 4193 577 4248 libus
617 4190 798 4263 [Isid.,
834 4187 1083 4262 aventis]
1124 4189 1264 4245 enim
1300 4189 1479 4244 anima
1521 4204 1715 4244 nomen
1760 4189 2012 4259 sumpsit,

436 4299 502 4339 eo
537 4282 679 4352 quod
705 4288 897 4336 ventus
921 4280 1010 4341 sit,
1034 4280 1172 4334 unde
1192 4288 1247 4335 et
1269 4289 1462 4334 ventus
1486 4276 1674 4334 Graece
1702 4296 1911 4333 anemos
1934 4278 2014 4334 di-

2128 1820 2183 1864 et
2209 1810 2550 1867 immemores
2577 1822 2837 1869 amentes.
2889 1815 3227 1887 Quapropter
3262 1836 3369 1876 non
3408 1824 3594 1877 anima
3624 1828 3717 1880 sed

2126 1904 2267 1973 quod
2306 1905 2516 1959 excellit
2552 1906 2604 1960 in
2632 1907 2831 1971 anima,
2869 1924 3023 1964 mens
3051 1921 3295 1979 vocatur,
3337 1924 3600 1985 tanquam
3627 1934 3718 1973 ca-

2125 2002 2220 2063 put
2256 1994 2371 2065 ejus
2408 1996 2495 2051 vel
2537 1997 2726 2052 oculus
2766 2016 2779 2052 :
2812 2001 2953 2054 unde
2981 2009 3035 2054 et
3065 2002 3225 2059 homo
3252 2004 3367 2074 ipse
3412 2009 3713 2062 secundum

2123 2092 2360 2139 mentem
2406 2086 2580 2158 imago
2623 2086 2717 2142 Dei
2762 2089 2982 2144 dicitur.
3036 2092 3111 2144 Ita
3154 2102 3333 2148 autem
3377 2096 3495 2150 haec
3532 2099 3712 2151 omnia

2123 2174 2372 2243 adjuncta
2403 2187 2528 2232 sunt
2556 2181 2769 2245 animm,
2802 2190 2862 2235 ut
2890 2197 2994 2234 una
3018 2198 3106 2236 res
3134 2184 3205 2236 sit
3228 2200 3242 2248 ;
3284 2200 3382 2252 pro
3409 2185 3715 2241 eilicieutiis

2122 2268 2263 2322 enim
2282 2285 2566 2325 causarum
2588 2272 2798 2329 diversa
2815 2274 3033 2328 nomina
3055 2277 3245 2329 sortita
3258 2288 3342 2332 est
3356 2279 3560 2333 anima.
3580 2280 3713 2334 Nam

2120 2367 2174 2413 et
2217 2362 2477 2415 memoria
2492 2378 2645 2418 mens
2670 2373 2773 2427 est,
2828 2366 2971 2419 unde
2992 2374 3045 2419 et
3068 2366 3416 2425 immemores
3442 2383 3709 2431 amentes.

2192 2449 2360 2505 Inter.
2393 2453 2510 2520 Qua
2540 2454 2788 2509 ratione?
2816 2454 2973 2526 Resp.
3012 2447 3144 2511 Cum
3172 2474 3299 2529 ergo
3319 2460 3564 2515 vivificat
3593 2480 3713 2517 cor-

2117 2559 2237 2614 pus,
2256 2547 2433 2600 anima
2459 2555 2542 2600 est
2559 2564 2573 2611 ;
2590 2548 2716 2602 dum
2732 2548 2866 2613 vult,
2889 2549 3101 2605 animus
3123 2560 3243 2617 est;
3269 2557 3396 2605 dum
3419 2554 3543 2617 scit,
3561 2572 3713 2610 mens

2116 2644 2200 2689 est
2222 2652 2236 2701 ;
2259 2634 2387 2690 dum
2415 2637 2626 2702 recolit,
2650 2637 2911 2691 memoria
2939 2649 3061 2703 est;
3087 2638 3215 2693 dum
3250 2648 3458 2695 rectum
3478 2640 3710 2708 judicat,

2117 2725 2256 2779 ratio
2281 2736 2394 2789 est;
2450 2726 2575 2781 dum
2602 2727 2790 2796 spirat,
2820 2727 3041 2796 spiritus
3062 2734 3147 2781 est
3170 2744 3184 2793 ;
3210 2727 3337 2782 dum
3359 2729 3564 2799 aliquid
3588 2747 3711 2786 sen-

2119 2817 2200 2881 tit,
2231 2832 2421 2872 sensus
2446 2826 2527 2872 est
2552 2836 2564 2872 :
2608 2833 2733 2872 nam
2762 2818 2885 2873 inde
2940 2811 3152 2874 animus
3176 2835 3367 2875 sensus
3394 2822 3593 2877 dicitur
3615 2840 3712 2892 pro

2115 2907 2220 2972 his,
2267 2924 2386 2977 quae
2416 2910 2600 2974 sentit,
2650 2909 2795 2964 unde
2836 2920 2890 2964 et
2931 2912 3198 2966 sententia
3241 2927 3435 2968 nomen
3475 2918 3707 2985 accepit.

2195 3000 2361 3054 Inter.
2390 3002 2600 3071 Corpus
2629 3002 2769 3056 unde
2795 3001 2996 3057 dictum
3024 3004 3147 3058 est?
3178 3003 3333 3075 Resp.
3384 3005 3601 3062 Dictum
3631 3020 3713 3063 est

2122 3092 2266 3147 enim
2311 3108 2525 3161 corpus,
2574 3108 2639 3146 eo
2681 3094 2826 3161 quod
2873 3103 3188 3164 corruptum
3238 3096 3379 3165 perit
3419 3114 3433 3162 ;
3486 3098 3711 3153 solubile

2119 3182 2262 3236 enim
2294 3191 2456 3252 atque
2482 3184 2706 3238 mortale
2732 3194 2837 3249 est,
2867 3194 2921 3238 et
2948 3185 3235 3254 aliquando
3264 3188 3601 3243 solvendum.

2190 3273 2355 3328 Inter.
2403 3274 2553 3329 Unde
2598 3276 2741 3329 dicta
2782 3284 2865 3329 est
2889 3277 3063 3331 caro?
3099 3277 3256 3347 Resp.
3301 3278 3442 3333 Caro
3467 3291 3649 3335 autem
3677 3300 3709 3336 a

2118 3365 2352 3419 creando
2378 3373 2462 3419 est
2487 3365 2769 3435 appellata.
2826 3365 2993 3420 Inter.
3039 3367 3359 3435 Quomodo?
3390 3369 3550 3442 Resp.
3580 3372 3711 3427 Cre-

2117 3466 2356 3511 mentum
2386 3458 2533 3512 enim
2558 3473 2743 3513 semen
2769 3467 2851 3512 est
2875 3458 3119 3524 masculi,
3151 3460 3293 3514 unde
3316 3461 3629 3516 animalium
3654 3475 3710 3518 et

2115 3547 2394 3601 hom'mum
2442 3564 2670 3618 corpora
2711 3550 3135 3620 concipiuntur;
3180 3552 3308 3606 hinc
3356 3562 3411 3607 et
3456 3565 3711 3623 parentes

2114 3648 2389 3693 creatores
2418 3648 2702 3694 vocantur.
3090 3628 3096 3635 ’

2186 3725 2352 3784 Inter.
2382 3731 2586 3798 Quibus
2622 3748 2690 3788 ex
2719 3735 2899 3790 causis
2928 3720 3145 3791 constat
3170 3738 3339 3792 caro?
3372 3736 3534 3807 Resp.
3568 3739 3707 3795 Caro

2114 3835 2293 3879 autem
2338 3840 2405 3880 ex
2449 3834 2681 3895 quatuor
2726 3827 3006 3882 elementis
3054 3838 3334 3899 compacta
3380 3842 3482 3885 est.
3538 3830 3703 3885 Inter.

2115 3911 2362 3983 Quibus?
2392 3915 2548 3988 Resp.
2579 3916 2713 3972 Nam
2750 3927 2896 3973 terra
2943 3920 2999 3973 in
3039 3935 3203 3975 carne
3246 3929 3359 3986 est;
3403 3936 3501 3975 aer
3532 3923 3587 3976 in
3614 3924 3708 3976 ha-

2112 4006 2231 4071 litu,
2261 4008 2455 4061 humor
2491 4008 2544 4081 in
2574 4008 2851 4079 sanguine,
2887 4008 3027 4079 ignis
3074 4009 3128 4063 in
3178 4010 3357 4064 calore
3388 4012 3539 4066 vitali
3567 4031 3582 4077 ;
3614 4014 3707 4067 ha-

2112 4095 2241 4150 bent
2263 4098 2404 4152 enim
2447 4098 2502 4152 in
2547 4098 2700 4153 nobis
2723 4098 2989 4153 elementa
3019 4114 3171 4152 suam
3215 4115 3444 4169 quaeque
3470 4110 3701 4171 partem,

2112 4188 2266 4258 cujus
2311 4183 2491 4259 [Isid.,
2521 4188 2737 4260 quibus]
2767 4190 2894 4259 quid
2921 4189 3145 4244 debetur
3165 4206 3423 4260 compage
3447 4191 3700 4245 resoluta.

2185 4276 2349 4332 Inter.
2379 4278 2520 4331 inter
2555 4294 2771 4333 carnem
2796 4289 2850 4332 et
2875 4295 3070 4348 corpus
3091 4279 3217 4348 quid
3248 4280 3515 4334 interest?
3548 4279 3698 4349 Resp.

437 4375 594 4436 citur,
625 4372 768 4441 quod
792 4385 884 4424 ore
917 4371 1189 4423 trahentes
1216 4385 1395 4424 aerem
1420 4370 1597 4425 vivere
1624 4369 1775 4443 [Ms.,
1805 4369 2010 4444 videre]
2042 4404 2091 4464 Β
2114 4366 2254 4423 Caro
2277 4369 2421 4421 enim
2451 4378 2505 4423 et
2531 4383 2725 4438 corpus
2751 4370 2962 4424 diversa
2993 4370 3317 4441 signiﬁcant.
3353 4370 3524 4425 Inter.
3559 4372 3699 4438 Quo-

436 4466 750 4520 vi'deamur:
782 4461 876 4517 sed
910 4460 1245 4528 apertissime
1271 4459 1462 4514 falsum
1495 4468 1596 4516 est.
1872 4536 1875 4537 ν

508 4555 676 4608 Inter.
709 4552 825 4621 Qua
846 4550 1095 4605 ratione?
1126 4548 1280 4619 Resp.
1313 4549 1449 4616 Quia
1473 4550 1641 4605 multo
1666 4536 1815 4620 prius
1842 4536 2012 4620 gigni-

435 4661 524 4705 tur
546 4647 745 4710 anima,
774 4658 933 4713 quam
962 4642 1168 4712 concipi
1198 4640 1332 4712 [ore]
1377 4656 1471 4695 aer
1515 4641 1703 4710 possit,
1734 4643 1859 4711 quia
1902 4640 2006 4706 iam

436 4741 492 4795 in
516 4735 801 4810 genetricis
825 4743 975 4789 utero
1006 4733 1153 4797 vivit,
1180 4741 1233 4785 et
1276 4732 1395 4786 ideo
1420 4747 1522 4786 non
1566 4741 1649 4787 est
1678 4749 1772 4787 aer
1804 4736 2004 4799 anima,

433 4828 578 4900 quod
605 4832 929 4897 putaverunt
953 4823 1194 4893 quidam,
1238 4823 1365 4890 quia
1409 4821 1560 4894 [.lIs.,
1593 4822 1734 4894 qum]
1772 4840 1877 4878 non
1906 4840 2003 4893 po-

434 4928 654 4977 tuerunt
676 4919 1047 4987 incorporcam
1074 4911 1188 4981 ejus
1219 4914 1455 4985 cogitare
1480 4924 1747 4969 naturain.

456 5013 671 5079 gInter.
705 5009 799 5067 Dic
824 5008 973 5072 mihi,
998 5007 1044 5061 si
1073 5006 1214 5061 idem
1243 5006 1315 5060 sit
1354 5005 1594 5075 spiritus,
1628 5005 1769 5075 quod
1800 5015 1852 5060 et
1892 5008 2007 5061 ani-

434 5103 570 5161 ma?
614 5101 767 5171 Resp.
812 5099 1070 5168 Spiritum
1116 5096 1253 5150 idem
1294 5111 1432 5161 esse,
1483 5098 1623 5166 quo-.1
1670 5106 1722 5150 et
1770 5099 2005 5154 animam

431 5193 757 5263 evangelista
791 5186 1101 5259 pronuntiat
1129 5186 1312 5239 dicens
1339 5204 1350 5238 :
1383 5185 1695 5239 Potestatem
1723 5188 1885 5241 habeo
1909 5207 2004 5257 po-

433 5282 591 5337 nendi
614 5281 844 5333 animum
870 5293 1058 5340 meam,
1089 5285 1136 5328 et
1178 5291 1356 5327 rursus
1399 5284 1701 5345 potestatem
1730 5278 1890 5332 habeo
1921 5296 2009 5333 sua

430 5372 604 5427 mendi
632 5387 747 5424 eam
785 5368 965 5438 (Joan.
997 5381 1050 5431 x,
1092 5365 1200 5435 18).
1242 5365 1314 5419 De
1353 5365 1454 5420 hac
1495 5381 1705 5436 quoque
1750 5367 1862 5437 ipsa
1908 5368 2012 5422 Do-

432 5463 563 5520 mini
607 5462 783 5515 anima
812 5458 1081 5530 passionis
1129 5465 1365 5526 tempore
1409 5467 1736 5514 memoratus
1784 5475 2011 5529 evange-

505 5612 529 5633 ι
559 5594 655 5647 Hic
678 5592 935 5649 ﬁniuntur
953 5589 1325 5643 DtemAtcuiui
1345 5589 1396 5642 in
1414 5589 1678 5660 Operibns
1694 5591 1860 5654 illius,
1878 5600 2005 5657 etc.,

433 5667 535 5720 loc.
563 5664 655 5718 cit.

2115 4461 2313 4515 modo?
2340 4459 2495 4530 Resp.
2530 4459 2587 4514 lu
2616 4476 2780 4516 carne
2826 4475 3039 4531 semper
3065 4478 3261 4531 corpus
3291 4472 3395 4527 est,
3429 4478 3538 4518 non
3565 4480 3699 4538 sem-

2112 4566 2209 4622 per
2235 4553 2289 4605 in
2318 4567 2545 4621 corpore
2565 4566 2713 4608 caro.
2742 4550 2908 4605 Inter.
2941 4556 3059 4618 Qua
3084 4552 3339 4607 ratione?
3388 4551 3543 4623 Resp.
3569 4553 3697 4607 Nam

2111 4657 2238 4695 caro
2280 4650 2382 4705 est,
2414 4658 2534 4710 qum
2580 4642 2728 4709 vivit,
2777 4642 2917 4696 idem
2949 4651 3003 4696 et
3046 4658 3281 4712 corpus;
3326 4659 3527 4713 corpus
3562 4645 3695 4713 quod

2110 4747 2217 4784 non
2250 4728 2402 4795 vivit,
2429 4733 2567 4788 idem
2590 4748 2695 4787 non
2719 4748 2847 4787 caro
2869 4732 2922 4804 [Ι
2929 4723 3049 4797 ςίά.,
3082 4734 3220 4789 idem
3244 4744 3298 4788 et
3326 4735 3498 4807 caro].
3532 4735 3689 4789 Inter.

2111 4820 2428 4890 Quomodo?
2454 4821 2604 4894 Resp.
2630 4812 2763 4877 Nam
2786 4838 2980 4891 corpus
2993 4824 3186 4878 dicitur
3214 4835 3305 4878 aut
3320 4827 3464 4894 quod
3482 4834 3597 4895 post
3619 4827 3691 4879 vi-

2109 4923 2221 4967 tam
2249 4921 2332 4967 est
2360 4921 2666 4979 mortuum;
2696 4916 2787 4967 aut
2809 4912 2923 4968 sine
2948 4916 3057 4969 vita
3083 4922 3167 4969 est
3193 4917 3491 4970 conditum.
3532 4915 3691 4972 Inter-

2112 5006 2239 5061 dum
2251 5014 2303 5060 et
2320 5022 2442 5061 cum
2455 5008 2561 5060 vita
2577 5022 2770 5076 corpus
2786 5017 2838 5062 et
2852 5024 2957 5062 non
2984 5025 3044 5063 ca
3054 5025 3132 5073 ro,
3149 5020 3205 5063 ut
3225 4998 3395 5065 herba
3406 5020 3459 5066 et
3476 5012 3681 5082 lignum.

2183 5096 2349 5151 Inter.
2382 5097 2585 5152 Sensus
2611 5098 2854 5166 corporis
2881 5110 3012 5167 quot
3052 5099 3216 5153 sunt?
3244 5099 3397 5169 Resp.
3430 5100 3679 5169 Quinque.

2113 5188 2276 5241 Inter.
2331 5187 2609 5254 Quomodo
2662 5189 2969 5243 vocantur?
3017 5188 3171 5259 Resp.
3231 5190 3408 5255 Visus,
3462 5191 3676 5249 auditus,

2110 5280 2387 5344 odoratus,
2416 5289 2602 5350 gustus
2624 5289 2677 5333 et
2699 5289 2890 5334 tactus.

2182 5366 2345 5423 Inter.
2379 5359 2480 5437 Qui
2523 5385 2588 5424 ex
2620 5370 2704 5426 his
2746 5370 3062 5438 aperiuntur
3108 5379 3162 5425 et
3209 5370 3571 5426 clauduntur?
3598 5368 3676 5437 qui

2112 5475 2241 5512 vero
2267 5468 2389 5513 sunt
2422 5459 2707 5528 patentes?
2742 5458 2894 5527 Resp.
2940 5458 3092 5513 Oculi
3137 5470 3189 5514 et
3214 5477 3275 5513 os
3303 5450 3608 5531 aperiuntur
3632 5468 3681 5509 et

2192 5593 2217 5633 ιδ
2247 5593 2321 5646 Ex
2347 5592 2535 5645 Isidor.
2568 5592 2685 5644 libr.
2716 5609 2766 5646 χι
2791 5592 2937 5661 Orig.
2968 5594 3147 5663 capJ.
