4038 6354
335 307 472 365 “05

1239 301 1657 363 OPPXDUBIA.
1699 332 1769 344 —-
1807 301 2220 360 DISPUTA'I‘IO
2260 303 2665 361 PUERORUM.

3441 299 3577 358 1106

329 423 690 488 clauduntur;
735 436 892 476 aures
928 434 1055 474 vero
1095 427 1150 472 et
1180 432 1339 473 nares
1364 425 1611 486 patentes
1643 415 1898 470 existunt.
1930 417 1980 474 Α
2076 414 2242 468 Inter.
2276 415 2424 470 Unde
2445 415 2694 470 dicuntur
2715 415 2934 483 capilli?
2959 413 3111 484 Resp.
3135 413 3320 484 Capilli
3346 423 3466 469 sunt
3490 430 3578 467 vo-

398 513 564 569 Inter.
595 512 774 581 Quare
799 526 986 566 sensus
1014 508 1315 565 vocantur?
1353 507 1506 574 Resp.
1535 506 1740 560 Sensus
1780 513 1905 559 sunt

329 605 476 669 dicti,
506 603 632 673 quia
659 617 755 672 per
794 617 886 657 eos
915 601 1092 655 anima
1135 599 1482 654 subtilissime
1509 606 1676 651 totum
1708 611 1904 666 corpus

329 693 494 765 agitat
521 687 703 763 vigore
727 691 1012 754 sentiendi,
1037 689 1178 744 unde
1203 698 1257 743 et
1279 687 1555 759 pra'sentt'a
1589 699 1906 770 nuncupan-

331 796 438 852 tur,
465 787 608 858 quod
651 785 761 841 sint
801 799 909 856 pra:
951 783 1224 848 sensibus;
1253 782 1392 837 sicut
1435 795 1544 850 pra:
1571 779 1760 842 oculis,
1787 789 1909 846 qua:

321 885 526 948 praesto
551 885 672 933 sunt
697 874 885 932 oculis.

397 968 566 1023 Inter.
595 969 735 1036 Quid
761 975 844 1024 est
869 967 1065 1024 visus?
1102 961 1256 1038 Resp.
1285 960 1445 1022 Visus
1482 975 1584 1028 est,
1613 961 1702 1033 qui
1729 977 1757 1016 a
1785 960 1907 1032 phi-

332 1056 566 1131 .osophis
591 1057 786 1115 humor
811 1053 1016 1113 vitreus
1042 1054 1355 1128 appellatur.
1389 1055 1554 1108 Inter.
1581 1053 1740 1106 Visus
1768 1047 1909 1104 unde

333 1150 434 1205 fit?
459 1149 610 1220 Resp.
645 1149 829 1206 Visum
857 1158 1034 1203 autem
1078 1148 1193 1203 fieri
1223 1147 1440 1217 quidam
1476 1149 1790 1199 asseverant
1819 1148 1911 1194 aut

331 1251 572 1298 extrema
600 1242 820 1297 aetheria
847 1241 987 1306 luce,
1018 1247 1110 1294 aut
1153 1240 1366 1294 interno
1392 1236 1579 1307 spiritu
1616 1234 1792 1288 lucido
1813 1247 1911 1302 per

332 1343 518 1389 tenues
542 1333 658 1386 vias
687 1347 718 1386 a
747 1333 972 1387 cerebro
997 1331 1274 1386 venientes
1307 1339 1468 1398 atque
1506 1327 1800 1396 penetratis
1830 1335 1910 1378 tu—

332 1423 470 1479 nicis
495 1423 548 1477 in
591 1437 716 1476 aere
746 1421 1022 1488 exeuntes,
1059 1429 1114 1476 et
1155 1429 1284 1475 tunc
1311 1418 1688 1474 commistione
1721 1415 1911 1470 similis

264 1547 268 1550 -
331 1515 571 1568 materia:
592 1513 767 1567 visum
796 1513 1004 1584 dantes.

403 1603 568 1658 Inter.
599 1603 750 1659 Unde
773 1603 970 1658 dicitur
995 1601 1187 1657 visus?
1226 1600 1381 1671 Resp.
1413 1601 1574 1655 Visus
1603 1607 1686 1654 est
1714 1599 1909 1665 dictus,

2005 505 2132 568 cati,
2162 505 2314 575 quasi
2338 507 2528 576 capitis
2554 506 2666 574 pili,
2701 503 2827 559 facti
2855 513 2912 559 ut
2940 515 2993 559 ct
3016 506 3263 560 decorem
3303 513 3577 574 prmstent,

2005 603 2060 648 et
2085 595 2365 649 cerebrum
2409 596 2668 650 adversus
2700 593 2865 664 frigus
2909 595 3174 660 muniant,
3216 604 3377 664 atque
3409 611 3439 649 a
3469 595 3582 650 sole

2005 686 2309 742 defendant.

2077 778 2242 834 Inter.
2291 778 2386 838 Pili
2427 799 2594 854 quare
2622 786 2924 840 vocantur?
2964 783 3120 856 Resp.
3153 786 3292 841 Dicti
3331 794 3456 841 sunt
3485 801 3585 840 au-

2007 880 2117 927 tem
2142 871 2235 943 pili
2260 889 2288 928 a
2312 874 2466 944 pelle,
2494 878 2559 932 de
2587 891 2692 945 qua
2718 878 2979 946 prodeunt
3003 892 3018 943 ;
3049 879 3187 933 sicut
3227 889 3281 933 et
3305 879 3469 950 pilum
3499 879 3584 934 di-

1987 965 2150 1024 citur
2176 980 2204 1017 a
2234 963 2361 1033 pila,
2393 965 2481 1018 ubi
2509 967 2839 1036 pigmentum
2867 969 3230 1022 contunditur.

2079 1052 2247 1109 Inter.
2277 1052 2537 1110 Caesaries
2581 1055 2718 1108 unde
2755 1056 3094 1124 appellatur?
3129 1056 3281 1127 Resp.
3329 1058 3587 1114 Czesarics

2009 1159 2040 1199 a
2072 1143 2326 1199 caadcndo
2365 1151 2446 1198 est
2471 1152 2676 1204 vocata,
2710 1143 2935 1212 ideoque
2979 1153 3188 1200 tantum
3214 1148 3454 1202 virorum
3481 1159 3582 1204 est.

2010 1237 2178 1290 Inter.
2234 1234 2414 1302 Quare
2458 1235 2694 1289 virorum
2745 1243 2800 1288 et
2848 1250 2953 1288 non
3002 1235 3382 1292 feminarum?
3435 1239 3584 1309 Resp.

2010 1329 2279 1397 Quoniam
2307 1329 2480 1383 virum
2514 1327 2666 1386 decet
2714 1334 2927 1385 tonsum
2977 1343 3113 1392 esse,
3164 1330 3441 1385 mulierem
3481 1347 3588 1386 non

2013 1421 2184 1476 decet.
2274 1419 2280 1426 ’

2081 1511 2248 1566 Inter.
2281 1511 2418 1580 Quid
2448 1521 2572 1567 sunt
2599 1514 2808 1568 comat?
2837 1512 2986 1584 Resp.
3016 1513 3194 1570 Comm
3221 1523 3345 1569 sunt
3378 1515 3592 1584 proprie

2013 1621 2120 1680 non
2158 1605 2280 1659 cassi
2317 1605 2513 1675 capilli,
2543 1615 2710 1660 etest
2750 1623 2931 1660 sermo
2977 1607 3215 1663 Graecus.
3264 1607 3428 1662 Inter.
3479 1607 3592 1674 Qua
3637 1610 3641 1614 ’

332 1711 398 1750 eo
418 1695 561 1764 quod
602 1695 842 1749 vivacior
871 1695 942 1748 sit
975 1694 1184 1748 caeteris
1209 1693 1458 1748 sensibus
1482 1707 1547 1746 ac
1573 1691 1912 1762 praestantior
1943 1743 1954 1754 ,
2015 1695 2258 1750 ratione?
2298 1693 2451 1764 Resp.
2481 1695 2675 1750 Comas
2701 1700 2845 1750 enim
2875 1696 3046 1752 Graeci
3074 1697 3280 1752 Caimos
3306 1714 3334 1752 a
3359 1698 3595 1764 secando

332 1788 446 1842 sive
474 1785 725 1851 velocior,
771 1784 1105 1852 ampliusque
1128 1783 1324 1854 vigeat,
1363 1793 1623 1859 quantum
1655 1783 1914 1838 memoria
1949 1765 1990 1826 Β
2017 1783 2226 1857 [Forte,
2269 1787 2444 1857 κόμας,
2478 1801 2506 1840 a
2542 1788 2736 1851 κόπτω,
2789 1787 2926 1858 seco]
2985 1789 3302 1852 nominant;
3360 1789 3502 1846 unde
3541 1799 3596 1846 et

333 1876 478 1930 inter
509 1884 702 1930 ctetera
731 1875 926 1930 mentis
971 1873 1145 1929 officia
1171 1891 1185 1939 ;
1228 1875 1458 1928 vicinior
1483 1882 1566 1928 est
1590 1874 1732 1928 enim
1763 1889 1914 1928 cere-

334 1964 452 2030 bro,
485 1966 627 2020 unde
653 1966 834 2020 omnia
863 1973 1123 2030 manant;
1155 1979 1220 2019 ex
1246 1979 1352 2034 quo
1393 1963 1476 2038 fit,
1510 1974 1567 2018 ut
1594 1979 1677 2041 ea,
1705 1977 1824 2040 qua:
1849 1964 1917 2017 ad

327 2055 470 2112 alios
496 2059 766 2128 pertinent
808 2073 1019 2122 sensus,
1064 2058 1246 2112 videre
1275 2057 1552 2132 dicamus;
1601 2057 1760 2111 veluti
1795 2072 1919 2110 cum

333 2149 598 2204 dicimus:
628 2150 760 2205 Vide
787 2150 1054 2220 quomodo
1097 2156 1274 2206 sonat.
1305 2149 1426 2224 vide
1453 2149 1717 2218 quomodo
1755 2149 1916 2218 sapit,

337 2236 416 2291 sic
444 2245 498 2290 et
525 2246 740 2292 caetera.

407 2323 572 2380 Inter.
601 2325 827 2380 Auditus
851 2341 1020 2396 quare
1036 2327 1339 2397 appellatur
1357 2329 1382 2368 9
1401 2327 1555 2398 Resp.
1591 2326 1817 2380 Auditus
1837 2334 1920 2381 est

337 2415 634 2486 appellatus
659 2431 726 2471 eo
759 2417 902 2486 quod
925 2431 1086 2473 voces
1108 2418 1342 2486 hauriat,
1373 2419 1476 2473 hoc
1504 2425 1609 2484 est,
1649 2432 1773 2472 aere
1801 2432 1921 2470 ver-
1969 2427 1973 2430 '

333 2509 530 2564 berato
565 2510 823 2579 suscipiat
849 2525 1030 2566 sonos.

414 2597 578 2654 Inter.
613 2599 793 2667 Quare
819 2601 1015 2656 dicitur
1034 2602 1331 2658 odoratus?
1359 2602 1511 2672 Resp.
1544 2602 1748 2656 Dicitur
1774 2602 1920 2656 enim

339 2691 615 2757 odoratus,
639 2692 792 2762 quasi
813 2694 954 2748 aeris
974 2694 1154 2748 odoris
1170 2703 1402 2748 attactus
1418 2693 1554 2765 [Isid
1562 2735 1597 2758 .,
1617 2693 1917 2766 attractus].

339 2780 506 2836 Tacto
535 2781 680 2836 enim
709 2797 834 2838 aere
861 2783 1112 2849 sentitur,
1145 2784 1223 2838 sic
1264 2792 1318 2838 et
1343 2782 1589 2847 olfaclus,
1619 2784 1759 2853 quod
1793 2784 1924 2840 odo-

335 2872 486 2926 ribus
506 2871 786 2927 alliciatur.
820 2872 985 2926 Inter.
1017 2872 1220 2928 Gustus
1246 2874 1390 2928 unde
1411 2873 1748 2943 appellatur?
1767 2873 1918 2946 Resp.

337 2964 540 3020 Gustus
564 2965 710 3020 enim
741 2980 772 3020 a
797 2973 1015 3036 gutture
1038 2975 1124 3022 est
1149 2967 1341 3023 dictus.

409 3057 572 3112 Inter.
606 3058 806 3114 Tactus
834 3073 1002 3130 quare
1029 3061 1294 3121 vocatur?
1333 3061 1488 3132 Resp.
1521 3060 1720 3116 Tactus
1747 3060 1921 3118 dictus

2017 1876 2177 1946 Cyrin
2208 1878 2434 1931 tundere
2467 1875 2538 1949 [F
2541 1886 2672 1941 orte,
2702 1881 2899 1950 κείρειν,
2931 1878 3172 1950 tmulere]
3217 1879 3424 1934 dicunt.
3469 1881 3596 1934 lnde

2017 1976 2072 2022 et
2090 1967 2219 2022 cirri
2247 1977 2504 2022 vocantur
2528 1985 2541 2034 ;
2575 1968 2714 2037 quod
2736 1971 2900 2023 etiam
2930 1969 3090 2024 iidem
3115 1969 3287 2024 δι’ωεὶ
3319 1970 3596 2034 incl/onem

2019 2059 2224 2136 orte,
2255 2076 2284 2113 a
2307 2061 2514 2132 μα).λὸς,
2558 2059 2681 2114 lana
2709 2059 2988 2132 promissa]
3020 2069 3231 2116 vocant.
3277 2060 3443 2115 Inter.
3477 2061 3597 2115 Cri-

2017 2167 2116 2207 nes
2140 2151 2279 2206 unde
2305 2153 2600 2207 vocantur?
2635 2151 2786 2222 Resp.
2814 2153 3004 2208 Crines
3034 2163 3212 2208 autem
3237 2155 3451 2224 proprie
3483 2170 3600 2208 mu-

2019 2245 2210 2301 lierum
2252 2254 2399 2309 sunt,
2429 2253 2482 2299 et
2511 2245 2638 2300 dicti
2687 2247 2866 2301 crines
2910 2262 2975 2302 eo
3022 2247 3165 2318 quod
3208 2247 3358 2300 vittis
3396 2247 3604 2302 discer-

2019 2345 2238 2402 nuntur,
2268 2337 2409 2391 unde
2437 2344 2490 2390 et
2518 2335 2902 2392 discriminalia
2941 2337 3210 2401 dicuntur,
3243 2354 3272 2390 a
3299 2337 3605 2406 quibus'di-

2019 2428 2147 2482 visa:
2175 2426 2488 2498 religantur.
2807 2497 2812 2499 _

2090 2519 2258 2573 Inter.
2304 2518 2442 2586 Quid
2483 2527 2608 2574 sunt
2658 2527 2902 2590 tympora
2945 2517 3056 2590 [Ita
3093 2520 3248 2584 cod.;
3291 2520 3415 2590 leg.,
3459 2529 3599 2575 tetu-

2019 2609 2218 2682 pora]?
2247 2608 2399 2680 Resp.
2433 2608 2699 2680 Tympora
2725 2619 2849 2666 sunt
2879 2625 2996 2679 qtuc
3023 2611 3272 2664 calvaria:
3293 2611 3481 2665 dextra
3509 2611 3602 2665 lte-

2022 2717 2196 2770 vaque
2220 2701 2520 2770 subiacent.

2091 2791 2258 2845 Inter.
2291 2792 2468 2858 Quare
2509 2791 2586 2846 ita
2615 2792 2919 2847 vocantur?
2946 2791 3098 2863 Resp.
3129 2791 3253 2848 Ideo
3279 2792 3357 2848 sic
3395 2808 3602 2847 nuncu-

2021 2891 2240 2954 pantur,
2261 2883 2387 2953 quia
2407 2893 2707 2948 moventur,
2731 2883 2952 2953 ipsaque
2983 2883 3276 2948 mobilitate
3294 2883 3448 2953 quasi
3469 2892 3602 2938 tem-

2021 2990 2152 3046 pora
2183 2991 2212 3029 a
2245 2975 2565 3044 quibus-lam
2593 2973 2886 3028 intervallis
2913 2981 3211 3028 mutantur.

2033 3060 2036 3062 ⁷
2094 3065 2257 3120 Inter.
2293 3065 2469 3134 Quare
2495 3067 2636 3120 dicta
2668 3074 2752 3120 est
2790 3065 2997 3120 facies?
3021 3063 3173 3136 Resp.
3209 3065 3396 3120 Facies
3426 3066 3495 3120 ab
3519 3067 3600 3121 cf-

337 3158 442 3216 est,
469 3167 533 3206 eo
555 3152 696 3222 quod
723 3160 1018 3222 pertractet
1041 3161 1096 3209 et
1127 3163 1326 3228 tangat,
1351 3165 1406 3211 et
1431 3111 1526 3227 per
1548 3158 1727 3211 omnia
1752 3172 1920 3211 mem—
1947 3111 1994 3176 c
2023 3154 2148 3235 figie
2176 3163 2259 3210 est
2297 3111 2460 3222 dicta,
2505 3155 2592 3209 ubi
2625 3152 2828 3228 [Fort.,
2859 3155 2953 3227 ibi]
2981 3163 3064 3210 est
3103 3111 3247 3210 ernim
3273 3164 3386 3209 tota
3415 3153 3600 3227 [Isid.,

338 3247 435 3300 bra
464 3247 702 3318 vigorem
732 3263 922 3303 sensus
951 3257 1218 3321 aspergat.
1269 3249 1401 3305 Nam
1440 3259 1582 3306 tactu
1629 3251 1919 3322 probamus

336 3336 596 3406 quidquid
629 3339 842 3394 caeteris
869 3339 1114 3395 sensibus
1131 3339 1377 3408 judicare
1406 3358 1510 3396 non
1541 3359 1847 3414 possumus.

409 3426 574 3482 Inter.
612 3428 821 3484 Genera
866 3438 1041 3485 tactus
1077 3439 1207 3500 quot
1249 3447 1371 3487 esse
1415 3433 1711 3488 dicuntur?
1761 3433 1916 3505 Resp.

337 3512 475 3574 Duo.
503 3518 668 3572 Inter.
699 3519 870 3586 Quae?
908 3519 1059 3591 Resp.
1093 3520 1200 3575 Aut
1219 3523 1363 3575 enim
1391 3523 1728 3592 extrinsecus
1755 3509 1926 3590 venit,

337 3607 484 3678 quod
514 3605 709 3672 feriat;
741 3616 833 3662 aut
863 3609 1007 3664 intus
1037 3610 1087 3663 in
1115 3610 1231 3679 ipso
1251 3625 1478 3688 corpore
1503 3611 1696 3686 oritur,
1722 3620 1782 3688 ut
1801 3607 1926 3668 seu-4

342 3703 528 3756 tiatur.

414 3791 580 3846 Inter.
611 3789 786 3847 Habet
823 3792 1188 3862 unusquisque
1229 3807 1420 3848 sensus
1445 3793 1720 3864 prOpriam
1765 3800 1925 3850 natu-

341 3898 478 3948 ram,
507 3899 573 3937 an
620 3883 766 3937 non?
812 3881 964 3952 Resp.
1008 3882 1179 3960 Habet
1203 3885 1438 3956 quidem.
1478 3884 1643 3940 Inter.
1687 3884 1803 3958 Qua
1833 3901 1923 3939 ra-

341 3975 531 4030 tione?
560 3973 712 4046 Resp.
748 3974 897 4042 Quod
929 3975 1074 4029 enim
1096 3975 1382 4050 videndum
1410 3985 1512 4041 est,
1557 3971 1727 4033 oculis
1772 3978 1922 4048 capi-

342 4077 469 4131 tur;
501 4067 641 4135 quod
669 4065 1016 4132 audiendum,
1053 4065 1313 4133 auribus;
1344 4083 1506 4136 quam
1540 4068 1718 4122 mollia
1761 4066 1922 4140 422

341 4167 398 4214 ει
425 4159 579 4224 dura,
612 4167 756 4223 tactu
791 4159 1165 4226 mstimantur;
1209 4174 1369 4230 sapor
1393 4173 1522 4214 vero
1548 4168 1745 4230 gustu;
1791 4147 1924 4214 odor

339 4260 525 4304 autem
554 4250 781 4304 naribus
807 4249 1040 4304 ducitur.
1167 4247 1169 4249 ’

414 4342 582 4398 Inter.
613 4343 741 4412 Quae
773 4351 856 4399 εει
883 4344 1058 4414 prima
1087 4357 1215 4411 pars
1252 4342 1531 4398 hominis?
1556 4341 1709 4412 Resp.
1741 4343 1923 4397 Prima

339 4451 470 4507 pars
493 4436 735 4506 corporis
763 4445 944 4504 caput.
975 4433 1141 4488 Inter.
1173 4433 1351 4500 Quare
1379 4433 1454 4487 ita
1473 4434 1738 4487 vocatur?
1765 4431 1918 4504 Resp.
1952 4460 2002 4520 ι)

340 4524 470 4581 Ideo
491 4524 634 4578 enim
661 4525 842 4579 datum
871 4534 957 4579 est
984 4523 1058 4578 illi
1086 4524 1190 4578 hoc
1216 4538 1432 4588 nomen,
1461 4537 1526 4578 eo
1552 4523 1694 4592 quod
1715 4530 1772 4578 et
1799 4538 1922 4579 scn-

341 4630 438 4675 ωε
461 4629 652 4672 omnes
679 4623 734 4669 et
758 4615 906 4669 nervi
937 4613 1058 4668 inde
1084 4613 1296 4670 initium
1321 4614 1557 4682 capiant,
1585 4622 1745 4684 atque
1769 4630 1837 4670 ex
1857 4631 1923 4671 eo

340 4705 521 4761 omnis
548 4704 763 4776 vigendi
785 4720 947 4759 causa
975 4704 1219 4770 oriatur;
1247 4703 1320 4758 ibi
1345 4705 1490 4760 enim
1515 4720 1704 4761 omnes
1731 4721 1924 4763 sensus

341 4812 642 4874 apparent;
673 4803 812 4858 unde
854 4803 1021 4873 ipsius
1047 4802 1260 4868 animae,
1287 4817 1409 4873 qua:
1431 4802 1664 4858 consulit
1687 4804 1920 4874 corpori,

341 4892 737 4964 quodammodo
758 4893 892 4964 gerit
911 4907 1216 4962 personam.

416 4981 583 5037 Inter.
617 4981 756 5050 Quid
781 4990 867 5038 est
892 4983 1066 5038 vertix
1093 4981 1202 5053 [Ita
1232 4981 1419 5054 cod.]?
1446 4982 1598 5054 Resp.
1633 4983 1818 5040 Vertix
1839 4992 1927 5040 est

342 5090 412 5132 ea
435 5088 584 5145 pars,
610 5090 716 5144 qua
744 5071 922 5144 capilli
945 5072 1138 5142 capitis
1165 5072 1510 5143 colliguntur,
1535 5083 1592 5128 et
1617 5074 1670 5127 in
1697 5089 1802 5144 qua
1821 5089 1923 5130 ca}-

343 5166 520 5222 saries
545 5164 782 5227 vertitur,
809 5163 950 5216 unde
977 5169 1030 5215 et
1057 5171 1420 5232 nuncupatur.

419 5255 585 5309 Inter.
617 5253 756 5320 Quid
780 5261 864 5307 est
889 5251 1168 5306 calvaria?
1208 5250 1362 5323 Resp.
1405 5247 1650 5308 Calvaria
1673 5259 1757 5307 est
1781 5252 1926 5306 dicta

344 5350 418 5404 ab
439 5347 654 5403 ossibus
675 5345 843 5402 calvis
865 5359 963 5415 per
983 5343 1358 5400 defectionem.
1385 5349 1443 5400 et
1466 5342 1781 5399 neutraliter
1798 5358 1925 5416 pro-

343 5441 644 5504 nuntiatur,

420 5531 583 5586 Inter.
622 5529 760 5597 Quid
786 5539 870 5585 est
895 5529 1240 5599 occipitium?
1279 5527 1430 5598 Resp.
1482 5527 1801 5597 Occipitium
1843 5537 1928 5584 est

343 5621 544 5691 capitis
581 5635 709 5690 pars
751 5620 1036 5690 posterior,
1085 5621 1241 5688 quasi
1289 5627 1478 5678 contra
1523 5617 1799 5692 capitium,
1842 5617 1932 5683 vel

345 5710 495 5782 quod
524 5711 593 5765 sit
629 5711 818 5780 capitis
843 5718 1157 5765 retrorsum.

2020 3254 2132 3301 tota
2157 3244 2320 3318 facta]
2351 3247 2517 3318 figura
2547 3247 2800 3314 hominis,
2831 3255 2887 3302 et
2916 3244 3333 3317 uniuscujusque
3359 3263 3604 3318 personae

2020 3338 2274 3418 cognitio.

2043 3417 2045 3419 ’
2093 3417 2258 3482 Inter.
2293 3426 2471 3494 Quare
2519 3427 2716 3482 dicitur
2754 3429 2933 3484 vultus
2953 3429 2978 3482 ’ἓ
3008 3429 3160 3499 Resp.
3203 3429 3391 3484 Vultus
3421 3429 3600 3486 dictus
3675 3487 3694 3506 ,

2022 3526 2125 3582 εει,
2154 3532 2219 3572 eo
2242 3518 2382 3587 quod
2406 3533 2504 3587 per
2525 3533 2647 3572 eum
2671 3517 2918 3573 voluntas
2944 3519 3106 3572 animi
3137 3519 3455 3573 ostenditur.

2094 3605 2258 3682 Inter.
2289 3607 2404 3674 Qua
2432 3608 2679 3662 ratione?
2722 3606 2874 3677 Resp.
2924 3607 3228 3663 Secundum
3273 3608 3603 3664 voluntatem

2020 3699 2168 3754 enim
2197 3698 2248 3759 in
2282 3699 2459 3753 varios
2485 3707 2661 3752 motus
2685 3705 2942 3764 mutatur,
2971 3698 3111 3752 unde
3133 3707 3187 3752 et
3223 3697 3473 3762 differunt
3501 3698 3606 3764 sibi

2023 3796 2291 3858 utraque;
2319 3803 2442 3842 nam
2473 3787 2639 3842 facies
2679 3787 2992 3858 simpliciter
3028 3789 3290 3858 accipitur
3317 3790 3382 3844 de
3419 3791 3606 3848 unius-

1989 3925 1994 3932 .
2024 3879 2282 3950 cujusque
2321 3879 2549 3934 naturali
2581 3888 2798 3950 aspectu
2824 3896 2839 3946 ;
2871 3879 3050 3934 vultus
3097 3889 3274 3934 autem
3301 3881 3603 3950 axiimorum

2025 3959 2340 4041 qualitatem
2368 3969 2650 4042 signiﬁcat.
3522 4024 3524 4026 .
3598 4032 3602 4036 _

2095 4061 2261 4116 Inter.
2291 4060 2467 4116 Frons
2511 4063 2654 4116 unde
2698 4077 2892 4115 nomen
2939 4061 3188 4131 accepit?
3229 4060 3384 4133 Resp.
3430 4061 3604 4139 Frons

2024 4153 2168 4209 enim
2212 4153 2280 4209 ab
2315 4153 2590 4209 oculorum
2621 4152 2976 4208 foraminibus
3005 4154 3283 4208 nominata
3323 4163 3442 4221 est;
3488 4155 3605 4209 haec

2024 4243 2202 4315 imago
2228 4243 2471 4313 quaedam
2500 4243 2686 4308 animi,
2720 4245 3022 4314 mentisque
3058 4254 3262 4300 motum
3301 4246 3479 4315 specie
3505 4261 3603 4302 sua

2023 4335 2295 4407 exprimit,
2325 4335 2452 4389 dum
2481 4335 2563 4389 vel
2589 4335 2707 4389 lmta
2735 4335 2816 4390 vel
2843 4336 3010 4390 tristis
3039 4345 3143 4391 est.

2095 4423 2220 4480 Haec
2244 4424 2359 4488 tibi,
2387 4423 2554 4479 frater
2574 4426 2668 4491 mi,
2689 4424 2756 4480 de
2779 4426 2984 4482 ratione
3006 4427 3254 4482 humanas
3277 4437 3482 4482 naturae
3500 4429 3603 4484 hac

2027 4521 2144 4576 vice
2171 4519 2433 4576 sulliciant
2464 4517 2775 4590 (ﬂuensque
2801 4535 2866 4574 ea:
2888 4519 3068 4592 Isid.).

2651 4629 2876 4688 CAPUT
2913 4630 2997 4686 Ill.

2626 4718 2690 4757 DE
2716 4717 3028 4758 εριιιιτιιιυε.

2097 4795 2262 4852 Inter.
2295 4794 2402 4852 lsta
2426 4795 2556 4850 mihi
2586 4791 2872 4860 sulliciunt,
2901 4793 2996 4848 sed
3035 4795 3082 4849 si
3127 4795 3318 4864 placet,
3368 4805 3603 4851 reverta—

2026 4905 2149 4945 mur
2186 4889 2252 4942 ad
2298 4887 2560 4941 rationem
2612 4884 2852 4954 spiritus,
2899 4885 2966 4940 de
3005 4901 3112 4956 quo
3156 4887 3314 4956 paulo
3357 4886 3603 4956 superius

2019 4981 2132 5048 jam
2159 4978 2359 5048 aliquid
2401 4975 2688 5046 protulisti,
2730 4983 2784 5030 et
2823 4977 3226 5049 investigemus,
3260 4980 3310 5031 in
3327 4981 3602 5033 ‘uuantum

2027 5071 2138 5124 Deo
2181 5068 2520 5138 permittente
2565 5065 2859 5132 valeamus,
2901 5077 3032 5136 quot
3076 5066 3224 5140 [Ms.,
3253 5067 3394 5138 quod
3447 5068 3604 5138 spiri-

2025 5169 2114 5214 tus
2136 5159 2277 5214 idem
2322 5163 2534 5213 creator
2566 5157 2804 5212 omnium
2847 5159 3124 5213 creasset?
3155 5157 3308 5228 Resp.
3363 5155 3606 5214 Dilﬁcilis

2026 5265 2114 5306 res
2138 5256 2221 5304 est
2263 5247 2332 5302 ad
2376 5246 2824 5319 investigandum,
2867 5248 2959 5304 sed
2996 5256 3173 5303 tamen
3220 5246 3500 5313 faciamus,
3545 5257 3608 5304 ut

2027 5339 2182 5396 dicis.
2589 5325 2594 5330 ’

2095 5430 2261 5488 Inter.
2311 5431 2407 5489 Dic
2439 5445 2563 5501 ergo
2605 5431 2758 5494 mihi,
2805 5441 2936 5500 quot
2983 5429 3205 5499 spiritus
3252 5430 3440 5486 vitales
3485 5445 3605 5487 esse

2027 5523 2358 5580 credantur?
2384 5522 2534 5594 Resp.
2569 5522 2874 5577 Secundum
2913 5523 3056 5590 quod
3085 5521 3206 5593 lcgi,
3245 5532 3356 5579 tres
3384 5525 3626 5594 spiritus:

2027 5618 2217 5674 vitales
2245 5618 2449 5674 creavit
2478 5617 2822 5686 omnipotens
2851 5615 3011 5670 Deus.
3040 5615 3205 5671 Inter.
3237 5617 3338 5685 Qui
3368 5628 3492 5676 sunt
3515 5622 3608 5676 hi?

2027 5707 2179 5778 Resp.
2233 5707 2383 5766 Unus
2425 5715 2527 5771 est,
2574 5708 2666 5776 qui
2705 5720 2866 5760 carne
2910 5722 3014 5761 non
3060 5709 3292 5776 tegitur;
3335 5709 3470 5766 alius
3513 5712 3605 5781 qui
