4038 6354
14 0 27 49 ἱ

457 319 598 377 nov
1309 322 1365 378 B.
1408 325 1469 379 ι’.
1509 324 1734 380 ALBINI
1773 322 1904 379 seu
1944 315 2221 377 ALCUlNl
2261 313 2545 375 OPERUM
2585 303 2764 372 PARS
2805 309 2937 371 vm.
3586 313 3730 370 nos

456 450 620 491 carne
649 435 864 507 tegitur,
894 435 988 491 sed
1025 450 1129 490 non
1170 450 1290 491 cum
1331 452 1494 492 carne
1533 438 1795 502 moritur;
1844 435 2033 491 tertius
2059 433 2107 492 Α
2136 427 2408 484 hominem
2443 434 2737 481 tumentem
2782 423 3013 495 spiritu;
3048 428 3139 476 aut
3178 421 3314 477 sicut
3359 421 3574 487 dicitur,
3605 426 3729 497 spi-

456 542 605 591 vero,
635 526 728 595 qui
756 541 917 581 carne
944 525 1156 596 tegitur,
1183 535 1238 581 et
1262 542 1383 581 cum
1404 542 1566 582 carne
1584 527 1828 583 moritur.

528 641 693 696 Inter.
722 640 875 697 Nunc
904 655 1053 711 rogo,
1080 649 1140 695 ut
1172 641 1303 696 mihi
1329 641 1560 712 aperias,
1589 644 1679 712 qui
1709 659 1774 698 ex
1816 641 1902 698 his
1926 658 2033 698 non

455 734 655 804 tegitur
680 749 877 798 carne;
910 740 966 787 et
991 748 1153 788 carne
1192 734 1412 803 tegitur,
1454 736 1545 789 sed
1571 751 1676 789 non
1717 751 1839 791 cum
1870 746 2034 791 carne

452 823 721 887 moritur;
747 823 838 893 qui
861 838 987 877 vero
1025 840 1189 878 carne
1214 826 1432 896 tegitur,
1476 833 1679 880 etcum
1719 840 1882 879 carne
1920 842 2033 879 mo-

454 912 636 967 ritur?
657 929 752 967 seu
779 914 943 968 etiam
970 915 1338 985 unusquisque
1361 931 1546 970 eorum
1573 917 1641 970 ad
1664 931 1824 985 quam
1862 916 2031 986 perti-

453 1014 580 1059 neat
605 1006 1127 1075 creaturam?Resp.
1178 1008 1412 1077 Spiritus
1453 1024 1701 1077 namque,
1734 1008 1824 1078 qui
1872 1024 2033 1063 carne

450 1111 562 1151 non
610 1096 825 1168 tegitur,
874 1094 1187 1170 angelorum
1234 1109 1360 1164 est;
1410 1100 1632 1168 spiritus
1686 1109 1884 1163 autem,
1942 1100 2032 1169 qui

452 1198 616 1245 carne
665 1187 881 1258 tegitur,
925 1189 1019 1242 sed
1061 1204 1169 1242 non
1202 1203 1323 1242 cum
1371 1203 1533 1243 carne
1562 1189 1811 1253 moritur,
1860 1188 2035 1243 homi-

452 1294 584 1334 num
609 1288 727 1347 est;
772 1280 995 1350 Spiritus
1034 1296 1185 1344 vero,
1228 1280 1322 1349 qui
1362 1295 1525 1335 carne
1563 1282 1780 1351 tegitur,
1829 1289 1884 1335 et
1910 1295 2031 1335 cum

450 1386 619 1426 carne
656 1372 904 1437 moritur,
946 1370 1335 1442 jumentorum,
1378 1372 1725 1443 omniumque
1750 1371 2033 1425 brutorum

453 1462 767 1517 animalium
793 1472 899 1517 est.

525 1572 695 1629 Inter.
738 1574 1015 1629 Habentur
1060 1575 1243 1646 plures
1289 1576 1533 1647 spiritus,
1576 1592 1643 1631 an
1674 1575 1831 1630 non?
1878 1575 2027 1645 Resp.

454 1665 652 1736 Utique
696 1667 982 1723 habentur.
1033 1667 1196 1722 Inter.
1248 1668 1579 1734 Quomodo?
1624 1666 1777 1739 Resp.
1827 1667 2036 1721 Dicitur

2133 520 2269 575 ritus
2296 518 2580 589 superbiae,
2603 514 2824 587 spiritus
2848 528 3001 568 vana:
3025 512 3226 584 glorias.

2203 608 2371 663 Inter.
2398 606 2676 674 Quomodo
2706 605 2775 659 ad
2804 602 3262 658 submissionem?
3294 601 3448 672 Resp.
3482 606 3565 658 Au
3593 604 3739 663 sub-

2132 698 2443 753 missionem
2479 710 2709 765 quoque,
2744 694 2886 749 sicut
2918 693 2973 746 in
3007 693 3205 747 bonam
3237 700 3486 761 partem:
3529 692 3735 763 Inspi—

2133 791 2238 843 ritu
2255 788 2585 852 humilitatis,
2607 796 2681 853 et,
2706 787 2841 839 beati
2860 801 3110 855 pauperes
3129 784 3315 853 spiritu
3335 783 3623 853 (Matth.v,
3640 786 3727 855 5).

2133 880 2202 935 Et
2230 879 2519 949 Apostolus
2540 879 2605 933 de
2630 893 2879 933 sermone
2906 877 3000 929 Dei
3030 876 3181 940 dicit,
3221 877 3365 944 quod
3407 876 3480 930 sit
3520 880 3732 947 pertin-

2133 987 2256 1039 gens
2291 984 2450 1023 usoue
2498 970 2567 1021 ad
2601 967 2904 1021 divisionem
2949 966 3162 1030 animm,
3194 982 3255 1018 ac
3299 966 3516 1033 spiritus
3558 965 3726 1036 (Heb.

2133 1077 2205 1124 ιν,
2245 1060 2351 1131 1‘2).
2379 1059 2539 1114 Juxta
2578 1074 2738 1128 quem
2766 1058 2923 1112 talem
2966 1058 3186 1112 modum
3215 1059 3411 1113 dicitur
3446 1070 3502 1114 et
3536 1061 3731 1115 divina

2133 1151 2525 1206 animadversio
2565 1150 2809 1219 spiritus,
2844 1149 2985 1203 sicut
3011 1147 3270 1217 scriptum
3294 1157 3416 1203 est:
3470 1148 3555 1203 En
3592 1167 3728 1219 pro—

2133 1242 2299 1313 feram
2328 1241 2467 1295 vobis
2508 1242 2750 1312 spiritum
2794 1256 2988 1304 meum,
3030 1248 3077 1294 et
3121 1239 3391 1293 ostendam
3418 1241 3575 1294 verba
3606 1258 3731 1296 mea

2134 1331 2313 1403 (Prov.
2349 1348 2388 1396 l,
2414 1331 2527 1402 25).
2571 1331 2636 1385 Et
2669 1331 2888 1395 iterum,
2933 1330 3102 1399 iniqui
3126 1330 3381 1384 dicuntur
3413 1329 3579 1385 ﬂante
3614 1331 3733 1387 Deo

2130 1421 2379 1492 periisse,
2426 1430 2481 1474 et
2519 1422 2712 1490 spiritu
2756 1421 2850 1473 irae
2895 1418 3013 1489 ejus
3052 1435 3171 1474 esse
3207 1421 3535 1489 consumpti,
3578 1422 3731 1491 quod

2131 1514 2316 1581 utique
2343 1527 2448 1565 non
2472 1513 2688 1581 proprie
2719 1511 2919 1566 dicitur
2963 1512 3028 1565 de
3054 1511 3187 1576 Deo,
3220 1512 3314 1567 sed
3349 1514 3733 1582 metaphorice

2134 1604 2201 1659 ab
2242 1604 2493 1658 humanis
2527 1603 2763 1658 motibus
2804 1601 3125 1669 translatum
3155 1610 3239 1657 est
3271 1602 3339 1656 ad
3382 1603 3580 1657 Deum.

2204 1693 2371 1748 Inter.
2426 1694 2776 1748 inveniuntur
2817 1692 2906 1746 alii
2955 1693 3200 1760 spiritus,
3245 1707 3313 1746 an
3367 1692 3519 1746 non?
3560 1690 3727 1762 Resp.

449 1759 614 1853 etiam
639 1768 693 1814 et
713 1775 839 1853 pars
859 1762 1072 1825 animae,
1113 1762 1166 1815 id
1204 1773 1306 1827 est,
1340 1762 1671 1816 rationabilis
1700 1777 1872 1825 mens,
1913 1775 2034 1831 qua:
2064 1768 2108 1832 Β
2137 1784 2405 1853 Scriptum
2452 1791 2534 1838 est
2581 1783 2744 1837 etiam
2780 1782 2845 1837 de
2868 1759 3018 1836 sole}
3065 1778 3271 1851 Gymn,
3314 1781 3549 1851 gyrum“
3580 1759 3730 1837 κάη

449 1851 640 1909 oculus
660 1841 741 1907 esi
770 1853 981 1919 animae,
1010 1853 1253 1923 spiritus.
1298 1869 1417 1923 quae
1443 1868 1611 1923 capax
1640 1858 1724 1906 est
1768 1853 2033 1906 donorum

448 1944 735 2011 spinituum
776 1942 981 2015 [Forte,
1015 1943 1418 2015 spiritualium],
1449 1951 1504 1997 ct
1529 1943 1725 1997 divinae
1763 1942 2035 1996 inhabita-

450 2033 612 2091 tionts
637 2036 862 2104 gratiam
892 2035 1098 2089 obtinet
1127 2033 1519 2104 participando,
1564 2034 1703 2087 sicut
1745 2031 2032 2102 Apostolus

448 2126 526 2179 ait
551 2144 566 2180 :
594 2125 931 2186 Renovamini
957 2127 1143 2195 spiritu
1167 2126 1349 2180 mentis
1372 2132 1552 2179 restrte
1575 2123 1787 2194 (Ephes.
1819 2138 1892 2188 iv,
1914 2121 2029 2192 25).

448 2216 517 2271 Et
549 2217 745 2271 iterum
773 2233 786 2270 :
834 2215 893 2272 Si
920 2218 1135 2272 vivimus
1163 2216 1373 2287 spiritu,
1420 2216 1606 2286 spiritu
1631 2225 1679 2268 et
1707 2212 2030 2267 ambulemus

450 2306 593 2378 (Gal.
624 2324 678 2373 v,
699 2308 812 2377 25).
844 2308 910 2361 Et
947 2308 1075 2362 item
1102 2325 1114 2360 :
1156 2306 1260 2361 Vos
1288 2317 1461 2361 autem
1492 2306 1546 2360 in
1574 2321 1730 2359 carne
1762 2322 1863 2359 non
1885 2305 2025 2367 estis,

448 2396 538 2450 sed
575 2397 630 2453 in
654 2397 837 2467 spiritu
865 2396 1035 2469 (Rom.
1065 2413 1180 2461 vm,
1210 2398 1287 2468 9).

523 2508 685 2562 Inter.
738 2508 834 2564 Est
862 2510 959 2564 tibi
1003 2509 1204 2579 aliquid
1250 2510 1477 2581 amplius
1502 2509 1569 2565 ad
1612 2508 2032 2579 requirendum?

449 2596 607 2669 Resp.
657 2598 854 2653 Etiam.
905 2598 1071 2653 Inter.
1125 2599 1316 2667 Quid?
1360 2600 1513 2671 Resp.
1564 2599 1772 2654 Dicitur
1815 2612 2030 2668 quoque

448 2689 773 2760 generaliter
797 2697 908 2744 tota
948 2690 1127 2747 anima
1170 2689 1409 2761 Spiritus,
1453 2691 1591 2745 sicut
1629 2689 1697 2745 de
1720 2688 1945 2743 Domino
1975 2688 2028 2741 in

452 2778 738 2850 Evangelio
787 2780 1046 2852 scriptum
1090 2788 1172 2835 est
1211 2799 1224 2835 :
1282 2780 1546 2835 Inclinato
1595 2780 1761 2851 capite
1810 2780 2030 2833 tradidit

447 2870 687 2940 spiritum
728 2869 907 2942 (Joan.
948 2887 1060 2935 XIX,
1112 2870 1222 2943 '50).
1269 2871 1336 2925 Et
1379 2870 1517 2926 Psal.
1565 2872 1629 2925 de
1670 2870 1979 2925 hominibus
2013 2888 2025 2924 :

447 2961 629 3018 Exivit
645 2964 859 3034 spiritus
895 2980 1073 3018 eorum
1098 2963 1267 3035 (Psat.
1303 2980 1414 3029 xiv,
1441 2962 1517 3033 4).
1547 2963 1612 3027 Et
1632 2962 2029 3031 Ecclesiastes;

451 3054 582 3121 Quis
617 3057 778 3121 novit,
815 3057 864 3108 si
889 3056 1108 3126 spiritus
1148 3056 1379 3125 ﬁliorum
1416 3057 1586 3109 Adam
1632 3056 1864 3109 ascendit
1911 3072 2033 3109 sitr-

451 3238 646 3291 animac
666 3238 905 3294 omnium
932 3239 1241 3295 animalium
1285 3239 1527 3309 spiritus,
1570 3240 1636 3294 dc
1661 3240 1855 3309 quibus
1884 3238 2027 3293 idem

449 3327 808 3385 Ecclesiastes
836 3331 911 3384 ait
935 3350 952 3384 ι
1000 3329 1129 3397 Quis
1156 3330 1311 3395 novit,
1344 3331 1388 3385 si
1414 3331 1626 3402 spiritus
1667 3329 2027 3400 jumentorum

449 3422 730 3477 descendat
760 3421 1024 3485 deorsum,
1053 3422 1121 3477 Et
1152 3423 1202 3477 in
1233 3422 1337 3476 ﬁne
1371 3422 1721 3495 psalmorum,
1750 3422 1892 3478 unde
1912 3423 2026 3493 jam

368 3536 382 3549 ο
451 3514 652 3568 dictum
673 3520 793 3569 est:
827 3513 1009 3568 Omnis
1047 3515 1263 3585 spiritus
1303 3512 1479 3568 laudet
1523 3512 1806 3569 Dominum
1852 3510 2024 3584 (Psal.

449 3620 536 3672 CL,
567 3604 647 3677 6);
674 3604 730 3659 lu
761 3603 1024 3661 ilebraico
1045 3606 1244 3661 etenim
1272 3605 1465 3676 legitur
1496 3624 1507 3658 ε
1561 3603 1724 3659 Omne
1747 3604 1888 3677 quod
1923 3607 2029 3676 spi-

449 3706 554 3765 rat,
578 3698 753 3755 laudet
783 3698 1084 3755 Dominum.
1118 3701 1183 3755 Et
1207 3702 1260 3756 in
1281 3701 1471 3757 Genesi
1497 3721 1510 3756 :
1540 3699 1723 3755 Omnis
1748 3719 1892 3766 caro,
1911 3719 2027 3773 qua:

449 3788 636 3843 habeat
669 3791 908 3861 spiritum
936 3792 1055 3846 vitm
1086 3789 1238 3863 (Gen.
1273 3809 1364 3857 vn,
1396 3792 1503 3865 15).
1544 3780 1750 3847 Dicitur
1775 3794 1917 3847 enim
1940 3776 2029 3849 vo-

450 3878 583 3934 calis
610 3878 768 3935 ﬂatus
796 3881 847 3934 in
873 3882 1088 3936 homine
1117 3882 1358 3951 spiritus,
1401 3883 1543 3938 sicut
1583 3883 1659 3937 ait
1704 3881 2024 3952 Apostolus:

452 3967 594 4031 Nam
622 3970 669 4029 si
697 3987 837 4031 orem
865 3969 1066 4041 lingua,
1094 3973 1309 4043 spiritus
1330 3973 1702 4043 quidemmeus
1729 3983 1865 4041 orat,
1886 3990 2028 4028 mens

452 4069 624 4123 autem
651 4077 767 4125 mea
789 4062 901 4126 sine
926 4061 1102 4132 fructu
1135 4076 1208 4117 est
1234 4063 1286 4136 (Ι
1312 4062 1433 4118 Cor.
1466 4078 1577 4129 xxv,
1616 4063 1723 4133 14).

522 4169 689 4235 Inter.
716 4170 903 4233 Adhuc
928 4172 996 4228 de
1025 4172 1234 4228 ratione
1263 4172 1548 4243 spirituum
1570 4188 1599 4227 a
1630 4182 1683 4227 te
1712 4173 1901 4233 audire
1938 4189 2035 4229 νος

449 4255 688 4320 luissem.
718 4258 871 4331 Resp.
898 4261 964 4315 Et
1000 4277 1101 4330 ego
1125 4262 1239 4327 tibi,
1266 4270 1425 4333 prout
1452 4264 1583 4329 scio,
1628 4264 1803 4319 adhuc
1831 4263 2028 4325 dicam.

450 4348 660 4403 Dicitur
685 4366 896 4422 quoque
940 4351 1098 4411 ﬂatus
1133 4361 1415 4409 ventorum
1463 4355 1707 4424 spiritus,
1735 4356 1875 4410 sicut
1900 4357 2035 4411 scri-

2135 1876 2368 1949 spiritus.
2415 1874 2506 1929 Vel
2556 1875 2697 1929 sicut
2740 1873 2849 1929 alia
2893 1872 3059 1925 habet
3101 1871 3427 1925 translatio:
3464 1871 3731 1926 Lnstrans

2133 1968 2369 2020 universa
2406 1982 2497 2036 per
2537 1964 2814 2017 circuitum
2861 1963 3027 2034 pergit
3068 1962 3281 2032 spiritus
3325 1960 3525 2032 (Eccle.
3576 1977 3616 2025 ι,
3645 1962 3725 2032 6).

2134 2061 2239 2117 Sed
2267 2062 2333 2116 de
2356 2062 2441 2115 his
2462 2058 2829 2129 superioribus
2863 2057 3036 2111 modis
3068 2063 3217 2126 patet
3252 2054 3472 2119 veritas,
3498 2069 3624 2123 qua:
3646 2054 3731 2108 di-

2132 2161 2328 2207 cuntur
2367 2151 2627 2219 spiritus;
2667 2149 2733 2203 de
2772 2150 2877 2204 hoc
2912 2162 3148 2219 quoque,
3196 2146 3338 2215 quod
3379 2145 3461 2201 sol
3501 2145 3732 2215 spiritus

2133 2244 2344 2305 dicitur,
2384 2257 2490 2296 non
2527 2240 2788 2303 declarat,
2815 2255 2983 2309 quare
3011 2239 3246 2303 dicatur,
3271 2246 3409 2293 teste
3430 2236 3593 2291 beato
3614 2237 3729 2290 Au-

2132 2334 2366 2409 gustino,
2404 2334 2495 2403 qui
2523 2332 2599 2387 ait
2626 2352 2641 2386 :
2674 2331 2866 2385 Dicant
2890 2332 2979 2400 qui
3006 2340 3242 2400 possunt,
3276 2340 3329 2385 et
3354 2329 3587 2399 reliqua.

2202 2425 2370 2479 Inter.
2409 2423 2506 2479 llis
2532 2425 2604 2479 ita
2630 2423 2879 2493 expletis,
2910 2422 3152 2493 supplico
3189 2422 3511 2477 charitatem
3553 2428 3729 2485 tum,

2132 2524 2192 2569 ut
2223 2515 2355 2569 mihi
2385 2515 2652 2570 veraciter
2702 2513 2939 2585 aperias,
2989 2513 3032 2566 si
3079 2513 3134 2569 in
3175 2511 3380 2567 sanctis
3428 2509 3730 2580 Scripturis

2128 2608 2314 2679 plures
2348 2606 2567 2677 spiritus
2597 2606 2700 2660 sim
2732 2621 2895 2660 ausus
2920 2604 3288 2674 investigare?
3322 2602 3479 2670 Resp.
3503 2602 3726 2672 Utique.

2132 2702 2298 2756 Inter.
2326 2702 2441 2768 Qua
2468 2701 2723 2756 ratione?
2755 2698 2913 2768 Resp.
2941 2698 3198 2753 Summus
3219 2711 3450 2765 namque
3473 2694 3729 2750 conditor

2132 2800 2188 2846 et
2209 2790 2507 2845 viviticator
2550 2790 2783 2859 Spiritus
2816 2788 3157 2857 omnipotens
3181 2786 3322 2840 Deus
3362 2794 3589 2854 propter
3619 2786 3729 2853 spi-

2135 2881 2341 2935 ritalem
2367 2889 2423 2936 et
2443 2882 2811 2950 incorpoream
2833 2888 3079 2933 naturam
3103 2877 3321 2946 spiritus
3343 2876 3563 2941 dicitur,
3587 2877 3728 2931 sicut

2132 2972 2345 3027 Veritas
2380 2972 2434 3031 in
2475 2970 2763 3040 Evangelio
2787 2970 2904 3030 ait:
2961 2967 3191 3038 Spiritus
3228 2976 3302 3020 est
3340 2966 3508 3031 Deus,
3537 2977 3584 3019 et
3615 2983 3726 3029 eos,

2131 3062 2224 3133 qui
2241 3061 2465 3115 adorant
2495 3077 2636 3123 eum,
2669 3060 2723 3114 in
2749 3060 2937 3130 spiritu
2960 3068 3008 3113 et
3030 3060 3246 3114 veritate
3274 3068 3473 3129 oportet
3501 3058 3729 3115 adorare

342 3148 349 3153 ’
449 3161 565 3198 sum
597 3144 793 3215 (Eccle.
848 3162 929 3213 ιιι,
958 3146 1071 3218 21).
1116 3147 1395 3211 Dicuntur,
1428 3147 1569 3201 sicut
1606 3146 1853 3217 superius
1888 3145 2021 3211 dixi,
2049 3134 2099 3202 C
2128 3153 2307 3225 (Joan.
2335 3168 2405 3217 iv,
2441 3150 2555 3223 24).
2598 3146 2858 3205 Dicuntur
2878 3149 3022 3205 enim
3053 3150 3192 3206 dona
3235 3151 3533 3221 gratiarum
3562 3149 3726 3218 spiri-

2130 3252 2237 3308 tus,
2282 3244 2421 3297 sicut
2454 3242 2778 3313 evangelista
2826 3250 3064 3298 testatur
3094 3258 3218 3297 cum
3269 3242 3451 3297 verbis
3486 3242 3725 3305 Domini,

2129 3333 2219 3404 qui
2256 3333 2367 3387 ait:
2415 3330 2665 3386 Flumina
2706 3332 2771 3386 de
2795 3342 2969 3387 ventre
3014 3334 3127 3403 ejus
3156 3333 3320 3402 ﬂuent
3359 3348 3516 3403 aqua:
3555 3333 3728 3397 sive;

2129 3425 2398 3497 subiungit
2422 3443 2433 3480 :
2474 3424 2589 3479 IIoc
2616 3435 2792 3480 autem
2818 3426 3021 3480 dicebat
3058 3426 3121 3480 de
3148 3426 3357 3497 spiritu,
3383 3442 3537 3497 quem
3576 3442 3732 3479 aca-

2073 3563 2077 3567 .
2126 3518 2268 3589 pturi
2304 3526 2451 3572 erant
2495 3516 2763 3579 credentes
2813 3516 2871 3575 in
2916 3533 3033 3583 eum
3079 3515 3260 3573 (Joan.
3306 3532 3401 3579 vn,
3439 3516 3553 3586 58).
3609 3515 3728 3571 Hoc

2127 3612 2287 3666 modo
2315 3610 2547 3679 Spiritus
2575 3618 2795 3664 sanctus
2830 3609 3090 3663 mentium
3133 3608 3405 3665 habitator
3435 3623 3556 3663 esse
3587 3609 3729 3663 dici-

2128 3713 2236 3771 tur,
2262 3706 2398 3760 sicut
2424 3686 2709 3774 Apostolus
2738 3704 2843 3757 ait:
2872 3702 3103 3773 Corpora
3127 3712 3299 3757 vestra
3321 3703 3572 3773 templum
3596 3713 3729 3758 sunt

2131 3796 2363 3869 Spiritus
2386 3797 2575 3850 sancti.
2604 3795 2672 3850 Et
2704 3804 2826 3864 post
2855 3809 3025 3860 pauca
3057 3813 3070 3848 :
3113 3793 3419 3861 Gloriﬁcate
3445 3804 3491 3847 et
3520 3804 3730 3860 portate

2128 3887 2296 3942 Deum
2324 3886 2377 3942 in
2415 3903 2629 3958 corpore
2655 3896 2824 3940 vestro
2853 3885 2895 3955 (ι
2935 3884 3058 3939 Cor.
3088 3900 3163 3948 Vl,
3198 3885 3285 3947 19,
3312 3883 3433 3953 20).
3456 3884 3525 3938 Et
3554 3884 3682 3938 alibi
3710 3905 3725 3939 :

2130 3978 2376 4033 Charitas
2410 3977 2509 4031 Dei
2557 3976 2752 4046 di/fusa
2782 3985 2855 4030 est
2887 3974 2939 4029 in
2987 3974 3229 4031 cordibus
3257 3975 3448 4028 nostris
3482 3991 3579 4042 per
3604 3973 3729 4044 Spi-

2131 4072 2287 4125 ritum
2312 4080 2569 4134 sanctum,
2609 4071 2699 4148 qui
2721 4069 2877 4123 datus
2904 4078 2978 4123 est
3010 4066 3154 4122 nobis
3183 4066 3357 4133 (Rom.
3392 4082 3444 4133 ν,
3482 4066 3562 4138 5).
3602 4065 3727 4124 Haec

2132 4164 2197 4229 de
2220 4164 2498 4235 spiritibus
2519 4162 2734 4219 habeto.

2734 4272 2960 4329 CAPUT
2990 4272 3077 4327 IV.

2544 4379 2565 4407 ³
2597 4383 2661 4422 DE
2692 4380 2863 4420 DECEH
2890 4379 2978 4419 DEI
3004 4378 3306 4423 NOIINIBUS.

450 4449 599 4509 ptum
623 4452 741 4498 est:
791 4442 1017 4515 Spiritus
1042 4444 1387 4516 procellarum
1417 4446 1586 4512 (Psal.
1620 4464 1677 4513 ιι,
1704 4448 1735 4501 7
1759 4466 1774 4514 ;
1801 4459 1848 4504 et
1882 4447 2028 4505 Psal.

2205 4460 2368 4515 Inter.
2392 4457 2604 4519 Prolata
2633 4456 2844 4511 ratione
2873 4455 3181 4525 spirituum,
3203 4467 3351 4508 nunc
3373 4452 3499 4508 voto
3529 4461 3590 4506 nt
3629 4452 3715 4507 dio

452 4545 672 4596 CXLVIII,
698 4534 774 4604 8).
801 4534 867 4588 Et
895 4534 1018 4596 alibi
1045 4554 1057 4588 :
1086 4534 1246 4606 423
1274 4534 1473 4606 Spiritu
1494 4539 1773 4594 vehementi
1797 4550 2030 4597 conteres

454 4635 609 4683 naves
658 4619 870 4676 Tharsis
908 4622 1079 4694 (Psal.
1110 4639 1275 4689 xtvu,
1312 4626 1388 4697 8).
1428 4626 1659 4682 Adduxit
1692 4645 1893 4701 quoque
1922 4631 2029 4685 Do-

452 4710 627 4773 minus
655 4710 889 4779 spiritum
916 4729 1069 4783 super
1088 4724 1305 4779 terram,
1344 4725 1392 4770 et
1418 4716 1686 4773 diminutio
1713 4730 1830 4773 sunt
1876 4738 2029 4791 aquae

456 4796 610 4871 (Gen,
632 4815 749 4865 vui,
775 4801 850 4873 1).
886 4804 1148 4859 Dicuntur
1175 4814 1231 4860 et
1253 4806 1577 4863 adversariae
1602 4818 1893 4878 potestates
1920 4812 2029 4882 spi-

454 4889 609 4954 ritus,
637 4891 776 4953 sicut
812 4894 1065 4963 scripzum
1097 4904 1179 4951 est
1204 4915 1216 4949 :
1259 4895 1489 4966 Spiritus
1516 4898 1730 4958 Domini
1756 4900 1927 4955 malus
1956 4902 2029 4955 ir-

456 4982 640 5037 ruebat
673 4983 729 5038 in
758 4982 890 5039 Saul
935 4984 986 5056 (I
1014 4985 1141 5056 Reg.
1179 5002 1334 5051 xvnr,
1368 4986 1476 5057 10),
1506 4988 1573 5043 Et
1612 4990 1845 5045 iterum:
1896 4989 2029 5045 Cum

454 5075 752 5130 immundus
776 5079 993 5148 spiritus
1018 5079 1197 5132 exierit
1230 5079 1296 5132 ab
1320 5080 1527 5134 homine
1554 5080 1765 5151 (Matth.
1793 5099 1891 5147 xu,
1915 5084 2026 5155 45).

455 5167 660 5223 Dicitur
688 5169 851 5224 etiam
894 5175 1071 5224 motus
1097 5169 1263 5229 animi
1310 5168 1392 5224 vel
1422 5169 1490 5233 ad
1520 5172 1919 5239 excitationem,
1946 5173 2032 5233 vel

457 5258 524 5313 ad
558 5258 968 5314 submissioncm
1004 5258 1243 5328 spiritus.

526 5374 690 5429 Inter.
724 5372 1004 5441 Quomodo
1027 5373 1093 5426 ad
1127 5371 1555 5426 excitationem?
1579 5372 1730 5443 Resp.
1775 5362 1854 5428 Ad
1891 5373 2039 5428 exci-

458 5466 717 5531 tationem
752 5480 1008 5536 namque,
1055 5462 1196 5518 sicut
1245 5463 1476 5518 diximus
1518 5461 1725 5535 [Forte,
1758 5463 2031 5535 dicimus],

528 5677 554 5709 β
576 5665 905 5721 Trithemius
930 5666 1019 5718 lib.
1041 5680 1077 5717 ιι
1091 5663 1158 5718 de
1176 5663 1320 5717 Viris
1345 5659 1642 5716 illustribus
1653 5658 1717 5715 Ο.
1734 5660 1792 5713 S.
1808 5660 1867 5713 Β.
1880 5700 1895 5719 ,
1912 5673 2030 5729 cap.

461 5736 530 5793 26
575 5744 816 5799 recenset
866 5737 1004 5799 inter
1063 5736 1262 5803 scripta
1314 5732 1519 5788 Alcuini
1560 5730 1678 5785 :De
1721 5731 2033 5801 proprietate

2132 4567 2224 4607 cas
2264 4550 2415 4615 mihi,
2441 4549 2638 4619 quibus
2668 4547 2977 4603 nominibus
3006 4546 3062 4599 in
3108 4544 3409 4614 Scripturis
3435 4544 3721 4599 sacris.....

2134 4645 2364 4719 [Suppl.,
2396 4644 2538 4699 Deus
2562 4640 2905 4723 appellatur].
2924 4640 3074 4711 Resp.
3106 4639 3303 4694 Decem
3328 4640 3551 4694 nomina
3580 4639 3721 4693 Deus

2133 4738 2335 4792 habere
2360 4734 2573 4805 legitur.
2614 4731 2781 4785 Inter.
2807 4731 2938 4798 Quae
2967 4738 3094 4786 sunt
3120 4730 3270 4784 inec?
3296 4728 3448 4799 Resp.
3478 4727 3719 4784 Primum

2134 4827 2275 4899 apud
2305 4825 2754 4881 Hebreosnomen
2780 4822 2875 4877 Dei
2899 4821 2965 4875 El
2986 4820 3214 4885 dicitur;
3234 4820 3535 4875 secundum
3562 4818 3715 4881 Elei;

2133 4920 2350 4979 tertium
2379 4916 2535 4979 Eloe;
2558 4924 2811 4984 quartum
2836 4912 3102 4977 Sabaoth;
3126 4913 3376 4982 quintum
3396 4910 3719 4975 Elion;sex-

2134 5017 2248 5063 tum
2274 5006 2425 5069 Eiei;
2470 5004 2756 5074 septimum
2802 5003 3038 5067 Adonei,
3066 5011 3317 5057 octavum
3370 5001 3478 5064 Ia;
3518 5015 3711 5055 nonum

2135 5105 2613 5165 tetragrammaton,
2639 5094 2783 5171 quod
2812 5101 2892 5148 est
2916 5093 3049 5147 Jode
3076 5092 3246 5157 Jode;
3284 5092 3562 5147 decimum
3590 5106 3713 5147 vent

2138 5186 2324 5248 Sadai,

2210 5276 2376 5330 Inter.
2408 5274 2560 5329 Nune
2586 5290 2716 5345 rogo
2744 5284 2802 5329 ut
2830 5275 3022 5328 horum
3047 5275 3287 5331 omnium
3330 5274 3595 5330 ratiuncm
3635 5282 3711 5326 ιι-
3780 5278 3785 5279 ’

2137 5387 2241 5441 que
2264 5369 2783 5438 interpretationem,
2798 5367 2866 5421 de
2885 5368 3082 5435 quibus
3102 5366 3307 5428 dixisti,
3328 5381 3501 5434 quare
3526 5380 3713 5419 vocen-

2139 5475 2245 5530 tur,
2269 5463 2399 5518 mihi
2426 5477 2683 5521 exponas.
2711 5459 2864 5529 Resp.
2892 5460 3194 5515 Secundum
3210 5460 3354 5528 quod
3379 5460 3502 5529 legi,
3521 5459 3711 5513 faciam

2137 5661 2421 5724 nominum,
2458 5676 2572 5731 qua!
2604 5658 2711 5721 Deo
2746 5658 3102 5713 attribuuntur
3126 5657 3177 5709 in
3210 5653 3500 5723 Scripturis
3527 5653 3709 5709 libram

2139 5746 2314 5785 unum.
