4038 6354
214 310 233 323 ⁸
305 330 443 386 nos

1126 338 1131 343 '
1214 322 1361 380 OPP.
1407 321 1630 378 DUBIA.
1672 351 1739 361 —
1781 319 2192 376 DlSPUTATlO
2231 318 2634 377 PUERORUM.
2730 277 2739 284 θ

3422 314 3559 369 mo

302 438 447 513 quod
472 435 674 507 petisti.
700 447 723 475 ι
746 414 987 489 Primum
1009 431 1146 501 apud
1165 431 1401 486 llebreos
1425 432 1517 485 Dei
1541 446 1755 491 nomen,
1778 430 1879 484 slc—
1907 441 1951 497 Α
1983 438 2086 486 test
2115 447 2128 496 ;
2156 431 2249 485 sed
2272 448 2303 484 a
2326 430 2570 486 faciendo
2595 429 2735 498 quod
2766 429 2892 493 vult,
2926 444 3030 485 non
3059 446 3088 483 a
3118 428 3389 499 patiendo,
3416 430 3561 499 quod

302 538 365 583 ut
383 526 514 589 dixi,
544 523 606 577 El
632 522 848 585 dicitur,
866 520 1008 592 quod
1030 520 1119 574 alii
1147 521 1331 584 Deum,
1351 519 1441 573 alii
1464 518 1881 589 mtluimologiam

302 620 423 689 ejus
438 617 801 686 exprimentes
824 612 1020 682 Chyros
1038 609 1244 681 [Forte,
1268 610 1537 685 ἰσχυρὸς],
1563 611 1615 665 id
1633 620 1735 674 est,
1770 611 1880 664 for—

306 719 415 763 tem
463 705 797 777 interpretati
844 716 989 770 sunt,
1037 705 1156 759 ideo
1195 705 1337 773 quod
1375 704 1520 758 nulla
1570 703 1882 757 inﬁrmitate

304 803 649 875 opprimitur,
671 803 764 857 sed
788 801 943 857 fortis
970 809 1073 865 est,
1102 811 1154 855 et
1177 798 1447 855 sulliciens
1465 799 1532 853 ad
1552 799 1732 853 omnia
1757 813 1881 867 per—

305 895 585 967 petranda.
650 894 955 949 Secundum
992 908 1209 956 nomen,
1273 892 1409 957 Eloi,
1463 892 1683 946 tertium
1733 889 1881 955 Eloe,

306 985 449 1055 quod
471 978 754 1053 utrumque
784 984 836 1037 in
862 983 1113 1037 Latinum
1144 980 1280 1035 Dens
1328 981 1548 1046 dicitur;
1586 988 1671 1035 est
1704 988 1887 1033 autem

306 1089 501 1129 nomen
525 1074 575 1127 in
600 1072 844 1126 Latinum
859 1088 925 1126 ex
941 1070 1124 1126 Graeca
1154 1070 1507 1140 appellatione
1534 1068 1847 1122 translatum
1869 1082 1883 1132 ;

307 1179 433 1218 nam
463 1164 602 1217 Deus
641 1162 824 1217 Graece
866 1160 1272 1223 Theosdieitur,
1306 1159 1357 1212 id
1392 1167 1494 1221 est,
1540 1158 1721 1221 timor,
1747 1157 1888 1209 unde

308 1261 541 1307 tractum
584 1260 669 1306 est
696 1265 890 1305 nomen
924 1252 1084 1314 Deus,
1139 1249 1282 1318 quod
1318 1263 1440 1301 eum
1482 1247 1781 1302 colentibus
1820 1246 1890 1298 sit

309 1342 501 1408 timor;
533 1341 673 1395 Deus
720 1352 899 1396 autem
954 1342 1172 1411 pmprie
1222 1334 1415 1395 nomen
1448 1347 1532 1394 est
1586 1337 1888 1402 Trinitatis,

307 1431 586 1499 pertinens
615 1430 679 1484 ad
708 1429 942 1495 Patrem,
971 1438 1022 1484 et
1046 1429 1243 1483 Filium
1256 1438 1310 1483 et
1324 1427 1583 1497 Spiritum
1610 1434 1887 1491 sanetum;

311 1522 379 1575 ad
411 1536 571 1590 quam
600 1520 920 1575 Trinitatem
946 1520 1109 1575 etiam
1152 1521 1378 1589 reliqua,
1404 1536 1523 1588 quae
1551 1519 1686 1573 iul‘ra
1725 1519 1892 1571 Deum

311 1618 438 1664 sunt
473 1609 671 1679 posita,
698 1609 954 1664 vocabula
1008 1609 1333 1664 referuntur.
1382 1606 1645 1672 Quartum
1700 1620 1895 1659 nomen

312 1698 411 1752 Dei
440 1698 635 1753 dicitur
665 1697 920 1763 Sabaoth,
948 1699 1089 1767 quod
1119 1698 1343 1751 vertitur
1370 1698 1422 1751 in
1450 1696 1703 1749 Latinum
1749 1711 1897 1747 exer-

1979 535 2087 575 non
2118 520 2267 583 vult;
2295 522 2438 590 quod
2464 518 2507 575 si
2535 519 2822 583 accideret,
2847 535 3185 588 nequaquam
3213 527 3356 573 esset
3383 521 3563 574 omni-

1979 619 2170 679 potens
2192 628 2206 677 ;
2226 609 2358 665 facit
2376 612 2520 665 enim
2547 610 2803 680 quidquid
2826 611 2958 675 vult,
2978 620 3033 664 et
3054 611 3177 664 inde
3199 611 3562 680 omnipotens.

1979 702 2110 756 ltem
2132 702 2494 769 omnipotens,
2514 701 2637 768 quia
2656 699 2824 769 ipsius
2838 708 2962 755 sunt
2986 700 3188 763 omnia,
3222 714 3341 768 qua:
3361 698 3563 769 ubique

1982 802 2108 849 sunt
2129 810 2144 856 ς
2168 793 2312 846 solus
2339 792 2482 845 enim
2513 792 2677 846 totius
2705 792 2887 846 mundi
2918 792 3078 846 habet
3107 791 3407 861 imperium.

2053 881 2217 936 Inter.
2248 882 2343 934 Est
2371 880 2596 945 licitum,
2625 881 2778 951 plura
2810 881 3026 935 nomina
3055 881 3149 935 Dei
3180 881 3471 950 inquirere,
3493 895 3560 933 an

1983 975 2137 1030 non?
2180 974 2326 1045 Resp.
2372 972 2516 1027 Licet
2568 974 2772 1041 utique.
2821 971 2984 1026 Inter.
3033 970 3351 1037 Quomodo?
3401 968 3554 1038 Resp.

1984 1066 2245 1139 Dicuntur
2267 1065 2429 1119 etiam
2455 1071 2508 1118 et
2529 1062 2633 1117 alia
2656 1063 2896 1132 qurcdam
2930 1063 2981 1115 in
3032 1060 3195 1114 Deum
3229 1059 3560 1114 substantia-

1986 1157 2126 1216 liter,
2145 1156 2379 1219 nomina,
2397 1163 2455 1209 ut
2471 1154 2804 1219 immortalis,
2822 1151 3257 1219 incorruptibilis,
3277 1151 3570 1205 incommu-

1988 1248 2182 1309 tabilis,
2223 1256 2487 1312 teternus;
2530 1245 2672 1301 unde
2708 1254 2763 1300 et
2784 1246 2977 1299 merito
3011 1253 3215 1299 cuncta:
3242 1241 3569 1314 prteponitur

1989 1347 2280 1401 creatura};
2308 1337 2505 1391 dicitur
2532 1338 2694 1391 etiam
2723 1336 3021 1399 invisibilis,
3047 1334 3408 1405 impassibilis,
3433 1334 3566 1389 sim-

1990 1429 2133 1499 plex,
2165 1429 2524 1495 incorporeus,
2557 1428 2850 1481 immensus
2878 1434 2930 1478 et
2955 1424 3241 1493 perfectus.

2066 1519 2229 1573 Inter.
2285 1518 2464 1584 Quare
2514 1517 2711 1571 dicitur
2763 1515 3114 1571 immortalis?
3157 1513 3309 1583 Resp.
3368 1513 3573 1567 Dicitur

1995 1612 2159 1667 etiam
2186 1609 2521 1670 immortalis,
2554 1610 2691 1663 sicut
2721 1608 2784 1660 de
2810 1622 2873 1659 eo
2899 1607 3160 1675 scriptum
3200 1612 3317 1658 est:
3362 1602 3465 1668 Qui
3490 1620 3574 1655 εον

2000 1701 2081 1756 lus
2109 1702 2258 1755 habet
2285 1700 2726 1754 immortalitatem
2749 1698 2797 1768 (I
2827 1698 2960 1751 Tim.
2984 1714 3056 1761 vt,
3082 1696 3196 1767 16);
3223 1696 3346 1766 quia
3378 1697 3429 1750 in
3457 1697 3574 1766 ejus

312 1789 533 1853 cituum,
566 1789 679 1843 sive
705 1789 971 1851 virtutum,
1018 1786 1084 1842 de
1120 1801 1227 1856 quo
1255 1787 1307 1839 in
1343 1785 1549 1855 psalmo
1580 1784 1648 1837 ab
1702 1782 1902 1853 angelis

2006 1800 2197 1846 natura
2217 1789 2358 1851 nulla
2384 1798 2467 1844 est
2489 1788 2866 1851 commutatio;
2896 1804 3017 1841 nam
3047 1785 3221 1839 omnis
3247 1783 3578 1838 mutabilitas

313 1878 548 1933 dicitur:
593 1878 722 1943 Quis
762 1888 837 1932 est
861 1878 960 1931 iste
993 1893 1082 1930 rex
1120 1875 1317 1947 glorier,
1353 1876 1607 1929 Dominus
1656 1874 1902 1927 virtutum

315 1965 491 2034 (Psal.
538 1982 692 2031 xxnt,
731 1966 807 2035 8).
848 1968 989 2021 Sunt
1032 1968 1177 2020 enim
1225 1967 1279 2019 in
1332 1964 1634 2035 huiusmodi
1687 1963 1904 2018 ordina-

317 2058 463 2111 tione
488 2058 714 2113 virtutes
740 2058 934 2122 multze,
967 2068 1027 2111 ut
1045 2057 1238 2128 angeli,
1267 2055 1607 2127 archangeli,
1637 2053 1907 2125 principa-

317 2153 425 2212 tus,
461 2153 515 2202 et
534 2154 847 2216 potostates,
875 2147 1163 2216 cunctique
1190 2146 1427 2201 ctelestis
1449 2145 1652 2199 militiae
1664 2144 1901 2207 ordines,

316 2251 546 2305 quorum
573 2245 749 2289 tamen
779 2245 832 2289 et
858 2235 945 2290 ille
974 2235 1230 2289 Dominus
1267 2242 1349 2288 est
1376 2251 1390 2299 ;
1421 2249 1608 2288 omnes
1637 2232 1779 2287 enim
1806 2231 1907 2286 sub

318 2325 437 2395 ipso
464 2333 609 2391 sunt,
664 2322 884 2394 ejusque
948 2324 1243 2379 dominatui
1297 2322 1596 2392 subjacent.
1650 2322 1905 2390 Quintum

319 2416 497 2481 Elian,
531 2418 673 2486 quod
709 2416 1092 2486 interpretatur
1117 2416 1172 2469 in
1216 2416 1471 2470 Latinum
1509 2415 1774 2479 excelsus,
1813 2416 1905 2485 qui

320 2522 483 2577 supra
508 2506 672 2562 ctelos
692 2515 795 2574 est,
826 2506 965 2561 sicut
993 2505 1255 2576 scriptum
1294 2514 1378 2560 est
1416 2504 1482 2559 de
1508 2518 1571 2559 eo
1607 2521 1620 2557 :
1654 2502 1905 2557 Excelsus

320 2596 596 2662 Dominus,
624 2613 779 2667 super
802 2598 955 2650 caelos
991 2595 1159 2666 gloria
1202 2595 1315 2666 ejus
1365 2592 1776 2667 (Psal.cxtt,4).
1807 2594 1908 2648 Ex—

321 2689 500 2745 celsns
527 2698 705 2743 autem
730 2690 906 2744 dictus
937 2705 1034 2760 pro
1060 2688 1212 2743 valde
1263 2687 1458 2753 celsus,
1510 2703 1575 2742 ex
1619 2687 1763 2741 enim
1801 2701 1901 2757 pro

288 2845 295 2850 ι
323 2780 472 2835 ualde
506 2782 740 2851 ponitur,
770 2782 922 2851 quasi
952 2781 1202 2847 eximius,
1251 2781 1405 2852 quasi
1450 2780 1606 2836 valde
1641 2781 1902 2836 eminens.

325 2870 552 2926 Sextum
580 2872 716 2938 Eiei,
742 2873 794 2927 id
824 2882 927 2938 est,
956 2874 1042 2943 qui
1064 2882 1136 2926 est
1170 2892 1182 2926 :
1227 2871 1369 2927 Deus
1414 2871 1558 2926 enim
1605 2869 1773 2934 solus,
1814 2871 1906 2941 qui

323 2970 581 3026 aeternus,
626 2972 720 3027 est,
744 2970 798 3017 et
849 2963 919 3017 ob
970 2963 1073 3016 hoc
1128 2962 1219 3030 qui
1276 2961 1555 3017 exordium
1602 2975 1707 3015 non
1746 2960 1908 3015 habet

323 3051 572 3104 essentia:
592 3066 784 3106 nomen
813 3067 937 3107 vere
969 3062 1151 3108 tenet;
1178 3055 1279 3108 hoc
1306 3054 1447 3107 enim
1475 3068 1668 3108 nomen
1690 3054 1756 3107 ad
1784 3068 1908 3108 san-

324 3148 471 3195 ctum
522 3140 735 3212 Moysen
762 3158 858 3212 per
887 3144 1132 3215 angelum
1161 3152 1245 3200 est
1300 3145 1534 3203 delatura
1568 3166 1580 3201 :
1639 3144 1900 3216 quaerenti
1929 3129 1976 3192 C

323 3235 490 3295 enim.
520 3236 661 3305 quod
680 3244 823 3289 esset
842 3251 1033 3290 nomen
1051 3237 1187 3306 ejus,
1208 3237 1296 3305 qui
1324 3252 1446 3291 eum
1468 3252 1694 3308 pergere
1717 3236 1907 3306 przeci-

306 3327 507 3397 piebat
530 3328 594 3382 ad
621 3328 871 3396 populum
887 3343 951 3381 ex
968 3326 1201 3399 1E3ypl0
1218 3326 1568 3390 liberandum,
1599 3326 1869 3396 respondit
1890 3344 1902 3378 :

327 3413 442 3485 Ego
469 3415 685 3486 suntqui
711 3432 846 3481 sum,
864 3423 910 3468 et
935 3416 1071 3469 dices
1091 3415 1215 3489 ﬁliis
1233 3414 1418 3480 Israel,
1434 3417 1523 3486 qui
1556 3417 1803 3480 est,misit
1830 3432 1909 3468 me

325 3508 397 3560 ad
424 3523 510 3561 vos
537 3507 732 3578 (Exod.
753 3522 833 3569 ιιι,
860 3506 972 3576 Η),
999 3515 1253 3575 tanquam
1274 3506 1324 3559 in
1350 3506 1464 3577 ejus
1482 3507 1906 3577 comparatione,

326 3602 421 3669 qui
451 3614 575 3653 vere
603 3609 706 3663 est,
733 3600 857 3669 quia
878 3597 1327 3653 incommutabilis
1349 3606 1450 3663 est,
1498 3613 1562 3652 ea
1604 3612 1723 3667 quae
1762 3613 1910 3653 com-

327 3690 606 3747 mutabilia
635 3690 773 3745 facta
809 3702 959 3755 sunt,
980 3690 1133 3759 quasi
1151 3705 1255 3743 non
1278 3689 1403 3743 sint.
1429 3687 1581 3756 Quod
1607 3690 1748 3744 enim
1777 3689 1907 3744 dici-

328 3788 437 3843 tur,
469 3779 587 3847 fnit,
611 3794 716 3834 non
744 3788 858 3846 est;
891 3788 945 3833 et
972 3779 1111 3849 quod
1136 3778 1352 3843 dicitur,
1382 3780 1503 3843 erit,
1526 3779 1761 3833 nondum
1784 3787 1866 3832 est
1895 3796 1909 3843 ;

330 3869 471 3923 Deus
498 3879 677 3924 autem
701 3885 818 3925 esse
851 3878 1057 3924 tantum
1079 3869 1244 3934 novit,
1269 3867 1435 3923 fuisse
1458 3876 1511 3922 ct
1538 3868 1773 3921 futurum
1792 3884 1913 3923 esse

330 3975 438 4013 non
468 3960 644 4026 novit;
670 3961 813 4015 solus
839 3960 979 4014 enim
1007 3959 1168 4014 Pater
1192 3974 1317 4015 cum
1347 3958 1483 4013 Filio
1502 3966 1553 4011 et
1572 3957 1774 4027 Spiritu
1793 3973 1917 4011 san-

330 4060 420 4104 eto
444 4051 708 4106 veraciter
733 4061 837 4115 est,
882 4050 1033 4120 cujus
1080 4051 1329 4105 essentia}
1378 4056 1749 4120 comparatum
1793 4064 1914 4103 esse

330 4150 595 4205 nostrum,
628 4157 734 4197 non
764 4157 883 4197 esse
905 4152 1005 4197 est.
1039 4141 1189 4197 Unde
1213 4151 1267 4196 et
1294 4142 1345 4196 in
1368 4140 1631 4210 colloquio
1644 4139 1911 4194 dicimus:

328 4232 451 4285 vivit
477 4231 636 4297 Dens,
659 4233 783 4301 quia
809 4233 1040 4287 essentia
1068 4233 1176 4287 vita
1208 4233 1357 4296 vivit,
1397 4247 1558 4302 quam
1609 4246 1754 4285 mors
1807 4245 1914 4284 non

330 4319 510 4374 habet.
541 4318 838 4390 Septimum
870 4323 1093 4386 Adonai,
1126 4324 1267 4393 quod
1298 4321 1621 4394 generaliter
1649 4320 1918 4390 interpre-

332 4417 478 4463 tatur
507 4408 777 4476 Dominus,
804 4413 943 4481 quod
970 4411 1274 4467 dominetur
1295 4419 1557 4467 creaturae
1577 4419 1801 4475 cunctae,
1832 4408 1915 4463 vel

328 4498 495 4571 424
515 4501 656 4570 quod
688 4512 934 4558 creatura
952 4506 1126 4559 omnis
1150 4504 1443 4561 dominatui
1459 4502 1574 4571 ejus
1594 4502 1862 4558 deserviat
1890 4518 1905 4568 ;
1941 4482 1989 4541 Ῑ)

332 4587 591 4643 Dominus
604 4605 751 4663 ergo,
777 4601 830 4645 et
852 4591 992 4647 Deus
1014 4610 1028 4658 ;
1048 4593 1131 4647 vel
1149 4592 1289 4662 quod
1310 4592 1615 4647 dominetur
1632 4591 1903 4654 omnibus,

331 4680 419 4734 vel
443 4682 585 4750 quod
616 4682 868 4736 timeatur
894 4698 921 4735 a
948 4683 1173 4737 cunctis.
1213 4681 1496 4746 Octavum,
1535 4680 1630 4746 Ja,
1671 4679 1814 4749 quod
1852 4679 1906 4733 in

331 4768 446 4824 Deo
481 4777 685 4823 tantum
711 4772 945 4840 ponitur,
969 4773 1107 4841 quod
1130 4771 1292 4824 etiam
1322 4770 1374 4823 in
1401 4767 1628 4823 Alleluia
1654 4767 1707 4821 in
1729 4766 1910 4821 novis-

331 4856 468 4909 sima
498 4856 696 4927 syllaba
720 4868 895 4911 sonat.
922 4858 1132 4912 Nonum
1162 4865 1646 4928 tetragrammaton,
1675 4857 1776 4911 hoc
1802 4864 1906 4919 est,

330 4954 565 5018 quatuor
591 4946 909 5011 litterarum,
950 4949 1090 5018 quod
1128 4949 1342 5019 proprie
1389 4947 1529 5017 apud
1575 4946 1815 5001 Hebreos
1855 4946 1905 4999 in

330 5036 447 5090 Deo
473 5038 705 5106 ponitur,
728 5037 883 5103 lode,
918 5039 970 5094 id
998 5049 1098 5105 est,
1127 5039 1332 5094 duabus
1363 5038 1453 5103 la,
1486 5054 1605 5108 qua:
1642 5037 1910 5107 duplicata

334 5126 603 5184 ineffabile
638 5128 764 5183 illud
800 5140 851 5182 et
902 5128 1193 5199 gloriosum
1242 5128 1335 5182 Dei
1381 5143 1574 5182 nomen
1630 5128 1863 5182 efﬁciunt
1894 5143 1925 5191 ;.

332 5219 535 5275 dicitur
567 5229 746 5278 autem
774 5219 1076 5283 inell'abilis,
1108 5235 1211 5272 non
1237 5221 1358 5289 quia
1407 5220 1513 5274 dici
1563 5236 1667 5273 non
1714 5229 1908 5289 potest,

308 5311 432 5385 sed
462 5310 585 5378 quia
618 5309 757 5365 ﬁniri
788 5327 946 5365 sensu
972 5321 1025 5365 et
1056 5310 1324 5365 intellectu
1353 5311 1588 5365 humano
1614 5311 1916 5366 nullatenus

334 5406 533 5471 potest,
564 5406 618 5452 et
645 5397 785 5463 ideo,
832 5399 956 5467 quia
987 5399 1051 5453 de
1095 5413 1159 5453 eo
1189 5398 1319 5452 nihil
1373 5400 1530 5469 digne
1562 5398 1667 5453 dici
1716 5407 1913 5468 potest,

338 5487 622 5544 ineﬂabilis
647 5497 748 5542 est.
782 5489 1057 5545 Decimum
1078 5505 1207 5545 vero
1247 5489 1434 5553 Sadai,
1464 5489 1518 5544 id
1545 5498 1645 5553 est,
1676 5491 1919 5558 omnipo-

340 5588 478 5633 lens.
507 5578 745 5633 Vocatur
764 5587 940 5633 autem
965 5580 1326 5649 omnipotens,
1359 5594 1423 5633 eo
1451 5579 1589 5647 quod
1612 5580 1788 5632 omnia
1823 5594 1915 5651 po—

412 5715 441 5747 ι
464 5700 543 5757 Ex
564 5700 687 5759 lsid.
715 5703 804 5757 lib.
832 5719 904 5760 vn
931 5705 1234 5777 Originum,
1259 5721 1372 5776 cap.
1400 5706 1450 5758 Ι.

2003 1895 2108 1934 non
2173 1881 2612 1935 inconvenienter
2660 1879 2962 1932 mortalitas
3008 1878 3235 1943 dieitur;
3282 1876 3577 1931 secundum

2002 1970 2144 2037 quod
2173 1977 2228 2023 et
2254 1967 2431 2022 anima
2459 1968 2654 2022 dicitur
2680 1967 2838 2031 mori,
2871 1982 2975 2019 non
3002 1966 3127 2036 quia
3157 1965 3208 2017 in
3249 1980 3463 2033 corpus,
3495 1963 3580 2017 vel

2004 2060 2059 2115 in
2083 2060 2317 2130 aliquam
2343 2058 2569 2115 alteram
2592 2057 2944 2113 substantiam
2983 2065 3223 2110 mutatur
3241 2065 3297 2110 et
3332 2055 3577 2117 vertitur,

2004 2149 2099 2204 sed
2129 2150 2182 2204 in
2213 2150 2325 2219 ipsa
2354 2164 2446 2203 sua
2475 2149 2793 2213 substantia,
2830 2148 3087 2217 quidquid
3120 2146 3225 2200 alio
3250 2147 3409 2201 modo
3441 2162 3583 2199 nunc

2004 2247 2106 2305 est,
2131 2252 2222 2293 aut
2264 2238 2381 2303 fuit,
2430 2238 2722 2294 secundum
2767 2239 2817 2293 id
2844 2238 2985 2308 quol
3032 2238 3235 2292 destitit
3272 2251 3391 2291 esse
3440 2237 3583 2305 quod

2004 2337 2142 2393 erat,
2164 2327 2404 2382 mortalis
2431 2328 2615 2397 utique
2638 2326 3088 2396 deprehenditur;
3124 2342 3184 2378 ac
3204 2340 3299 2393 per
3315 2325 3415 2379 hoc
3439 2324 3586 2378 solus

2005 2420 2147 2474 Deus
2170 2420 2365 2476 dicitur
2406 2417 2746 2483 inunortalis,
2772 2418 2895 2487 quia
2948 2417 3094 2471 solus
3119 2425 3201 2471 est
3229 2416 3586 2470 incommuta-

2004 2508 2144 2565 bilis.

2074 2603 2237 2657 Inter.
2268 2603 2447 2670 Quare.
2474 2603 2667 2659 dicitur
2706 2600 3164 2672 iucorruptibilis?
3204 2599 3358 2670 Resp.
3398 2599 3582 2653 Incor-

2006 2695 2274 2764 ruptibilis
2303 2694 2621 2764 appellatur,
2645 2694 2767 2763 quia
2813 2693 3083 2761 corrumpi
3113 2701 3168 2745 et
3215 2690 3431 2746 dissolvi
3479 2704 3587 2744 non

2004 2797 2200 2860 potest,
2225 2804 2324 2843 nec
2349 2787 2534 2848 dividi;
2560 2785 2815 2858 quidquid
2854 2784 2996 2839 enim
3042 2784 3187 2853 capit
3238 2782 3579 2844 divisionem,

2003 2890 2058 2934 et
2090 2881 2362 2934 interitum
2392 2878 2570 2949 capit;
2604 2877 2691 2932 ille
2718 2892 2817 2932 nec
2847 2875 3010 2931 dividi
3045 2882 3240 2945 potest,
3268 2890 3365 2928 nec
3396 2873 3590 2929 interi-

2006 2971 2099 3035 mi,
2131 2971 2270 3025 unde
2298 2969 2715 3041 incorruptibilis
2736 2976 2835 3023 est.

2078 3060 2241 3114 Inter.
2270 3060 2422 3116 Unde
2455 3059 2650 3114 dicitur
2676 3056 3169 3121 incommutabilis?
3203 3053 3353 3124 Resp.
3379 3055 3589 3109 Incom-

2008 3150 2282 3205 mutabilis
2312 3148 2434 3204 inde
2456 3156 2557 3213 est,
2582 3148 2705 3217 quia
2732 3164 2945 3217 semper
2968 3154 3167 3210 manet,
3194 3153 3248 3199 et
3272 3144 3470 3198 mutari
3492 3160 3589 3198 nc—

2006 3243 2135 3308 scit;
2169 3258 2267 3297 nec
2290 3240 2522 3313 proﬁcit,
2540 3242 2665 3313 quia
2691 3239 2961 3313 perfectus
2986 3250 3089 3302 est,
3120 3253 3218 3292 nec
3240 3237 3438 3299 deﬁcit,
3464 3237 3589 3305 quia

2007 3343 2239 3389 aeternus
2268 3342 2367 3388 ρει.

2078 3423 2243 3476 Inter.
2277 3422 2553 3488 Quomodo
2577 3430 2660 3477 est
2678 3423 2942 3476 :etcrnus?
2972 3419 3123 3490 Resp.
3150 3420 3284 3486 Quia
3314 3419 3430 3473 sine
3447 3426 3589 3473 tetu-

2008 3528 2139 3582 pore
2166 3523 2267 3573 est,
2298 3529 2403 3567 non
2428 3514 2572 3568 enim
2596 3515 2756 3568 habet
2778 3514 3009 3577 initium,
3040 3528 3213 3581 neque
3242 3512 3437 3575 ﬁnem;
3465 3511 3594 3565 hinc

2008 3612 2063 3658 et
2092 3604 2469 3672 sempiternus,
2502 3619 2570 3657 eo
2598 3604 2737 3673 quod
2761 3604 2831 3657 sit
2856 3619 3067 3673 semper
3092 3612 3344 3657 aeternus.

2083 3693 2247 3747 Inter.
2279 3694 2431 3749 Unde
2461 3694 2657 3748 dicitur
2697 3693 2971 3747 aeternus?
3002 3691 3156 3762 Resp.
3192 3691 3233 3744 A
3271 3691 3591 3761 quibusdam

2012 3793 2191 3837 autem
2220 3791 2455 3837 aeternus
2481 3782 2549 3841 ab
2585 3782 2771 3837 cthere
2815 3780 3054 3836 creditur
3099 3780 3294 3844 dictus,
3337 3779 3592 3848 quoniam

2013 3875 2208 3931 coelum
2236 3875 2389 3929 sedes
2416 3874 2532 3944 ejus
2556 3875 2815 3939 habetur;
2849 3872 2989 3927 unde
3015 3881 3068 3927 et
3096 3872 3252 3926 illud:
3276 3868 3471 3925 Cwlum
3494 3887 3594 3924 τωο

2014 3964 2051 4016 li
2077 3965 2300 4019 Domino
2328 3962 2497 4034 (I’sal.
2522 3978 2672 4026 cxm,
2704 3962 2885 4033 16),οῐ
2914 3962 3009 4016 rel.

2084 4055 2249 4108 Inter.
2289 4056 2466 4121 Quare
2496 4054 2701 4109 dicitur
2732 4052 3045 4108 invisibilis?
3092 4052 3243 4122 Resp.
3271 4051 3406 4119 Quia
3458 4067 3593 4104 nun-

2015 4161 2175 4215 quam
2194 4160 2287 4215 per
2303 4144 2655 4203 substantiam
2672 4158 2822 4197 suam
2839 4141 3084 4211 apparuit
3099 4139 3268 4195 oculis
3285 4137 3591 4194 mortalium

2017 4236 2274 4299 Trinitas,
2304 4235 2405 4290 nisi
2430 4250 2527 4305 per
2572 4234 2805 4303 speciem
2843 4230 3095 4299 subjectte
3142 4239 3406 4287 creatura:
3447 4244 3595 4284 eam-

2016 4327 2245 4395 demque
2288 4325 2470 4397 [lsid.,
2500 4323 2868 4395 ejusdemque]
2912 4334 3213 4392 c0rpore:e;
3256 4337 3383 4375 nam
3436 4336 3594 4375 nemo

2015 4428 2193 4487 potest
2228 4418 2395 4488 ipsam
2428 4416 2911 4472 manifestationem
2943 4415 3188 4469 essentiae
3212 4414 3305 4469 Dei
3331 4413 3515 4468 videre
3537 4421 3592 4467 et

2013 4513 2216 4575 vivere,
2236 4511 2374 4566 sicut
2398 4518 2450 4565 et
2474 4509 2675 4565 dictum
2697 4518 2781 4562 est
2795 4506 2980 4577 Moysi.
3006 4504 3156 4561 Unde
3178 4513 3232 4560 et
3251 4503 3514 4559 Dominus
3538 4505 3591 4558 in

2017 4601 2304 4673 Evangelio
2326 4602 2453 4656 dicit
2481 4619 2494 4656 :
2535 4600 2705 4679 Deum
2750 4613 2897 4652 nemo
2924 4596 3047 4650 ridit
3084 4612 3311 4666 unquam
3341 4593 3521 4666 (Joan.
3552 4612 3589 4659 I,

2018 4694 2126 4766 18).
2155 4693 2260 4748 Res
2289 4700 2372 4748 est
2395 4692 2538 4747 enim
2568 4689 2871 4755 invisibilis,
2910 4688 3137 4758 ideoque
3163 4704 3267 4743 non
3298 4687 3473 4753 oculo,
3498 4688 3606 4743 sed.

2015 4784 2175 4839 corde
2203 4783 2519 4853 quaerendus
2547 4790 2648 4837 est.

2086 4878 2251 4935 Inter.
2283 4879 2561 4947 Quomodo
2594 4886 2677 4933 est
2701 4878 3079 4948 impassibilis?
3102 4876 3256 4948 Resp.
3301 4876 3436 4944 Quia
3476 4876 3595 4931 nul-

2017 4973 2082 5027 lis
2111 4970 2603 5043 pcrturbationibus
2624 4968 2871 5035 afﬁcitur,
2900 4970 3095 5039 quibus
3119 4971 3380 5042 fragilitas
3405 4971 3594 5024 huma-

2018 5080 2089 5118 na
2119 5063 2460 5125 subcumbit;
2493 5078 2595 5115 non
2623 5063 2764 5116 enim
2793 5062 3064 5133 attingunt
3083 5077 3203 5117 eum
3233 5061 3354 5114 ulla:
3388 5059 3593 5129 passio.

2019 5167 2133 5217 nes,
2159 5161 2218 5205 ut
2244 5151 2424 5215 libido,
2453 5151 2746 5215 iracundia,
2778 5150 3062 5221 cupiditas,
3099 5152 3258 5207 timor
3286 5150 3469 5222 [lsid.,
3492 5147 3591 5203 do-

2018 5240 2143 5312 lor],
2163 5253 2389 5302 mceror,
2410 5238 2632 5303 invidia,
2660 5247 2714 5293 ct
2735 5247 2950 5305 extera,
2975 5239 3167 5309 quibus
3182 5253 3331 5294 mens
3355 5239 3592 5293 humana

2024 5330 2287 5385 turbatur.
2314 5327 2416 5383 Sed
2436 5344 2557 5382 cum
2575 5328 2770 5383 dicitur
2800 5328 2941 5383 Deus
2968 5328 3145 5394 irasci,
3174 5337 3266 5383 aut
3291 5328 3473 5395 zelari,
3498 5337 3592 5384 aut

2022 5418 2223 5483 dolere,
2258 5426 2441 5471 nostro
2465 5434 2564 5471 usu
2586 5419 2799 5472 dicitur.
2843 5417 2998 5487 Apud
3021 5417 3185 5471 Deum
3209 5418 3352 5471 enim
3373 5428 3589 5487 pertur-

2021 5508 2168 5563 batio
2191 5506 2328 5561 nulla
2352 5515 2457 5571 est,
2500 5508 2638 5577 apud
2657 5523 2815 5576 quem
2849 5505 3207 5574 tranquillitas
3246 5521 3455 5560 summa
3486 5516 3587 5561 est.

2092 5597 2256 5653 Inter.
2279 5597 2457 5665 Quare
2483 5607 2708 5653 vocatur
2730 5596 2990 5666 simplex?
3019 5596 3170 5668 Resp.
3201 5597 3437 5669 Simplex
3458 5597 3592 5655 dici-
