4038 6354
443 315 446 318 λ
507 261 635 319 tm
1301 267 1360 323 Β.
1399 267 1460 321 r.
1500 267 1726 344 ALBINI
1768 268 1899 325 seu
1935 269 2214 338 ALCUlNl
2251 272 2538 346 opsum:
2577 276 2756 344 rans
2796 275 2928 335 vin.
3619 283 3764 340 tua

502 384 592 430 tur
636 375 750 431 sive
802 391 908 439 non
949 379 1246 444 amittendo
1290 381 1434 448 quod
1459 380 1643 446 habet,
1670 396 1762 436 seu
1805 380 1932 451 quia
1977 398 2082 436 non
2109 387 2160 447 Α
2187 387 2342 443 nobis
2370 388 2565 448 faciem
2613 399 2798 466 tuam;
2829 409 2896 462 ac
2922 395 2969 450 si
2990 394 3200 450 dicatur
3231 415 3244 449 :
3274 395 3352 450 Da
3380 396 3534 454 nobis
3573 401 3764 469 cogni-

497 469 644 553 allud
673 477 757 524 est
785 470 917 540 ipse,
945 480 1001 525 et
1025 469 1166 525 aliud
1193 472 1335 540 quod
1365 473 1417 525 in
1442 470 1557 540 ipso
1585 482 1700 548 est;
1736 471 1873 526 sicut
1895 474 1949 527 in
1977 475 2076 528 ho-
2182 476 2381 533 tionem
2411 488 2579 535 tuam.
2613 481 2704 536 Sic
2725 492 2778 538 et
2800 485 3016 554 vestigia'
3043 484 3139 550 Dei
3165 485 3434 549 dicuntur,
3462 486 3591 557 quia
3613 504 3762 544 nunc

501 561 671 627 mine,
698 561 852 632 cujus
878 563 1019 617 aliud
1034 571 1267 627 estesse,
1286 571 1339 617 et
1355 563 1496 618 aliud
1515 579 1722 633 sapere,
1745 579 1870 618 nam
1889 573 1942 618 et
1961 579 2080 620 esse
2180 561 2321 620 Deus
2346 583 2446 638 per
2479 570 2753 640 speculum
2781 574 3124 642 cognoscitur
3149 589 3164 637 ;
3205 574 3274 627 ad
3301 574 3605 644 perfectum
3628 591 3763 631 vero

418 671 420 673 ·
497 659 699 724 potest,
723 659 777 706 et
797 653 1012 722 sapiens
1042 667 1145 705 non
1168 667 1320 717 esse;
1348 654 1488 708 Deus
1514 663 1689 708 autem
1715 655 1877 708 habet
1892 668 2078 707 essen-
2175 655 2512 728 omnipotens
2563 657 2882 729 reperietur,
2917 662 3044 717 dum
3090 659 3142 716 in
3175 661 3353 717 futuro
3399 663 3537 718 facie
3573 665 3644 718 ad
3670 667 3759 718 fa.

495 742 650 808 tiam,
677 743 841 798 habet
861 751 915 796 et
933 743 1269 811 sapientiam,
1294 743 1386 797 sed
1413 758 1531 812 qua:
1557 743 1738 807 habet,
1762 743 1864 796 hoc
1889 750 1942 797 et
1969 752 2071 807 est,
2175 746 2313 802 ciem
2343 749 2643 820 quibusque
2677 751 2860 806 electis
2887 753 3318 821 prassentabitur,
3349 763 3410 808 ut
3440 754 3615 824 ipsam
3638 771 3742 826 spe

494 843 551 888 et
573 835 753 888 omnia
781 851 918 889 unus
941 844 1042 897 est,
1069 851 1132 890 ac
1160 836 1384 905 proinde
1425 836 1648 905 simplex
1670 843 1772 897 est,
1804 834 1928 904 quia
1966 850 2072 888 non
2173 837 2311 892 ciem
2337 841 2786 911 contemplentur,
2842 841 2996 910 cujus
3046 861 3189 899 nunc
3235 846 3462 915 vestigia
3495 863 3758 918 compre-

492 923 548 985 in
573 938 637 980 eo
665 925 866 1003 aliquid
888 925 1182 990 accidentis
1206 935 1312 992 est,
1337 926 1428 988 sed
1459 935 1512 980 et
1542 926 1683 995 quod
1715 933 1818 985 est.
1849 934 1904 979 et
1927 924 2070 994 quod
2170 927 2406 985 hendere
2437 941 2724 997 conantur,
2750 933 2851 988 hoc
2877 943 2979 999 est,
3017 951 3181 1004 quem
3221 937 3403 992 videre
3430 927 3529 1008 per
3557 955 3760 1008 specu-

491 1008 547 1068 in
573 1016 687 1086 ipso
705 1025 808 1082 est,
836 1016 1196 1071 essentialiter
1221 1025 1324 1081 est,
1353 1023 1579 1085 excepto
1605 1013 1744 1084 quod
1767 1012 1988 1076 relative
2003 1013 2071 1080 ad
2167 1015 2280 1076 lum
2310 1018 2584 1093 dicuntur.
2636 1021 2771 1076 Nam
2801 1032 2854 1076 et
2886 1023 3022 1078 situs
3061 1033 3114 1078 et
3144 1026 3387 1092 habitus,
3417 1035 3474 1082 et
3520 1027 3675 1083 locus
3701 1038 3757 1084 et

489 1120 866 1176 quamcunque
904 1121 1192 1177 personam
1224 1113 1327 1168 est.
1371 1093 1650 1176 Summum
1693 1103 1913 1174 bonum,
1945 1104 2067 1172 quia

485 1179 946 1256 incommutabilis
969 1205 1082 1270 est;
1121 1205 1370 1251 creatura
1405 1211 1534 1250 vero
1569 1195 1789 1260 bonum,
1828 1196 1921 1248 sed
1961 1211 2067 1249 non

485 1303 756 1348 summum
781 1297 885 1358 est,
905 1289 1028 1358 quia
1061 1288 1336 1356 mutabilis
1361 1296 1472 1353 est;
1496 1295 1550 1340 et
1572 1287 1698 1359 dum
1742 1287 1813 1340 sit
1851 1285 2065 1358 quidem

483 1359 702 1444 bonum,
735 1394 842 1446 non
871 1387 1046 1449 tamen
1077 1393 1197 1440 esse
1226 1386 1401 1448 potest
1421 1385 1474 1430 et
1494 1391 1782 1449 summum.
1881 1371 1886 1378 ’

482 1530 490 1538 ,
554 1469 718 1531 Inter.
752 1469 928 1538 Quare
949 1469 1146 1523 dicitur
1167 1453 1554 1538 incorporeus?
1577 1465 1727 1536 Resp.
1746 1465 2063 1520 ldeoincor-

479 1575 699 1634 porcus,
737 1561 823 1615 vel
876 1559 1229 1629 incorporalis
1277 1559 1419 1613 Deus
1467 1557 1686 1622 dicitur,
1725 1566 1785 1612 ut
1843 1557 2062 1627 spiritus

479 1650 754 1716 credatur,
787 1651 868 1704 vel
909 1651 1254 1721 intelligatur,
1292 1658 1472 1703 etnon
1506 1663 1722 1716 corpus.
1759 1647 1894 1701 Nam
1933 1647 2058 1702 dum

478 1729 678 1805 dicitur
698 1741 934 1810 spiritus,
965 1741 1080 1810 ejus
1105 1738 1438 1810 significatur
1465 1737 1784 1792 substantia.

549 1827 714 1890 Inter.
745 1829 920 1896 Quare
949 1828 1243 1883 immensus
1272 1825 1603 1896 appellatur?
1631 1825 1783 1896 Resp.
1811 1824 1944 1891 Quia
1967 1825 2056 1880 ille

475 1927 667 1972 cuncta
691 1903 982 1990 concludit,
1006 1928 1062 1972 et
1086 1933 1115 1972 a
1147 1918 1360 1971 nemine
1375 1915 1738 1990 concluditur,
1758 1915 1852 1971 sed
1872 1917 2052 1970 omnia

474 2007 614 2061 intra
637 2008 754 2078 ejus
782 2009 1074 2079 potentiam
1100 1994 1432 2079 coartantur.

542 2095 708 2150 Inter.
742 2095 920 2164 Quare
953 2097 1152 2152 dicitur
1185 2097 1490 2176 perfectus?
1537 2097 1692 2173 Resp.
1737 2097 1874 2164 Quia
1923 2095 2054 2176 nihil

467 2189 640 2258 possit
665 2189 714 2242 ei
743 2187 920 2256 adjici.
953 2188 1204 2244 Attamen
1238 2191 1303 2244 de
1331 2191 1794 2262 consummatione
1820 2190 2054 2264 alicujus

469 2276 598 2332 facti
625 2275 884 2345 perfectio
918 2277 1132 2331 dicitur.
1178 2277 1338 2331 Inter.
1388 2279 1529 2333 Deus
1576 2289 1773 2344 autem,
1825 2281 1914 2350 qui
1945 2297 2051 2350 non

468 2377 555 2424 est
614 2367 803 2431 factus,
847 2370 1116 2438 quomodo
1165 2355 1343 2444 petcst
1381 2385 1502 2440 esse
1548 2370 1852 2440 perfectus?
1895 2371 2046 2442 Resp.

470 2445 584 2513 lloc
613 2451 929 2514 vocabulum
959 2476 1024 2515 ex
1053 2475 1152 2534 usu
1180 2457 1380 2516 'nostro
1421 2446 1651 2534 sumpsit
1676 2463 1910 2516 humana
1935 2462 2052 2528 ine:

467 2549 575 2636 pia,
605 2549 743 2604 sicut
768 2558 821 2603 et
854 2531 1298 2622 reliqua.[verba,
1339 2531 1604 2636 qu‘atenus
1642 2550 1714 2620 id,
1746 2549 1887 2619 quod
1916 2549 2051 2628 incf-

457 2631 626 2720 Iabile
654 2649 766 2705 est,
797 2649 1069 2713 utcunque
1096 2642 1200 2696 dici
1225 2631 1527 2714 possitlEx
1553 2639 1774 2714 Isid.)].

473 2737 478 2740 '
533 2730 702 2786 Inter.
735 2730 912 2798 Quare
933 2720 1073 2808 idem
1116 2743 1343 2788 vocatur
1377 2734 1630 2788 creator?
1670 2732 1826 2803 Resp.
1860 2732 2046 2788 Dictus

454 2829 545 2881 est
570 2825 713 2880 enim
743 2833 956 2881 creator
975 2843 1074 2896 pro
1094 2827 1259 2880 totius
1278 2823 1460 2880 mundi
1488 2825 1646 2879 rebus
1670 2825 1739 2879 ab
1759 2825 1875 2895 ipso
1895 2841 2048 2879 crea-

463 2917 564 2981 tis;
608 2915 741 2970 nihil
775 2916 919 2971 enim
948 2925 1054 2979 est,
1079 2917 1220 2986 quod
1253 2932 1365 2990 non
1394 2916 1660 2990 originem
1675 2931 1704 2968 a
1731 2915 1838 2968 Deo
1863 2924 2042 2990 traxe-

461 3007 552 3060 rit.
581 3006 699 3084 lpsc
723 3015 779 3061 et
799 3023 957 3080 unus,
981 3008 1105 3084 quia
1137 2991 1434 3080 dividinon
1458 3015 1653 3076 potest,
1687 3005 1768 3062 vel
1802 3006 1925 3078 quia
1961 3005 2043 3059 ni-

460 3086 535 3178 hil
552 3075 693 3152 aliud
705 3113 824 3153 esse
837 3075 1035 3174 potest,
1051 3098 1192 3170 quod
1206 3075 1538 3178 tantumdem
1550 3098 1725 3174 capiat
1738 3075 2037 3167 potestatis.
2069 3075 2115 3144 ο

534 3186 658 3252 Haec
684 3177 870 3266 igitur,
897 3203 1018 3258 qute
1053 3189 1119 3244 de
1158 3189 1268 3252 Deo
1305 3189 1583 3260 hucusque
1614 3188 1753 3242 dicta
1786 3195 1928 3252 sunt,
1976 3187 2042 3246 ad

426 3274 432 3281 ’
460 3286 626 3332 totam
649 3279 919 3348 pertinent
941 3279 1262 3335 Trinitatem
1293 3288 1512 3350 propter
1541 3294 1703 3333 unam
1735 3287 1789 3333 et
1823 3289 2045 3333 coaeter-

458 3385 584 3448 nam
601 3371 982 3444 substantiam,
1003 3372 1114 3448 sive
1135 3372 1188 3449 in
1210 3371 1390 3457 l’atre,
1407 3371 1520 3426 sive
1541 3371 1595 3434 in
1610 3370 1746 3440 Filio
1784 3368 1900 3440 ejus
1927 3371 2042 3424 uni-

457 3465 638 3538 genito
660 3464 712 3519 in
735 3464 905 3519 forma
929 3465 1044 3531 Dei,
1063 3466 1174 3529 sive
1193 3464 1250 3532 in
1271 3464 1475 3535 Spiritu
1499 3473 1708 3537 sancto,
1744 3460 1871 3534 quia
1904 3479 2042 3518 unus

459 3539 693 3629 Spiritus
711 3564 796 3628 est
818 3556 912 3621 Dei
935 3556 1112 3612 Patris
1135 3565 1190 3612 et
1209 3555 1331 3629 Filii
1351 3554 1466 3624 ejus
1485 3555 1768 3626 unigeniti.

529 3645 695 3716 Inter.
719 3629 870 3706 Nunc
887 3645 1175 3714 voluissem
1199 3647 1360 3720 scire,
1395 3646 1439 3700 si
1467 3646 1696 3715 amplius
1717 3647 1782 3699 de
1814 3643 2043 3699 nomini-

455 3721 558 3810 bus
601 3734 695 3810 Dei
737 3719 901 3791 ausus
940 3751 1115 3804 essem
1161 3719 1692 3810 investigare?Resp.
1732 3735 1802 3788 Es
1836 3734 2037 3804 utique.

455 3823 623 3899 ιῃιεις.
647 3823 762 3892 Qua
775 3826 1016 3882 ratione?
1038 3825 1193 3898 Resp.
1218 3825 1354 3897 Sunt
1374 3826 1534 3881 etiam
1551 3827 1794 3903 quaedam
1809 3824 2043 3880 vocabu-

455 3905 509 3970 la
530 3931 594 3970 ex
617 3913 714 3970 usu
737 3925 920 3972 nostro
941 3918 1008 3972 ad
1028 3918 1197 3992 Deum
1214 3927 1424 3994 sumpta
1445 3917 1512 3972 de
1534 3910 1792 3994 membris
1817 3917 2036 3981 nostris,

457 4007 576 4079 sive,
589 4008 654 4062 de
671 4007 1034 4081 inferioribus.
1062 4008 1126 4061 Et
1139 3991 1273 4076 quia
1290 3991 1573 4080 inzpropria
1587 3991 1780 4069 natura
1795 4007 2039 4081 invisibi-

455 4077 598 4170 liset
617 4077 964 4175 incorporeus
976 4105 1077 4162 est,
1099 4114 1196 4168 pro
1227 4085 1524 4152 cﬂicientiis
1549 4107 1722 4151 tamen
1746 4113 2036 4152 causarum

457 4189 516 4256 in
538 4189 652 4259 ipso
676 4204 855 4243 rerum
876 4179 1080 4259 species
1095 4188 1492 4254 adscribuntur,
1511 4199 1569 4243 ut
1586 4204 1734 4271 more
1750 4188 2039 4266 locutionis

457 4268 656 4353 nostrae
675 4279 883 4352 facilius
902 4281 1134 4352 seipsum
1158 4268 1412 4353 insinuet.
1466 4266 1468 4269 V

530 4369 789 4440 Inter.,Ut
812 4372 916 4426 hoc
939 4372 1234 4441 intelligere
1264 4373 1488 4444 possim,
1535 4373 1778 4438 obsecro,
1809 4380 1869 4426 ut
1899 4372 2030 4438 mihi

458 4458 700 4523 indicare
728 4475 832 4526 non
871 4461 1102 4530 renuas?
1134 4458 1289 4531 Resp.
1323 4461 1458 4529 Quia
1483 4463 1662 4532 omnia
1693 4461 1840 4516 videt
1862 4471 2031 4530 recte,
2064 4458 2088 4494 '-

457 4548 658 4602 dicitur
671 4549 889 4618 oculus;
917 4559 1132 4626 propter
1147 4551 1288 4620 quod
1303 4551 1478 4604 omnia
1503 4550 1650 4606 audit
1663 4559 1829 4615 recte,
1844 4550 2041 4605 dicitur

459 4637 635 4702 auris;
653 4652 751 4707 pro
771 4653 856 4712 eo,
883 4629 1037 4710 quod'
1048 4640 1332 4712 avertitur,
1353 4637 1515 4710 425
1537 4638 1806 4704 ambulat;
1831 4655 1929 4709 pro
1950 4655 2035 4704 eo,

457 4726 602 4796 quod
621 4736 916 4798 exspectat,
937 4737 1074 4795 stat;
1095 4729 1172 4786 sic
1192 4715 1314 4784 etin
1334 4730 1542 4807 caneris
1563 4730 1751 4788 horum
1775 4731 2039 4787 similibus

456 4819 526 4872 ab
550 4819 799 4875 humanis
821 4821 1054 4890 motibus
1073 4821 1228 4896 [Isid.
1247 4861 1268 4896 ,j
1289 4819 1832 4898 mentibusltrahitur
1851 4823 2040 4878 simili-

456 4907 586 4962 tudo
618 4910 685 4964 ad
713 4910 904 4975 Deum,
949 4912 1090 4967 sicut
1117 4919 1200 4965 est
1237 4910 1559 4966 obliviscens
1601 4920 1656 4966 et
1691 4928 2030 4978 memorans;

457 4999 583 5056 hinc
614 5009 717 5068 est,
756 5003 900 5072 quod
931 5011 988 5058 et
1014 5003 1282 5073 Propheta
1325 5004 1456 5058 dicit
1488 5023 1500 5058 :
1533 5003 1740 5060 Iuravit
1780 5005 2032 5077 Dominus

453 5091 773 5149 ciereituum
796 5111 887 5165 per
905 5095 1134 5148 animum
1153 5112 1299 5149 suam
1323 5095 1455 5166 (Jer.
1481 5111 1552 5162 Li,
1578 5095 1686 5166 Η).
1987 5079 1992 5084 ⁸

477 5181 482 5186 ’
517 5182 691 5238 Inter.
726 5183 1005 5252 Quomodo
1033 5198 1130 5253 per
1157 5184 1390 5238 animam
1409 5183 1623 5253 jurasse
1653 5175 1875 5258 dicitur,
1906 5200 2030 5241 cum

456 5274 600 5332 Deus
646 5277 882 5332 animam
929 5293 1036 5332 non
1075 5278 1279 5332 habet?
1342 5275 1490 5346 Resp.
1526 5276 1639 5350 Hoc
1686 5287 1870 5333 nostro
1902 5293 2029 5333 nar-

458 5380 543 5423 rat
569 5367 758 5440 etl'ectu
783 5386 797 5435 ;
827 5370 966 5424 sicut
1016 5379 1070 5424 et
1099 5367 1268 5422 facies
1299 5367 1393 5420 Dei
1424 5366 1476 5420 in
1508 5365 1803 5440 Scripturis
1829 5368 2031 5423 sanctis

456 5449 563 5512 non
593 5439 871 5520 caro,'sed
897 5457 1078 5522 divina
1109 5455 1343 5526 cognitio
1373 5454 1705 5526 intelligitur,
1724 5439 1911 5532 eadem
1940 5473 2027 5511 ra-

457 5548 624 5611 tione,
664 5548 789 5619 quia
816 5562 914 5616 per
962 5548 1154 5618 faciem
1185 5552 1527 5614 conspectam
1556 5545 1783 5616 quisque
1835 5561 2030 5620 cogno-

458 5638 640 5694 scitur.
675 5637 784 5693 lloc
810 5638 952 5698 enim
998 5637 1050 5708 in
1074 5636 1314 5710 oratione
1365 5635 1476 5691 Deo
1529 5635 1762 5690 dicitur:
1794 5635 2027 5712 Ostende

2168 1112 2380 1176 tempus
2409 1124 2516 1170 non
2562 1109 2617 1170 in
2650 1109 2759 1166 Deo
2788 1114 3031 1182 proprie,
3074 1115 3168 1169 sed
3191 1131 3291 1184 per
3341 1118 3756 1174 similitudinem

2169 1197 2425 1260 translata
2477 1199 2768 1277 dicuntur;
2807 1205 3004 1273 quippe
3047 1205 3226 1276 sedere
3277 1224 3438 1278 super
3479 1207 3754 1265 Cherubin

2166 1282 2385 1362 dicitur,
2416 1287 2556 1355 quod
2587 1298 2672 1342 est
2705 1292 2772 1362 ad
2821 1292 3024 1368 situm;
3056 1301 3111 1346 et
3139 1311 3153 1346 :
3192 1293 3448 1369 Abyssuin
3493 1305 3753 1367 tanquam

2162 1374 2516 1442 uestimentum
2549 1379 2770 1432 amictus
2795 1379 2967 1450 (Psal.
2990 1397 3106 1444 cm,
3133 1383 3210 1450 6),
3235 1384 3378 1452 quod
3401 1393 3486 1456 est
3505 1385 3576 1439 ad
3599 1386 3754 1439 habi-
3815 1397 3820 1410 ‘

2163 1472 2275 1541 tum
2301 1483 2316 1531 ;
2357 1477 2449 1520 et:
2477 1467 2616 1521 Anni
2640 1469 2716 1523 tui
2746 1487 2851 1524 non
2881 1471 3121 1540 deﬁcient
3146 1456 3318 1544 (Paul.
3355 1491 3431 1538 et,
3461 1475 3578 1546 28),
3601 1477 3753 1545 quod

2162 1556 2230 1608 ad
2261 1566 2470 1624 tempus
2513 1559 2785 1627 pertinet;
2826 1568 2920 1618 et:
2960 1559 3017 1614 Si
3047 1563 3327 1616 ascendere
3375 1563 3430 1624 in
3455 1564 3668 1630 caelum,
3693 1577 3752 1619 tu

2159 1645 2267 1699 ittie
2304 1664 2356 1700 es
2385 1645 2557 1720 (Psal,
2584 1666 2850 1724 «xxxviii,
2874 1651 2950 1720 8),
2997 1654 3141 1723 quod
3187 1655 3255 1708 ad
3285 1653 3466 1720 locum
3515 1664 3746 1721 manet;

2088 1725 2133 1784 Β
2159 1745 2212 1789 et
2239 1736 2292 1789 in
2339 1735 2629 1805 Propheta,
2659 1738 2886 1812 plaustri
2910 1742 3180 1810 portantis
3209 1742 3395 1800 fenum
3437 1745 3657 1814 species
3681 1748 3747 1801 ad

2155 1826 2323 1880 Deum
2360 1827 2558 1882 dicitur
2586 1846 2599 1881 :
2627 1838 2684 1883 et
2724 1831 2838 1893 haec
2887 1817 3065 1909 omnia
3115 1849 3212 1914 per
3233 1834 3463 1912 ﬁguram
3513 1837 3745 1902 dicitur,

2155 1922 2282 1987 quia
2325 1920 2458 1974 nihil
2508 1931 2592 1976 est
2634 1922 2829 1976 horum
2873 1924 2942 1992 ad
2982 1926 3366 2004 proprietatem
3421 1929 3746 2000 substantiae

2154 2007 2288 2076 ejus.
2327 2008 2457 2064 Haec
2507 2012 2600 2067 tibi
2645 2013 2713 2067 de
2749 2013 2842 2068 Dei
2895 2015 3202 2084 nominibus
3254 2019 3532 2090 hucusque
3589 2020 3740 2075 suﬁi.

2153 2111 2318 2154 cnaut.

2783 2217 3010 2276 CAPUT
3046 2219 3109 2275 ν.

2151 2351 2216 2390 DE
2237 2349 2331 2396 SEX
2354 2354 2632 2394 [ETATIBCS
2651 2355 2840 2406 MUNDI,
2866 2357 3085 2398 MAJOBIS
3104 2357 3385 2400 VIDELICET
3402 2363 3472 2402 ΕΤ
3498 2364 3738 2405 1130118.

2153 2534 2158 2538 ἡ
2223 2454 2388 2531 Inter.
2427 2456 2553 2525 Haec
2594 2459 2726 2521 mihi
2761 2459 3056 2526 sufficiunt,
3106 2463 3199 2518 sed
3223 2449 3482 2534 quoniam
3511 2482 3541 2520 a
3568 2484 3736 2522 sena-

2149 2546 2234 2623 rio
2254 2563 2478 2604 numero
2507 2551 2622 2604 hac
2647 2551 2942 2631 disputatio
2977 2563 3160 2608 nostra
3187 2543 3350 2626 coepit
3382 2557 3620 2620 initium,
3653 2559 3738 2612 in-

2148 2637 2426 2714 quiramus
2449 2653 2516 2714 ett
2549 2652 2702 2709 parte
2752 2644 3017 2699 rationem
3048 2661 3143 2700 sex
3172 2657 3392 2702 tntatum
3422 2649 3610 2703 mundi
3637 2666 3652 2714 ;
3681 2659 3736 2704 et

2147 2743 2268 2797 quae
2291 2744 2478 2786 earum
2516 2731 2657 2786 ratio
2703 2732 2796 2804 sit,
2831 2742 2885 2787 et
2908 2743 3040 2804 quot
3064 2739 3462 2806 generationes,
3493 2739 3577 2794 vel
3603 2752 3735 2808 quot

2147 2820 2273 2872 anni
2305 2819 2356 2872 in
2384 2837 2702 2897 unaquaque
2729 2838 2914 2877 earum
2964 2813 3363 2892 contineantur,
3395 2838 3453 2882 ut
3494 2830 3736 2884 breviter

2147 2909 2277 2962 mihi
2305 2923 2545 2981 eXponas
2583 2913 2830 2979 obsecro.
2870 2914 3022 2986 Resp...
3065 2916 3140 2971 De
3171 2919 3613 2995 generationibus
3643 2936 3732 2975 ea-

2147 3020 2284 3082 rum,
2334 3015 2494 3074 prout
2549 3006 2784 3061 donante
2821 3009 3047 3068 Domino
3097 3011 3323 3080 possim,
3383 3012 3634 3076 solvam;
3666 3015 3732 3068 de

2145 3095 2302 3148 annis
2325 3110 2472 3160 vero,
2503 3096 2642 3150 sicut
2670 3088 2834 3162 nosti,
2878 3099 3076 3154 diversi
3108 3101 3321 3156 diversa
3349 3105 3613 3168 sentiunt,
3647 3115 3730 3158 at-

2145 3194 2324 3255 tamen
2372 3184 2529 3254 juxta
2574 3187 2716 3256 quod
2751 3204 2819 3242 ex
2849 3190 2978 3259 ipsis
3019 3192 3258 3247 invenire
3289 3194 3452 3258 valui,
3479 3203 3585 3247 tuae
3617 3195 3729 3248 fra-

2146 3275 2384 3346 ternitati
2415 3276 2768 3344 respondebo.
2794 3277 2975 3332 Prima
2999 3289 3134 3335 tetas
3165 3280 3287 3346 fuit,
3319 3283 3424 3337 nisi
3454 3283 3634 3349 fallor,
3658 3287 3728 3340 ab

2143 3362 2315 3432 Adam
2363 3381 2532 3446 usque
2578 3367 2646 3420 ad
2696 3365 2840 3435 Noe,
2893 3372 3176 3426 continens
3231 3375 3610 3440 generationes
3659 3392 3727 3440 ι,

2143 3470 2313 3509 annos
2343 3456 2636 3526 secundum
2687 3457 2941 3514 Hebraeos
2967 3457 3068 3516 inc
3091 3479 3197 3516 va.
3240 3462 3553 3519 Secundum
3583 3465 3726 3520 LXX

2143 3546 2466 3627 interpretes
2491 3551 2610 3626 iicc
2637 3565 2764 3627 stu.
2793 3548 3042 3606 Secunda
3073 3567 3103 3606 a
3129 3552 3238 3607 Noe
3258 3569 3431 3623 usque
3454 3555 3524 3608 ad
3553 3555 3724 3610 Abra-

2141 3622 2290 3708 ham,
2318 3639 2604 3711 continens
2626 3624 2874 3693 similiter
2896 3643 3272 3711 generationes
3298 3661 3353 3708 χ,
3393 3661 3570 3699 annos
3597 3646 3725 3715 jux-

2141 3734 2196 3780 ta
2235 3725 2474 3783 Hebreos
2511 3744 2707 3812 ccxrtt,
2745 3729 2899 3800 juxta
2931 3731 3075 3786 LXX
3129 3748 3256 3789 vero
3280 3749 3514 3789 cum].
3543 3735 3727 3790 Tertia

2141 3819 2208 3871 ab
2231 3819 2507 3890 Abraham
2539 3835 2708 3892 usque
2737 3820 2804 3875 ad
2842 3821 3008 3876 David
3034 3825 3412 3894 generationes
3446 3841 3562 3891 ειν,
3594 3827 3722 3880 anni

2140 3908 2436 3961 secundum
2475 3907 2714 3981 Hebreos
2743 3926 3037 3966 DCCCCXLII.
3064 3913 3264 3979 Quarta
3292 3931 3324 3969 a
3360 3916 3532 3972 David
3557 3933 3727 3986 usque

2139 3998 2208 4053 ad
2239 4001 2762 4082 transmigrationem
2823 4002 3128 4078 Babylonia:
3180 4001 3566 4066 uenerationes
3611 4026 3724 4072 xxv,

2138 4089 2263 4141 anni
2293 4089 2448 4158 juxta
2472 4089 2711 4144 Hebreos
2730 4083 3039 4166 cccctsitv.
3071 4095 3268 4162 Quinta
3291 4098 3528 4168 denique
3553 4114 3724 4169 usque

2136 4181 2204 4236 ad
2225 4181 2512 4238 adventum
2545 4184 2758 4238 Domini
2787 4187 2958 4260 nostri
3173 4189 3375 4245 Christi
3420 4195 3722 4248 secundum

2135 4289 2350 4328 carnem
2380 4275 2754 4347 generationes
2797 4293 2908 4342 xw,
2943 4279 3071 4332 anni
3116 4296 3248 4344 vero
3276 4282 3438 4354 juxta
3481 4283 3726 4339 Hebreos

2136 4378 2452 4440 ntxxxvutt.
2486 4363 2648 4420 Sexta
2680 4366 2963 4435 siquidem,
2996 4385 3115 4438 qua:
3159 4388 3302 4429 nunc
3349 4375 3532 4445 agitur
3579 4377 3724 4430 nulla

2143 4453 2551 4522 generationum
2579 4454 2663 4508 vel
2693 4463 2992 4526 temporum
3013 4461 3152 4514 serie
3170 4470 3344 4527 certa,
3375 4464 3471 4517 sed
3501 4474 3563 4517 ut
3590 4475 3720 4520 tetas

2140 4543 2413 4614 decrepita
2459 4547 2572 4618 ipsa
2623 4548 2787 4602 totius
2824 4551 3006 4604 saeculi
3043 4563 3218 4609 morte
3262 4555 3521 4610 ﬁnienda.
3585 4558 3724 4612 Ecce

2140 4634 2307 4718 babes
2338 4636 2393 4692 in
2428 4638 2633 4714 paucis,
2673 4655 2793 4710 qua:
2838 4641 2904 4695 de
2957 4643 3207 4699 aetatibus
3261 4647 3451 4701 mundi
3499 4650 3722 4716 majoris

2138 4726 2396 4796 quissisti.

2210 4815 2376 4871 Inter.
2414 4817 2520 4873 Ista
2547 4821 2769 4897 recipio,
2797 4823 2841 4876 si
2871 4829 3050 4898 tamen
3075 4824 3257 4879 dicere
3280 4825 3568 4891 voluisses,
3592 4839 3724 4897 quot

2137 4905 2246 4978 sint
2264 4915 2453 4979 aetates
2476 4912 2663 4978 mundi
2715 4913 2985 4976 minoris?
3019 4913 3172 4983 Resp.
3212 4915 3459 4969 Totidem
3485 4924 3632 4981 sunt,
3661 4925 3723 4969 ut

2135 5011 2277 5062 reor,
2310 5007 2442 5067 quot
2472 5007 2528 5054 et
2552 4986 2798 5070 majoris.

2206 5086 2374 5142 Inter.
2414 5089 2483 5144 Et
2509 5091 2554 5144 si
2578 5093 2799 5147 totidem
2830 5102 2978 5170 sunt,
3027 5094 3294 5164 quomodo
3326 5095 3715 5157 nominantur;

2135 5179 2225 5258 vel
2243 5196 2362 5249 quat
2381 5191 2465 5237 est
2495 5198 2682 5240 earum
2695 5188 2857 5252 ratio,
2887 5195 2980 5260 aut
2998 5196 3126 5258 quot
3143 5189 3300 5242 annis
3325 5190 3668 5243 continentur
3689 5190 3715 5238 ἲ

2140 5270 2295 5350 Resp.
2336 5270 2517 5337 Prima
2539 5289 2726 5331 earum
2775 5278 3000 5350 infantia
3038 5288 3121 5347 est
3144 5281 3299 5354 pueri
3351 5281 3622 5334 nascentis
3645 5278 3714 5332 ad

2137 5362 2332 5429 lucem,
2357 5373 2562 5434 septem
2591 5369 2879 5438 continens
2905 5386 3076 5425 annos
3101 5387 3118 5435 ;
3149 5386 3276 5440 nam
3310 5371 3494 5425 infans
3519 5371 3716 5424 dicitur

2135 5453 2297 5522 homo
2334 5447 2521 5526 primae
2547 5459 2740 5518 :etatis.
2773 5473 2838 5515 eo
2887 5462 3030 5531 quod
3061 5462 3240 5530 adhuc
3279 5461 3404 5526 Pari,
3437 5463 3490 5516 id
3512 5471 3614 5523 est,
3638 5459 3718 5511 lo-

2135 5546 2224 5614 qui
2258 5547 2452 5601 nescit.
2487 5547 2733 5603 Secunda
2763 5551 2993 5619 pueritia
3015 5559 3117 5616 est,
3143 5569 3282 5622 pura
3305 5561 3360 5606 et
3381 5552 3612 5607 necdum
3643 5548 3716 5600 ad

2133 5638 2498 5707 generandum
2524 5647 2665 5720 apta,
2695 5641 2919 5720 tendens
2943 5656 3111 5710 usque
3125 5642 3295 5720 adiuv
3314 5657 3504 5704 annos.
3535 5639 3714 5692 Tertia
