4038 6354
220 336 223 339 ’
284 324 424 380 “l3

1092 348 1095 353 '
1186 324 1333 383 OPP.
1373 329 1598 384 DUBIA.
1637 360 1708 369 —
1745 328 2158 387 DISPUTATIO
2194 330 2597 389 PUERORUM.

3389 335 3527 394 HM

280 439 643 498 admescentia
659 440 725 495 ad
745 440 1065 513 gignendum
1091 441 1292 505 adulta,
1316 458 1435 513 qua:
1455 442 1747 513 porrigitur
1767 457 1852 497 us-
1874 454 1924 511 Α
1951 442 2085 495 hora
2122 440 2243 512 [Ita
2281 443 2439 507 cod.;
2479 442 2577 513 leg.
2618 441 2746 512 ora]
2783 454 2908 497 sunt
2958 445 3078 500 finis
3116 445 3301 501 maris.
3338 445 3525 505 ﬂuvio-

281 551 387 606 que
412 535 647 606 ad‘xxvu
674 549 860 588 annos.
894 534 1094 600 Quarta
1117 536 1373 605 juventus
1391 536 1699 590 ﬁrmissima
1722 543 1849 588 mta-

282 635 395 681 tum
409 598 669 691 omnium,
698 626 889 681 ﬁniens
910 627 963 680 in
985 627 1426 698 quinquagesimo
1451 644 1612 681 anno.
1652 627 1847 694 Quinta

280 712 415 774 tetas
450 718 632 773 senior
661 727 744 773 est
768 719 1020 789 gravitas,
1046 734 1164 787 quae
1186 728 1270 773 est
1293 719 1578 773 declinatio
1601 735 1631 773 a
1662 720 1850 790 juven—

279 817 395 863 tute
426 809 494 863 ad
537 817 886 873 senectutem,
942 810 1174 863 nondum
1225 817 1402 864 tamen
1454 818 1726 875 senectus,
1755 810 1848 866 sed

273 899 387 970 jam
412 899 646 953 nondum
666 897 919 967 juventus
942 914 956 965 ;
990 900 1104 953 haec
1128 898 1270 953 enim
1305 907 1434 953 :ctas
1462 915 1492 952 a
1518 899 1849 970 quinquage-

279 992 419 1044 simo
442 1005 583 1045 anno
640 989 918 1059 incipiens,
974 990 1028 1044 in
1060 991 1453 1061 septuagesimo
1503 991 1843 1045 terminatur.

281 1081 447 1136 Sexta
474 1090 605 1136 aetas
631 1090 901 1144 senectus,
938 1096 1058 1151 quze
1103 1080 1249 1135 nullo
1298 1094 1559 1133 annorum
1607 1087 1847 1147 tempore

280 1175 484 1239 ﬁnitur,
514 1176 605 1228 sed
629 1182 750 1243 post
774 1174 1009 1243 quinque
1032 1171 1147 1226 illas
1166 1180 1354 1226 aetates
1371 1180 1846 1241 quantumcunque

277 1269 402 1321 vita:
427 1274 527 1329 est,
554 1264 813 1320 senectuti
840 1262 1197 1332 deputabitur.

347 1356 514 1411 Inter.
553 1354 689 1422 Quid
716 1355 870 1408 nobis
891 1352 1228 1408 sentiendum
1255 1360 1338 1407 est
1358 1352 1423 1406 de
1451 1352 1571 1416 hoc,
1605 1352 1744 1421 quod
1771 1351 1847 1405 le-

278 1451 423 1520 gitur
452 1449 502 1502 in
534 1449 779 1521 psalmo:
814 1446 881 1500 Et
921 1462 1083 1517 usque
1139 1447 1195 1499 in
1243 1457 1500 1500 senectam
1552 1454 1600 1499 et
1642 1445 1844 1499 senium

277 1536 448 1604 (Psal.
482 1554 605 1601 Lxx,
642 1537 773 1606 l8)?
811 1535 964 1607 Resp.
1008 1535 1230 1590 Senium
1274 1536 1417 1588 enim
1461 1551 1587 1604 pars
1611 1543 1693 1588 est
1727 1533 1848 1586 ulti-

274 1644 363 1682 ma
400 1629 691 1683 senectutis
740 1628 901 1691 dicta,
941 1627 1084 1696 quod
1129 1628 1200 1681 sit
1233 1628 1493 1681 terminus
1525 1634 1688 1679 sextae
1720 1635 1847 1680 rcta-

273 1720 364 1775 tis.
395 1719 519 1793 Haec
542 1720 605 1775 de
629 1719 874 1791 aetatibus
902 1722 1116 1776 habeto.

869 1833 1093 1889 CAPUT
1126 1833 1211 1887 Vl.

721 1939 786 1981 DE
813 1942 1041 1987 BATIOXE
1086 1942 1390 1995 TEHPOBUM.

342 2036 587 2101 Domine,
614 2036 869 2104 quoniam
894 2052 1084 2092 omnes
1110 2045 1297 2092 aetates
1332 2045 1387 2093 et
1409 2038 1590 2092 omnia
1620 2038 1839 2103 saecula,

270 2125 415 2182 sicut
437 2126 639 2195 optime
683 2127 874 2189 nostis,
909 2140 1007 2195 per
1054 2127 1265 2185 diversa
1318 2128 1489 2196 spatia
1539 2136 1841 2195 temporum

268 2227 551 2273 transeunt
596 2227 757 2286 atque
782 2219 1108 2282 discurrunt,
1140 2219 1185 2273 si
1207 2219 1398 2288 placet.
1445 2220 1714 2284 volumus,
1746 2234 1843 2272 au-

268 2309 493 2364 xiliante
521 2308 746 2363 Domino
778 2307 846 2362 de
877 2308 1078 2362 eisdem
1110 2309 1460 2377 temporibus,
1493 2317 1652 2378 prout
1677 2309 1839 2364 intel-

268 2397 481 2469 ligimus
531 2398 583 2453 in
630 2399 913 2468 praetentis
972 2406 1149 2453 vestra
1197 2398 1397 2468 aliquid
1425 2398 1626 2456 habere
1655 2399 1840 2471 dispuq

269 2489 509 2544 talionis.
770 2554 793 2569 .
1344 2540 1349 2545 .

282 2628 287 2633 .
339 2578 503 2633 Inter.
544 2580 659 2644 Dic,
708 2578 875 2634 frater
915 2580 1253 2644 charissime,
1306 2581 1499 2635 borum
1531 2588 1837 2650 temporum

267 2670 408 2724 ratio
433 2671 532 2724 sub
562 2680 692 2739 quot
713 2670 962 2741 capitulis
981 2670 1305 2734 continetur,
1330 2670 1384 2723 in
1415 2678 1672 2739 quantum
1696 2687 1838 2726 nunc

265 2760 336 2813 ad
367 2769 606 2815 nostram
652 2762 885 2830 pertinet
913 2761 1373 2830 disputationem?
1409 2760 1561 2831 Resp.
1604 2761 1716 2817 Nisi
1746 2762 1840 2816 fal-

265 2849 353 2923 lor
382 2849 481 2904 sub
506 2866 536 2903 x
571 2850 818 2919 capitulis
868 2851 1164 2911 consistere
1202 2852 1458 2911 cernitur.
1502 2852 1668 2917 Inter.
1711 2853 1839 2919 Qua:

264 2948 393 2994 sunt
416 2941 575 2995 baac?
612 2940 767 3011 Resp.
811 2939 1050 2995 Primum
1106 2941 1400 3011 capitulum
1433 2950 1516 2998 est
1569 2944 1637 2999 de
1670 2942 1839 2998 Chro-

264 3033 405 3086 nicae
427 3032 704 3106 vocabulo,
725 3032 1015 3087 secundum
1045 3032 1109 3086 de
1132 3033 1417 3088 momentis
1443 3041 1498 3087 et
1524 3033 1693 3096 bons,
1727 3042 1835 3087 ter-

1949 546 2069 585 rum
2096 540 2151 585 et
2171 532 2640 587 vestimentorum.

2015 623 2180 676 Inter.
2208 622 2346 689 Quid
2374 634 2457 678 est
2485 625 2639 679 dies?
2675 624 2831 695 Resp.
2862 626 2987 680 Dies
3006 636 3097 681 est
3123 630 3409 697 praasentia
3432 646 3526 686 so-

1943 713 2031 779 lis,
2062 716 2177 770 sive
2219 714 2295 769 sol
2323 730 2483 783 supra
2526 726 2719 780 terras,
2769 718 2909 771 sicut
2954 733 3055 772 nox
3104 719 3183 773 sol
3212 719 3312 773 su’b
3345 722 3523 777 terris.

1944 802 2110 859 Inter.
2148 806 2468 871 Quomodo?
2507 806 2661 877 Resp.
2698 807 2768 862 Ut
2816 808 2960 862 enim
3013 809 3128 863 dies
3153 819 3244 863 aut
3286 825 3395 864 nox
3430 812 3523 877 sit,

1944 912 2109 953 causa
2138 905 2240 962 est,
2270 909 2329 952 ut
2353 914 2517 967 supra
2558 907 2758 953 terram
2787 900 2867 954 sol
2913 901 3003 965 sit,
3063 910 3156 955 aut
3204 900 3306 955 sub
3335 902 3519 957 terris.

1943 984 2111 1041 Inter.
2153 987 2277 1041 Dies
2302 995 2434 1056 quot
2459 987 2619 1041 horas
2646 989 2851 1042 habet?
2901 988 3055 1056 Resp.
3092 991 3217 1044 Dies
3252 990 3525 1061 legitimus

1944 1091 2074 1130 xxrv
2095 1077 2352 1130 horarum
2374 1086 2475 1141 est,
2504 1091 2675 1145 usque
2699 1078 2825 1130 dum
2850 1076 2968 1132 dies
2994 1087 3049 1131 et
3090 1093 3196 1132 nox
3224 1080 3402 1148 spatio
3436 1080 3521 1134 sui

1944 1180 2134 1221 cursus
2163 1165 2231 1219 ab
2249 1166 2458 1221 oriente
2489 1182 2658 1236 usque
2688 1166 2753 1220 ad
2801 1167 2966 1221 alium
2993 1169 3311 1224 orientalem
3354 1170 3524 1226 solem

1944 1256 2065 1311 coeli
2093 1256 2422 1310 volubilitate
2471 1256 2774 1320 concludit;
2811 1270 2937 1309 nam
2980 1256 3199 1312 abusive
3234 1257 3351 1313 dies
3375 1274 3517 1313 unus

1943 1342 2028 1399 est
2061 1346 2293 1414 spatium
2325 1345 2394 1398 ab
2442 1346 2650 1399 oriente
2690 1346 2802 1400 sole
2856 1361 3028 1414 usque
3069 1348 3135 1401 ad
3163 1348 3519 1402 occidentem.

1945 1430 2111 1485 Inter.
2141 1431 2255 1486 Diei
2273 1433 2448 1502 spatia
2466 1442 2596 1503 quot
2621 1435 2787 1487 sunt?
2811 1433 2965 1504 Resp.
2993 1435 3126 1488 Duo.
3158 1435 3323 1489 Inter.
3351 1436 3518 1502 Qum?

1944 1521 2095 1592 Resp.
2136 1522 2524 1586 lnterdianum,
2573 1530 2627 1576 et
2650 1530 2993 1588 nocturnum,
3048 1531 3102 1577 ct
3133 1531 3216 1577 est
3265 1524 3379 1578 dies
3405 1523 3522 1592 qui-

1944 1614 2067 1669 dem
2106 1615 2359 1668 horarum
2413 1629 2565 1678 xxw,
2615 1615 2849 1683 spatium
2884 1626 3064 1670 autem
3115 1616 3370 1669 horarum
3418 1630 3516 1668 xu.

1946 1700 2112 1755 Inter.
2146 1702 2297 1757 Unde
2326 1701 2521 1756 dicitur
2545 1702 2700 1757 dies?
2740 1702 2894 1771 Resp.
2949 1702 3183 1763 Vocatus
3231 1712 3315 1757 est
3345 1713 3525 1757 autem

1876 1789 1920 1849 Β
1948 1794 2063 1849 dies
2093 1810 2122 1847 a
2143 1802 2296 1864 parte
2317 1793 2559 1858 meliore,
2592 1794 2731 1847 unde
2752 1794 2879 1847 etin
2910 1809 3007 1847 usu
3036 1803 3134 1857 est,
3166 1780 3222 1847 ut
3245 1794 3359 1848 sine
3382 1809 3526 1848 com-

1946 1883 2336 1937 memoratione
2360 1881 2535 1936 noctis
2560 1896 2844 1937 numerum
2890 1882 3133 1936 dicamus
3159 1882 3387 1945 dierum,
3421 1882 3526 1936 sic—

1944 1981 2003 2027 ut
2029 1981 2083 2028 et
2108 1974 2164 2026 in
2202 1972 2317 2043 lege
2370 1972 2553 2026 divina
2585 1972 2845 2040 scriptum
2887 1981 2969 2025 est
2994 1991 3009 2037 :~
3049 1969 3275 2035 Factum
3305 1979 3380 2024 est
3410 1987 3525 2025 ves-

1941 2080 2063 2134 pere
2089 2070 2136 2116 et
2162 2079 2315 2116 mane
2341 2062 2451 2116 dies
2476 2078 2631 2116 unus.
2664 2061 2830 2115 Inter.
2862 2061 2957 2115 Dic
2978 2060 3130 2124 mihi,
3156 2059 3351 2129 quibus
3374 2059 3527 2115 horis

1942 2153 2237 2208 secundum
2282 2152 2727 2207 consuetudinem
2779 2150 3195 2222 uniuscujusque
3233 2151 3410 2220 gentis
3437 2164 3525 2204 ra-

1941 2244 2144 2299 tionem
2196 2242 2412 2297 inchoat
2457 2242 2613 2296 dies?
2650 2240 2806 2311 Resp.
2880 2240 3186 2297 Secundum
3237 2240 3520 2311 Egyptios

1941 2334 2129 2404 incipit
2163 2332 2232 2387 ab
2274 2346 2473 2387 occasu
2522 2331 2690 2395 solis;
2724 2331 3017 2385 secundum
3076 2330 3273 2385 Persas
3307 2329 3374 2383 ab
3401 2340 3523 2385 ortu

1939 2426 2070 2481 solis
2093 2445 2107 2491 ,
2141 2425 2433 2480 secundum
2456 2423 2814 2479 Athenienses
2844 2439 2874 2477 a
2901 2440 2953 2477 vt
2986 2424 3122 2477 hora
3143 2424 3246 2477 diei
3274 2439 3288 2489 ;
3323 2438 3510 2478 secun-

1939 2518 2067 2572 dum
2122 2516 2395 2572 Romanos
2447 2531 2574 2570 vero
2603 2531 2632 2569 a
2689 2516 2865 2570 media
2916 2522 3099 2579 nocte,
3137 2514 3280 2569 unde
3307 2523 3361 2570 et
3392 2523 3519 2568 tunc

1938 2609 2262 2680 gallicinium
2313 2616 2416 2672 est,
2472 2623 2701 2677 quarunt
2754 2623 2857 2662 vox
2886 2607 2990 2661 diei
3042 2605 3278 2661 ostendit
3316 2620 3521 2675 praeco-

1939 2698 2109 2762 nium,
2136 2697 2351 2767 quando
2379 2706 2434 2750 et
2468 2696 2796 2749 mesonictios
2818 2695 3032 2749 amatus
3048 2696 3138 2749 sit.
3170 2695 3336 2748 Inter.
3370 2691 3522 2747 Unde

1939 2789 2068 2843 dicti
2104 2796 2229 2842 sunt
2275 2787 2433 2841 dies?
2463 2786 2619 2855 Resp.
2660 2785 2787 2840 Dies
2815 2803 2846 2838 a
2874 2785 2980 2839 diis
3028 2792 3152 2838 sunt
3180 2783 3331 2846 dicti,
3380 2798 3520 2851 quo-

1940 2896 2061 2934 rum
2085 2880 2301 2934 nomina
2337 2879 2564 2935 Romani
2592 2878 2915 2947 quibusdam
2957 2876 3223 2931 sideribus
3274 2890 3524 2929 sacrave-

1939 2976 2082 3023 runt.
2115 2967 2279 3021 Inter.
2308 2967 2421 3034 Qua
2452 2967 2703 3021 ratione?
2740 2966 2889 3035 Resp.
2938 2964 3178 3018 Primum
3206 2964 3351 3018 enim
3375 2963 3516 3017 diem

1942 3076 1972 3114 a
2009 3060 2120 3115 sole
2148 3060 2570 3130 appellaverunt,
2601 3058 2692 3127 qui
2721 3059 2973 3127 princeps
2995 3065 3077 3111 est
3102 3056 3343 3111 omnium
3375 3056 3514 3109 side-

263 3121 401 3217 ‘i‘m‘.
524 3122 731 3191 diebus,
758 3131 1009 3217 q‘fanum
1138 3131 1314 3189 ηθθίθν
1338 3124 1588 3217 Humum]
1613 3123 1678 3178 de
1860 3136 1907 3200 C
1940 3166 2080 3217 rum,
2124 3121 2265 3211 sicut
2289 3158 2345 3204 et
2387 3150 2528 3203 idem
2561 3121 2683 3202 dies
2723 3121 3025 3216 caput-est
3050 3156 3367 3201 cunctorum
3398 3146 3513 3201 die~

262 3213 524 3278 domadis,
558 3221 769 3267 sextum
794 3212 859 3267 de
886 3214 1183 3279 mensibus,
1213 3215 1503 3284 septimum
1551 3212 1618 3267 dc
1646 3214 1831 3273 solsti—

262 3304 355 3358 tiis
381 3312 435 3358 et
457 3304 810 3373 tequinoctiis,
834 3312 1080 3376 octavum
1107 3305 1172 3377 de
1192 3304 1526 3391 temporibus
1548 3304 1696 3369 anni,
1742 3321 1833 3359 no-

261 3411 393 3449 num
415 3396 481 3450 de
523 3396 701 3460 annis,
734 3395 1002 3449 decimum
1031 3395 1097 3450 de
1143 3395 1533 3466 olympiadibus
1567 3404 1621 3449 et
1647 3395 1831 3450 lustris

260 3497 317 3542 et
342 3486 590 3554 jubcleis.

335 3579 503 3634 Inter.
539 3578 677 3632 Ecce
700 3580 971 3648 protulisti
1027 3594 1309 3645 numerum
1345 3589 1397 3633 et
1443 3579 1661 3651 nomina
1688 3579 1832 3651 capi-

262 3671 519 3735 tulorum,
552 3685 696 3725 nunc
724 3678 848 3739 pcto
870 3679 928 3723 ut
952 3671 1084 3724 mihi
1109 3672 1317 3740 aperire
1346 3688 1452 3725 non
1486 3685 1701 3736 renuas,
1727 3686 1830 3743 qua

262 3763 446 3832 lingua
497 3759 764 3816 Chronica
814 3760 1154 3832 appellatur?
1193 3761 1348 3834 Resp.
1405 3763 1583 3827 Certe,
1640 3765 1830 3828 frater,

262 3852 391 3921 quia
419 3852 691 3906 humiliter
718 3853 900 3922 petisti
930 3867 992 3906 ea
1016 3868 1133 3921 qua:
1163 3854 1302 3908 scire
1325 3854 1498 3923 cupis,
1529 3869 1629 3924 ego
1652 3864 1831 3909 autem

263 3942 412 4011 quod
435 3942 671 4013 intelligo
698 3943 1001 3997 amabiliter
1026 3942 1123 3997 tibi
1148 3944 1387 3998 indicare
1408 3945 1584 4014 cupio.
1616 3958 1640 3986 α
1671 3942 1833 3998 Chro-

263 4033 384 4154 πὶιίἱι
415 4032 597 4088 Gmce
619 4034 833 4099 dicitur,
868 4050 987 4105 qua:
1009 4034 1174 4089 latine
1202 4044 1502 4107 temporum
1541 4036 1709 4090 series
1732 4050 1829 4090 at)-

263 4115 334 4154 De
374 4111 513 4154 atur.
1324 4112 1327 4119 ‘

260 4111 513 4173 pellatur.
1324 4112 1327 4119 ‘

334 4194 500 4267 426
529 4196 695 4251 Inter.
736 4197 868 4265 Quis
896 4213 1015 4253 eam
1067 4197 1410 4268 composuit?
1450 4196 1607 4267 Resp.
1665 4197 1833 4251 Euse-

263 4288 387 4341 bius
413 4289 556 4341 enim
588 4287 930 4345 Caesariensis
959 4289 1243 4359 episc0pus
1275 4289 1414 4358 apud
1450 4288 1666 4344 Gmos
1687 4290 1830 4343 illam

263 4382 455 4445 edidit,
479 4382 570 4437 sed
599 4381 953 4452 Hieronymus
995 4381 1158 4435 Pater
1204 4381 1259 4434 in
1304 4381 1552 4434 Latinam
1597 4381 1831 4450 linguam

1935 3255 2074 3294 rum.
2107 3238 2415 3294 Secundum
2442 3254 2472 3292 a
2497 3238 2642 3300 luna,
2670 3252 2789 3305 quae
2816 3237 2915 3292 soli
2942 3245 2996 3291 et
3024 3236 3311 3306 splendore
3332 3244 3386 3289 et
3408 3251 3518 3290 ma-

1934 3329 2210 3400 gnitudine
2256 3318 2629 3398 proxima'est,
2662 3335 2717 3381 et
2763 3341 2830 3380 ex
2854 3332 2920 3381 'eo
2949 3335 3160 3380 mntuat
3208 3324 3361 3396 [Ms.,
3390 3340 3512 3379 mu-

1932 3418 2034 3490 tat]
2080 3419 2280 3473 lumiin.
2340 3417 2579 3472 Tertium
2629 3419 2697 3472 ab
2725 3418 2880 3472 stella
2922 3418 3128 3482 Martis,
3173 3432 3293 3485 quae
3322 3432 3516 3486 vesper

1931 3516 2174 3569 vocatur.
2210 3506 2471 3573 Quartum
2501 3506 2707 3560 astclla
2757 3507 3024 3571 Mercurii,
3074 3522 3237 3576 quam
3290 3506 3512 3574 quidam

1933 3594 2218 3649 candidum
2246 3594 2506 3653 circulum
2535 3594 2736 3649 dicunt.
2768 3590 3023 3661 Quintum
3054 3593 3121 3647 ab
3160 3592 3314 3647 stella
3340 3592 3512 3657 Jovis,

1934 3697 2095 3751 quam
2125 3682 2391 3735 Ftetonem
2419 3681 2588 3753 [lsid.,
2625 3682 2987 3755 Phaetontem]
3016 3685 3185 3737 aiunt.
3223 3683 3446 3738 Sextum
3475 3701 3507 3738 ει

1935 3772 2158 3828 Veneris
2186 3773 2361 3838 stella,
2389 3790 2550 3844 quam
2572 3773 2885 3829 Luciferum
2928 3785 3202 3841 asserunt,
3230 3792 3348 3846 qua:
3377 3778 3516 3832 inter

1932 3863 2112 3919 omnia
2164 3864 2341 3918 sidera
2394 3864 2513 3934 plus
2550 3865 2685 3919 lucis
2734 3866 2916 3920 habet.
2975 3867 3275 3937 Septimum
3329 3884 3512 3923 veroa

1935 3955 2088 4017 stella
2122 3954 2359 4019 Saturni,
2390 3972 2508 4025 quae
2529 3968 2682 4013 sexto
2704 3958 2841 4013 cmlo
2864 3958 3042 4014 locata
3064 3974 3136 4015 xx
3164 3959 3351 4032 [lsid.,
3378 3962 3511 4033 xxx]

1934 4048 2091 4102 annis
2120 4046 2292 4101 fertur
2312 4048 2526 4117 explere
2552 4063 2772 4102 cursum
2804 4065 2980 4105 suum.

2002 4137 2171 4193 Inter.
2212 4137 2392 4205 Quare
2422 4140 2492 4193 ab
2513 4140 2598 4194 bis
2621 4155 2695 4194 vu
2724 4140 2893 4195 stellis
2924 4141 3038 4197 dies
3062 4151 3323 4197 nominati
3346 4146 3513 4197 sunt?

1935 4226 2089 4300 Resp.
2142 4229 2266 4291 Ideo
2290 4230 2434 4284 enim
2469 4245 2534 4286 ex
2564 4231 2651 4285 his
2685 4247 2759 4285 vu
2816 4230 2985 4287 steliis
3039 4233 3257 4287 nomina
3302 4234 3511 4288 dierum

1933 4318 2160 4388 gentiles
2180 4318 2464 4385 dederunt,
2490 4320 2616 4397 quia
2647 4336 2743 4389 per
2773 4322 2992 4377 easdem
3017 4322 3218 4389 aliquid
3238 4324 3343 4378 sibi
3369 4323 3511 4379 efﬁci

1932 4406 2331 4473 existimarunt,
2348 4409 2605 4476 dicentes,
2638 4411 2838 4466 habere
2860 4426 2890 4464 a
2912 4410 3023 4466 sole
3037 4412 3305 4481 spiritum,
3323 4429 3352 4467 a
3384 4414 3508 4467 luna

264 4474 412 4527 illam
441 4475 722 4575 convertit.
750 4471 981 4528 Chronos
997 4471 1232 4545 [χρόνος]
1256 4473 1401 4525 enim
1422 4471 1627 4539 Graece,
1646 4472 1829 4525 Latine
1859 4489 1909 4547 ο
1933 4471 2148 4569 corpus,
2202 4515 2232 4553 a
2261 4471 2527 4566 Mercuri-0
2556 4471 2830 4575 iégenium
2860 4512 2915 4559 et
2946 4471 3204 4574 lingl'lam,
3235 4522 3265 4561 a
3292 4471 3510 4562 were

265 4574 477 4633 tempus
502 4565 900 4634 interpretatur.

335 4654 501 4709 Inter.
544 4653 807 4725 Tempora
832 4655 887 4708 in
913 4663 1043 4723 quot
1074 4662 1258 4724 partes
1282 4654 1633 4709 dividuntur?
1675 4652 1827 4723 Resp.

260 4743 320 4798 In
356 4760 471 4798 sex.
512 4743 675 4798 Inter.
724 4744 781 4798 In
820 4744 1056 4813 quibus?
1104 4743 1259 4813 Resp.
1298 4744 1355 4799 ln
1392 4743 1698 4808 momentis,
1737 4742 1833 4797 ho-

262 4837 357 4901 ris,
398 4837 607 4901 diebus,
636 4838 927 4903 mensibus,
977 4838 1133 4892 annis
1160 4846 1216 4893 et
1243 4836 1516 4892 lustribus.

282 4952 283 4955 η
334 4927 500 4981 Inter.
542 4928 678 4994 Quid
700 4936 782 4982 est
809 4930 1180 4983 momentum?
1214 4928 1368 4999 Resp.
1400 4927 1727 4983 Momentum
1749 4936 1832 4983 est

262 5018 544 5075 minimum
597 5027 756 5088 atque
807 5021 1245 5092 angustissimum
1280 5027 1491 5091 tempus
1526 5039 1556 5076 a
1585 5030 1729 5075 motu
1761 5023 1832 5077 si-

263 5112 455 5166 derum
479 5110 679 5164 dictum
706 5125 719 5174 ;
752 5117 834 5163 est
856 5111 999 5163 enim
1040 5112 1352 5166 extremitas
1400 5113 1545 5167 hora:
1573 5114 1627 5167 in
1655 5113 1832 5168 brevi-

261 5204 363 5256 bus
416 5199 730 5265 intervallis,
780 5214 901 5254 cum
945 5199 1143 5269 aliquid
1197 5200 1301 5255 sibi
1351 5203 1493 5256 cedit
1530 5211 1689 5271 atque
1712 5217 1834 5257 suc-

261 5294 423 5348 cedit.

332 5405 501 5459 Inter.
541 5404 682 5459 Hora
711 5421 815 5475 qua
846 5406 1023 5476 lingua
1056 5405 1293 5460 dicitur?
1320 5405 1468 5479 Resp.
1502 5406 1649 5461 [lora
1674 5408 1827 5463 Grie-

261 5513 386 5551 cum
429 5511 624 5552 nomen
675 5506 776 5562 est,
805 5505 859 5551 et
915 5508 1092 5551 tamen
1146 5497 1397 5552 Latinum
1439 5506 1613 5553 sonat.
1660 5498 1826 5554 Inter.

263 5589 400 5655 Quid
430 5597 514 5645 est
569 5590 743 5644 hora?
784 5589 938 5660 Resp.
990 5589 1137 5644 Finis
1174 5598 1256 5644 est
1304 5590 1580 5660 temporis,
1610 5591 1744 5645 sicut
1778 5598 1833 5647 et

286 5764 291 5767 ς
334 5733 359 5775 tl
398 5721 479 5777 Ex
512 5720 634 5775 Isid.
664 5721 781 5775 libr.
811 5739 838 5775 γ
868 5722 1145 5791 Originum
1187 5738 1306 5791 cap.
1342 5724 1404 5779 l8
1423 5733 1474 5779 ct
1502 5739 1652 5793 seqq.

1936 4589 2280 4659 voluptatem,
2297 4606 2326 4645 a
2346 4591 2513 4647 Marte
2526 4595 2861 4665 sanguinem,
2876 4611 2907 4650 a
2919 4612 3049 4651 aove
3071 4600 3506 4667 temperantiam,

1933 4698 1964 4737 a
1993 4682 2228 4743 Saturno
2251 4687 2532 4745 humorem
2557 4706 2570 4753 ;
2612 4689 2731 4743 talis
2763 4691 2959 4760 quippe
2990 4694 3199 4747 exstitit
3228 4695 3507 4765 gentilium

1930 4776 2176 4843 stultitia,
2208 4779 2301 4847 qui
2336 4780 2434 4835 sibi
2469 4779 2741 4837 ﬁnxerunt
2770 4790 2879 4839 tam
2910 4783 3198 4839 ridiculosa
3228 4786 3504 4857 ﬁgmenta.

2001 4865 2166 4923 Inter.
2222 4869 2499 4935 Quomodo
2554 4882 2777 4925 vocatur
2840 4872 2954 4927 dies
3012 4874 3151 4947 apud
3222 4876 3507 4933 Hebreos?

1933 4952 2085 5026 Resp.
2126 4957 2278 5027 Apud
2315 4957 2550 5013 Hebreos
2593 4968 2773 5015 autem
2799 4960 2915 5017 dies
2935 4964 3106 5033 prima
3150 4983 3255 5019 una
3302 4967 3505 5020 sabbati

1933 5046 2150 5112 dicitur,
2209 5048 2304 5117 qui
2357 5049 2498 5117 apud
2547 5064 2646 5103 nos
2690 5050 2805 5107 dies
2836 5052 3144 5127 Dominicus
3192 5065 3293 5110 est.
3335 5055 3500 5110 Inter.

1935 5131 2182 5189 Secunda
2228 5135 2434 5192 sabbati
2474 5153 2642 5207 quare
2676 5140 3019 5211 appellatur?
3050 5141 3205 5214 Resp.
3255 5144 3503 5201 Secunda

1933 5224 2141 5278 sabbati
2179 5228 2409 5280 secunda
2459 5225 2612 5294 feria,
2665 5245 2825 5300 quem
2860 5232 3145 5289 saeculares
3192 5234 3333 5289 diem
3364 5235 3505 5291 lunae

1932 5322 2147 5368 vocant.
2184 5313 2348 5369 Inter.
2373 5315 2509 5383 Quid
2535 5319 2736 5374 tertia?
2764 5320 2917 5392 Resp.
2942 5321 3121 5377 Tertia
3147 5323 3358 5378 sabbati
3397 5334 3503 5379 ter-

1934 5404 2008 5458 tia
2034 5404 2189 5469 feria,
2219 5422 2378 5476 quem
2404 5407 2544 5462 diem
2583 5410 2656 5464 illi
2690 5409 2877 5465 Martis
2915 5421 3125 5467 vocant.
3166 5410 3332 5466 Inter.
3364 5412 3503 5480 Quid

1936 5505 2017 5551 est
2038 5499 2273 5567 quarta?
2312 5497 2459 5569 Resp.
2512 5501 2713 5567 Quarta
2750 5501 2954 5555 sabbati
2998 5510 3188 5573 quarta
3236 5501 3370 5557 feria
3396 5512 3497 5565 est,

1937 5590 2025 5658 qui
2075 5589 2318 5646 Mercurii
2378 5593 2491 5649 dies
2536 5604 2615 5648 cst
2652 5610 2680 5649 τι
2728 5594 2965 5667 paganis.
3029 5593 3194 5659 Inter.
3255 5593 3390 5662 Quid
3420 5602 3503 5648 cst
