4038 6354
568 262 709 321 1115

1392 268 1449 321 Β.
1493 267 1551 320 F.
1591 267 1815 322 ALBINI
1855 267 1984 323 SEU
2023 268 2303 323 ALCUINI
2340 269 2620 325 OPERUM
2659 269 2837 325 PARS
2876 270 3006 325 γιιι.

3683 273 3818 327 Ηιῢ

567 379 799 450 quinta?
824 378 979 449 Resp.
1005 379 1201 446 Quinta
1230 380 1439 435 sabbati
1459 381 1645 450 quinta
1668 380 1803 434 feria
1823 388 1926 444 est,
1955 379 2006 432 id
2028 387 2129 443 est,
2166 387 2208 445 Α
2238 379 2431 435 alicubi
2456 380 2610 435 aliter
2633 380 2850 450 legitur,
2889 395 2993 434 non
3022 395 3055 434 a
3088 390 3250 448 quota
3294 379 3400 447 die,
3434 382 3528 437 sed
3566 396 3598 435 a
3639 385 3817 438 conti-

566 474 754 542 quinta
789 486 820 524 a
845 471 930 525 die
967 472 1262 535 Dominico,
1294 472 1385 541 qui
1413 472 1552 541 apud
1598 471 1822 541 gentiles
1859 469 2009 525 Jovis
2038 486 2131 525 vo-

536 573 740 619 .catur.
776 562 942 616 Inter.
976 561 1113 628 Quid
1158 571 1241 617 est
1284 562 1478 617 sexta?
1534 562 1686 633 Resp.
1726 561 1889 617 Sexta
1921 562 2131 617 sabbati

565 663 719 711 sexta
754 652 888 708 feria
911 653 1130 717 dicitur,
1154 654 1243 722 qui
1274 654 1411 722 apud
1442 654 1663 708 eosdem
1688 668 1926 723 paganos
1967 652 2133 707 Vene-

565 748 642 803 ris
683 754 925 802 vocatur.
962 744 1124 798 Inter.
1163 744 1458 799 Sabbatum
1506 744 1635 815 quid
1659 746 1782 800 est?
1811 744 1964 814 Resp.
1996 743 2134 800 Sab-

562 838 749 892 batum
774 846 866 891 aut
895 838 1156 907 septimus
1187 851 1217 889 a
1247 836 1522 891 Dominieo
1564 836 1651 890 die
1675 843 1779 900 est,
1812 851 1973 905 quem
2008 850 2135 905 gen-

563 930 685 985 tiles
720 928 954 983 Saturno
975 929 1309 992 dicaverunt,
1339 933 1393 981 et
1421 924 1716 982 Saturnum
1739 925 1927 1000 [Isid.,
1948 925 2132 980 Satur-

563 1020 642 1091 ni]
674 1021 1105 1074 nominaverunt.

630 1110 796 1163 Inter.
833 1109 1124 1164 Sabbatum
1173 1108 1301 1176 quid
1352 1105 1774 1176 interpretatur?
1808 1104 1963 1174 Resp.
2002 1103 2131 1158 Sab-

558 1198 743 1254 hatum
783 1206 960 1253 autem
998 1214 1063 1253 ex
1092 1196 1298 1252 llebreo
1334 1197 1388 1250 in
1417 1194 1662 1250 Latinum
1709 1194 1921 1262 requies
1970 1194 2128 1247 inter-

556 1297 816 1359 pretatur.
848 1305 914 1345 eo
949 1288 1091 1357 quod
1122 1291 1172 1341 in
1217 1304 1283 1341 eo
1310 1287 1450 1341 Deus
1489 1284 1842 1354 requievisset
1870 1283 1937 1337 ab
1959 1284 2129 1337 omni-

557 1378 657 1432 bus
684 1379 937 1448 operibus
968 1377 1099 1431 suis.
1129 1376 1316 1430 Melius
1336 1386 1515 1429 autem
1545 1373 1598 1426 in
1622 1371 1891 1426 vocabulis
1915 1370 2123 1425 dierum

554 1472 621 1526 de
644 1487 738 1526 ore
761 1470 1064 1525 Christiano
1110 1469 1243 1523 ritus
1275 1465 1526 1535 loquendi
1572 1462 1966 1520 ecclesiasticus
2008 1475 2125 1531 pro-

555 1565 734 1629 cedit;
771 1574 951 1617 tamen
985 1562 1030 1617 si
1058 1576 1217 1631 quem
1248 1558 1383 1614 forte
1429 1557 1761 1613 consuetudo
1795 1554 2037 1616 traxerit,
2066 1560 2125 1605 ut

555 1654 683 1709 illud
734 1663 891 1710 exeat
919 1670 986 1709 ex
1020 1667 1136 1717 ore,
1171 1652 1313 1721 quod
1347 1649 1611 1721 improbat
1651 1646 1707 1702 in
1741 1648 1923 1713 corde,
1969 1644 2124 1699 intel-

2237 471 2383 525 neuti
2410 471 2494 525 die
2518 471 2704 525 cotidie
2726 470 2940 525 dicitur.
3054 520 3057 527 .

2305 559 2469 614 Inter.
2510 559 2643 615 Cras
2680 574 2848 630 quare
2897 559 3239 629 appellatur?
3276 560 3428 631 Resp.
3471 561 3637 626 Crat,
3671 567 3815 633 quod

2235 662 2317 708 est
2340 662 2546 722 postea.
2578 652 2897 707 Hesternum
2926 662 3009 707 est
3042 653 3231 721 pridie,
3268 662 3323 707 et
3360 654 3563 707 dictum
3602 654 3816 708 hester-

2234 762 2359 798 num
2387 745 2455 800 ab
2478 761 2562 812 eo,
2592 747 2732 816 quod
2752 746 2867 815 jam
2887 746 3000 801 dies
3030 747 3141 815 ipse
3166 748 3236 801 sit
3260 763 3289 803 a
3317 749 3471 803 nobis
3496 758 3815 815 extraneus,

2234 846 2287 891 et
2312 836 2681 906 praatereundo
2711 838 2934 892 alienus.

2303 925 2469 980 Inter.
2520 926 2674 983 Unde
2711 928 2906 983 dicitur
2945 928 3159 998 pridie?
3206 928 3357 1000 Resp.
3408 930 3589 985 Pridie
3633 942 3812 987 autem

2232 1014 2435 1069 dictum
2470 1014 2625 1082 quasi
2661 1015 2827 1083 priori
2867 1015 2971 1070 die.
3017 1015 3297 1081 Perendie,
3335 1018 3387 1072 id
3414 1028 3519 1084 est,
3544 1034 3647 1090 per
3688 1032 3815 1075 ante

2231 1103 2393 1169 diem,
2419 1104 2502 1159 vel
2532 1104 2585 1158 in
2613 1114 2966 1171 antecessum,
2999 1106 3048 1160 id
3071 1116 3172 1171 est,
3198 1108 3365 1178 prius.

2299 1194 2464 1249 Inter.
2508 1195 2659 1251 Unde
2687 1198 2827 1251 dicta
2862 1206 2943 1252 est
2970 1199 3109 1253 nox?
3146 1197 3301 1268 Resp.
3336 1200 3451 1255 Nox
3492 1218 3525 1255 a
3562 1206 3813 1259 nocendo

2229 1291 2313 1337 est
2338 1283 2501 1349 dicta,
2528 1298 2592 1339 eo
2612 1285 2753 1353 quod
2782 1286 2951 1340 oculis
2972 1298 3193 1351 noceat;
3220 1304 3338 1358 qua:
3369 1290 3572 1346 idcirco
3595 1292 3739 1348 lunas
3759 1305 3812 1348 et

2229 1373 2464 1428 siderum
2489 1374 2664 1431 lucem
2686 1377 2864 1441 habet,
2896 1393 2963 1432 ne
2988 1379 3243 1434 indecora
3270 1391 3434 1444 esset,
3463 1391 3519 1436 et
3540 1393 3599 1436 ut
3622 1399 3815 1440 conso-

2226 1462 2468 1519 larentur
2513 1480 2700 1521 omnes
2744 1476 2901 1523 nocte
2946 1479 3250 1539 operantes,
3290 1479 3345 1526 et
3386 1482 3444 1525 ut
3483 1472 3812 1541 quibusdam

2227 1555 2609 1624 animantibus,
2641 1572 2758 1627 quae
2787 1558 2960 1615 lucem
2986 1560 3114 1617 solis
3141 1561 3283 1615 ferre
3309 1576 3413 1615 non
3447 1571 3703 1631 possunt,
3744 1564 3811 1619 ad

2227 1643 2599 1699 suﬂicientiam
2625 1654 3030 1717 temperaretur.

554 1746 680 1817 ligat
731 1748 849 1802 illos
904 1760 1110 1811 omnes,
1137 1746 1204 1799 de
1252 1758 1481 1814 quorum
1529 1740 1833 1797 nominibus
1871 1738 2118 1809 appellati
2155 1723 2198 1781 θ
2294 1735 2457 1789 Inter.
2488 1734 2784 1793 Alternatio
2808 1739 2911 1794 diei
2939 1748 2993 1794 et
3018 1742 3189 1796 noctis
3212 1757 3308 1796 cur
3334 1743 3480 1799 facta
3504 1747 3625 1800 est?
3652 1745 3805 1817 Resp.

552 1834 677 1894 sunt
698 1840 751 1893 hi
772 1838 908 1903 dies,
931 1840 1179 1894 homines
1201 1837 1365 1892 fuisse
1391 1852 1408 1903 ;
1432 1844 1489 1892 et
1512 1851 1614 1906 pro
1631 1832 1905 1891 beneﬁciis
1936 1831 2118 1904 [Isitl.,

550 1942 604 1988 et
635 1942 856 2004 propter
878 1932 1161 2004 beneﬁcia]
1197 1932 1441 2002 quaedam
1482 1927 1751 2005 mortalia,
1783 1926 1907 1995 quia
1951 1924 2118 1994 pluri—

549 2039 696 2080 mum
730 2032 1019 2094 potuerunt
1052 2033 1108 2078 et
1126 2025 1472 2079 eminuerunt
1494 2020 1549 2074 in
1574 2020 1677 2073 hoc
1711 2017 1927 2081 saeculo,
1957 2017 2125 2071 delati‘

548 2123 673 2169 sunt
712 2114 796 2183 eis
822 2115 891 2170 ab
942 2115 1271 2170 amatoribus
1314 2114 1427 2168 suis
1480 2110 1645 2166 divini
1691 2110 1943 2171 honores,
1982 2116 2037 2162 et
2063 2108 2121 2161 in

548 2204 736 2259 diebus
777 2215 832 2260 et
866 2204 1149 2260 sideribus.
1190 2204 1299 2259 Sed
1346 2202 1579 2273 primum
1617 2215 1648 2255 a
1679 2198 1985 2253 nominibus
2014 2198 2114 2253 ho-

547 2294 751 2347 minum
782 2294 960 2350 sidera
1010 2302 1336 2364 nuncupata,
1385 2300 1444 2349 et
1472 2306 1505 2347 a
1533 2290 1801 2347 sideribus
1836 2289 1952 2343 dies
1988 2299 2114 2342 sunt

549 2383 798 2452 appellati

616 2474 780 2528 Inter.
822 2474 975 2531 Unde
1004 2475 1255 2532 dicuntur
1301 2476 1492 2533 ferire?
1527 2477 1679 2546 Resp.
1722 2478 1890 2534 πει-ἰαὶ
1931 2490 2112 2535 autem

544 2579 574 2617 a
605 2562 766 2619 fando
800 2574 926 2620 sunt
960 2574 1296 2636 nuncupatas,
1322 2568 1464 2637 quod
1502 2569 1573 2622 sit
1608 2570 1659 2623 in
1689 2570 1770 2625 eis
1804 2571 1956 2625 nobis
1978 2579 2114 2627 tem-

541 2672 643 2727 pus
687 2657 955 2722 dictionis,
1008 2658 1060 2713 id
1087 2668 1190 2722 est,
1216 2660 1268 2713 in
1312 2660 1494 2715 divino
1533 2660 1619 2715 vel
1666 2661 1901 2716 humano
1930 2662 2110 2719 ofﬁcio

540 2748 663 2802 fari.
708 2747 811 2803 Sed
832 2764 898 2803 ex
930 2750 1012 2805 his
1039 2749 1191 2805 festis
1217 2751 1403 2805 diebus
1433 2752 1709 2807 hominum
1764 2769 1928 2808 causa
1964 2755 2113 2810 insti-

540 2848 685 2896 tutos
738 2841 958 2897 feriatos
1000 2843 1303 2897 divinorum
1362 2858 1637 2898 sacrorum
1675 2844 1859 2915 [Isid.,
1905 2845 2010 2901 Sed
2040 2861 2108 2901 ex

541 2931 607 2985 iis
636 2930 754 2985 festi
786 2932 899 2987 dies
932 2933 1163 2987 instituti
1206 2943 1333 2987 sunt
1359 2934 1636 2989 hominum
1668 2950 1830 2990 causa
1859 2953 1873 2989 :
1905 2934 2100 3002 feriati,

537 3035 699 3075 causa
734 3022 1033 3075 divinorum
1057 3024 1377 3095 sacrorum].

608 3109 773 3163 Inter.
818 3111 1007 3166 Partes
1042 3112 1146 3166 diei
1177 3122 1308 3180 quot
1349 3115 1513 3166 sunt?
1544 3114 1693 3184 Resp.
1729 3114 1884 3171 Tres.
1934 3115 2101 3172 Inter.

537 3197 667 3265 Quae
689 3208 809 3254 sunt
840 3200 964 3254 hae?
1022 3200 1175 3272 Resp.
1210 3202 1386 3267 Mane,
1434 3205 1705 3269 meridies,
1742 3214 1797 3260 et
1832 3222 2102 3279 suprema.

536 3290 702 3344 Inter.
735 3289 1012 3357 Quomodo
1052 3294 1252 3347 mane?
1285 3293 1437 3363 Resp.
1471 3293 1626 3350 Mane
1675 3295 1764 3350 lux
1801 3308 2014 3353 matura
2050 3309 2107 3356 et

535 3380 712 3452 plena,
763 3396 862 3436 nec
884 3382 995 3452 jam
1048 3382 1437 3453 crepusculum.
1484 3384 1650 3440 Inter.
1703 3387 1881 3454 Quare
1910 3390 2106 3446 dicitur

534 3473 736 3527 mane?
760 3471 912 3543 Resp.
950 3473 1103 3529 Mane
1125 3482 1304 3530 autem
1327 3490 1359 3530 a
1379 3492 1538 3531 manu
1574 3487 1656 3533 est
1682 3479 1903 3536 dictum.
1932 3480 2099 3538 Inter.

533 3566 650 3633 Qua
673 3566 920 3621 ratione?
950 3565 1101 3636 Resp.
1139 3566 1358 3621 Manum
1397 3570 1541 3624 enim
1569 3572 1775 3642 antiqui
1799 3573 1997 3628 bonum
2025 3575 2104 3630 di-

534 3657 728 3711 cebant
758 3669 781 3697 ι
809 3673 823 3721 ;
859 3657 987 3727 quid
1008 3658 1152 3712 enim
1184 3656 1375 3713 melius
1414 3658 1533 3715 luce
1553 3662 1578 3714 ?
1605 3660 1706 3717 Alii
1735 3678 1892 3719 mane
1914 3665 2103 3721 existi-

533 3755 681 3802 mant
696 3749 877 3803 vocari
904 3748 971 3803 ab
996 3749 1296 3815 animabus,
1322 3765 1551 3820 quarum
1568 3750 1748 3824 [Isid.,
1774 3769 1803 3808 a
1828 3755 2096 3822 manibus,

532 3839 585 3893 id
633 3848 735 3904 est,
776 3840 900 3905 diis,
954 3855 1204 3909 quorum,
1260 3840 1391 3913 etc.]
1423 3844 1764 3899 conversatio
1792 3860 1822 3899 a
1864 3845 1989 3900 luna
2030 3848 2119 3904 ad

530 3938 733 3983 terram
757 3938 860 3984 est.
898 3929 1000 3985 Alii
1031 3938 1222 4000 putant
1252 3930 1320 3987 ab
1348 3945 1489 3997 aere,
1516 3934 1639 4003 quia
1668 3952 1880 4004 manus,
1913 3938 1966 3994 id
1991 3946 2095 4009 est,

529 4018 707 4073 clarus
730 4027 889 4087 atque
923 4020 1235 4090 perspicuus

2221 1822 2407 1878 Noctis
2449 1832 2627 1879 autem
2668 1835 2722 1883 et
2764 1827 2867 1881 diei
2908 1828 3191 1885 alternatio
3228 1842 3448 1902 propter
3484 1835 3809 1889 vicissitudio

2222 1928 2347 1967 nem
2376 1914 2671 1971 dormiendi
2698 1917 3055 1989 vigilandique
3082 1920 3273 1975 eﬂ‘ecta
3296 1932 3400 1989 est,
3434 1932 3493 1978 et
3526 1934 3588 1979 ut
3624 1926 3805 1995 operis

2227 2004 2397 2058 jiurni
2424 2005 2662 2062 laborem
2691 2010 2865 2064 noctis
2887 2011 3098 2079 requies
3126 2020 3405 2081 temperet.

2294 2094 2457 2150 Inter.
2496 2095 2674 2163 Quare
2703 2097 2842 2154 facta
2865 2111 2950 2156 est
2974 2102 3121 2157 nox?
3154 2101 3306 2173 Resp.
3337 2104 3444 2159 Aut
3476 2106 3606 2174 quia
3643 2105 3805 2175 longo

2216 2184 2409 2241 itinere
2434 2186 2668 2243 lassatur
2695 2190 2793 2257 sol,
2822 2201 3019 2247 etcum
3049 2194 3114 2248 ad
3138 2192 3384 2249 ultimum
3412 2195 3542 2250 coeli
3567 2199 3802 2267 spatium

2216 2276 2478 2341 oervenit,
2508 2278 2856 2348 elanguescit,
2882 2299 2946 2338 ac
2975 2284 3274 2340 labefactus
3299 2285 3439 2341 elllat
3458 2304 3589 2343 suos
3609 2288 3800 2360 ignes:

2212 2375 2308 2421 aut
2334 2369 2459 2436 quia
2485 2369 2675 2424 eadem
2707 2372 2758 2425 vi
2785 2373 2885 2427 sub
2913 2383 3087 2429 terras
3110 2376 3336 2445 cogitur,
3366 2392 3476 2446 qua
3507 2392 3673 2449 super
3701 2389 3806 2434 ter-

2217 2474 2303 2513 ras
2327 2459 2547 2528 pertulit
2582 2458 2787 2532 [Forte,
2832 2463 3074 2536 protulit]
3124 2464 3334 2543 lumen;
3383 2474 3437 2520 et
3491 2468 3575 2522 sic
3610 2468 3802 2522 umbra

2213 2559 2368 2605 terra;
2390 2561 2603 2607 noctem
2626 2552 2776 2625 facit.
2824 2554 2975 2611 Unde
2996 2566 3052 2613 et
3071 2558 3323 2629 Virgilius
3346 2560 3506 2632 (Ᾱ-Ση.
3541 2577 3604 2627 ιι,
3631 2560 3758 2631 250)
3783 2580 3796 2615 :

2946 2688 3064 2740 Ruit
3087 2690 3281 2740 Oceano
3300 2706 3424 2753 nox,

2334 2742 2595 2794 Involvens
2619 2747 2790 2797 umbra
2809 2762 2986 2812 magna
3010 2758 3296 2815 terramque
3324 2742 3616 2818 polumque.

2279 2845 2441 2901 Inter.
2483 2847 2673 2906 Partes
2698 2854 2872 2908 noctis
2894 2863 3023 2925 quot
3048 2856 3209 2911 sunt?
3240 2855 3393 2923 Resp.
3423 2858 3670 2931 Septem.
3702 2861 3795 2915 ln-

2206 2946 2300 2990 ter.
2345 2937 2508 3004 Quae?
2544 2938 2695 3012 Resp.
2740 2943 2962 3014 Vesper,
2990 2947 3381 3017 crepusculum,
3412 2951 3790 3017 conticinium,

2132 3064 2176 3126 C
2210 3028 2605 3100 intempestum,
2638 3034 2981 3104 gallicinium,
3012 3040 3350 3105 matutinum,
3382 3048 3438 3096 et
3473 3042 3787 3098 diluculum.

2210 3119 2377 3176 Inter.
2414 3123 2551 3190 Quid
2572 3135 2656 3180 est
2675 3129 2897 3197 vesper?
2925 3126 3076 3201 Resp.
3115 3130 3411 3201 Vesperum
3436 3134 3508 3187 ab
3528 3135 3681 3189 stella
3708 3153 3790 3191 oe-

2207 3214 2458 3270 cidentali
2485 3226 2752 3283 vocatum,
2786 3234 2903 3288 quae
2937 3220 3105 3276 solem
3131 3222 3412 3277 occiduum
3441 3229 3706 3295 sequitur,
3738 3237 3789 3281 et

2208 3306 2457 3361 tenebras
2489 3310 2771 3377 sequentes
2798 3311 3069 3381 przecedit,
3105 3313 3171 3369 de
3195 3330 3301 3386 qua
3338 3316 3595 3388 Virgilius
3634 3317 3785 3388 (βενε.

2206 3406 2244 3459 1,
2269 3392 2395 3464 578)
2426 3413 2440 3449 ε

2327 3502 2457 3553 Ante
2475 3506 2605 3555 diem
2625 3507 2788 3558 clauso
2812 3512 3057 3574 componit
3075 3514 3266 3579 Vesper
3283 3515 3503 3580 Olympo.

2272 3604 2436 3661 Inter.
2478 3608 2629 3665 Unde
2671 3620 2796 3667 sunt
2826 3613 3061 3669 tenebrat
3095 3615 3289 3671 dictae?
3328 3615 3485 3687 Resp.
3515 3617 3671 3685 Quod
3710 3630 3786 3674 te.

2200 3705 2366 3749 neant
2410 3697 2645 3753 umbras.
2687 3700 2848 3755 Inter.
2885 3702 3026 3770 Quid
3056 3713 3139 3759 est
3172 3707 3593 3775 crepusculum?
3631 3707 3781 3779 Resp.

2200 3782 2584 3853 Cmpusculum
2617 3797 2701 3843 est
2737 3790 2895 3845 dubia
2922 3790 3034 3847 lux.
3075 3792 3211 3846 Nam
3246 3809 3531 3863 creperum
3563 3796 3782 3852 dubium

2199 3874 2446 3942 dicimus,
2479 3877 2582 3932 hoc
2609 3886 2710 3943 est,
2743 3880 2884 3935 inter
2908 3880 3081 3937 lucem
3110 3891 3164 3937 et
3188 3885 3457 3939 tenebras.

2268 3964 2433 4019 Inter.
2474 3965 2612 4033 Quid
2658 3976 2741 4022 est
2786 3970 3172 4026 conticinium?
3209 3972 3359 4043 Resp.
3416 3975 3780 4031 Conticinium

2195 4067 2297 4122 est,
2326 4059 2539 4127 quando
2579 4075 2766 4115 omnes
2799 4061 2979 4129 silent,
3028 4066 3397 4122 conticescere
3435 4070 3584 4124 enim
3628 4072 3786 4127 silere

600 4108 765 4164 Inter.
826 4110 1071 4167 Meridies
1118 4129 1284 4183 quare
1340 4118 1604 4171 vocatur?
1638 4117 1789 4190 Resp.
1844 4120 2096 4181 Meridies

531 4201 672 4255 dicta
706 4204 860 4271 quasi
900 4206 1177 4271 medidies,
1208 4207 1311 4263 hoc
1343 4217 1446 4273 est,
1480 4211 1827 4280 mediusdies,
1864 4216 1945 4271 vel
1966 4218 2093 4287 quia

2262 4235 2426 4292 Inter.
2469 4239 2607 4306 Quid
2627 4252 2712 4298 est
2740 4245 3163 4314 intempestum?
3196 4247 3349 4318 Resp.
3391 4250 3783 4323 lntempestum

788 4293 799 4304 .
928 4293 941 4305 .
1484 4299 1495 4311 .
2478 4293 2606 4306 "'"'"
2636 4293 2708 4298 "'
2740 4293 3117 4314 ““’“”τ“””“
3144 4293 3157 4301 ’
3196 4293 3294 4301 ’“”
3336 4293 3349 4303 ’
3392 4293 3565 4307 “”“’“”
3672 4293 3783 4308 ω’..

530 4298 654 4416 :upc
682 4293 1138 4416 puriop‘dteswest.
1176 4294 1379 4416 μετείω
1412 4315 1775 4416 culinarum
1798 4305 2010 4416 dlicin
2035 4306 2091 4363 in
2193 4335 2278 4381 est
2310 4330 2542 4385 medium
2576 4340 2631 4387 et
2657 4334 3013 4403 inactuosum,
3047 4340 3191 4407 quod
3222 4293 3326 4394 estr
3346 4293 3783 4416 ιεωρυεγῦεἰό..

552 4392 584 4416 Α
610 4393 642 4416 n
663 4395 805 4416 annm
885 4397 935 4416 an
965 4400 1013 4416 nu
1061 4400 1073 4416 Ι
1147 4399 1175 4416 n
1198 4401 1340 4416 nun-ua
1390 4405 1521 4416 ΜΛ-.
1564 4408 1610 4416 Ἀ
1665 4408 1801 4416 ---Α-
1850 4410 1873 4416 Α
1920 4397 1997 4416 ,ΑΙ
2033 4398 2078 4416 ΩΑ
2115 4410 2150 4416 _

531 4386 642 4432 toto
663 4381 805 4433 enim
848 4382 935 4436 die
964 4383 1095 4436 nihil
1146 4384 1342 4441 clarius
1390 4390 1632 4457 meridie,
1661 4396 1878 4462 quando
1918 4397 2001 4452 sol
2031 4398 2087 4454 in
2112 4410 2163 4470 ι)

452 4532 453 4535 η
528 4466 705 4520 medio
729 4468 864 4523 cmlo
899 4471 1101 4537 rutilat,
1128 4480 1181 4527 et
1219 4488 1431 4531 omnem
1457 4479 1642 4535 orbem
1698 4485 1815 4552 pari
1847 4485 2091 4545 claritate

528 4557 780 4614 illustrat.

596 4650 762 4705 Inter.
799 4651 935 4720 Quid
968 4663 1049 4710 est
1072 4661 1366 4729 suprema?
1397 4660 1548 4733 Resp.
1598 4664 1857 4736 Suprema
1892 4679 1975 4726 est
1996 4689 2093 4744 po—

526 4752 725 4797 strema
756 4759 882 4814 pars
909 4747 1034 4813 diei,
1056 4752 1269 4819 quando
1303 4752 1382 4808 sol
1408 4770 1622 4810 cursum
1666 4775 1821 4814 suum
1851 4761 1904 4816 in
1926 4763 2089 4836 427

524 4849 774 4888 occasum
798 4838 994 4902 vertit;
1032 4847 1085 4893 et
1112 4841 1252 4896 dicta
1280 4858 1549 4915 suprema,
1575 4849 1717 4919 quod
1749 4864 1992 4922 superest
2018 4857 2088 4913 ad

522 4937 730 4998 partem
762 4929 1001 4984 ultimam
1022 4932 1147 4987 diei.

594 5015 758 5073 Inter.
800 5019 989 5075 Serum
1011 5038 1177 5093 quare
1196 5026 1428 5085 dicitur?
1454 5030 1609 5104 Resp.
1636 5034 1823 5091 Serum
1842 5047 2089 5097 vocatum

523 5116 606 5163 est
642 5124 671 5163 a
710 5109 905 5166 clausis
938 5112 1090 5180 seris,
1133 5119 1344 5185 quando
1364 5118 1476 5189 jam
1506 5139 1606 5177 nox
1646 5128 1807 5193 venit,
1840 5139 1897 5183 ut
1926 5146 2090 5188 unus-

520 5200 746 5272 quisque
774 5218 961 5260 somno
988 5207 1153 5263 tutior
1179 5209 1255 5263 fit.

592 5291 756 5346 Inter.
797 5293 906 5348 Cur
924 5296 1121 5352 dicitur
1142 5300 1301 5355 hodie
1320 5297 1388 5355 b?
1422 5302 1573 5375 Resp.
1602 5306 1787 5373 Hodie,
1812 5314 1966 5379 quasi
1987 5313 2089 5370 hoc

521 5379 607 5437 die
629 5399 641 5436 :
667 5383 743 5437 sic
770 5394 823 5437 et
850 5387 1114 5454 quottidie,
1152 5405 1255 5443 non
1290 5389 1495 5458 cotidie,
1526 5405 1584 5449 ut
1610 5398 1679 5451 sit
1707 5410 1835 5467 quot
1864 5401 2082 5469 diebus;

591 5512 1134 5590 I__Bonu_m__dicebnnt.
1178 5520 1340 5590 Mena
1376 5523 1506 5590 dies,
1550 5542 1649 5580 vox
1686 5527 1965 5588 familiaris
1991 5549 2085 5589 ve—

523 5582 723 5637 teribus
775 5584 957 5658 Gallis,
1018 5589 1205 5658 (inquit
1254 5582 1504 5647 Valesius
1545 5597 1596 5649 in
1632 5582 2080 5657 medicinis.

523 5668 661 5716 rum,
695 5669 810 5724 pag.
848 5655 968 5727 5:62)
1010 5655 1160 5713 notos
1208 5677 1363 5719 mane
1424 5666 1797 5737 salutantibus,
1849 5655 1953 5743 qua

2191 4416 2528 4474 inactuosum
2556 4424 2734 4478 noctis
2775 4425 3029 4499 tempus],
3062 4431 3276 4496 quando
3306 4432 3390 4501 agi
3418 4434 3554 4489 nihil
3578 4444 3779 4505 potest,

2193 4512 2247 4559 et
2275 4508 2453 4561 omnia
2483 4524 2674 4579 sopore
2693 4514 2873 4581 quieta
2896 4527 3043 4570 sunt.
3075 4518 3211 4573 Nam
3236 4527 3448 4590 tempus
3466 4536 3567 4591 per
3590 4538 3653 4577 se
3670 4539 3781 4577 non

2194 4597 2527 4668 intelligitur,
2563 4602 2663 4657 nisi
2701 4620 2798 4673 per
2829 4615 2982 4662 actus
3020 4610 3304 4666 humanos.
3355 4612 3491 4667 Nam
3540 4616 3781 4671 medium

2193 4686 2365 4739 noctis
2402 4695 2521 4742 actu
2558 4700 2705 4745 caret
2733 4710 2746 4745 :
2773 4708 2902 4767 ergo
2939 4705 3229 4767 tempestas
3267 4702 3547 4758 inactuosa
3590 4704 3779 4777 [Μαίη

2194 4774 2531 4846 intempesta,
2568 4779 2889 4856 inactuosa],
2921 4789 3077 4856 quasi
3107 4790 3223 4844 sine
3254 4800 3514 4862 tempore,
3542 4774 3645 4849 hoc
3669 4806 3778 4857 est.

2194 4864 2311 4919 sine
2345 4876 2488 4931 actu,
2529 4884 2630 4939 per
2658 4887 2817 4941 quem
2852 4875 3150 4931 dinoscitur
3184 4886 3416 4950 tempus.
3462 4882 3613 4939 Unde
3642 4895 3731 4941 est
3763 4905 3776 4938 :

2192 4951 2555 5027 Intempestive
2575 4961 2775 5015 venisti.
2807 4963 2949 5034 Ergo
2976 4973 3235 5036 tempesta
3270 4970 3486 5036 dicitur,
3527 4974 3655 5043 quia
3688 4991 3779 5030 ca-

2191 5052 2276 5100 ret
2298 5054 2560 5118 tempora,
2590 5051 2642 5104 id
2668 5059 2771 5116 est,
2800 5061 3013 5108 actuum
3056 5055 3209 5128 [Isid.
3234 5057 3333 5128 leg.
3359 5073 3377 5111 :
3400 5060 3545 5131 Ergo
3577 5063 3777 5120 intem-

2189 5143 2340 5203 pesta
2366 5146 2601 5203 vocatur,
2630 5140 2753 5208 quia
2775 5152 2924 5195 carct
2953 5152 3209 5214 tempore,
3241 5146 3293 5200 id
3329 5156 3431 5212 est,
3456 5149 3622 5220 actu].

2262 5223 2425 5278 Inter.
2478 5227 2614 5292 Quid
2669 5239 2751 5284 est
2797 5232 3179 5301 gallicinium?
3223 5234 3374 5305 Resp.
3423 5237 3774 5295 Gallicinium

2191 5322 2409 5382 propter
2445 5316 2629 5385 gallos,
2662 5317 2797 5374 lucis
2831 5323 3205 5391 przenuntiatio
3235 5324 3417 5398 [Isid.,
3459 5326 3595 5382 lucis
3628 5345 3775 5400 prte-

2190 5406 2427 5479 nuntios]
2457 5409 2677 5465 dictum.

2186 5550 2310 5659 {iam
2349 5536 2685 5662 faustarggue
2734 5543 2875 5600 diem
2930 5547 3120 5603 amicis
3173 5550 3621 5619 apprecabantur.
3684 5555 3769 5608 Du

2213 5624 2362 5662 .anae
2393 5623 2508 5662 voc.
2602 5628 2723 5662 αηα.

2185 5606 2362 5676 (lange
2393 5623 2508 5662 voc.
2542 5606 2613 5662 Μ
2602 5628 2723 5666 ana.

2257 5679 2281 5716 ιι
2317 5680 2440 5735 lltec
2466 5683 2795 5740 concordant
2819 5701 2937 5740 cum
2959 5690 3216 5756 opusculo
3244 5691 3309 5746 de
3333 5690 3759 5763 Orthographia.
