4038 6354
220 341 361 400 ΗΠ

1034 322 1037 323 ⁷
1128 338 1279 397 ore.
1319 341 1545 398 DUBIA.
1586 362 1659 382 —-
1694 341 2108 399 DISPUTATIO
2144 341 2556 400 eumenen.

3335 339 3472 397 ms
3548 318 3553 325 “

282 455 450 510 Inter.
489 451 629 521 Quid
655 460 738 507 est
769 450 1133 506 matutinum?
1168 450 1322 523 Resp.
1344 452 1680 507 "Matutinum
1708 458 1793 507 est
1816 453 1867 512 Α
1892 451 2162 522 principes
2184 453 2511 522 reipublicae.
2552 452 2685 507 Nam
2711 452 2857 507 hunc
2884 465 3119 506 mensem
3145 449 3467 519 majoribus;

212 547 358 604 inter
382 546 692 600 abscessum
720 543 1065 599 tenebrarum
1091 553 1145 597 et
1171 559 1380 598 aurora:
1404 545 1711 608 adventum,
1737 551 1792 597 et

214 640 418 696 dictum
430 623 786 703 hatutinum,
821 636 962 708 quod
990 638 1093 691 hoc
1128 644 1333 706 tempus
1362 638 1647 692 inchoante
1679 651 1793 689 ma-

215 745 291 787 ne
310 731 401 785 sit.

285 822 450 875 Inter.
485 819 622 886 Quid
655 826 738 874 est
775 818 1105 873 diluculum?
1143 817 1297 889 Resp.
1338 818 1634 874 Diluculum
1663 832 1795 886 qua-

215 914 262 967 si
294 912 557 981 incipiens
589 926 750 979 parva
778 909 884 963 diei
918 910 1026 963 lux.
1066 910 1190 963 Haec
1214 918 1269 964 et
1301 925 1530 974 aurora,
1563 924 1681 978 qua:
1707 923 1795 967 so-

214 1003 320 1060 lem
376 1004 646 1074 prazcedit.
693 1003 789 1056 Est
834 1013 1011 1057 autem
1060 1018 1253 1056 aurora
1298 1002 1403 1057 diei
1448 1001 1794 1056 clarescentis

214 1095 515 1157 exordium,
548 1101 602 1147 et
635 1092 840 1161 primus
880 1092 1130 1161 splendor
1163 1093 1323 1156 aeris,
1357 1092 1447 1159 qui
1473 1092 1656 1146 Graece
1686 1089 1793 1143 Eos

217 1182 363 1255 [ἠώς]
403 1182 615 1236 dicitur.
659 1181 791 1234 Nam
831 1196 927 1235 nos
973 1195 1069 1250 per
1112 1181 1496 1235 derivationem
1542 1195 1792 1233 auroram

215 1289 491 1339 vocamus,
516 1275 668 1343 quasi
698 1274 960 1327 Eoruram
985 1271 1158 1343 [lsid.,
1188 1271 1489 1343 Eororam].
1534 1271 1684 1325 [Inde
1713 1281 1795 1325 est

216 1366 345 1422 illud
369 1384 383 1419 :

341 1499 643 1564 Splendidus
665 1499 876 1550 auctoris
898 1498 963 1548 de
989 1500 1175 1549 vertice
1200 1496 1359 1560 fulget
1384 1496 1529 1546 Eous.

284 1626 453 1682 Inter.
494 1624 673 1693 Quare
701 1623 895 1678 dicitur
922 1619 1262 1677 ebdomada?
1300 1617 1451 1687 Resp.
1485 1615 1795 1670 Ebdomada

215 1720 357 1775 dicta
387 1734 418 1773 a
458 1730 685 1772 numero
713 1726 919 1784 sep'em
949 1711 1176 1775 dierum,
1219 1724 1447 1779 quorum
1479 1706 1796 1777 repetitione

1892 552 2202 610 sequentem
2229 557 2354 597 vero
2392 538 2688 597 minoribus
2731 542 2956 596 Romani
2996 549 3466 605 consecraverunt,

1890 628 2056 700 [‘28
2079 632 2219 685 unde
2248 641 2303 685 et
2328 632 2520 685 Junius
2549 631 2763 684 dicitur.
2803 632 2975 684 Antea
2997 633 3138 685 enim
3164 631 3388 700 populus
3414 631 3470 684 in

1891 722 2162 775 centurias
2189 722 2461 777 seniorum
2491 730 2544 776 et
2563 720 2839 790 iuniorum
2868 723 3071 777 divisus
3098 730 3234 777 erat.

1963 811 2125 865 Inter.
2164 811 2335 868 Julius
2370 823 2424 867 et
2464 814 2735 886 Augustus
2772 816 2915 871 unde
2946 825 3068 870 sunt
3103 816 3273 869 dicti?
3310 816 3462 885 Resp.

1892 900 2066 956 Julius
2094 918 2220 957 vero
2246 912 2301 958 et
2328 904 2601 973 Augustus
2622 907 2686 959 de
2716 907 3009 961 honoribus
3037 906 3313 960 hominum
3344 904 3469 958 Julii

1892 999 1948 1046 et
1976 991 2198 1061 Augusti
2223 994 2492 1048 Caesarum
2528 998 2818 1066 nuncupati
2848 1005 2991 1051 sunt.
3029 996 3192 1050 Inter.
3231 995 3467 1062 Quomo-

1895 1081 1962 1135 do
1990 1082 2322 1137 vocabantur
2346 1084 2537 1153 prius?
2576 1084 2725 1156 Resp.
2763 1087 2918 1140 Prius
2952 1088 3093 1142 enim
3132 1087 3381 1153 Quintilis
3418 1096 3474 1141 et

1896 1171 2113 1228 Sextilis
2132 1175 2482 1229 vocabantur.
2517 1176 2680 1229 Inter.
2716 1176 2829 1243 Qua
2852 1178 3093 1231 ratione?
3126 1178 3279 1246 Resp.
3310 1177 3474 1243 Quin-

1894 1267 2021 1332 tilis,
2048 1270 2172 1337 quia
2201 1270 2418 1337 quintus
2443 1278 2609 1323 erata
2638 1270 2849 1334 Martio,
2878 1286 3035 1338 quem
3062 1271 3357 1339 principem
3379 1285 3477 1323 an-
3510 1336 3519 1343 ε

1895 1357 1950 1411 ni
2006 1366 2273 1413 testantur
2317 1374 2435 1413 esse
2479 1360 2739 1421 Romani;
2783 1361 2987 1414 sextilis
3026 1376 3153 1414 vero
3199 1357 3477 1424 similiter,

1897 1449 2040 1517 quod
2062 1448 2131 1503 sit
2162 1457 2364 1503 sextus.

1968 1538 2133 1591 Inter.
2190 1537 2507 1608 September
2553 1540 2696 1593 unde
2756 1556 2951 1595 nomen
3014 1538 3270 1608 accepit?
3321 1537 3474 1608 Resp.

1898 1630 2214 1699 September
2247 1631 2391 1684 enim
2425 1647 2618 1686 nomen
2660 1633 2822 1687 habet
2852 1649 2880 1687 a
2919 1648 3141 1687 numero
3180 1641 3234 1687 et
3269 1632 3476 1695 imbre;

1900 1722 2024 1789 quia
2060 1722 2318 1791 septimus
2340 1731 2422 1776 est
2451 1738 2481 1774 a
2513 1721 2721 1786 Martio,
2767 1732 2819 1777 et
2844 1723 3043 1777 imbres
3080 1723 3270 1787 habet;
3314 1724 3393 1776 sic
3427 1730 3483 1776 et

213 1821 273 1866 et
318 1824 535 1865 menses
577 1814 630 1863 et
679 1805 805 1860 anni
845 1811 900 1858 et
945 1800 1198 1858 smculum
1236 1807 1586 1870 peraguntur.
1628 1795 1793 1849 Inter.

1902 1810 2151 1876 October,
2186 1810 2505 1877 November,
2540 1821 2701 1882 atque
2740 1812 3036 1865 December
3068 1828 3135 1866 ex
3171 1827 3397 1866 numero
3426 1819 3482 1865 et

214 1902 335 1969 Qua
360 1898 610 1955 ratione?
648 1896 803 1964 Resp.
843 1894 979 1963 Epta
1004 1890 1179 1964 [ἑπτά]
1211 1890 1355 1944 enim
1380 1887 1553 1943 Graeci
1590 1894 1794 1955 septem

211 1993 435 2055 dicunt;
459 1992 598 2045 hanc
618 2003 717 2042 nos
737 1985 1093 2055 septimanam
1113 1994 1390 2044 vocamus,
1414 1980 1567 2049 quasi
1589 1984 1794 2046 septem

212 2080 382 2136 luces.
411 2079 547 2133 Nam
576 2092 726 2130 mane
752 2075 841 2127 lux
873 2081 975 2127 est.

287 2168 451 2241 Inter.
495 2166 645 2223 Unde
680 2163 975 2234 appellatur
1003 2161 1119 2217 dies
1144 2158 1407 2216 octavus?
1442 2156 1596 2226 Resp.
1637 2154 1796 2211 Octa-

214 2277 314 2316 vus
338 2267 518 2316 autem
543 2259 676 2321 dies,
709 2258 763 2311 id
790 2263 894 2319 est,
924 2254 1134 2323 primus
1157 2254 1225 2307 ad
1252 2266 1413 2321 quem
1436 2250 1659 2315 reditur,
1689 2258 1743 2303 et
1762 2264 1795 2302 a

215 2368 325 2421 quo
345 2364 535 2406 rursus
563 2346 877 2402 ebdomadis
902 2345 1073 2398 series
1098 2344 1290 2397 oritur.

287 2444 452 2499 Inter.
496 2438 695 2495 Mensis
720 2438 860 2491 unde
885 2434 1141 2490 vocatus?
1180 2431 1337 2503 Resp.
1369 2429 1569 2485 Mensis
1596 2442 1793 2483 nomen

214 2546 302 2591 est
326 2534 573 2590 Graecum
596 2530 663 2584 de
687 2528 828 2583 lunae
850 2527 1065 2582 nomine
1088 2534 1336 2580 tractum.
1371 2523 1534 2576 Inter.
1563 2521 1796 2588 Quomo-

214 2628 329 2685 do?
357 2625 511 2693 Resp.
555 2622 703 2677 Luna
740 2618 884 2675 enim
919 2634 1065 2672 mene
1097 2615 1272 2688 [μήνη]
1312 2614 1500 2669 Graeco
1548 2627 1795 2667 sermone

211 2729 458 2776 vocatur.
491 2719 644 2774 Unde
671 2725 726 2772 et
762 2717 903 2785 apud
925 2714 1165 2768 llebreos
1196 2726 1409 2766 menses
1435 2709 1659 2779 legitimi
1689 2722 1796 2761 non

212 2838 283 2877 ex
322 2821 450 2876 solis
485 2818 706 2881 circulo,
749 2817 844 2870 sed
890 2830 958 2869 ex
1003 2814 1141 2867 lunae
1186 2827 1347 2866 cursu
1393 2816 1817 2871 enumerantur,

213 2910 359 2981 quod
400 2918 483 2965 est
507 2908 573 2963 de
602 2922 742 2961 nova
783 2904 849 2960 ad
887 2918 1100 2958 novam.
1148 2901 1386 2972 Egyptii
1426 2909 1602 2954 autem
1638 2898 1796 2968 primi

213 3007 438 3072 propter
466 2999 602 3052 lunae
626 2996 945 3051 velociorem
965 3008 1201 3057 cursum,
1227 3000 1282 3046 et
1312 3006 1377 3046 ne
1403 3004 1557 3046 error
1584 3004 1802 3058 compu-

210 3093 439 3149 tationis
476 3088 591 3158 ejus
625 3088 893 3143 velocitati
929 3085 1084 3157 [Isid.
1106 3127 1119 3150 ,
1155 3081 1455 3154 velocitate]
1493 3082 1792 3143 accideret,

1898 1902 2159 1958 imbribus
2195 1911 2517 1977 acceperunt
2554 1902 2833 1965 vocabula,
2870 1917 3028 1969 quem
3064 1916 3347 1955 numerum
3382 1901 3479 1955 de—

1899 2004 2206 2050 currentem
2252 1994 2545 2049 December
2595 1994 2743 2059 ﬁnit,
2794 2007 2893 2061 pro
2933 2007 2998 2046 eo
3040 1992 3183 2062 quod
3227 1991 3483 2046 denarius

1899 2099 2157 2139 numerus
2178 2084 2542 2155 prmccdentes
2571 2100 2825 2139 numeros
2853 2082 3072 2139 claudit.

1969 2174 2136 2228 Inter.
2176 2174 2448 2237 Kalendae,
2488 2173 2653 2229 Nonae
2696 2183 2752 2228 et
2794 2174 2917 2229 ldus
2961 2189 3129 2243 quare
3176 2175 3482 2232 vocantur?

1900 2268 2049 2340 Resp.
2088 2269 2352 2323 Kalendas
2386 2278 2585 2333 autem,
2619 2267 2798 2323 Nonas
2830 2277 2883 2323 et
2921 2267 3044 2321 ldus
3067 2274 3288 2337 propter
3315 2265 3481 2320 festos

1898 2361 2012 2415 dies
2045 2360 2273 2414 Romani
2304 2360 2670 2424 instituerunt,
2717 2358 2800 2411 vel
2832 2366 3052 2428 propter
3079 2356 3251 2411 otlicia
3277 2355 3480 2426 magis—

1900 2459 2155 2505 tratuum.
2183 2449 2348 2504 Inter.
2374 2450 2491 2517 Qua
2523 2448 2772 2504 ratione?
2807 2448 2961 2519 Resp.
2987 2448 3045 2501 ln
3074 2448 3159 2502 his
3189 2446 3333 2501 enim
3361 2446 3479 2500 die-

1897 2542 1996 2597 bus
2019 2541 2409 2597 conveniebant
2445 2542 2498 2594 in
2531 2540 2773 2595 urbibus.
2814 2538 2980 2592 Inter.
3026 2538 3135 2593 Cur
3176 2536 3484 2607 specialiter

1896 2633 2185 2687 nominatae
2204 2632 2368 2685 sunt?
2410 2631 2558 2701 Resp.
2590 2629 2820 2696 Quidam
2850 2638 3028 2683 autem
3051 2626 3316 2684 Kalendas
3340 2644 3367 2681 a
3391 2643 3484 2681 co-

1898 2722 2054 2777 lendo
2079 2721 2337 2791 appellari
2377 2722 2707 2775 existimant.
2750 2721 2905 2791 Apud
2938 2729 3150 2776 veteres
3184 2719 3328 2773 enim
3369 2734 3483 2771 om-

1898 2814 2045 2867 nium
2072 2814 2339 2867 mensium
2367 2815 2629 2883 principia
2660 2814 2971 2868 colebantur
2995 2829 3008 2866 :
3035 2814 3113 2867 sic
3141 2820 3195 2866 et
3218 2813 3356 2882 apud
3383 2812 3487 2866 He-

1899 2904 2073 2959 brcos.
2106 2905 2228 2959 ldus
2270 2915 2449 2959 autem
2474 2906 2714 2975 plerique
2740 2906 3050 2959 Latinorum
3079 2904 3147 2957 ab
3171 2903 3378 2957 edendo
3401 2901 3485 2955 di-

1898 3006 2042 3049 ctum
2079 3002 2288 3065 putant,
2329 2996 2470 3064 quod
2514 2995 2569 3048 hi
2614 2996 2729 3050 dies
2774 2995 2914 3065 apud
2960 3002 3171 3048 veteres
3199 2993 3481 3063 epularum

1898 3097 2097 3144 essent.
2146 3088 2311 3142 Nona:
2353 3105 2384 3142 a
2433 3088 2683 3142 nondinis
2730 3096 2951 3142 vocatze.
2997 3086 3253 3141 Nondiutc
3299 3092 3481 3139 autem

209 3198 285 3241 ex
320 3184 449 3239 solis
479 3198 641 3238 Cursu
672 3180 812 3235 diem
852 3177 1051 3232 mensis
1092 3176 1495 3239 δίιίηνεηοΐυιη,
1535 3188 1642 3243 quo
1683 3180 1793 3226 131‘-
1822 3173 1864 3233 C
1895 3188 2019 3236 sunt
2044 3181 2269 3249 publicae
2290 3180 2675 3235 couventiones
2697 3196 2788 3236 seu
2822 3179 3194 3234 mercimonia.

212 3277 337 3332 dior
356 3274 482 3330 solis
503 3282 682 3331 motus
707 3271 915 3325 facilius
939 3276 1149 3338 poterat
1172 3265 1571 3335 comprehendi.

288 3368 454 3422 Inter.
491 3365 777 3421 Januarius
817 3378 984 3433 quare
1011 3362 1277 3416 vocatur?
1314 3360 1468 3429 Resp.
1506 3358 1791 3413 Januarius

213 3459 419 3515 mensis
448 3473 478 3511 a
499 3456 635 3512 Iano
655 3464 739 3511 cst
767 3456 963 3519 dictus,
995 3452 1087 3522 qui
1116 3452 1215 3505 fuit
1238 3467 1267 3504 a
1293 3450 1579 3519 gentilibus
1600 3450 1649 3503 ei
1670 3465 1795 3503 eon-

214 3548 595 3605 secratuszvel
622 3548 747 3617 quia
778 3546 933 3601 limes
963 3554 1016 3600 et
1046 3546 1210 3615 janua
1248 3545 1317 3599 sit
1357 3545 1502 3607 anni.
1549 3543 1700 3599 Unde
1742 3552 1795 3597 et

214 3636 424 3693 bifrons
444 3636 585 3690 idem
615 3634 784 3690 Janus
811 3634 1066 3705 pingitur,
1098 3641 1157 3687 ut
1180 3633 1431 3687 introitus
1455 3633 1578 3687 anni
1601 3642 1655 3687 et
1682 3632 1795 3687 exi-

214 3736 304 3785 tus
331 3728 751 3783 demonstretur.

286 3816 454 3870 Inter.
494 3816 818 3870 Februarius
837 3816 977 3870 unde
999 3814 1330 3885 appellatur?
1368 3813 1521 3883 Resp.
1555 3812 1794 3867 Februa-

214 3910 333 3965 rius
366 3917 707 3979 nuncupatur
736 3924 767 3963 a
800 3909 1006 3964 Februa
1033 3908 1316 3981 [Februo],
1346 3909 1398 3963 id
1421 3916 1520 3974 est,
1548 3908 1792 3975 Plutone,

214 4002 306 4056 cui
333 4016 398 4056 eo
425 4016 605 4055 mense
628 4000 1047 4056 sacriﬁcabatur.
1073 4000 1208 4054 Nam
1231 3998 1544 4054 Januarium
1571 3999 1675 4054 diis
1700 4016 1792 4055 su-

214 4091 395 4161 peris;
424 4089 773 4144 Februarium
800 4089 904 4145 diis
935 4089 1177 4145 Manibus
1196 4089 1423 4145 Romani
1446 4103 1797 4145 consecrave-

214 4190 364 4235 runt.
407 4180 545 4251 Ergo
567 4180 890 4235 Februarius
915 4196 942 4233 a
968 4180 1194 4244 Februa,
1222 4181 1273 4234 id
1293 4190 1395 4245 est,
1420 4179 1663 4245 Plutone,
1689 4195 1794 4234 nou

216 4286 248 4326 a
269 4271 439 4335 febre,
470 4272 611 4340 quod
637 4280 720 4325 est
746 4269 1024 4342 aegritudo,
1053 4270 1379 4325 nominatur.

291 4360 460 4414 Inter.
502 4360 723 4416 Martius
744 4362 883 4415 unde
904 4361 1238 4431 appellatur?
1272 4361 1423 4430 Resp.
1454 4361 1676 4416 Martius
1703 4377 1796 4433 ap-

216 4452 447 4525 pellatus
478 4461 560 4507 est
597 4462 816 4522 prepter
850 4452 1072 4507 Martem
1113 4452 1368 4507 Romanae
1401 4454 1574 4523 gentis
1612 4463 1797 4508 aucto—

216 4560 371 4599 rem:
398 4545 481 4599 vel
505 4546 645 4615 quod
669 4560 735 4600 eo
761 4554 1000 4615 tempore
1024 4554 1217 4601 cuncta
1244 4546 1534 4600 animantia
1564 4555 1793 4616 agantur

217 4638 287 4690 ad
310 4651 534 4701 marem,
562 4646 616 4692 et
642 4637 709 4691 ad
740 4637 1124 4691 concumbendi
1155 4637 1498 4707 voluptatem.

289 4726 458 4780 Inter.
496 4726 771 4793 Quomodo
809 4726 965 4781 aliter
989 4728 1257 4781 vocatur?
1294 4726 1446 4798 Resp.
1479 4726 1794 4797 Appellatur

217 4827 399 4874 autem
438 4819 582 4874 idem
617 4829 672 4875 et
704 4819 899 4875 Mensis
936 4836 1216 4886 novorum,
1262 4823 1387 4891 quia
1426 4822 1552 4876 anni
1584 4823 1791 4877 initium

216 4914 421 4968 mensis
455 4920 539 4969 est
572 4912 822 4978 Martius;
858 4914 1000 4967 idem
1042 4922 1098 4969 et
1139 4913 1441 4970 November
1477 4915 1544 4969 ab
1584 4915 1795 4970 indiciis

217 5004 421 5059 scilicet
452 5004 771 5074 germinum,
805 5004 930 5074 quia
966 5005 1021 5058 in
1052 5019 1116 5058 eo
1147 5005 1499 5060 viridantibus
1532 5004 1794 5059 fructibus

216 5099 392 5162 novis,
418 5105 809 5152 transactorum
834 5096 1092 5168 probatur
1116 5110 1359 5151 occasus.

288 5186 455 5245 Inter.
495 5186 704 5257 Aprelis
725 5186 835 5258 [Ita
857 5185 998 5257 cod.]
1020 5186 1160 5239 unde
1179 5187 1413 5240 dicitur?
1438 5185 1589 5255 Resp.
1622 5186 1792 5256 Apre-

215 5276 286 5331 lis
320 5278 465 5331 enim
508 5289 606 5346 pro
651 5290 848 5331 venere
891 5274 1108 5338 dicitur,
1149 5274 1304 5343 quasi
1346 5274 1582 5342 afrondis
1618 5274 1787 5345 [lsid.,

217 5366 523 5438 Apltrodis].
548 5366 710 5421 Inter.
735 5366 1010 5434 Quomodo
1026 5367 1047 5420 ?
1068 5364 1222 5435 Resp.
1246 5365 1430 5420 Graece
1443 5366 1584 5419 enim
1599 5367 1638 5417 Α
1646 5367 1673 5435 f
1672 5384 1790 5419 ron-
1814 5440 1815 5445 γ

216 5459 300 5513 dis
331 5457 513 5530 [lsid.,
535 5458 817 5535 Ἀφροδίτη]
846 5460 1025 5514 Venus
1054 5458 1252 5512 dicitur
1281 5477 1293 5510 :
1327 5457 1410 5511 vel
1448 5458 1570 5526 quia
1605 5458 1658 5511 in
1689 5459 1791 5512 hoc

214 5563 405 5603 mense
424 5549 602 5603 omnia
623 5548 934 5618 aperiuntur
961 5548 1014 5603 in
1042 5546 1246 5611 ﬂorem,
1272 5549 1425 5616 quasi
1457 5548 1689 5616 aperilis.

290 5636 459 5691 Inter.
504 5638 673 5694 Maius
700 5639 839 5692 unde
866 5638 1128 5693 vocatur?
1164 5636 1312 5706 Resp.
1355 5636 1522 5690 Maius
1546 5637 1721 5692 dictus
1759 5654 1787 5691 a

219 5730 357 5785 Maia
383 5739 552 5785 matre
575 5730 820 5789 Mercurii
847 5752 857 5785 :
886 5731 1015 5791 vela
1041 5730 1332 5801 majoribus
1352 5738 1502 5794 natu,
1526 5729 1616 5805 qui
1637 5737 1788 5785 erant

1965 3273 2130 3327 Inter.
2181 3272 2511 3327 Solestitium
2561 3288 2727 3342 quare
2754 3272 3019 3327 dicitur?
3062 3270 3214 3342 Resp.
3258 3269 3481 3325 Solesti-

1895 3366 2029 3418 tium
2061 3365 2263 3419 dictum
2292 3365 2445 3433 quasi
2476 3364 2605 3419 solis
2634 3363 2815 3427 statio,
2845 3363 2986 3432 quod
3011 3372 3138 3417 tunc
3167 3362 3279 3416 sole
3303 3368 3482 3415 stante

1895 3462 2146 3509 crescant
2175 3454 2290 3509 dies
2322 3454 2405 3508 vel
2440 3464 2645 3509 noctes.

1966 3543 2131 3597 Inter.
2171 3543 2350 3610 Quare
2389 3543 2587 3597 dicitur
2621 3542 3042 3611 mquinoctium?
3083 3541 3236 3611 Resp.
3286 3539 3478 3609 Equi.

1897 3634 2133 3687 noctium
2157 3631 2478 3702 appellatum
2508 3640 2610 3696 est,
2647 3632 2789 3700 quod
2812 3642 2939 3686 tunc
2962 3630 3079 3686 dies
3105 3640 3158 3684 et
3184 3644 3291 3685 nox
3318 3631 3480 3685 hora-

1897 3739 2014 3778 rum
2040 3724 2214 3792 spatio
2237 3722 2427 3791 arquati
2450 3722 2773 3777 consistunt.

1966 3812 2132 3867 Inter.
2159 3811 2431 3867 Solcstitia
2452 3822 2582 3882 quot
2600 3813 2761 3866 sunt?
2786 3811 2941 3866 Resp.
2965 3805 3098 3866 Duo.
3127 3811 3289 3865 Inter.
3314 3811 3480 3879 Quas?

1896 3902 2048 3973 Resp.
2081 3902 2256 3959 Unum
2283 3903 2524 3957 aestivum
2559 3912 2750 3957 octavo
2790 3902 3151 3957 Ka.endarum
3185 3900 3474 3968 Juliarum,

1897 3996 1961 4050 de
1988 4010 2094 4064 quo
2115 4006 2355 4065 tempore
2382 4010 2625 4050 remeare
2649 3994 2729 4049 sol
2756 3995 2823 4049 ad
2849 3993 3133 4049 inferiores
3166 3993 3351 4064 incipit
3372 3994 3478 4048 cir-

1894 4086 2063 4141 culos.
2106 4086 2264 4140 Aliud
2296 4085 2526 4141 hiemale
2563 4094 2753 4140 octavo
2783 4084 2899 4138 Kal.
2937 4082 3057 4139 Jan.
3098 4100 3205 4153 quo
3236 4093 3478 4152 tempore

1895 4178 1974 4234 sol
2000 4178 2218 4233 altiores
2241 4177 2427 4247 incipit
2456 4176 2686 4231 circulos
2713 4186 2929 4247 petere:
2959 4175 3112 4231 Unde
3141 4184 3195 4231 et
3229 4176 3478 4232 hiemalis

1896 4272 2144 4328 solcstitii
2176 4272 2291 4327 dies
2326 4270 2605 4335 minimus,
2640 4270 2779 4324 sicut
2814 4270 2984 4324 aestivi
3022 4269 3290 4324 maximus
3330 4270 3477 4324 inve-

1896 4364 2059 4418 nitur.
2468 4416 2477 4421 -

1964 4453 2129 4507 Inter.
2175 4450 2521 4522 Equinoctia
2555 4458 2688 4521 quot
2729 4452 2895 4505 sunt?
2937 4450 3093 4521 Resp.
3132 4450 3264 4505 Duo.
3306 4450 3471 4505 Inter.

1894 4544 2063 4610 Quae?
2096 4543 2248 4613 Resp.
2293 4542 2468 4598 Unum
2490 4542 2728 4606 vernale,
2753 4551 2807 4597 et
2832 4542 2974 4597 aliud
3002 4543 3328 4607 autumnale,
3354 4558 3475 4612 qua:

1894 4636 2062 4691 Grteci
2096 4634 2335 4688 Isimrias
2362 4632 2674 4708 [ἰσημερίας]
2698 4643 2912 4689 vocant.
2960 4633 3126 4688 Inter.
3159 4634 3283 4690 Haec
3306 4635 3474 4704 aequi-

1894 4728 2072 4782 noctia
2102 4742 2209 4796 quo
2236 4736 2474 4796 tempore
2506 4728 2679 4780 ﬁunt?
2718 4726 2871 4797 Resp.
2899 4727 3075 4782 Unum
3101 4740 3184 4783 est
3217 4729 3302 4783 die
3325 4738 3475 4784 ecta-

1895 4834 1961 4873 vo
2002 4818 2115 4871 Kal.
2152 4817 2434 4887 Aprilium.
2476 4817 2718 4870 Alterum
2760 4832 2887 4871 vero
2928 4826 3117 4873 octavo
3156 4819 3272 4873 Kal.
3313 4818 3474 4875 Οοιοη

1893 4910 2089 4974 brium,
2116 4910 2240 4978 quia
2270 4924 2441 4961 annus
2467 4907 2593 4960 olim
2630 4907 2684 4959 in
2714 4907 2845 4961 duas
2876 4917 3083 4963 tantum
3123 4921 3306 4983 partes
3339 4912 3473 4967 divi-

1895 4999 2139 5064 debatur,
2169 4999 2271 5052 hoc
2298 5005 2400 5060 est,
2437 4997 2489 5049 in
2519 4997 2763 5050 aestivum
2796 5007 2848 5052 et
2877 5000 2930 5053 in
2970 5001 3227 5067 hiemale;
3263 5002 3473 5056 solcsti-

1895 5090 2026 5143 tium
2058 5089 2112 5140 in
2139 5087 2247 5141 duo
2275 5086 2618 5155 emispheria.

1962 5178 2129 5232 Inter.
2168 5177 2309 5230 Anni
2353 5185 2594 5246 tempora
2638 5185 2767 5245 quot
2812 5181 2972 5232 sunt?
3008 5176 3473 5248 Resp.Quatuor.

1896 5268 2059 5322 Inter.
2093 5268 2259 5333 Quae?
2293 5265 2444 5336 Resp.
2479 5266 2714 5321 Primum
2736 5278 2819 5322 est
2838 5285 2951 5335 ver,
2976 5270 3269 5323 secundum
3292 5276 3473 5339 testas,

1893 5359 2113 5413 tertium
2156 5368 2461 5424 autumnus,
2500 5368 2553 5413 et
2587 5369 2836 5428 quartum
2870 5361 3061 5415 hiems.
3108 5360 3274 5414 Inter.
3320 5362 3475 5417 Unde

1891 5451 2442 5520 dicunturtempora?
2478 5449 2631 5521 Resp.
2670 5450 2822 5504 Dicta
2860 5458 2985 5504 sunt
3020 5459 3198 5503 autem
3228 5459 3473 5522 tempora

1892 5560 1923 5597 a
1959 5542 2349 5597 communionis
2386 5549 2827 5612 temperamento,
2861 5541 3001 5609 quod
3031 5540 3260 5595 invicem
3291 5557 3348 5596 se
3377 5543 3473 5595 ltu-

1892 5648 2057 5695 more,
2091 5632 2353 5698 siccitate,
2389 5631 2588 5694 calore,
2624 5640 2677 5685 et
2713 5630 2909 5699 frigore
2939 5639 3255 5699 temperent.
3306 5631 3467 5685 Inter.

1892 5727 2168 5795 Quomodo
2197 5727 2350 5781 aliter
2378 5724 2676 5779 vocantur?
2705 5723 2856 5793 Resp.
2892 5724 3151 5780 Dicuntur
3174 5725 3314 5780 enim
3343 5738 3472 5780 cur-
