4038 6354
546 300 682 356 “l9

1354 304 1413 355 Β.
1456 303 1517 369 F,
1558 302 1784 357 ALBINI
1824 302 1955 359 SEU
1995 303 2273 360 ALCUlNl
2309 304 2597 365 OPERUM
2636 309 2815 366 PARS
2858 312 2986 368 Vlll.
3056 296 3059 303 η

3664 318 3809 371 11ὶο

540 409 734 474 ricula,
769 409 892 479 quia
929 426 1037 464 non
1071 418 1236 476 stant,
1278 409 1369 467 sed
1397 422 1642 465 currunt.
1684 411 1850 467 Inter.
1886 413 1999 480 Qua
2030 430 2121 469 ra-
2152 423 2200 483 Α
2229 431 2359 484 xxx,
2403 427 2498 475 aut
2530 422 2848 491 solstitialis,
2889 429 2980 496 qui
3018 429 3257 483 continet
3305 448 3379 486 xu
3429 448 3664 498 menses,
3714 448 3813 493 aut

542 500 727 569 tione?
763 499 915 568 Resp.
954 500 1178 561 Constat
1200 509 1379 554 autem
1400 510 1522 570 post
1550 502 1748 565 factum
1776 504 2030 561 mundum
2051 520 2119 558 ex

540 589 799 661 qualitate
827 576 1020 646 cursus
1047 599 1193 657 SOllS,
1219 600 1458 662 tempora
1482 594 1536 647 in
1560 602 1741 649 ternos
1760 611 1972 649 menses
1992 594 2122 651 fuis-

541 698 601 738 se
637 682 826 748 divisa,
860 697 1086 751 quorum
1111 692 1412 753 temporum
1437 684 1594 749 talem
1620 695 1828 742 veteres
1849 688 2123 741 discretio-

540 789 663 827 nem
686 773 911 839 faciunt,
938 783 998 836 ut
1025 774 1257 843 primum
1281 790 1521 841 mensem
1549 792 1646 832 ver
1675 794 1873 832 novum
1900 779 2117 844 dicitur,

539 864 834 918 secundum
886 864 1148 929 adultum,
1202 865 1419 920 tertium
1458 882 1589 921 vero
1628 883 1887 938 praeceps.
1928 868 2019 923 Sic
2064 878 2120 924 et

537 962 697 1011 testas
726 955 777 1008 in
806 954 919 1009 suis
941 955 1114 1009 tribus
1144 957 1419 1012 mensibus
1452 973 1610 1023 nova,
1651 959 1851 1022 adulta,
1893 967 1946 1014 et
1984 976 2119 1029 pne-

539 1057 684 1113 ceps.
734 1044 867 1099 ltem
893 1046 1065 1106 hiems
1095 1062 1254 1112 nova,
1283 1048 1487 1114 adulta,
1509 1059 1563 1104 et
1585 1066 1841 1121 praeceps,
1874 1053 1986 1105 sive
2018 1067 2117 1105 ex-

538 1146 730 1194 trema.
776 1138 928 1194 Unde
966 1148 1019 1194 et
1053 1148 1134 1195 est
1168 1141 1296 1198 illud
1324 1160 1335 1195 :
1362 1142 1617 1196 Extreme
1654 1141 1753 1196 sub
1786 1158 1914 1199 casu
1944 1144 2116 1199 hiems

538 1223 719 1295 [Isid.,
750 1210 1006 1283 extrema:
1032 1229 1133 1284 sub
1157 1245 1340 1285 casum
1371 1231 1606 1303 hiemis].

548 1384 551 1387 ὗ
606 1317 770 1371 Inter.
816 1320 923 1385 Ver
949 1321 1092 1381 unde
1122 1322 1461 1392 appellatur?
1500 1324 1649 1395 Resp.
1686 1328 1792 1381 Ver
1826 1336 2003 1382 autem
2033 1329 2114 1383 di—

534 1418 700 1473 ctum,
733 1411 874 1479 quod
910 1412 1065 1466 viret.
1118 1412 1268 1469 Tunc
1295 1415 1436 1468 enim
1472 1425 1591 1485 post
1620 1418 1851 1475 hiemem
1888 1421 2115 1475 vestitur

533 1499 690 1554 tellus
718 1501 918 1566 herbis,
947 1511 1001 1556 et
1026 1503 1079 1556 in
1102 1502 1287 1559 ﬂorem
1318 1514 1510 1560 cuncta
1539 1518 1878 1578 rumpuntur.

604 1588 770 1643 Inter.
818 1589 1006 1646 Acistas
1052 1594 1192 1647 unde
1229 1594 1467 1649 dicitur?
1504 1595 1655 1667 Resp.
1697 1598 1883 1654 Aistas
1920 1601 2114 1657 dicitur

533 1681 602 1734 ab
628 1690 780 1747 aestu,
812 1682 866 1737 id
899 1691 980 1738 est
1005 1699 1036 1737 a
1066 1684 1274 1750 calore;
1306 1694 1359 1741 et
1377 1697 1535 1743 aestas
1561 1689 1714 1757 quasi
1747 1699 1913 1750 ustas.
1946 1694 1999 1746 id
2027 1703 2111 1748 est

531 1782 721 1828 exusta
747 1784 801 1829 et
821 1776 989 1829 arida.
1019 1775 1154 1830 Nam
1180 1778 1329 1832 calor
1353 1780 1533 1834 aridus
1559 1791 1661 1837 est.

544 1912 549 1915 _
603 1867 767 1923 Inter.
806 1868 1113 1925 Autumnus
1140 1872 1281 1927 unde
1319 1874 1660 1943 appellatur?
1696 1876 1847 1946 Resp.
1885 1879 2113 1934 Autum-

533 1975 634 2014 nus
664 1975 694 2014 a
725 1970 1043 2031 tempestate
1077 1973 1319 2029 vocatus,
1358 1969 1572 2035 quando
1611 1977 1665 2024 et
1702 1970 1825 2026 folia
1858 1972 2111 2031 arborum

529 2050 747 2115 cadunt,
772 2062 826 2105 et
846 2055 1029 2108 omnia
1057 2065 1449 2112 maturescunt.

598 2138 765 2194 Inter.
799 2141 981 2199 lliems
1005 2161 1173 2215 quare
1197 2147 1431 2202 dicitur?
1464 2148 1617 2220 Resp.
1654 2151 1837 2210 Hiems
1866 2165 1947 2210 est
1971 2158 2110 2211 ratio

529 2232 787 2287 emisferii
834 2246 1137 2305 nuncupata
1180 2236 1335 2307 [Isid.
1380 2237 1620 2296 Hiemem
1664 2248 1842 2299 autem
1876 2248 2014 2302 ratio

530 2324 902 2396 nuncupavit].
936 2325 1101 2380 Inter.
1136 2327 1457 2394 Quomodo?
1495 2330 1649 2403 Resp.
1680 2334 1814 2400 Quia
1843 2345 1968 2390 tunc
1989 2336 2110 2393 bre—

528 2414 665 2468 vinri
702 2415 925 2471 solvitur
952 2416 1107 2489 [Isid.
1152 2419 1404 2493 volvitur]
1441 2422 1661 2478 circulo.
1712 2426 1861 2481 Unde
1909 2436 1963 2482 et
2004 2429 2109 2483 hoc

528 2515 739 2576 tempus
771 2509 961 2563 bruma
996 2511 1211 2576 dicitur,
1245 2514 1397 2582 quasi
1430 2514 1618 2569 braxin
1659 2515 1837 2587 [Isid.,
1873 2529 2107 2593 Βραχεῖα

527 2598 733 2674 ἡμέρα],
761 2602 813 2656 id
834 2610 916 2658 est
942 2602 1118 2657 brevis
1144 2621 1155 2657 :
1182 2604 1264 2659 vel
1292 2621 1321 2659 a
1346 2606 1488 2671 cibo,
1518 2609 1661 2676 quod
1688 2609 1859 2679 major
1885 2611 1956 2664 sit
1981 2621 2106 2666 tunc

524 2691 776 2747 vescendi
814 2695 1101 2763 appetitus.
1142 2695 1306 2749 Inter.
1346 2698 1461 2765 Qua
1500 2701 1740 2755 ratione?
1776 2702 1929 2773 Resp.
1970 2704 2108 2759 E-ia—

524 2783 660 2838 citas
689 2784 834 2839 enim
878 2784 1063 2842 Grtcce
1101 2788 1284 2841 bruma
1316 2791 1633 2859 appellatur.
1671 2794 1822 2849 Unde
1845 2805 1899 2850 et
1928 2797 2110 2850 inbra-

523 2876 655 2928 mati
682 2875 956 2941 dicuntur,
981 2878 1175 2947 quibus
1202 2879 1480 2936 fastidium
1502 2892 1586 2937 est
1612 2884 1873 2941 ciborum.

595 2965 763 3021 Inter.
800 2967 1070 3024 Hibernas
1104 2986 1270 3040 quare
1308 2973 1383 3030 ita
1417 2978 1678 3030 vocatur?
1717 2977 1871 3048 Resp.
1914 2977 2106 3044 Hiber,

523 3072 627 3109 nus
651 3064 828 3110 autem
869 3058 1010 3111 inter
1041 3060 1272 3115 hiemem
1302 3073 1356 3118 et
1384 3078 1628 3130 vernum,
1659 3068 1809 3135 quasi
1848 3067 2104 3122 hivernus

2222 520 2445 576 magnus
2481 510 2729 573 omnibus
2767 513 2994 582 planetis
3028 516 3080 569 in
3116 518 3363 573 eumdem
3400 520 3581 576 locum
3620 539 3809 580 recur-

2218 597 2478 661 rentibus,
2507 602 2649 670 quod
2678 602 2738 656 ﬂt
2758 614 2878 674 post
2902 622 3070 662 annos
3104 608 3415 665 solstitiales
3443 604 3730 681 plurimos.

2288 687 2453 744 Inter.
2497 691 2635 758 Quid
2659 703 2742 749 est
2766 711 2895 761 tera,
2925 698 3007 752 vel
3032 699 3153 767 quis
3178 716 3240 754 ea
3271 705 3600 760 constituit?
3639 707 3805 779 Resp.

2214 773 2348 832 Era
2394 780 2724 851 singulorum
2767 801 3026 849 annorum
3063 798 3146 843 est
3180 794 3471 849 constituta
3509 812 3539 850 a

2215 865 2477 937 Augusto,
2520 875 2733 940 quando
2782 877 3016 945 primum
3061 895 3223 935 censu
3276 887 3553 954 exagitata
3611 888 3803 960 [κάη

2217 970 2435 1013 censum
2465 964 2664 1033 exegit,
2696 965 2780 1037 ac]
2811 967 3111 1027 Romanum
3138 972 3327 1027 orbem
3348 977 3653 1047 descripsit.
3706 980 3809 1034 In-

2215 1056 2310 1101 ter.
2362 1050 2511 1117 Unde
2545 1055 2745 1109 dicitur
2780 1060 2930 1111 aera?
2965 1058 3120 1130 Resp.
3162 1061 3315 1117 Dicta
3354 1073 3437 1120 est
3471 1077 3654 1122 autem
3690 1085 3805 1124 aera

2215 1152 2281 1192 ex
2319 1156 2408 1209 eo,
2451 1145 2595 1213 quod
2637 1147 2813 1203 omnis
2857 1148 3003 1205 orbis
3036 1165 3111 1206 tes
3144 1153 3369 1209 reddere
3408 1156 3691 1213 professus
3720 1169 3810 1215 est

2214 1228 2541 1303 reipublicte.

2282 1322 2448 1394 429
2471 1324 2633 1381 Inter.
2658 1328 2915 1401 Olimpias
2938 1316 3080 1389 unde
3090 1316 3323 1391 dicitur?
3345 1338 3501 1410 Resp.
3533 1325 3807 1415 Olimpias

2214 1415 2355 1484 apud
2387 1415 2605 1472 Graecos
2633 1426 2717 1473 est
2741 1423 3033 1485 constituta
3062 1427 3199 1495 apud
3222 1427 3425 1483 Elidem
3448 1430 3677 1487 Gracia:
3724 1435 3805 1488 ci-

2213 1506 2439 1584 vitatem
2486 1508 2616 1563 Eliis
2663 1512 2941 1578 agentibus
2996 1528 3223 1582 agonem
3275 1526 3331 1571 et
3379 1520 3801 1591 quinquennale

2212 1604 2509 1663 certamen,
2534 1609 2767 1668 quatuor
2785 1603 2975 1658 mediis
3002 1605 3157 1660 annis
3198 1588 3560 1675 vacantibus;
3613 1621 3670 1666 et
3730 1614 3805 1668 ob

2214 1686 2316 1741 hoc
2344 1687 2552 1743 Elidum
2583 1693 2897 1748 certaminis
2924 1701 3134 1765 tempus
3182 1697 3527 1769 olimpiadem
3567 1720 3806 1761 vocave-

2139 1778 2185 1836 B
2215 1790 2357 1846 runt,
2416 1785 2769 1850 quadriennio
2817 1786 2873 1841 in
2910 1805 3018 1843 una
3043 1791 3332 1861 olimpiade
3370 1807 3681 1866 supputato.

2224 1872 2225 1875 “
2282 1874 2449 1929 Inter.
2478 1876 2616 1943 Quid
2638 1889 2722 1933 est
2745 1879 3004 1936 lustrum?
3028 1882 3183 1954 Resp.
3213 1885 3465 1941 Lustrum
3494 1900 3579 1944 est
3603 1904 3800 1960 pente-

2212 1964 2360 2029 tesis,
2415 1965 2468 2019 id
2497 1976 2601 2031 est,
2636 1970 3081 2040 quinquennium,
3113 1976 3256 2043 quod
3281 1978 3473 2046 quinto
3496 1994 3640 2035 anno
3661 1982 3799 2037 dicio

2211 2061 2300 2108 tur
2351 2057 2510 2111 condi
2563 2069 2787 2129 propter
2832 2061 3145 2133 olimpiades
3195 2081 3225 2118 a
3269 2066 3549 2123 Romanis.
3600 2070 3794 2128 Adhuc

2211 2145 2355 2197 enim
2380 2146 2659 2213 consules;
2690 2149 2865 2205 adhuc
2899 2167 3010 2206 non
3032 2160 3149 2207 erat
3170 2168 3299 2209 aera.
3335 2157 3429 2211 Est
3460 2160 3609 2214 enim
3634 2163 3795 2231 quin-

2209 2233 2481 2302 quennale
2511 2242 2739 2305 tempus.
2785 2234 2954 2293 Inter’.
3012 2240 3191 2308 Quare
3215 2244 3289 2297 ita
3320 2249 3579 2300 vocatur?
3632 2248 3790 2320 Resp.

2208 2322 2333 2379 Ideo
2366 2325 2510 2379 enim
2540 2327 2620 2381 sic
2644 2338 2885 2395 vocatur,
2937 2345 3003 2385 eo
3055 2335 3197 2401 quod
3231 2350 3397 2391 censu
3425 2354 3578 2407 snpel
3636 2342 3797 2410 quin-

2209 2414 2504 2483 quennium
2560 2416 2614 2470 in
2668 2418 2939 2488 republica
2980 2434 3198 2490 peracto
3239 2426 3368 2482 urbs
3389 2427 3563 2483 Roma
3596 2430 3799 2488 lustra-

2208 2502 2385 2559 batur.

2279 2592 2451 2648 Inter.
2507 2593 2761 2654 Jubeleus
2813 2603 2940 2671 quid
2970 2605 3393 2676 interpretatur?
3418 2609 3579 2682 Resp.
3615 2613 3793 2671 [nter-

2207 2691 2452 2752 pretatur
2474 2687 2618 2741 enim
2645 2691 2976 2748 remissionis
2999 2710 3189 2750 annus.
3243 2697 3341 2753 Est
3384 2702 3532 2755 enim
3556 2703 3791 2761 Hebrai-

2210 2789 2307 2828 cus
2346 2784 2401 2829 et
2445 2791 2624 2833 sermo
2662 2788 2716 2835 et
2745 2799 3021 2850 numerus,
3076 2789 3167 2855 qui
3220 2792 3458 2859 septenis
3513 2809 3793 2852 annorum

2209 2864 2611 2935 ebdomadibus,
2670 2872 2723 2926 id
2773 2882 2873 2939 est,
2922 2892 2988 2931 x1.
3050 2886 3105 2931 et
3149 2894 3203 2935 ix
3268 2882 3423 2937 annis
3472 2886 3699 2951 texitur,
3733 2888 3790 2942 in

2209 2956 2404 3024 quibus
2461 2960 2846 3031 clangehantur
2899 2969 3057 3033 tubae,
3114 2978 3170 3023 et
3210 2972 3278 3032 ad
3320 2988 3511 3030 omnes
3548 2988 3790 3032 reverte-

2210 3045 2369 3100 batur
2404 3051 2625 3121 antiqua
2661 3058 2949 3123 possessio,
3012 3060 3193 3116 debita
3242 3065 3686 3136 absolvebantur,
3736 3082 3790 3127 et
3828 3084 3833 3087 '

526 3143 710 3215 “Sid”
755 3146 1103 3221 hyevemusL
1155 3152 1246 3219 qui
1300 3153 1612 3223 plerumque
1660 3133 1692 3209 ἱί
1738 3167 1892 3225 parte
1936 3168 2104 3215 “nam
2132 3133 2177 3195 C
2211 3138 2670 3197 conﬁrmabantur
2722 3143 3017 3213 libertates.
3072 3151 3226 3221 liunc
3289 3172 3575 3212 numerum
3622 3164 3788 3217 etiam

524 3235 757 3290 hiemem
785 3238 1074 3307 signiﬁcat.
1118 3241 1285 3295 Inter.
1321 3243 1444 3298 llaec
1473 3254 1711 3315 tempora
1740 3250 1826 3303 cui
1856 3250 2109 3319 deputan-

522 3324 656 3376 tur?
696 3323 852 3395 Resp.
894 3326 1254 3395 Ascribuntur
1278 3333 1422 3386 enim
1449 3334 1672 3403 singulis
1696 3320 1936 3406 partibus
1960 3339 2102 3394 coeli.

523 3413 690 3469 Inter.
737 3416 1057 3483 Quomodo?
1104 3421 1256 3492 Resp.
1300 3424 1406 3479 Ver
1442 3425 1638 3496 quippe
1676 3429 1870 3485 orienti
1914 3430 2102 3497 datur,

523 3506 651 3574 quia
679 3514 807 3562 tunc
831 3523 896 3563 ex
930 3512 1087 3567 terris
1110 3514 1289 3571 omnia
1314 3516 1581 3591 oriuntur.
1628 3518 1810 3576 {Estas
1833 3537 1963 3577 vero
1990 3538 2109 3591 me-~

523 3597 754 3666 ridiano,
794 3615 860 3655 eo
910 3602 1053 3671 quod
1098 3620 1225 3673 pars
1270 3586 1387 3674 ejus
1426 3610 1605 3665 calore
1648 3610 1962 3683 ﬂagrantior
2010 3615 2100 3669 sit.

523 3688 709 3745 Hiems
742 3695 1132 3762 septemtrioni,
1167 3712 1233 3753 eo
1262 3700 1404 3768 quod
1433 3700 1724 3772 frigoribus
1758 3712 1813 3757 et
1845 3715 2105 3775 perpetuo

522 3781 645 3850 gelu
667 3792 863 3853 torpet.
893 3784 1200 3843 Autumnus
1223 3790 1470 3855 occiduo,
1493 3802 1715 3862 propter
1739 3794 1881 3862 quod
1911 3811 2105 3865 graves

522 3876 739 3937 morbos
767 3878 951 3932 habet.
1003 3880 1156 3937 Unde
1191 3890 1246 3937 et
1287 3891 1416 3938 tunc
1453 3886 1634 3939 omnia
1679 3884 1806 3939 folia
1851 3887 2103 3940 arborum

523 3966 783 4024 deﬂuunt.
824 3970 894 4028 Ut
925 3980 1103 4026 autem
1134 3982 1425 4030 autumnus
1450 3975 1684 4030 abundet
1715 3978 1937 4043 morbis,
1976 3980 2104 4034 facit

521 4061 626 4116 hoc
645 4061 936 4118 conﬁnium
961 4063 1179 4136 frigoris
1208 4076 1263 4121 et
1284 4068 1477 4124 caloris
1507 4079 1562 4124 et
1590 4072 2006 4142 compugnamia
2028 4073 2107 4126 in?

522 4163 609 4209 tra
629 4170 688 4211 se
713 4158 1107 4214 contrariorum
1131 4177 1338 4216 aerum.

543 4284 547 4288 ~
596 4245 762 4302 Inter.
801 4248 989 4306 Annus
1016 4252 1144 4320 quid
1177 4254 1300 4308 est?
1337 4253 1491 4325 Resp.
1527 4254 1715 4311 Annus
1739 4265 1823 4312 est
1852 4257 1979 4313 solis
2008 4273 2104 4312 an-

522 4339 746 4405 fractus,
771 4358 892 4396 cum
921 4345 1154 4413 peractis
1184 4355 1267 4400 ter
1301 4357 1516 4403 centum
1552 4350 1827 4419 sexaginta
1867 4351 2105 4420 quinque

523 4430 711 4485 diebus
734 4433 801 4485 ad
831 4436 1018 4487 eadem
1044 4435 1160 4489 loca
1184 4437 1416 4491 siderum
1446 4439 1602 4493 redit.
1638 4440 1802 4493 Inter.
1846 4439 1995 4494 Unde
2023 4440 2105 4494 di-

522 4519 665 4576 citur
688 4524 904 4577 annus?
936 4524 1089 4595 Resp.
1119 4526 1306 4582 Annus
1330 4529 1504 4585 dictus
1530 4539 1631 4595 est,
1662 4532 1784 4599 quia
1823 4531 2099 4587 mensibus

523 4613 581 4667 in
609 4628 667 4668 se
691 4617 1089 4674 recurrentibus
1116 4619 1366 4674 volvitur.
1406 4621 1559 4677 Unde
1589 4633 1643 4676 et
1667 4624 1915 4688 annulus,
1942 4626 2096 4694 quasi

522 4716 751 4768 annuus,
784 4704 837 4759 id
857 4713 959 4771 est,
988 4707 1246 4773 circulus,
1272 4711 1414 4779 quod
1439 4712 1491 4764 in
1522 4727 1580 4766 se
1610 4713 1811 4768 redeat.
1863 4715 2015 4771 Unde
2043 4726 2098 4772 et

523 4791 778 4864 Virgilius
801 4793 1008 4869 (Georg.
1038 4816 1098 4865 ιι,
1128 4799 1254 4871 402)
1281 4818 1293 4855 :

646 4928 809 4993 Atque
836 4932 887 4980 in
909 4943 964 4982 se
984 4945 1074 4983 sua
1099 4947 1187 4997 per
1209 4939 1419 5000 vestigia
1445 4939 1655 4991 volvitur
1674 4953 1847 4990 annus.

523 5051 616 5108 Sic
642 5053 785 5108 enim
821 5058 962 5126 apud
1005 5058 1286 5131 Egyptios
1322 5064 1662 5121 indicabatur
1692 5077 1816 5121 ante
1852 5070 2099 5125 inventas

522 5144 748 5212 litteras,
775 5149 920 5218 picto
949 5151 1180 5209 dracone
1205 5157 1430 5211 caudam
1460 5174 1611 5214 suam
1644 5162 1945 5225 mordente,
1971 5164 2099 5230 quia

520 5234 576 5288 in
599 5250 655 5290 se
682 5240 934 5294 recurrit.
978 5242 1083 5297 Alii
1122 5259 1321 5298 annum
1362 5248 1547 5303 dicunt
1580 5250 1937 5319 apotilanistai
1974 5251 2100 5323 [ἀπὸ

521 5334 609 5381 τοῦ
639 5331 1015 5404 ἀνανεούσθαι],
1050 5334 1104 5389 id
1142 5345 1245 5403 est,
1291 5338 1360 5391 ab
1400 5338 1765 5406 innovatione,
1810 5351 2101 5397 renovatur

521 5420 665 5475 enim
691 5439 920 5495 semper.
1416 5430 1423 5438 ’

600 5509 765 5568 Inter.
808 5515 946 5583 Quot
984 5528 1111 5573 sunt
1140 5521 1295 5575 aliter
1323 5538 1586 5577 annorum
1619 5528 1901 5595 tempora?
1940 5526 2097 5597 Resp.

519 5605 795 5661 Annorum
827 5616 1068 5678 tempora
1102 5611 1202 5664 tria
1237 5622 1380 5665 sunt.
1429 5612 1593 5666 Inter.
1629 5613 1758 5680 Quae
1792 5625 1916 5669 sunt
1944 5617 2100 5671 haec?

524 5695 679 5766 Resp.
723 5700 828 5756 Aut
851 5702 993 5757 enim
1027 5704 1229 5760 lunaris
1252 5715 1332 5761 est
1362 5722 1551 5773 annus,
1592 5709 1681 5777 qui
1712 5709 1950 5766 continet
1985 5712 2099 5766 dies

2208 3229 2265 3283 in
2320 3232 2507 3289 diebus
2548 3236 2893 3295 Pentecostes
2926 3251 2982 3297 et
3010 3244 3109 3312 ipsi
3147 3246 3482 3305 celebramus
3538 3264 3661 3321 post
3693 3253 3787 3309 Do-

2206 3320 2339 3375 mini
2389 3328 2863 3396 resurrectionem,
2910 3334 3136 3389 remissa
3160 3336 3317 3407 culpa
3348 3348 3403 3392 et
3429 3320 3594 3396 totius
3624 3344 3788 3398 debiti

2205 3410 2474 3482 cirografo
2537 3414 2944 3493 [chirographo]
3008 3436 3269 3483 evacuato
3333 3429 3401 3483 ab
3450 3433 3598 3486 omni
3650 3449 3787 3488 nexu

2205 3498 2394 3567 liberi,
2454 3507 2810 3576 suscipientes
2867 3514 3241 3583 advenientem
3301 3518 3355 3573 in
3404 3536 3504 3575 nos
3557 3525 3785 3592 gratiam

2208 3589 2438 3666 Spiritus
2478 3599 2668 3652 sancti.
2712 3598 2835 3669 ll.ec
2882 3618 3053 3681 pauca
3105 3608 3198 3662 tibi
3229 3610 3296 3664 de
3326 3589 3632 3681 temporum
3697 3630 3787 3669 ra-

2206 3678 2355 3734 tione
2402 3684 2634 3751 prolata,
2673 3680 2965 3759 quousque
3006 3692 3213 3762 majora
3270 3678 3644 3767 proferantur,
3680 3703 3787 3759 suf-

2207 3769 2412 3835 ﬂciant.

2837 3874 3064 3932 CAPUT
3105 3878 3210 3933 Vll.

2631 3980 2697 4019 DE
2728 3982 2924 4021 VETERI
2966 3985 3340 4029 TESTAIIENTO.

2227 4105 2230 4108 .
2275 4068 2540 4136 Quoniam
2566 4076 2747 4130 omnia
2808 4092 2907 4147 per
2935 4081 3180 4137 diversas
3212 4092 3524 4154 temporum
3574 4105 3786 4149 succes-

2206 4158 2388 4215 siones
2423 4160 2492 4216 ab
2529 4164 2687 4219 initio
2741 4176 3003 4224 creatura:
3051 4183 3201 4242 gesta
3237 4184 3401 4244 atque
3454 4184 3780 4253 conscripta,

2205 4252 2445 4307 maxime
2562 4254 2756 4312 Vetere
2791 4259 3140 4319 Testamento
3192 4279 3485 4323 narrantur
3534 4252 3698 4343 atque
3720 4276 3788 4330 ιε.

2206 4350 2422 4411 guntur,
2452 4344 2652 4401 idcirco
2674 4349 2717 4402 si
2744 4349 2890 4415 libet,
2917 4362 3076 4421 prout
3102 4370 3245 4410 nunc
3265 4363 3527 4425 occurrit,
3556 4362 3785 4434 dispute-

2207 4449 2328 4487 mus
2349 4436 2491 4490 inter
2514 4453 2630 4503 nos,
2682 4455 2801 4509 quae
2826 4443 3112 4501 diversitas
3140 4458 3302 4519 atque
3331 4452 3710 4523 multiplicius
3730 4458 3781 4511 in

2205 4524 2395 4579 eodem
2421 4526 2766 4584 Testamento
2794 4532 3075 4588 habeatur.

2277 4615 2442 4670 Inter.
2505 4618 2572 4672 Et
2595 4621 2721 4690 quia
2744 4622 2858 4676 hzee
2887 4624 2958 4678 ita
2993 4637 3246 4697 aguntur,
3291 4631 3377 4685 dic
3406 4634 3565 4699 mihi,
3628 4636 3781 4692 Vetus

2206 4706 2607 4763 Testamentum
2640 4727 2809 4779 quare
2843 4714 3096 4768 dicatur?
3120 4716 3276 4785 Resp.
3310 4718 3475 4776 Vetus
3510 4727 3656 4779 enim
3688 4725 3780 4780 τιι

2203 4808 2529 4856 stamentum
2545 4814 2786 4868 vocatur,
2811 4806 2937 4873 quia
2955 4808 3203 4862 veniente
3228 4809 3377 4865 Novo
3403 4818 3663 4881 cessavit,
3688 4818 3779 4871 sic-

2204 4899 2264 4942 ut
2299 4890 2374 4944 ait
2402 4891 2690 4961 Apostolus
2724 4914 2736 4948 :
2791 4895 2971 4950 Vetera
3012 4902 3330 4956 transierunt
3366 4914 3413 4958 et
3456 4923 3575 4961 ecce
3612 4910 3776 4963 omnia

2203 4980 2347 5049 facta
2393 4994 2513 5037 sunt
2544 5002 2676 5040 nova
2732 4986 2815 5057 (II
2844 4986 2966 5042 Cor.
2995 5005 3049 5055 v,
3086 4991 3196 5063 l7).

2274 5071 2441 5128 Inter.
2470 5074 2635 5131 Vetus
2666 5078 3070 5136 Testamentum
3102 5084 3159 5137 in
3188 5096 3320 5154 quot
3351 5087 3506 5143 libris
3535 5092 3771 5146 dinume-

2205 5165 2387 5218 ratur?
2441 5165 2593 5237 Resp.
2632 5167 2688 5220 ln
2719 5184 2838 5223 xcv.
2893 5169 3061 5225 Inter.
3108 5172 3353 5240 Qomodo
3402 5180 3774 5235 nominantur?

2203 5254 2356 5324 Resp.
2409 5254 2654 5321 Genesis,
2681 5257 2918 5325 Exodus,
2952 5259 3242 5327 Leviticus,
3297 5265 3592 5335 Numerus,
3649 5269 3773 5323 Deu-

2205 5346 2556 5411 teronomius,
2585 5346 2766 5416 Josue,
2796 5348 3066 5417 Iudicum,
3098 5354 3262 5420 Ruth,
3299 5357 3445 5412 Libri
3480 5359 3682 5429 Regum
3706 5376 3766 5419 IV.

2202 5435 2673 5506 Paralipomenon,
2695 5439 2818 5507 Job,
2847 5441 3189 5513 Psalterium,
3214 5446 3655 5515 Proverbiorum,
3684 5450 3764 5504 Ec.

2201 5530 2511 5596 clesiastes,
2582 5532 2862 5589 Canticum
2907 5534 3287 5603 Canticorum,
3349 5540 3494 5602 Libri
3548 5544 3773 5615 Prophe-

2204 5632 2380 5676 tarum
2414 5640 2520 5685 ενι,
2575 5624 2726 5689 Tobi,
2767 5627 2971 5693 Judith,
3018 5629 3212 5685 Hester
3267 5642 3319 5686 et
3346 5634 3765 5691 Machabeorum.

2273 5712 2435 5768 Inter.
2496 5716 2725 5772 Prolatis
2750 5720 2985 5779 numeris
3041 5722 3169 5790 quid
3223 5724 3276 5777 in
3320 5741 3644 5798 unoquoque
3683 5739 3767 5779 ω-
