4038 6354
237 288 377 348 1121

1143 289 1291 344 ODP.
1333 289 1558 345 DUBIA.
1598 320 1667 329 —
1704 289 2114 348 DISPUTATIO
2148 290 2553 350 PUERORUM.

3343 298 3484 361 ms
3542 294 3575 369 ᾖ

236 421 357 462 rum
411 401 777 474 principaliter
839 402 1202 466 contineatur,
1262 402 1411 458 brevi
1456 416 1706 456 sermone
1751 410 1809 456 ut
1837 405 1884 466 Β
1915 403 2010 459 Dei
2051 404 2117 458 ad
2151 419 2275 459 eum
2295 419 2394 476 per
2420 406 2707 474 turbinem,
2734 416 2788 463 et
2820 408 3018 479 'duple'x
3041 409 3157 479 ejus
3184 411 3238 467 in
3266 410 3370 469 fine
3401 430 3487 470 re-

235 494 369 551 mihi
402 494 633 563 aperias,
667 493 910 547 obsecro.
940 491 1093 562 Resp.
1123 491 1291 545 Prout
1321 491 1551 545 Domino
1572 490 1808 546 donante

234 586 412 649 valeo,
441 584 653 639 faciam.

307 675 473 729 Inter.
509 675 600 728 Dic
628 689 756 744 ergo
778 674 929 739 mihi,
955 673 1083 743 quid
1118 675 1456 729 contineatur
1489 675 1543 728 in
1568 673 1811 729 Genesi?

238 767 396 837 Resp.
443 779 467 806 ι
520 766 839 820 Continetur
857 766 1001 820 enim
1037 766 1089 819 in
1121 781 1187 820 eo
1214 766 1417 820 fabrica
1445 764 1648 829 mundi,
1683 779 1812 817 con-

236 860 370 914 ditio
428 858 681 922 hominis,
707 857 1071 922 cataclismus,
1114 858 1306 912 divisio
1338 867 1517 921 terrai,
1564 855 1812 911 confusio

232 948 559 1018 linguarum,
606 958 661 1003 et
692 956 843 1015 gesta
872 949 1114 1002 omnium
1171 948 1614 1003 Patriarcharum
1642 963 1812 1017 usque

234 1040 303 1095 ad
338 1040 726 1110 ingressionem
764 1038 927 1092 Israel
964 1040 1019 1093 in
1066 1038 1381 1110 Egyptum.

305 1150 473 1204 Inter.
510 1150 646 1217 Quid
676 1150 730 1204 in
756 1150 977 1204 Exodo?
1006 1149 1163 1219 Resp.
1194 1150 1526 1206 Hebreorum
1552 1149 1808 1213 servitus,

233 1240 391 1310 plaga
440 1240 681 1311 Aigypti,
755 1255 1008 1310 egressus
1054 1240 1255 1309 populi,
1312 1242 1575 1310 protectio
1632 1240 1811 1307 nubis,

236 1330 497 1384 transitus
525 1329 693 1384 maris
725 1328 915 1393 Rubri,
949 1344 1162 1384 mersus
1182 1329 1499 1396 Pharaonis,
1533 1330 1697 1401 gloria
1723 1330 1816 1386 de-

234 1422 560 1477 cantationis
604 1420 791 1492 ~[Isid.,
856 1422 1039 1492 gloriae
1089 1420 1442 1493 decantatio],
1489 1436 1816 1490 congressus

233 1513 424 1577 eremi,
476 1511 625 1566 cibus
656 1526 884 1576 manum,
937 1510 1134 1565 ﬂuenta
1165 1511 1222 1565 in
1253 1510 1589 1565 dulcedinem
1634 1526 1813 1578 versa,

231 1618 410 1672 pugna
435 1601 715 1666 Amalech,
742 1603 994 1657 mandata
1018 1602 1276 1671 decalogi,
1302 1603 1464 1657 archa
1486 1604 1815 1669 testamenti,

231 1698 290 1746 et
317 1690 584 1746 dedicatio
638 1690 972 1745 tabernaculi
994 1702 1050 1745 et
1078 1691 1383 1745 oblationis.

296 1796 468 1856 Inter.
525 1801 664 1868 Quid
723 1801 776 1855 in
828 1801 1100 1855 Levitico?
1150 1800 1303 1870 Resp.
1360 1801 1472 1856 Lex
1519 1801 1813 1857 sacriﬁcio-

230 1907 357 1945 rum
391 1900 448 1945 et
474 1892 773 1945 hostiarum
803 1891 1107 1955 diversitas,
1141 1891 1448 1945 indumenta
1474 1891 1817 1961 pontificum,

231 1986 538 2041 ministeria
561 1986 864 2049 levitarum,
911 1986 1156 2039 ciborum
1202 1985 1477 2048 discretio,
1526 1984 1813 2039 diversitas

229 2077 574 2146 populorum,
602 2078 1057 2146 purgationesque
1078 2078 1378 2131 hostiarum
1410 2076 1592 2147 [Isid.,
1622 2087 1817 2146 purga-

233 2166 506 2235 tionisque
533 2166 615 2219 Vel
648 2163 878 2235 hostiae].

304 2252 469 2309 Inter.
518 2254 656 2322 Quid
684 2255 735 2308 in
773 2254 1009 2307 Numero
1030 2256 1055 2306 ?
1089 2253 1241 2324 Resp.
1292 2255 1545 2325 Egressio
1579 2254 1812 2309 tribuum

230 2360 300 2400 ex
322 2343 575 2417 Egypto,
632 2354 686 2399 et
709 2361 773 2399 xc
800 2345 1028 2398 duarum
1057 2360 1153 2414 per
1181 2360 1421 2399 eremum
1471 2345 1811 2399 mansionum

231 2445 593 2492 sacramenta.

304 2528 472 2583 Inter.
500 2528 639 2595 Quid
669 2528 722 2581 in
748 2526 1201 2581 Deuteronomio?
1233 2525 1391 2597 Resp.
1420 2526 1814 2596 Recapitulatio

228 2619 387 2692 legis,
418 2628 472 2674 et
499 2620 700 2683 omnia,
752 2633 872 2687 quae
905 2618 1045 2671 inter
1072 2616 1271 2681 Farau,
1310 2625 1364 2671 et
1406 2616 1601 2681 Oheth,
1646 2628 1697 2671 et
1723 2618 1819 2672 La-

231 2709 363 2775 ban,
388 2708 683 2763 etAsaroth
700 2723 869 2775 usque
884 2708 951 2760 ad
973 2704 1332 2761 Cadesbarna':
1351 2705 1568 2761 fuerunt
1586 2724 1615 2760 a
1637 2708 1817 2777 Moyse

231 2798 429 2869 populo
464 2798 588 2852 data
627 2796 807 2867 [I3id.,
850 2796 1124 2867 mandata]
1165 2805 1325 2864 atque
1373 2797 1655 2865 promissa,
1704 2814 1819 2851 ma-

232 2890 546 2945 ledictiones
571 2896 914 2957 peccatorum
942 2896 995 2941 et
1019 2887 1401 2957 promissiones
1430 2888 1814 2953 beatitudinis;

232 2981 308 3035 ibi
340 2980 487 3034 canit
521 2980 793 3033 canticum
834 2977 1063 3048 Moyses,
1128 2977 1199 3031 ibi
1245 2978 1335 3032 dat
1386 2977 1818 3033 benedictionem

231 3070 360 3126 ﬁliis
395 3070 573 3134 lsrael,
603 3069 696 3134 ibi,
736 3077 878 3123 terra
904 3067 1337 3138 repromissionis
1360 3078 1671 3136 conspecta,
1705 3084 1820 3122 mo-

231 3162 377 3215 ritur
410 3172 463 3215 et
486 3160 763 3230 sepelitur.

306 3252 471 3307 Inter.
520 3253 659 3319 Quid
682 3253 736 3305 in
772 3250 895 3306 Iesu
927 3250 1109 3305 Nave?
1168 3250 1325 3321 Resp.
1376 3249 1660 3304 Transitus
1699 3244 1820 3304 ιῐοιν⁸

232 3344 394 3401 danis
431 3342 662 3398 ﬁliorum
697 3343 862 3397 Israel
897 3352 950 3397 et
1002 3342 1344 3397 circumcisio
1384 3340 1637 3404 secunda,
1690 3341 1819 3394 sub-

230 3436 414 3489 versio
452 3435 883 3497 Chananeorum,
908 3418 909 3421 η
934 3443 989 3488 et
1018 3434 1211 3487 divisio
1262 3443 1422 3486 terr-.e
1463 3446 1672 3497 eorum,
1721 3449 1821 3487 nec

234 3540 343 3578 non
372 3533 427 3578 et
462 3525 749 3578 lizereditas
774 3532 920 3576 sorte
953 3532 1225 3592 suscepta.

307 3616 477 3670 Inter.
517 3614 652 3681 Quid
704 3615 756 3668 in
796 3615 934 3668 libro
986 3611 1267 3667 Iudicum?
1328 3613 1478 3682 Resp.
1505 3613 1736 3669 Peccata
1767 3626 1822 3672 et

233 3707 466 3762 servitus
490 3705 673 3770 Israel,
691 3705 1107 3789 exclamationes
1144 3706 1344 3775 pepuli,
1368 3718 1421 3762 et
1448 3705 1823 3761 miserationes

234 3797 331 3851 Dei
359 3797 425 3850 ad
448 3811 590 3850 eum.

310 3885 475 3939 Inter.
515 3885 652 3953 Quid
692 3888 744 3940 in
796 3887 974 3940 Ruth?
1011 3886 1160 3956 Resp.
1209 3886 1440 3943 Historia
1494 3890 1819 3954 Moabitidis,

233 3977 304 4031 de
337 3976 490 4046 cujus
512 3978 679 4047 stirpe
708 3978 983 4032 descendit
1012 3978 1196 4032 David.

312 4087 476 4142 Inter.
527 4088 664 4154 Quid
705 4088 755 4140 in
811 4088 1049 4159 Regum?
1107 4088 1260 4159 Resp.
1317 4090 1598 4146 Transitus
1645 4093 1822 4146 arclue

235 4179 522 4235 dominicas
560 4195 589 4232 a
631 4177 828 4233 Iudaeis
856 4181 923 4234 ad
952 4190 1157 4249 gentes,
1195 4182 1552 4236 sacerdotium
1587 4182 1725 4247 Heli,
1770 4193 1818 4240 et

238 4273 293 4324 in
330 4270 497 4323 David
534 4270 818 4339 imperium
853 4271 996 4340 regis
1034 4270 1233 4337 Saulis,
1272 4281 1420 4341 gesta
1460 4288 1644 4342 regum
1674 4272 1823 4328 Iudae

235 4372 293 4416 et
339 4361 724 4423 lsraelitarum,
782 4363 1020 4430 gentium
1066 4362 1470 4433 transmigratio
1518 4380 1732 4434 quoque
1757 4366 1823 4419 ab

235 4466 426 4506 errore
459 4450 773 4506 idololatrim
799 4454 959 4506 Israel
991 4454 1042 4506 in
1067 4454 1308 4517 Assiriis,
1336 4464 1390 4509 et
1435 4454 1695 4510 adventus
1720 4455 1824 4510 Na—

238 4542 617 4612 hugodonosor
671 4543 723 4596 in
787 4543 1152 4609 Hierusalem,
1208 4545 1321 4598 sive
1379 4545 1543 4598 etiam
1598 4546 1822 4615 captivi-

240 4642 324 4687 tas
376 4634 677 4704 principum
732 4652 793 4688 ac
842 4636 1053 4706 populi,
1094 4649 1147 4691 et
1209 4637 1491 4692 subversio
1548 4638 1695 4691 urbis
1741 4640 1822 4693 vel

242 4723 451 4792 templi.

313 4813 479 4865 Inter.
524 4813 659 4880 Quid
683 4816 735 4867 in
764 4810 1243 4885 Paralipomenon?
1298 4816 1450 4887 Resp.
1480 4817 1625 4871 Ordo
1664 4832 1825 4888 ganea

239 4908 512 4961 rationum
543 4916 596 4962 et
628 4917 947 4979 temporum,
975 4921 1029 4965 et
1064 4922 1372 4967 sanctarum
1422 4913 1823 4984 Scripturarum

237 4997 492 5061 eruditio,
532 5010 631 5054 nec
676 5012 779 5054 non
820 5011 873 5055 et
924 5002 1181 5072 quidquid
1237 5005 1290 5057 in
1340 5005 1565 5059 historia
1618 5004 1828 5059 Veteris

239 5082 574 5144 Testamenti
604 5092 803 5145 omissa
833 5104 978 5157 sunt,
1032 5103 1122 5147 aut
1149 5095 1378 5151 fertasse‘
1410 5114 1516 5151 non
1554 5098 1707 5166 plene
1742 5098 1825 5150 di—

236 5187 413 5249 gesta,
443 5180 497 5234 in
536 5181 655 5256 isto_
670 5183 980 5236 summatim
1005 5200 1068 5238 ac
1104 5185 1343 5240 breviter
1373 5189 1637 5257 explicata
1680 5196 1824 5242 sunt.

314 5291 480 5346 Inter.
529 5292 666 5360 Quid
720 5294 771 5348 in
803 5278 944 5348 Iob?
1012 5295 1163 5368 Resp.
1211 5299 1463 5368 Ejusdem
1506 5300 1681 5354 sancti
1726 5300 1829 5353 viri

238 5384 460 5447 damna,
504 5383 708 5449 funera,
732 5385 815 5439 vel
860 5385 1086 5455 ﬂagella,
1124 5399 1179 5442 et
1208 5391 1597 5445 contumeliosa
1636 5406 1831 5445 conso-

238 5470 475 5526 lantium
522 5462 666 5528 dicta
708 5492 720 5527 :
765 5474 998 5529 lamenta
1059 5492 1274 5547 quoque
1332 5480 1472 5548 ejus,
1540 5481 1591 5533 in
1635 5480 1831 5549 quibus

244 5565 412 5618 totius
474 5566 657 5619 mundi
704 5567 943 5636 deplorat
973 5569 1267 5633 miseriam,
1320 5571 1618 5625 consolatio
1667 5572 1829 5625 etiam

318 5691 344 5719 ι
383 5676 531 5744 lsid.,
574 5678 695 5734 libr.
734 5679 1150 5747 Prommiorum,
1179 5700 1206 5736 a
1233 5699 1337 5753 quo
1369 5684 1418 5737 in
1468 5683 1648 5738 multis
1672 5684 1863 5740 :lill'ert.

1909 494 2232 549 muneratio.
3480 548 3485 553 .

1981 582 2147 637 Inter.
2197 584 2336 650 Quid
2380 584 2434 640 in
2487 586 2623 642 libro
2663 586 3031 644 Psatmorum?
3092 590 3247 660 Resp.
3302 580 3487 649 Conti-

1910 680 2107 726 nentur
2140 673 2283 726 enim
2325 674 2379 727 in
2414 689 2480 729 eo
2517 676 2799 747 allegorice
2843 693 2907 731 ac
2944 682 3119 749 tvpice
3148 692 3487 739 sacramenta

1911 761 2140 832 signata,
2159 763 2252 816 sed
2274 764 2580 834 specialiter
2593 768 2864 832 nativitas,
2883 771 3063 838 passio
3085 778 3139 825 et
3164 782 3491 827 resurrectio

1913 849 2134 904 Christi.
3460 852 3463 853 '

1987 939 2154 993 Inter.
2204 940 2342 1008 Quid
2391 942 2444 996 in
2488 942 2640 998 libris
2675 944 3014 1003 Salomonis?
3068 948 3225 1020 Resp.
3280 950 3336 1005 In
3359 951 3491 1010 Prcv

1912 1028 2111 1082 verbiis
2134 1029 2277 1083 enim
2304 1031 2527 1086 moralia
2555 1033 2753 1089 docens
2781 1051 2878 1105 per
2925 1053 3262 1095 communem
3298 1056 3492 1110 quem-

1915 1117 2038 1172 dam
2082 1118 2331 1188 loquendi
2374 1136 2530 1175 usum
2570 1123 2814 1178 altiorem
2850 1127 3256 1196 intelligentiam
3301 1132 3489 1198 edidit,

1915 1217 1970 1261 et
1996 1209 2457 1265 conservationem
2494 1213 2888 1281 mandatorum,
2914 1217 2995 1271 vel
3043 1220 3300 1275 doctrinm
3327 1222 3491 1276 cmle»

1916 1300 2013 1354 stis
2046 1300 2435 1355 institutionem
2478 1302 2730 1358 brevibus
2782 1307 3065 1361 sententiis
3103 1311 3391 1379 coaptavit.
3431 1310 3491 1365 In

1916 1388 2239 1446 Ecclesiaste
2260 1407 2388 1447 vero
2410 1408 2594 1448 rerum
2627 1403 2877 1450 naturam
2903 1398 3198 1454 discutiens
3217 1409 3273 1457 et
3296 1412 3494 1458 cuncta

1916 1477 1969 1532 in
2001 1480 2201 1535 mundo
2231 1482 2431 1536 caduca
2466 1492 2520 1538 et
2543 1499 2677 1538 vana
2700 1501 2821 1541 esse
2869 1490 3232 1557 reprehendit,
3282 1507 3494 1547 rerum-

1918 1584 2022 1638 que
2050 1570 2291 1624 omnium
2328 1570 2614 1642 fragilitate
2635 1587 2918 1645 perspecta
2951 1581 3260 1635 renuntiare
3289 1581 3492 1636 mundo

1918 1659 2213 1715 admonuit.
2276 1661 2332 1715 in
2387 1662 2623 1720 Canticis
2668 1666 3008 1723 Canticorum
3059 1685 3144 1734 ea,
3204 1688 3322 1741 quae
3370 1683 3499 1730 sunt

1845 1765 1889 1825 Β
1918 1749 2155 1804 caelestia
2182 1752 2276 1805 vel
2332 1752 2511 1808 divina
2558 1757 2660 1811 sub
2701 1757 2880 1827 specie
2925 1762 3109 1829 sponsi
3154 1771 3208 1816 et
3264 1778 3496 1834 sponsae,

1916 1837 2078 1908 430
2102 1839 2302 1896 Christi
2340 1843 2699 1917 Ecclesimque
2735 1850 3000 1904 unitatem
3047 1851 3289 1907 declarat
3334 1864 3498 1925 atque

1917 1932 2154 1987 animam
2176 1935 2241 1989 ad
2258 1950 2495 1993 amorem
2518 1940 2819 1996 caelestium
2837 1944 3081 1999 excitans
3098 1946 3164 1999 ad
3179 1949 3500 2016 pervenien-

1917 2020 2042 2075 dum
2071 2024 2137 2078 ad
2163 2028 2491 2081 consortium
2519 2029 2612 2084 Dei
2636 2040 2911 2100 provocat.

1989 2112 2157 2168 Inter.
2207 2117 2345 2184 Quid
2379 2120 2432 2173 in
2458 2120 2776 2191 Prophetis?
2821 2123 2969 2194 Resp.
2996 2126 3312 2197 Quanquam
3332 2130 3500 2186 multa

1918 2202 2146 2258 obscura
2183 2208 2236 2259 in
2261 2208 2339 2261 eis
2394 2209 2661 2280 legantur,
2727 2216 2972 2281 quaedam
2998 2231 3063 2270 ex
3104 2219 3184 2272 eis
3239 2220 3335 2275 tibi
3371 2237 3497 2292 pro-

1919 2292 2063 2349 ferre
2086 2312 2190 2351 non
2226 2299 2523 2369 denegabo.
2578 2302 2745 2357 Inter.
2776 2306 2873 2360 Dic
2905 2323 3053 2378 ergo,
3088 2310 3234 2378 quid
3263 2312 3314 2365 in
3340 2313 3498 2369 Esaia

1917 2383 2088 2439 debeo
2152 2387 2516 2458 intelligere?
2574 2391 2732 2463 Resp.
2803 2394 3229 2454 Occultationem
3294 2401 3503 2457 alarum

1918 2472 2145 2528 duorum
2195 2475 2459 2548 Seraphin
2490 2480 2795 2536 sedentium
2819 2484 2872 2538 in
2901 2487 3094 2541 throno
3118 2487 3210 2542 Dei
3292 2498 3346 2545 et
3376 2499 3501 2560 post

1916 2564 2180 2621 visionem
2231 2566 2381 2623 Judte
2443 2579 2497 2625 et
2557 2571 2896 2629 Hierusalem
2963 2576 3223 2632 adversus
3276 2588 3503 2635 caeteras

1918 2663 2125 2721 gentes,
2175 2672 2293 2726 quae
2321 2659 2373 2712 in
2398 2660 2625 2714 circuitu
2654 2660 2770 2729 ejus
2818 2674 2961 2732 sunt,
3017 2666 3339 2737 [prophetize
3369 2684 3501 2724 con-

1918 2743 2082 2796 vertit
2115 2759 2438 2811 sermonem,
2469 2748 2543 2819 et]
2573 2752 2868 2806 secundum
2919 2754 3234 2822 qualitatem
3257 2757 3498 2812 locorum

1920 2843 1973 2887 et
2002 2834 2371 2889 diversitatem
2399 2838 2521 2890 vita:
2558 2839 2718 2905 mala,
2751 2856 2871 2910 quae
2918 2844 2998 2897 eis
3036 2853 3260 2899 ventura
3293 2855 3499 2913 essent,

1922 2925 2220 2991 denuntiat,
2280 2937 2479 2997 etpost
2503 2932 2870 2999 captivitatem
2900 2930 3240 2990 Hierusalem
3289 2937 3502 2993 ruinam

1920 3014 2222 3085 Babylonia:
2266 3020 2643 3076 comminatur.
2703 3022 2905 3079 Deinde
2955 3041 3142 3080 necem
3193 3027 3505 3095 Philistiim,

1844 3105 1893 3167 ϐ
1926 3110 2280 3164 vastationem
2334 3109 2507 3176 Moab,
2543 3116 2924 3170 exterminium
2977 3116 3246 3184 Damasci,
3286 3118 3507 3190 ZEgypli

1924 3201 2360 3267 commotionem,
2387 3210 2442 3257 et
2468 3203 2810 3259 solitudinem
2832 3207 3001 3261 maris
3024 3207 3243 3273 deserti,
3270 3209 3508 3264 obsidio-

1924 3310 2045 3348 nem
2079 3310 2289 3364 quoque
2317 3296 2506 3359 Edoni,
2542 3295 2724 3367 fugam
2748 3309 2801 3352 et
2836 3300 3117 3354 interitum
3146 3300 3380 3365 Arabiae,
3411 3316 3509 3355 ex-

1924 3385 2122 3439 ciiium
2173 3385 2327 3439 vallis
2366 3385 2517 3451 Sion,
2559 3388 2971 3443 subversionem
3014 3390 3178 3443 etiam
3208 3390 3355 3461 Tyri.

1993 3475 2160 3529 Inter.
2195 3477 2332 3542 Quid
2366 3478 2416 3530 in
2444 3475 2751 3533 Hieremia?
2806 3479 2961 3550 Resp.
2994 3479 3219 3534 Locutio
3256 3481 3505 3549 simplex,

1924 3565 2227 3619 intellectus
2259 3565 2455 3632 facilis,
2507 3567 2738 3622 imitatio
2768 3570 3029 3638 corporis,
3070 3578 3124 3623 et
3152 3570 3204 3622 in
3242 3571 3509 3639 passioni-

1924 3656 2024 3710 bus
2079 3656 2191 3710 suis
2250 3657 2426 3726 imago
2486 3659 2807 3727 exprimitur
2850 3659 3246 3729 Redemptoris,
3289 3659 3507 3715 destru-

1924 3748 2032 3800 ctio
2074 3748 2223 3816 regni
2256 3746 2469 3811 diaboli,
2522 3757 2578 3801 et
2600 3747 2886 3803 aedificatio
2916 3749 3126 3818 imperii
3160 3747 3381 3817 iustitiae
3425 3750 3509 3803 vel

1926 3838 2067 3894 ﬁdei.

1997 3931 2159 3986 Inter.
2194 3933 2331 3999 Quid
2366 3934 2418 3987 iu
2447 3934 2733 3989 Ezechiel?
2764 3934 2921 4005 Resp.
2948 3934 3338 3989 Describuntur
3360 3934 3506 3990 enim

1926 4023 1978 4076 in
2016 4034 2080 4077 eo
2112 4026 2365 4095 mysteria
2390 4026 2552 4080 totius
2578 4026 2851 4091 EcclesIa‘,
2881 4042 2999 4097 quae
3020 4043 3087 4080 ex
3112 4026 3283 4082 latere
3303 4026 3508 4083 Christi

1926 4115 2154 4169 formata
2185 4128 2285 4171 est.

1996 4203 2159 4258 Inter.
2188 4206 2322 4271 Quid
2352 4207 2405 4260 in
2430 4206 2730 4261 Danihele?
2766 4206 2918 4277 Resp.
2955 4206 3177 4278 Legitur
3203 4206 3257 4261 in
3298 4222 3367 4262 eo
3400 4222 3509 4263 non

1925 4294 2098 4348 solum
2133 4304 2357 4350 ventura
2406 4298 2738 4367 przedicatio,
2777 4298 2871 4352 sed
2918 4298 3082 4351 etiam
3104 4298 3345 4354 definitio
3375 4307 3512 4353 tem-

1926 4388 2074 4455 poris
2110 4388 2500 4443 incarnationis
2526 4388 2609 4443 vel
2644 4390 2912 4459 passionis
2940 4407 3007 4444 ex
3035 4390 3228 4445 ordine
3272 4405 3457 4460 regum
3490 4406 3507 4444 :

1856 4481 1902 4539 ι)
1927 4479 2010 4532 vel
2046 4496 2327 4535 numerum
2381 4496 2667 4547 annorum,
2738 4497 2838 4536 nec
2867 4498 2972 4535 non
3004 4493 3058 4535 et
3084 4497 3306 4551 regnum
3352 4482 3510 4537 Atili—

1929 4569 2141 4633 ehristi,
2174 4571 2287 4624 sive
2328 4571 2394 4625 de
2428 4572 2513 4625 die
2531 4570 2721 4641 judicii
2754 4570 2837 4624 vel
2867 4587 3035 4641 regno
3066 4579 3399 4636 sanctorum,
3456 4581 3514 4625 et

1932 4663 1983 4716 in
2010 4663 2117 4718 fine
2149 4662 2265 4732 ejus
2302 4665 2599 4733 prophetia:
2650 4664 2912 4718 Susanna:
2948 4663 3181 4734 [Suppl.,
3237 4663 3508 4733 historia].

2001 4754 2167 4809 Inter.
2206 4756 2344 4823 Quid
2377 4756 2429 4810 in
2476 4755 2661 4811 Osece?
2727 4754 2882 4825 Resp.
2921 4754 3141 4825 Legitur
3160 4754 3515 4810 historialiter

1930 4846 2115 4900 ultitna
2142 4847 2430 4900 credulitas
2449 4844 2760 4899 Judzeorum
2796 4845 2848 4898 in
2879 4844 3115 4909 Christo,
3146 4854 3201 4898 et
3223 4844 3387 4899 totius
3412 4842 3515 4897 Do-

1932 4938 2145 4991 minica:
2199 4935 2614 4991 resurrectionis
2644 4935 2777 4989 dies.

2002 5029 2168 5082 Inter.
2230 5029 2367 5095 Quid
2399 5028 2452 5081 in
2478 5026 2664 5081 Joltel?
2712 5026 2862 5096 Resp.
2920 5026 3010 5081 Ille
3041 5035 3250 5081 tantum
3302 5026 3368 5080 ad
3414 5022 3511 5079 Ju-

1932 5121 2054 5175 dam
2086 5130 2140 5174 et
2175 5119 2511 5173 Hierusalem
2572 5120 2887 5174 vaticinium
2922 5119 3101 5175 ferens
3130 5127 3184 5174 et
3228 5114 3395 5189 [post]
3419 5130 3515 5170 vo-

1932 5212 2179 5281 luptuosa
2210 5212 2457 5266 convivia
2500 5212 2568 5265 ad
2599 5211 2801 5267 luctum
2836 5219 3094 5281 provocat
3142 5208 3508 5273 Hierusalem,

1932 5301 2307 5370 excidiumque
2328 5301 2442 5370 ejus
2467 5302 2780 5370 pronuntiat
2808 5311 2862 5356 et
2889 5301 3224 5355 vocationem
3249 5296 3511 5367 gentium.

2008 5391 2173 5446 Inter.
2219 5393 2356 5459 Quid
2392 5393 2445 5447 in
2474 5393 2674 5447 Amos?
2737 5394 2890 5463 Resp.
2940 5393 3179 5458 Quatuor
3227 5390 3373 5445 enim
3398 5403 3516 5442 see-

1938 5483 2048 5537 lera
2068 5482 2303 5552 gentium
2356 5486 2455 5538 sub
2499 5486 2665 5539 totius
2695 5485 2875 5539 mundi
2910 5484 3078 5551 figura
3119 5479 3431 5534 describens
3460 5485 3518 5534 et

1939 5575 2225 5629 adventum
2249 5573 2447 5629 Christi
2477 5576 2726 5630 omnibus
2754 5573 3095 5627 annuntians.
