4038 6354
550 287 692 344 1125

1330 288 1388 343 Β.
1431 289 1493 344 F.
1535 285 1759 343 ALBlNl
1800 286 1932 342 SEU
1965 283 2242 341 ALCUINI
2279 284 2567 342 OPERUM
2608 287 2787 343 PARS
2828 288 2991 375 Villa

3674 287 3816 342 1124

617 401 785 456 Inter.
831 399 970 468 Quid
1002 402 1056 455 in
1084 400 1299 456 Ahdia?
1349 400 1501 470 Resp.
1559 399 1858 470 lncrepatio
1901 397 2127 468 mystica
2154 398 2203 458 Α
2232 396 2419 465 tulisti,
2470 399 2523 453 in
2580 408 2710 469 quot
2762 401 2983 456 ordines
3032 401 3327 457 secundum
3383 400 3629 456 Hebreos
3677 400 3819 457 divi-

548 492 816 561 superhire
870 491 1059 555 Edom,
1092 493 1287 560 prioris
1313 492 1561 546 videlicet
1604 490 1783 561 populi
1829 489 2129 552 audaciam,

548 582 692 652 quod
742 580 1017 636 Christum
1048 582 1336 646 occiderit;
1379 590 1435 636 et
1480 581 1720 635 futuram
1765 581 1993 635 salutem
2025 579 2130 633 Do-

547 670 703 727 mini.

620 760 785 813 Inter.
817 759 956 826 Quid
1009 760 1062 814 in
1089 758 1261 814 Iona?
1308 757 1463 829 Resp.
1494 759 1751 828 Figuram
1784 773 1977 828 gerens
2006 772 2131 825 pas-

549 850 716 904 sionis
741 850 1042 919 mortisque
1083 850 1167 903 vel
1196 851 1615 904 resurrectionis
1664 850 1891 913 Christi,
1918 849 1971 902 in
1994 864 2130 902 nau-

547 941 719 1013 fragio
747 942 996 997 videlicet
1018 958 1116 997 suo
1142 951 1198 997 et
1222 944 1554 1012 projectioae
1585 944 1651 998 de
1682 943 1803 997 navi
1852 943 1905 996 in
1935 957 2086 997 mare
2111 960 2123 995 :

547 1048 649 1089 nec
684 1049 789 1088 non
811 1042 867 1089 et
902 1034 967 1088 de
990 1035 1361 1090 absorhitione
1388 1038 1491 1091 ceti
1526 1037 1691 1091 trium
1707 1036 1917 1091 dierum
1941 1051 2004 1090 ac
2026 1050 2126 1091 no-

546 1125 735 1190 ctium,
773 1126 858 1181 vel
884 1127 1026 1196 quod
1051 1126 1103 1179 in
1134 1126 1325 1183 Ninive
1352 1128 1725 1197 paenitentiam
1764 1127 1964 1182 mundo
1991 1141 2129 1196 prte-

548 1219 765 1274 dixerit.

619 1307 784 1362 Inter.
835 1308 973 1375 Quid
1031 1309 1086 1362 in
1131 1308 1372 1364 Michea?
1413 1308 1568 1379 Resp.
1614 1307 1990 1364 Commlnatur
2030 1307 2128 1363 Sa-

546 1398 733 1453 maria:
776 1399 913 1453 iram
972 1398 1183 1453 Domini
1233 1399 1304 1454 ob
1374 1413 1593 1452 causam
1650 1398 2065 1452 simulacrorum
2109 1414 2124 1451 :

546 1492 930 1559 interitumque
982 1497 1267 1545 venturum
1313 1488 1511 1560 populo
1562 1488 1895 1544 lsrahelitico
1922 1488 2127 1543 denun-

547 1582 666 1646 tiat,
719 1590 773 1635 et
832 1596 1037 1648 locum,
1084 1582 1139 1636 in
1191 1595 1298 1650 quo
1344 1588 1660 1636 nasceretur
1702 1579 1974 1645 Christus,
2034 1579 2127 1635 de-

546 1678 829 1725 monstrat.
1434 1692 1437 1693 '

2232 488 2464 543 duntur?
2514 489 2671 562 Resp.
2716 493 2774 546 [ιι
2812 502 2942 549 tres.
2986 493 3153 548 Inter.
3194 494 3508 562 Quomodo?
3534 495 3697 567 Resp.
3756 495 3818 551 In

2233 579 2368 650 legis
2399 580 2622 646 scilicet,
2658 584 3038 653 prophetarum
3066 594 3121 639 et
3139 585 3630 656 agyographorum.

2301 668 2467 723 Inter.
2515 671 2726 725 Primus
2776 673 2907 727 ordo
2957 672 3088 743 legis
3137 675 3408 743 quomodo
3461 674 3819 744 accipiendas

2212 732 2347 814 ‘est?
2392 759 2549 830 Resp.
2616 760 2827 815 Primus
2846 762 2981 818 ordo
3008 732 3233 833 legis-in
3268 763 3508 834 quinque
3535 732 3694 820 libris
3728 780 3822 819 ac-

2230 848 2445 917 cipitur.
2485 849 2648 904 Inter.
2687 852 2785 917 Qui
2816 861 2941 905 sunt
2965 852 3062 906 hi?
3096 852 3249 923 Resp.
3303 854 3517 909 Primus
3563 864 3650 909 est
3686 854 3821 908 Bre-

2230 941 2354 1005 sitit,
2412 942 2556 1010 quod
2589 950 2671 996 est
2727 942 2991 1007 Genesis;
3028 945 3296 999 secundus
3331 944 3606 1010 Elesntod,
3668 946 3818 1013 quod

2229 1040 2314 1086 est
2360 1033 2607 1100 Exodus;
2656 1035 2849 1088 tertius
2908 1032 3147 1099 Vaiecra,
3206 1036 3350 1105 quod
3379 1047 3464 1091 est
3497 1027 3814 1101 Leviticus;

2230 1130 2456 1189 quartus
2523 1121 2844 1191 Vagedaber,
2898 1125 3040 1195 quod
3089 1133 3174 1179 est
3234 1124 3530 1192 Numerus;
3589 1126 3817 1195 quintus

2231 1209 2650 1279 Heliadabarim,
2672 1215 2816 1284 quod
2831 1224 2915 1270 est
2935 1217 3403 1273 Deuteronomius.
3424 1218 3488 1272 Hi
3510 1230 3642 1275 sunt
3663 1224 3813 1291 quin-

2229 1318 2334 1373 que
2364 1303 2486 1358 libri
2512 1304 2700 1375 Moysi,
2750 1321 2885 1376 quos
2916 1307 3111 1363 Hebrei
3149 1308 3365 1375 Thorat,
3413 1309 3599 1366 Latini
3624 1311 3818 1382 Legem

2228 1394 2517 1465 appellant,
2539 1405 2589 1451 et
2612 1397 2727 1453 haec
2745 1399 2962 1469 proprie
2975 1399 3061 1454 lex
3079 1401 3397 1471 appellatur,
3416 1417 3537 1472 quae
3552 1418 3655 1474 per
3676 1404 3823 1474 ειυς-

2228 1500 2324 1543 sen
2349 1487 2476 1542 data
2501 1498 2605 1544 est.

2295 1576 2459 1632 Inter.
2493 1578 2639 1635 Ordo
2671 1582 2939 1637 secundus
2963 1583 3139 1653 qualis
3159 1585 3278 1639 est?
3308 1584 3466 1656 Resp.
3526 1584 3819 1642 Secundus

2227 1668 2360 1722 ordo
2374 1680 2458 1724 est
2479 1668 2893 1739 Prophetarum,
2918 1673 2972 1727 in
2990 1688 3096 1743 quo
3112 1676 3499 1729 contineantur
3513 1675 3642 1731 libri
3663 1685 3813 1731 octo.

617 1761 782 1815 Inter.
830 1760 969 1828 Quid
993 1762 1050 1815 in
1094 1760 1301 1816 Naum?
1350 1760 1507 1832 Resp.
1552 1760 2121 1816 Pronuntiatsimula-
2152 1742 2199 1803 Β
2226 1756 2393 1812 Inter.
2451 1760 2728 1827 Quomodo
2785 1742 3169 1819 nominantur?
3223 1765 3379 1837 Resp.
3444 1766 3665 1821 Primus
3730 1776 3817 1822 est

546 1866 640 1907 cra
667 1854 903 1922 gentium
935 1853 1362 1918 exterminanda,
1430 1868 1529 1907 nec
1554 1869 1659 1907 non
1691 1862 1745 1908 et
1772 1853 1961 1908 urbem
2001 1868 2128 1908 san-

545 1945 766 2014 guinum
795 1944 1128 2000 Hierusalem
1155 1964 1168 1999 :
1195 1954 1315 2014 post
1345 1944 1501 2013 cujus
1525 1946 1800 2000 interitum
1832 1948 1996 2017 pedes
2028 1962 2127 2001 an-

545 2035 798 2089 nuntians
821 2051 1027 2104 pacem.
1058 2036 1110 2090 id
1131 2045 1235 2103 est,
1264 2035 1560 2093 Salvatoris
1590 2039 1880 2093 adventum
1923 2037 2125 2117 Christi

543 2126 865 2194 proclamat.
1896 2148 1899 2149 ν

613 2217 779 2271 Inter.
810 2217 946 2285 Quid
974 2218 1027 2273 in
1050 2218 1302 2273 Abacuc?
1348 2218 1505 2291 Resp.
1569 2219 1628 2274 In
1661 2221 1926 2291 principio
1974 2221 2127 2277 volu-

547 2311 709 2365 minis
757 2311 839 2365 sui
862 2312 1145 2381 descripsit
1175 2312 1447 2367 diabolum
1493 2328 1613 2367 cum
1648 2313 1906 2368 membris
1939 2322 1992 2368 et
2013 2328 2128 2368 mo-

541 2401 693 2455 ribus
720 2402 831 2455 suis
862 2418 876 2454 :
905 2402 958 2455 in
987 2402 1092 2456 line
1116 2417 1244 2457 vero
1268 2404 1583 2473 pronuntiat
1609 2403 1898 2459 adventum
1927 2414 1983 2460 et
2002 2420 2130 2475 pas-

546 2491 752 2545 sionem
786 2489 1101 2545 Salvatoris.

615 2580 781 2635 Inter.
810 2580 946 2647 Quid
994 2582 1047 2635 iu
1101 2580 1404 2650 Sophonia?
1473 2580 1625 2652 Resp.
1676 2582 1941 2638 Praedicat
1979 2585 2126 2640 enim

541 2673 921 2727 contritionem
946 2674 1143 2727 montis
1166 2672 1314 2736 Sion,
1347 2674 1435 2742 qui
1462 2682 1544 2728 cst
1567 2673 1721 2728 collis
1748 2673 2081 2730 Hierusalem
2107 2692 2124 2730 :

543 2775 644 2816 nec
668 2776 772 2816 non
794 2771 851 2817 et
868 2762 1093 2817 aliarum
1118 2764 1354 2834 gentium
1378 2764 1730 2827 eversionem,
1760 2774 2127 2836 terroremque

541 2852 644 2908 diei
667 2852 865 2922 judicii
925 2854 1133 2908 intonat
1166 2872 1177 2906 :
1204 2863 1259 2907 ct
1302 2853 1521 2907 tertium
1549 2855 1690 2908 diem
1716 2857 2127 2911 resurrectionis

539 2940 740 2997 Christi
782 2944 1089 3012 prophetat,
1118 2952 1280 3013 atque
1309 2945 1363 2998 in
1405 2946 1695 2999 adventum
1718 2945 1920 3001 Christi
1950 2957 2124 3004 totum

538 3033 728 3087 orbem
770 3034 870 3088 sub
900 3049 1007 3087 uno
1021 3034 1148 3103 jugo
1192 3035 1418 3089 Domino
1438 3037 1762 3090 serviturum
1820 3040 2123 3094 annuntiat.

2227 1846 2389 1901 Iosue
2410 1847 2648 1915 Bennon,
2687 1853 2778 1921 qui
2804 1853 2995 1908 Latine
3016 1856 3144 1910 Iesu
3182 1854 3329 1911 Nave
3350 1857 3571 1912 dicitur.
3605 1857 3815 1914 Secun-

2229 1940 2330 1995 dus
2380 1939 2641 2011 Sept/tim,
2673 1946 2816 2014 quod
2852 1959 2936 2003 est
2961 1947 3230 2004 Iudicum.
3284 1950 3504 2005 Tertius
3530 1949 3811 2012 Samuhel.

2231 2031 2321 2101 qui
2365 2040 2447 2086 est
2475 2033 2679 2105 Regum
2713 2038 2936 2105 primus.
2983 2040 3218 2106 Quartus
3245 2040 3557 2107 Malachim,
3590 2043 3680 2111 qui
3727 2051 3816 2096 est

2227 2121 2434 2192 Regum
2482 2125 2766 2180 secundus.
2826 2127 3056 2194 Quintus
3111 2129 3321 2185 Esaias.
3380 2130 3583 2187 Sestus
3626 2131 3813 2187 Hiere-

2228 2212 2377 2266 mias.
2433 2211 2705 2283 Septimus
2766 2215 3028 2272 Ezechiel.
3090 2217 3325 2275 Octavus
3375 2220 3661 2287 Tharesra,
3717 2223 3810 2291 qui

2229 2303 2425 2358 dicitur
2480 2319 2555 2357 xu
2605 2307 3023 2376 prophetarum;
3077 2314 3167 2380 qui
3198 2311 3340 2377 libri,
3398 2312 3527 2381 quia
3577 2312 3680 2367 sibi
3708 2327 3812 2383 pro

2227 2395 2489 2451 brevitate
2540 2398 2780 2467 adjuncti
2834 2410 2982 2467 sunt,
3034 2418 3133 2472 pro
3190 2419 3299 2458 uno
3334 2404 3699 2473 accipiuntur.

2298 2487 2463 2541 Inter.
2498 2488 2682 2554 Qualis
2707 2497 2789 2544 est
2834 2492 2969 2546 ordo
3002 2493 3232 2547 tertius?
3255 2491 3409 2562 Resp.
3433 2493 3657 2548 Tertius
3678 2494 3814 2549 ordo

2227 2586 2310 2631 est
2339 2580 2823 2649 agyographorum,
2848 2581 2901 2635 id
2922 2590 3024 2647 est,
3051 2591 3235 2639 sancta
3263 2584 3621 2640 scribentium
3641 2587 3807 2650 dicta,

2227 2668 2320 2737 qui
2354 2678 2481 2723 sunt
2524 2670 2663 2725 .libri
2707 2684 2922 2725 novem.
2975 2672 3145 2727 Inter.
3197 2674 3480 2741 Quomodo
3510 2679 3815 2732 vocantur?

2214 2757 2387 2829 .Resp.
2419 2758 2629 2814 Primus
2666 2761 2966 2830 appellatur
2987 2763 3108 2817 Iob.
3141 2763 3419 2819 Secundus
3451 2763 3804 2822 Psalterium.

2229 2849 2445 2905 Tertius
2496 2851 2745 2918 Haslotlt,
2801 2855 2946 2923 quod
2997 2865 3083 2910 est
3141 2856 3423 2910 Proverbia
3479 2857 3807 2914 Salomonis.

2228 2940 2461 3008 Quartus
2518 2940 2736 3008 Ctrlet/t,
2799 2945 2942 3013 quod
2999 2955 3083 3001 est
3148 2945 3508 3001 Ecclesiastes.
3580 2948 3813 3015 Quintus

2230 3027 2537 3098 Syrasiritn,
2585 3031 2728 3100 quod
2758 3030 3033 3087 Canticum
3073 3033 3429 3089 Canticorum.
3457 3036 3661 3091 Sextus
3701 3037 3810 3091 De-

613 3122 777 3177 Ιηιετ,
840 3123 977 3190 Quid
1023 3124 1077 3177 in
1114 3124 1331 3195 Aggea?
1376 3124 1532 3195 Resp,
1566 3125 1910 3181 Resmuratio
1943 3128 2123 3199 templi
2152 3107 2200 3171 C
2230 3121 2388 3176 nihel.
2424 3122 2582 3195 43],
2634 3123 2906 3194 Septimus
2938 3126 3293 3190 Dabreiamfn,
3329 3130 3473 3197 quod
3517 3137 3605 3184 est
3634 3129 3809 3186 Verba

540 3210 774 3278 Domini,
822 3220 876 3266 et
910 3214 1164 3267 contritio
1212 3214 1449 3281 gentium
1487 3215 1568 3269 vel
1624 3218 1915 3271 commotio
1960 3220 2124 3276 totius

542 3304 748 3368 mundi,
797 3312 852 3358 et
882 3305 1141 3359 adventus
1191 3305 1411 3369 Christi,
1459 3322 1553 3361 seu
1602 3309 1887 3377 captivitas
1923 3311 2120 3381 populi.

617 3390 785 3447 Inter.
834 3393 971 3461 Quid
1020 3395 1071 3449 iu
1118 3395 1418 3449 Zacharia?
1470 3394 1617 3468 Resp.
1676 3397 1949 3470 Leguntur
1978 3403 2121 3456 enim

541 3485 596 3539 in
621 3500 686 3540 eo
715 3486 950 3542 visiones
1006 3488 1252 3552 diversaz,
1296 3503 1415 3558 quae
1442 3489 1656 3559 longum
1686 3501 1769 3545 est
1792 3509 2114 3562 numerare;

540 3576 595 3632 in
626 3579 821 3648 quibus
846 3579 1008 3634 etiam
1073 3580 1286 3634 diversa
1342 3580 1596 3650 mysteria
1630 3582 1973 3654 intelligenda
1998 3600 2122 3641 esse

542 3679 861 3723 noscuntur.

612 3756 778 3812 Inter.
823 3759 962 3827 Quid
996 3761 1049 3814 in
1075 3760 1378 3815 Malachia?
1422 3762 1577 3835 Resp.
1606 3765 1951 3821 Demonstrat
1976 3769 2120 3823 enim

540 3847 597 3902 in
623 3848 885 3917 principio
914 3850 1202 3904 voluminis
1225 3853 1305 3905 sui
1335 3853 1515 3907 odium
1535 3853 1839 3909 Judrcorum
1867 3858 1917 3911 in
1953 3858 2116 3922 Esau,

540 3949 595 3995 et
615 3940 951 3996 dilectionem
981 3944 1204 3997 minoris
1245 3945 1422 4014 populi
1464 3947 1515 3999 in
1552 3946 1735 4001 Iacob.
1800 3950 1854 4002 lu
1891 3966 2120 4019 sequen-

540 4035 683 4088 tibus
734 4041 911 4088 autem
965 4037 1216 4104 reprobat
1246 4035 1427 4092 Judete
1474 4039 1721 4094 victimas
1756 4039 1941 4111 [7sid.,
1974 4053 2119 4097 vetc-

540 4139 627 4178 res
667 4122 816 4179 Iudae
846 4126 1138 4198 victimas],
1188 4136 1242 4182 et
1298 4130 1624 4185 sacriﬁcium
1673 4133 1968 4189 transferre
2030 4153 2120 4190 an-

539 4211 786 4276 nuntiat;
840 4212 894 4265 in
928 4212 1086 4267 ﬁnem
1128 4229 1255 4270 vero
1285 4215 1571 4271 adventum
1621 4221 1831 4275 Domini
1883 4231 1936 4277 et
1974 4225 2114 4280 diem

534 4301 744 4369 iudicii,
794 4306 1167 4375 justorumque
1222 4310 1438 4377 praemia
1471 4318 1525 4364 et
1556 4311 1842 4381 impiorum
1892 4331 2109 4384 pmnas;

539 4393 803 4450 Johannis
829 4412 960 4451 vero
982 4398 1270 4452 adventum
1300 4402 1531 4469 primum
1554 4411 1607 4456 et
1635 4404 1795 4460 Helia:
1820 4410 2110 4463 secundum

541 4486 841 4539 annuntiat.
892 4490 933 4521 ⁸

611 4574 772 4627 Inter.
805 4575 943 4642 Quid
975 4577 1028 4631 in
1073 4576 1279 4632 Esdra?
1306 4578 1455 4651 Resp.
1508 4583 1804 4638 Renovatio
1834 4601 2109 4641 murorum

539 4661 873 4719 Hierusalem
925 4675 977 4721 et
1004 4668 1203 4737 templi,
1259 4670 1376 4724 sive
1406 4671 1621 4736 altaris;
1682 4687 1780 4726 nec
1815 4689 1917 4727 non
1956 4677 2115 4746 etju-

539 4755 617 4809 ris
643 4756 925 4811 sacerdotii
952 4758 1240 4825 restitutio,
1268 4775 1359 4815 seu
1382 4770 1581 4817 sancta:
1605 4762 1878 4830 religionis
1900 4765 2111 4821 culmen

538 4845 724 4901 multis
771 4847 962 4916 opibus
994 4850 1230 4919 gentium
1275 4862 1327 4907 et
1346 4854 1651 4923 principum
1676 4854 1961 4911 Persarum
1994 4874 2111 4912 mu-

539 4936 757 4991 neribus
785 4949 1151 5010 perornatum.

607 5027 770 5083 Inter.
830 5029 968 5097 Quid
1004 5031 1055 5085 in
1093 5032 1502 5089 Machabcorum
1540 5035 1717 5090 Libris
1774 5045 1857 5091 cst
1919 5037 2113 5092 intelli-

538 5121 803 5191 gendum?
827 5121 979 5193 Resp.
1021 5122 1328 5179 Prazuotant
1349 5127 1490 5180 enim
1518 5127 1696 5197 praelia
1715 5128 1856 5181 inter
1881 5127 2114 5182 Hebreu-

537 5225 655 5263 rum
689 5212 852 5267 duces
880 5222 935 5267 et
960 5222 1147 5283 gentes
1178 5215 1486 5282 Persarum,
1525 5232 1867 5287 pugnamque
1908 5217 2113 5272 Subba-

538 5309 713 5356 torum
743 5315 797 5359 et
826 5307 1032 5361 nobiles
1076 5306 1488 5363 Maehabeorum
1537 5311 1876 5379 triumphos;
1937 5312 2111 5367 fmdus

537 5407 747 5461 quoque
770 5396 1126 5450 amicitiarum
1152 5413 1275 5452 cum
1306 5398 1670 5455 Romanorum
1704 5403 1928 5457 ducibus
1961 5412 2109 5457 acta-

537 5496 641 5551 que
664 5485 1006 5555 legationum.

606 5570 768 5626 Inter.
816 5570 879 5628 lli
914 5576 1054 5643 libri,
1086 5580 1151 5634 de
1180 5580 1375 5648 quibus
1423 5592 1648 5639 actenus
1686 5587 1947 5641 rationem
1978 5604 2103 5658 pro-

2229 3215 2455 3280 dierum,
2516 3218 2619 3272 hoc
2651 3224 2733 3272 est
2776 3218 3240 3289 Paralipomenon.
3294 3219 3532 3277 Octavus
3575 3221 3804 3277 Hesdra.

2227 3303 2409 3359 Nonus
2444 3305 2652 3370 IIester,
2697 3308 2789 3377 qui
2837 3309 2997 3363 simul
3048 3326 3234 3364 omnes
3266 3312 3528 3381 quinque,
3577 3322 3724 3378 octo,
3755 3324 3808 3367 et

2225 3411 2417 3451 novem
2463 3395 2597 3453 ﬁunt
2628 3414 2759 3463 xm,
2811 3399 2952 3453 sicut
2976 3403 3220 3468 superius
3242 3403 3439 3457 dictum
3477 3413 3582 3458 est.

2295 3486 2460 3540 Inter.
2495 3487 2767 3542 Habentur
2806 3489 2988 3558 plures
3034 3490 3159 3546 libri
3200 3493 3409 3549 Veteris
3439 3495 3803 3559 Testamenti.

2225 3592 2292 3631 an
2327 3578 2469 3632 non?
2491 3577 2649 3648 Resp.
2683 3579 2961 3634 Habentur
2998 3583 3201 3651 utique.
3233 3582 3397 3637 Inter.
3425 3585 3528 3651 Qui
3560 3596 3689 3640 sunt
3717 3588 3806 3641 hi?

2226 3668 2382 3739 Resp.
2416 3670 2641 3736 Quidam
2677 3679 2855 3725 autem
2896 3671 3071 3738 Ruth;
3111 3683 3166 3727 et
3191 3673 3414 3745 Cynotlt,
3438 3680 3581 3745 quod
3617 3679 3806 3734 Latine

2223 3758 2419 3813 dicitur
2446 3758 2776 3814 Lamentatio
2800 3760 2849 3813 II
2856 3762 3101 3828 ieremite,
3134 3750 3495 3836 agy’ographis
3516 3768 3803 3837 adjiciunt,

2222 3860 2277 3905 et
2302 3868 2459 3906 xxnu
2493 3852 2761 3908 volumina
2796 3855 3002 3910 Veteris
3032 3856 3365 3913 Testamenti
3400 3859 3630 3923 faciunt,
3654 3864 3803 3931 juxta

2223 3958 2382 3998 xxnlt
2428 3944 2669 4000 seniores
2689 3986 2702 4009 ,
2734 3946 2827 4015 qui
2874 3955 2998 4000 ante
3045 3957 3393 4018 conspectum
3423 3949 3641 4006 Dom'ni
3673 3955 3808 4007 assi-

2222 4043 2390 4089 stunt.

2291 4126 2455 4182 Inter.
2484 4127 2836 4185 Inveniuntur
2858 4132 3085 4200 amplius
3109 4148 3172 4185 ex
3206 4133 3358 4187 libris
3381 4135 3596 4189 Veteris
3620 4136 3807 4191 Testa—

2219 4219 2419 4273 menti?
2446 4218 2595 4289 Resp.
2629 4221 2822 4275 Etiam.
2868 4221 3033 4276 Inter.
3074 4222 3389 4289 Quomodo?
3420 4224 3577 4295 Resp.
3622 4226 3805 4281 liabe-

2218 4320 2304 4366 tur
2335 4313 2495 4366 etiam
2523 4314 2655 4367 ordo
2690 4325 2912 4383 quartus
2941 4330 3128 4369 eorum
3160 4316 3419 4370 librorum
3441 4358 3454 4381 ,
3485 4319 3578 4388 qui
3621 4320 3676 4375 in
3716 4335 3808 4374 ca-

2220 4420 2356 4458 none
2402 4403 2664 4460 llehraico
2696 4423 2798 4460 non
2829 4417 2971 4461 sunt.
3016 4407 3181 4462 Inter.
3226 4408 3507 4475 Quomodo
3542 4424 3809 4467 vocantur

2217 4495 2329 4549 illi?
2377 4494 2528 4566 Resp.
2586 4496 2796 4552 Primus
2844 4508 2926 4552 est
2968 4497 3122 4551 Liber
3165 4499 3468 4571 Supientirr.
3520 4502 3806 4558 Secundus

2217 4589 2635 4645 Erclesiasticus.
2663 4589 2876 4645 Tertius
2900 4590 3045 4643 Tobi.
3072 4590 3306 4657 Quartus
3328 4591 3543 4647 Iudith.
3570 4595 3805 4661 Quintus

2215 4692 2269 4736 et
2293 4693 2476 4736 sextus
2513 4681 2939 4747 Macltabeornm,
2970 4699 3104 4753 quos
3129 4683 3254 4739 licet
3289 4683 3458 4739 Judmi
3498 4687 3647 4741 inter
3676 4705 3803 4758 apo-

2215 4771 2349 4841 gril‘a
2380 4781 2656 4841 separent;
2701 4772 2940 4828 Ecclesia
2978 4781 3159 4829 tamen
3183 4774 3382 4829 Christi
3417 4777 3560 4832 inter
3590 4779 3804 4834 divinos

2217 4861 2381 4916 libros
2402 4862 2629 4916 honorat
2656 4873 2711 4917 et
2744 4864 2999 4934 praedicat
3027 4877 3073 4918 α.

2290 4950 2453 5005 Inter.
2480 4951 2791 5008 Transactis
2809 4956 3115 5011 nominibus
3137 4964 3190 5010 et
3212 4958 3515 5025 ordinibus,
3531 4962 3616 5015 vel
3637 4965 3801 5017 etiam

2219 5045 2347 5113 quid
2374 5059 2438 5098 cx
2468 5053 2620 5114 parte
2646 5044 2699 5098 in
2725 5045 2925 5101 eisdem
2960 5046 3111 5101 libris
3138 5049 3477 5113 continetur,
3522 5068 3667 5107 nunc
3705 5055 3803 5108 ob-

2213 5150 2390 5199 secro,
2417 5142 2475 5189 ut
2500 5134 2787 5204 scriptores
2813 5150 2997 5188 eorum
3021 5176 3036 5199 ,
3065 5137 3155 5206 qui
3186 5136 3414 5192 fuissent
3434 5181 3449 5203 ,
3482 5156 3585 5195 nec.
3607 5158 3711 5195 non
3746 5152 3803 5197 et

2212 5222 2509 5285 vocabula,
2550 5239 2718 5292 quare
2763 5226 3131 5294 unusquisque
3186 5242 3376 5281 eorum
3427 5229 3501 5282 ita
3553 5240 3798 5291 vocetur.

2213 5314 2342 5367 mihi
2381 5315 2607 5384 aperias.
2638 5314 2789 5385 Resp.
2820 5318 2976 5381 Vere,
3008 5317 3195 5381 frater,
3225 5336 3478 5389 magnam
3519 5331 3573 5376 et
3610 5322 3799 5375 didici-

2213 5402 2317 5457 lem
2346 5418 2458 5457 rem
2489 5418 2517 5456 a
2546 5419 2630 5458 me
2662 5407 2916 5476 requiris,
2945 5423 3104 5477 quam
3141 5419 3350 5475 tamen;
3376 5423 3537 5482 prout
3566 5414 3798 5468 Domino

2211 5494 2424 5548 volente
2453 5495 2622 5557 valeo,
2656 5495 2750 5549 tibi
2778 5511 3061 5566 exponam.

2284 5584 2447 5639 Inter.
2476 5587 2572 5641 Dic
2596 5601 2726 5657 ergo
2750 5589 2900 5654 mihi,
2934 5591 3143 5647 Veteris
3174 5592 3504 5650 Testamenti
3530 5594 3795 5652 librorum

609 5700 634 5727 ι
672 5687 803 5743 Vide
830 5703 947 5758 quae
975 5695 1278 5751 notavimus
1304 5696 1381 5775 ad
1399 5698 1518 5753 libr.
1550 5716 1566 5753 ι
1592 5700 1853 5756 adversus
1887 5703 2207 5773 Elipandum
2230 5705 2454 5778 hujusce
2491 5713 2620 5760 tom.
2658 5706 2762 5761 rol.
2789 5707 2910 5761 254.
