4038 6354
259 299 399 355 “23

1164 305 1311 361 OPP.
1354 306 1579 362 DUBIA.
1617 334 1685 345 ——-
1724 304 2133 365 DISPU'I‘ATIO
2173 308 2576 366 PUERORUM.

3362 313 3501 370 H26

257 426 509 472 auctores
551 419 640 487 qui
687 419 948 475 fuissent!
992 421 1143 491 Resp.
1186 434 1209 462 α
1234 421 1447 477 Veteris
1493 416 1824 474 Tcstamenti
1854 422 1903 481 Α
1995 419 2160 475 Inter.
2190 423 2759 494 Paralipomenonqua
2783 425 2958 495 lingua
2990 424 3319 495 appellatur?
3342 424 3498 497 Resp.

254 514 549 569 secundum
599 514 929 570 Hebreorum
981 517 1323 570 traditionem
1371 516 1425 569 hi
1475 515 1827 584 perhibentur

255 611 522 658 auctores.
544 604 755 659 Primus
789 605 996 676 Moyses
1021 607 1213 660 divina!
1250 605 1488 659 historiae
1518 618 1827 672 cosmogra-

254 690 396 746 ﬁcon
426 692 481 745 in
515 693 750 761 quinque
780 695 1138 749 voluminibus
1166 694 1351 758 edidit,
1380 693 1521 763 quod
1541 692 1826 746 Pentateu-

254 794 380 835 cum
432 784 759 839 nominatur.
808 784 974 839 Inter.
1027 785 1203 851 Quare
1248 785 1323 839 ita
1369 784 1623 839 vocatur?
1665 782 1820 852 Resp.

252 871 612 928 Pentateueus
647 882 825 930 autem
868 890 899 929 a
943 877 1179 945 quinque
1213 874 1577 930 voluminibus
1605 874 1820 927 dicitur.

253 962 419 1019 Inter.
458 965 571 1031 Qua
602 966 844 1021 ratione?
866 966 1020 1037 Resp.
1056 965 1225 1019 Penta
1252 965 1394 1021 enim
1436 962 1620 1018 Grrcce
1644 962 1826 1033 [quin-

252 1056 380 1127 que]
415 1058 625 1111 theueos
653 1072 782 1113 vero
817 1058 1067 1113 volumen
1102 1067 1344 1120 vocatur,
1375 1056 1465 1110 ubi
1504 1064 1559 1109 et
1600 1052 1824 1108 Genesis

248 1146 456 1213 primus
488 1154 726 1202 vocatur.
760 1147 925 1202 Inter.
956 1148 1107 1203 Unde
1144 1148 1369 1202 Genesis
1396 1144 1627 1200 dicitur?
1662 1143 1819 1212 Resp.

248 1234 475 1293 Genesis
526 1238 661 1293 liber
711 1240 834 1294 inde
885 1240 1200 1310 appellatur,
1248 1254 1313 1293 eo
1354 1237 1495 1307 quod
1541 1234 1821 1291 exordium

249 1330 433 1384 mundi
460 1337 514 1384 et
542 1331 817 1401 generatio
846 1331 1026 1385 saeculi
1056 1332 1107 1384 in
1138 1345 1203 1383 eo
1224 1328 1582 1385 contineatur.

317 1418 482 1474 Inter.
520 1420 734 1476 Exodus
762 1422 901 1476 unde
930 1436 1123 1476 nomen
1159 1420 1399 1489 accepit?
1426 1417 1577 1487 Resp.
1604 1415 1822 1470 Exodus

244 1524 374 1566 vero
399 1512 599 1567 exitum
623 1514 691 1567 ab
718 1512 952 1584 Egypto
980 1514 1065 1567 vel
1098 1527 1374 1583 egressum
1408 1509 1589 1581 populi
1616 1506 1821 1563 Israhel

243 1601 459 1672 digerit,
490 1611 546 1657 et
571 1619 638 1659 ex
666 1618 730 1658 ea
752 1618 915 1659 causa
946 1619 1140 1658 nomen
1170 1603 1392 1672 accepit.

258 1726 269 1731 ν
314 1691 478 1747 Inter.
510 1692 782 1749 Levitieus
804 1694 948 1748 unde
970 1694 1201 1749 dicitur?
1223 1692 1375 1762 Resp.
1413 1690 1682 1746 Leviticus
1727 1705 1821 1760 ap-

1926 509 2367 582 Paralipomenon
2393 514 2578 569 Grtece
2609 516 2826 580 dicitur,
2853 516 2995 585 quod
3040 531 3139 569 nos
3174 519 3505 586 praetermis-

1924 617 2105 658 surum
2135 604 2219 657 vel
2263 605 2588 675 reliquorum
2636 608 2815 663 dicere
2864 622 3179 676 possumus,
3225 609 3351 677 quia
3402 624 3497 671 ea,

1922 707 2043 762 qua:
2066 693 2117 746 in
2146 692 2286 762 Lege
2306 710 2407 748 nec
2430 711 2535 749 non
2560 698 2613 750 in
2642 697 2848 767 Regum
2879 693 3032 751 libris
3055 697 3137 751 vel
3163 698 3385 761 omissa,
3412 699 3498 751 vel

1924 795 2030 834 non
2070 781 2224 850 plena
2261 783 2429 837 relata
2463 793 2622 850 sunt,
2661 785 2715 839 in
2751 788 2851 840 isto
2882 788 3190 841 summatim
3225 802 3288 842 ac
3323 787 3503 841 brevi-

1924 879 2008 927 ter
2038 873 2391 943 explicantur.

1994 961 2158 1016 Inter.
2191 963 2434 1032 Scriptor
2464 966 2584 1020 libri
2628 966 2729 1021 Job
2775 968 2866 1036 qui
2909 966 3044 1023 fuit?
3082 968 3229 1037 Resp.
3275 968 3498 1023 Librum

1919 1051 2022 1109 Job
2043 1055 2261 1123 quidam
2288 1054 2503 1127 Moysen
2529 1059 2810 1127 scripsisse
2836 1060 3187 1123 arbitrantur,
3212 1060 3298 1113 alii
3331 1074 3499 1112 unum

1922 1161 1984 1200 ex
2010 1148 2316 1216 prophetis;
2353 1150 2592 1203 nonnulli
2628 1165 2757 1205 vero
2793 1154 3040 1205 eumqtcm
3074 1152 3173 1206 Job
3220 1161 3342 1219 post
3387 1151 3502 1221 pla-

1922 1253 2044 1309 gam
2073 1253 2182 1292 suae
2206 1240 2475 1308 passionis
2496 1242 2813 1311 scriptorem
2844 1242 3009 1298 fuisse
3033 1245 3324 1308 aestimant,
3357 1243 3501 1297 arbi-

1923 1337 2151 1392 trantes,
2185 1337 2242 1382 ut
2270 1330 2359 1400 qui
2394 1333 2690 1387 certamina
2718 1333 2979 1401 spiritalis
3008 1351 3197 1404 pugnm
3219 1337 3499 1398 sustinuit,

1923 1418 2038 1489 ipse
2060 1427 2310 1473 narraret
2334 1435 2472 1490 quas
2496 1421 2750 1476 victorias
2775 1422 3063 1491 expedivit.
3092 1422 3362 1492 Principia
3399 1439 3495 1477 au-

1923 1518 2031 1564 tem
2058 1517 2113 1563 et
2147 1508 2282 1564 ﬁnes
2310 1509 2432 1564 libri
2460 1508 2561 1566 Job
2588 1512 2726 1580 apud
2765 1512 3005 1567 Ilebreos
3048 1527 3213 1583 prosa
3249 1512 3501 1567 oratione

1923 1610 2068 1657 texta
2100 1609 2257 1665 sunt;
2288 1602 2466 1657 media
2495 1612 2674 1656 autem
2702 1604 2867 1672 ipsius
2897 1605 2965 1658 ab
2991 1619 3058 1659 eo
3091 1604 3229 1669 loco,
3260 1604 3351 1673 qui
3377 1603 3452 1657 ait
3481 1620 3494 1656 :

1926 1692 2111 1746 Pereat
2138 1693 2268 1757 dies,
2294 1694 2347 1747 in
2376 1711 2480 1764 qua
2509 1705 2661 1748 natus
2684 1712 2819 1757 sum,
2843 1712 3015 1765 usque
3040 1696 3105 1750 ad
3129 1711 3250 1750 eum
3278 1695 3455 1751 locum
3481 1714 3498 1749 :

239 1783 469 1854 pellatus
489 1799 555 1839 eo
580 1785 722 1854 quod
756 1784 1060 1838 Levitarnm
1103 1783 1402 1837 ministeria
1445 1790 1504 1836 et
1539 1780 1820 1835 diversita-
1847 1767 1893 1825 Β
1922 1783 2132 1837 Idcirco
2155 1785 2263 1854 ipse
2293 1801 2374 1837 me
2408 1785 2722 1852 reprehendo
2754 1796 2801 1839 et
2833 1802 2931 1855 ago
2966 1785 3317 1857 pmnitentinm
3352 1785 3496 1857 (Iob.

237 1884 352 1931 tem
381 1876 721 1930 victimarum
746 1874 1079 1944 exsequitur,
1108 1882 1354 1943 totusque
1381 1872 1434 1927 in
1464 1886 1531 1927 eo
1550 1870 1685 1927 crdo
1716 1871 1818 1925 Le-

235 1965 442 2019 viticus
472 1966 784 2018 admutatur
808 1962 989 2034 [lsid.,
1013 1963 1325 2035 adnotatur]

309 2051 476 2106 Inter.
517 2051 784 2108 Numerus
826 2053 995 2124 [Leg.,
1044 2051 1421 2125 Numerorum]
1466 2051 1604 2108 liber
1648 2067 1818 2122 quare

236 2139 469 2195 dicitur?
495 2140 649 2212 Resp.
684 2142 950 2197 Numerus
979 2142 1116 2197 liber
1141 2151 1386 2205 vocatur,
1412 2157 1477 2197 eo
1503 2143 1643 2211 quod
1673 2143 1725 2195 in
1751 2157 1816 2196 eo

235 2247 470 2300 egressa:
507 2234 575 2287 de
621 2233 854 2303 Aigypto
889 2234 1062 2288 tribus
1098 2235 1528 2300 dinumerantur,
1556 2244 1610 2289 et
1652 2251 1716 2288 x1.
1752 2249 1818 2289 ac

236 2323 466 2377 duarum
511 2339 609 2393 per
638 2339 877 2379 eremum
925 2325 1266 2379 mansionum
1306 2325 1360 2378 in
1405 2339 1471 2380 eo
1522 2325 1814 2394 descriptio

237 2413 564 2467 continetur.

309 2501 471 2571 Inter.
524 2502 1003 2558 Deuteronomium
1053 2517 1153 2559 cur
1210 2503 1285 2557 ita
1339 2503 1635 2573 appellatus
1687 2505 1814 2559 est?

236 2588 387 2660 Resp.
434 2592 906 2647 Deuteronomium
956 2590 1147 2647 Graeco
1195 2607 1442 2647 sermone
1492 2592 1810 2661 appellatur,

233 2681 378 2750 quod
401 2681 589 2736 Latine
616 2682 999 2751 interpretatur
1027 2681 1261 2735 secunda
1294 2681 1397 2745 lex,
1434 2682 1487 2736 id
1517 2690 1633 2745 est,
1663 2696 1813 2749 repe-

235 2772 374 2835 titio,
408 2780 461 2825 et
484 2771 806 2841 evangelica:
832 2770 967 2840 legis
1000 2770 1378 2841 prretiguratio,
1407 2771 1601 2840 quisic
1631 2786 1694 2824 ea
1720 2772 1825 2834 ha-,

232 2862 355 2926 bet,
385 2877 501 2931 qutc
551 2862 727 2931 priora
759 2870 912 2925 sunt,
946 2870 1003 2915 ut
1036 2870 1212 2916 tamen
1265 2877 1399 2916 nova
1447 2862 1554 2916 sint
1596 2863 1809 2929 omnia,

188 2942 197 2945 “
232 2966 357 3020 quae
383 2952 436 3004 in
463 2966 525 3005 eo
551 2951 899 3021 replicantur.

310 3042 474 3097 Inter.
504 3042 666 3099 Josue
703 3060 733 3098 a
764 3060 870 3113 quo
916 3060 1110 3099 nomen
1161 3044 1401 3113 accepit?
1444 3043 1596 3114 Resp.
1651 3043 1811 3100 Josue

1918 1864 1997 1937 tu,
2025 1873 2059 1926 5
2084 1883 2132 1927 et
2158 1876 2344 1946 θείη),
2371 1876 2553 1929 omnia
2585 1877 2803 1931 heroico
2826 1885 2998 1931 metro
3023 1878 3354 1932 discurrunt.

1988 1963 2153 2017 Inter.
2181 1964 2340 2020 Liber
2367 1965 2706 2020 Psalmorum
2735 1983 2839 2036 qua
2873 1967 3051 2037 lingua
3084 1968 3313 2022 dicitur?
3340 1967 3496 2039 Resp.

1916 2052 2253 2111 Psalmorum
2282 2056 2416 2111 liber
2440 2056 2624 2112 Graece
2644 2056 2987 2123 Psalterium,
3012 2058 3274 2114 Hebraiee
3298 2059 3497 2125 Nahla,

1916 2147 2111 2201 Latine
2140 2162 2403 2217 organum
2436 2149 2635 2203 dicitur
2662 2168 2672 2201 :
2703 2158 2924 2205 vocatus
2950 2160 3129 2205 autem
3163 2151 3499 2206 Psalmorum

1915 2238 2071 2301 liber,
2110 2239 2235 2307 quia
2270 2254 2378 2291 uno
2398 2239 2659 2309 prepheta
2690 2249 2916 2295 canente
2938 2241 3004 2294 ad
3026 2242 3342 2310 psalterium
3371 2244 3501 2297 cho-

1917 2344 2007 2382 rus
2035 2328 2382 2382 consonando
2410 2329 2780 2397 responderet.
2807 2330 3016 2383 Titulus
3041 2338 3221 2384 autem
3266 2332 3316 2385 in
3344 2331 3498 2386 Psal-

1912 2420 2016 2473 mis
2043 2418 2320 2473 Hebraicis
2346 2420 2417 2471 ita
2445 2428 2531 2472 est
2559 2436 2570 2470 :
2600 2410 2863 2489 Hyspysta
2888 2419 3083 2473 librum
3107 2420 3279 2491 [lsid.,
3307 2420 3498 2475 Thelxi-

1913 2508 2048 2581 h’m],
2081 2510 2169 2577 qui
2193 2509 2846 2578 interpretaturvolumen
2873 2509 3214 2579 hymnorum.
3233 2508 3499 2563 Auetores

1912 2609 2091 2653 autem
2130 2599 2455 2668 psalmorum
2479 2639 2492 2662 ,
2529 2598 2620 2667 qui
2653 2606 2924 2667 ponuntur
2955 2599 3011 2652 in
3042 2599 3243 2664 titulis,
3289 2599 3501 2670 Moyses

1913 2691 2118 2745 scilicet
2145 2699 2197 2743 et
2223 2690 2411 2756 David,
2439 2698 2492 2743 et
2516 2689 2770 2744 Salomon
2788 2729 2801 2753 ,
2829 2689 3009 2761 Asaph
3028 2733 3040 2755 ,
3074 2691 3277 2745 Aithan
3312 2701 3366 2745 et
3398 2692 3501 2746 Idi-

1913 2782 2045 2835 thun
2073 2789 2129 2836 et
2154 2779 2247 2834 lilii
2276 2780 2434 2844 Core,
2465 2781 2633 2834 Eman
2662 2778 3035 2850 [Eszrahelitre
3065 2779 3271 2850 (Omitt.
3300 2780 3497 2853 Isid.”

1912 2881 1966 2927 et
2000 2871 2351 2941 reliquorum,
2376 2885 2510 2938 quos
2543 2870 2745 2924 Esdras
2786 2885 2893 2924 uno
2932 2870 3207 2925 volumine
3251 2886 3498 2940 compre-

1911 2963 2117 3018 hendit.
2144 2959 2344 3015 Omnes
2371 2969 2549 3014 autem
2575 2960 2768 3030 psalmi
2812 2962 2952 3030 apud
2992 2960 3232 3016 Hebreos
3272 2963 3500 3016 metrico

1911 3055 2153 3109 carmine
2179 3061 2431 3107 constant
2460 3066 2579 3106 esse
2615 3051 2918 3121 compositi.
2946 3050 3081 3105 Nam
3108 3052 3161 3104 in
3202 3067 3349 3106 more
3389 3052 3499 3107 Ilo-

231 3133 371 3189 liber
394 3150 588 3189 nomen
617 3137 820 3204 accepit
845 3135 913 3188 ab
935 3134 1059 3189 Jesu
1080 3175 1094 3200 ,
1128 3134 1233 3188 lilio
1258 3134 1403 3191 Nave
1420 3175 1435 3200 ,
1464 3136 1616 3206 cujus
1641 3136 1806 3191 histo-

1915 3144 2054 3198 mani
2098 3142 2309 3207 Flacci,
2357 3151 2425 3196 et
2462 3142 2633 3197 Graeci
2689 3141 2941 3206 Pindari,
2967 3158 3110 3196 nunc
3138 3142 3228 3196 alii
3270 3143 3502 3198 iambico

229 3226 373 3278 riam
403 3226 643 3280 continet
668 3244 679 3277 ε
713 3226 1030 3295 scriptorem
1052 3240 1180 3279 vero
1223 3225 1338 3293 ejus
1368 3228 1613 3281 eumdem
1644 3224 1807 3281 Josue

230 3315 427 3370 Ilehrei
454 3325 721 3381 asserunt,
756 3317 808 3370 in
831 3317 983 3386 cujus
1009 3326 1156 3371 textu
1183 3325 1303 3386 post
1328 3314 1578 3371 Jordanis
1610 3317 1807 3370 transi-

228 3416 345 3461 tnm
380 3423 542 3477 regna
567 3408 797 3463 hostium
822 3408 1204 3461 subvertantur
1227 3448 1240 3470 ,
1272 3416 1414 3460 terra
1443 3406 1638 3476 popqu
1670 3407 1806 3460 divi-

226 3503 394 3568 ditur,
420 3512 474 3557 et
499 3518 594 3572 per
622 3502 859 3573 singulas
894 3502 1084 3575 urbes,
1130 3503 1310 3566 vicos,
1356 3512 1595 3566 montes,
1644 3511 1806 3571 atque

225 3594 465 3650 confinia
502 3593 773 3657 Ecclesiae,
805 3593 1147 3662 ccelestisqae
1178 3592 1512 3647 Hierusalem
1538 3593 1803 3661 spiritalia

226 3702 397 3758 regna
435 3685 863 3756 przetigurantur.

303 3776 466 3830 Inter.
504 3774 747 3829 Judicum
798 3773 936 3828 unde
979 3772 1319 3826 nominatur?
1348 3771 1498 3842 Resp.
1551 3770 1804 3827 Judicum

227 3850 543 3927 nominatur
572 3885 601 3923 a
633 3869 962 3938 principibus
992 3866 1171 3936 populi
1190 3907 1205 3931 ,
1232 3868 1324 3937 qui
1370 3865 1701 3935 praefuerunt
1752 3868 1804 3921 in

225 3963 434 4018 Israhel
464 3972 583 4032 post
621 3961 833 4030 Moysen
871 3969 924 4014 et
971 3958 1163 4024 Iosue,
1212 3971 1497 4028 antequam
1540 3959 1704 4013 David
1753 3968 1807 4013 et

225 4052 409 4105 ceteri
440 4066 593 4120 reges
620 4051 931 4104 existerent.
962 4048 1111 4104 Hunc
1143 4048 1334 4105 librum
1362 4049 1592 4103 edidisse
1637 4050 1808 4103 credi-

227 4156 319 4219 tur
348 4145 621 4199 Samuhel.

248 4236 463 4290 .Inter.
518 4234 821 4290 Samuhelis
889 4234 1056 4297 liber,
1113 4249 1279 4303 quare
1335 4233 1407 4287 ita
1472 4232 1805 4303 appellatur?

228 4326 385 4399 Resp.
411 4326 569 4380 Liber
591 4326 894 4381 Samuhelis
919 4327 1157 4395 ejusdem
1186 4326 1441 4379 Samuhel
1468 4326 1805 4379 nativitatem

225 4430 282 4473 et
318 4417 675 4473 sacerdotium
706 4427 761 4471 et
791 4427 937 4487 gesta
980 4416 1266 4478 describit,
1307 4416 1510 4469 ideirco
1556 4425 1610 4469 et
1646 4416 1713 4469 ab
1739 4431 1803 4467 eo

1910 3242 2155 3296 currunt,
2183 3247 2327 3288 nunc
2351 3231 2699 3285 Eszrahelita:
2725 3230 2982 3286 Alchaico
3006 3230 3191 3303 [lsid.,
3216 3248 3361 3286 nunc
3393 3232 3502 3286 ele—
3576 3236 3593 3247 ‘

1909 3323 2085 3395 giaco]
2126 3330 2449 3392 personant,
2494 3336 2637 3375 nunc
2679 3322 2873 3376 Satlieo
2920 3324 3112 3387 nitent,
3143 3325 3390 3379 trimetro
3415 3324 3503 3379 vel

1909 3423 2226 3469 tetrametro
2255 3414 2389 3482 pede
2416 3414 2740 3468 incedentes.

1976 3504 2142 3557 Inter.
2193 3503 2340 3557 Libri
2395 3504 2698 3557 Salomonis
2746 3518 2851 3572 qua
2900 3504 3110 3558 ratione
3161 3505 3502 3560 consistunt?

1909 3594 2057 3664 Resp.
2088 3595 2361 3657 Salomon,
2398 3593 2536 3646 {ilius
2560 3594 2750 3655 David,
2781 3584 2875 3647 rex
2898 3593 3100 3647 Israhel
3121 3592 3276 3660 juxta
3303 3611 3498 3650 nume-

1909 3702 2026 3740 rum
2047 3685 2425 3740 voeabulorum
2448 3700 2666 3737 suorum
2691 3686 2794 3737 tria
2822 3684 3089 3738 volumina
3115 3685 3301 3750 edidit,
3324 3685 3488 3758 432

1909 3792 2137 3844 quorum
2182 3774 2413 3844 primum
2462 3783 2545 3827 est
2595 3773 2823 3827 Masloth
2867 3772 3037 3844 [lsid.,
3077 3773 3294 3845 Misso],
3334 3791 3499 3844 quem

1908 3868 2079 3921 Graeci
2117 3865 2430 3927 Parabolas,
2463 3866 2638 3919 Latini
2674 3866 3073 3919 Prorerbiorunt
3104 3866 3405 3929 nominant,
3431 3879 3498 3919 eo

1908 3956 2048 4025 quod
2085 3957 2135 4010 in
2176 3956 2293 4026 ipso
2340 3957 2440 4009 sub
2485 3956 2852 4025 comparativa
2904 3955 3259 4010 similitudine
3296 3954 3498 4025 ﬁguras

1909 4046 2193 4100 verborum
2239 4054 2295 4099 et
2338 4045 2598 4113 imagines
2649 4044 2898 4097 veritatis
2941 4044 3277 4108 ostenderit;
3326 4046 3502 4113 ipsam

1909 4147 2091 4197 autem
2115 4137 2394 4190 veritatem
2427 4136 2492 4189 ad
2528 4136 2934 4206 intelligendum
2976 4135 3281 4205 legentibus
3319 4150 3497 4191 reser-

1911 4228 2071 4280 vavit.
2103 4226 2409 4280 Secundum
2438 4224 2633 4279 librum
2662 4222 2874 4278 Coeleth
2905 4225 3153 4288 vocavit,
3182 4225 3273 4293 qui
3315 4224 3501 4280 Graece

1910 4317 2252 4371 Ecclesiastes
2306 4315 2520 4380 dicitur,
2576 4314 2767 4369 Latine
2818 4312 3189 4378 Concionator,
3237 4329 3303 4368 eo
3358 4318 3500 4383 quod

1909 4423 2084 4462 sermo
2110 4407 2225 4476 ejus
2249 4422 2354 4460 non
2383 4405 2689 4473 specialiter
2716 4405 2782 4458 ad
2809 4419 2995 4465 unum,
3027 4404 3169 4457 sicut
3192 4403 3245 4456 in
3271 4402 3501 4459 Prover-

226 4522 422 4562 nomeu
454 4506 663 4574 accepit
686 4524 697 4558 :
723 4515 777 4559 et
792 4466 1054 4574 cquamvis
1099 4505 1186 4557 hic
1217 4505 1354 4558 liber
1384 4502 1511 4556 Saul
1544 4513 1598 4558 et
1638 4504 1801 4557 David
1837 4466 1882 4522 υ
1910 4499 2030 4561 biis,
2065 4498 2159 4551 sed
2192 4498 2258 4552 ad
2298 4497 2582 4551 universos
2613 4495 2940 4565 generaliter
2977 4494 3262 4563 diriptur,
3299 4493 3499 4547 docens

225 4597 507 4652 historiam
553 4595 864 4660 contineat,
912 4595 1123 4663 utrique
1154 4604 1330 4648 tamen
1367 4594 1435 4647 ad
1461 4594 1801 4648 Samuhelem

223 4688 553 4754 referuntur,
587 4688 711 4757 quia
747 4688 861 4756 ipse
894 4687 1047 4742 unxit
1076 4686 1203 4740 Saul
1234 4687 1287 4740 in
1316 4701 1494 4755 regem
1513 4726 1525 4748 ,
1563 4686 1675 4756 ipse
1701 4685 1804 4738 Da-

222 4781 317 4839 vid
346 4780 402 4834 in
432 4794 613 4848 regem
655 4778 913 4832 futurum.
945 4776 1106 4845 Cujus
1137 4777 1257 4831 libri
1312 4777 1541 4845 primam
1592 4784 1801 4848 partem

220 4870 550 4940 conscripsit
583 4870 723 4923 idem
755 4869 1044 4933 Samuhel;
1074 4868 1352 4937 sequentia
1386 4883 1513 4921 vero
1560 4865 1675 4935 ejus
1720 4881 1808 4920 us-

222 4976 330 5031 que
355 4960 559 5015 calccm
596 4960 813 5029 scripsit
838 4959 1025 5013 David.

293 5053 461 5107 Inter.
495 5048 777 5107 Malaehim
801 5050 982 5123 [Isid.,
1009 5048 1313 5120 Melachim]
1342 5064 1439 5103 cur
1462 5050 1533 5103 ita
1566 5049 1810 5103 nomina—

220 5146 341 5197 tur?
364 5142 514 5213 Resp.
544 5142 821 5195 Malaehim
844 5141 978 5195 liber
1000 5140 1220 5209 proinde.
1240 5138 1555 5207 appellatur,
1584 5153 1648 5192 eo
1663 5136 1805 5206 quod

219 5251 379 5306 reges
414 5232 563 5287 Judte
605 5242 659 5286 et
696 5231 1041 5287 Israhelitiea:
1071 5230 1246 5301 gentis
1269 5269 1282 5291 ,
1331 5236 1588 5297 gestaque
1617 5242 1803 5281 eorum

219 5340 321 5394 per
347 5323 593 5378 ordinem
620 5323 827 5391 digerat
860 5332 1181 5389 temporum.
1210 5317 1495 5372 Malachim
1518 5316 1800 5379 Hebraiee,

218 5414 413 5469 Latine
436 5428 622 5481 regum
660 5413 1065 5482 interpretatur.
1101 5409 1254 5463 Ilunc
1283 5408 1478 5461 librum
1507 5406 1804 5462 Hieremias

214 5506 429 5577 primus
460 5504 513 5558 in
543 5519 706 5557 unum
743 5502 989 5555 volumen
1013 5501 1207 5568 coegit.
1233 5498 1367 5551 Nam
1402 5506 1557 5551 antra
1586 5511 1807 5566 sparsus

215 5604 338 5651 erat
370 5609 469 5664 per
501 5593 829 5663 singulorum
858 5608 1044 5661 regum
1068 5590 1342 5645 historias.

292 5728 319 5755 ι
350 5715 428 5769 Ex
456 5709 583 5764 Isid.
618 5708 739 5764 libr.
780 5728 828 5767 vi
864 5709 1039 5778 Orig,
1071 5723 1188 5779 cap.
1215 5705 1269 5758 2.

1907 4589 2108 4651 crnnia,
2133 4588 2323 4656 quiein
2354 4588 2553 4641 mundo
2586 4586 2880 4649 cernimus,
2911 4585 3115 4639 caduca
3147 4598 3268 4638 esse
3299 4592 3354 4637 et
3380 4582 3501 4637 hrc-

1907 4680 2016 4744 via,
2043 4687 2095 4733 et
2128 4680 2198 4733 oh
2239 4679 2343 4733 hoc
2371 4677 2592 4731 minime
2638 4675 2957 4745 appetenda.
3009 4673 3249 4727 Tertium
3298 4671 3498 4726 librum

1912 4773 2196 4841 Sgrasyrin
2226 4771 2398 4842 [lsi.l.,
2429 4771 2505 4823 sir
2530 4766 2773 4838 hysirim]
2807 4766 3144 4836 prtenotavit,
3173 4764 3265 4834 qui
3307 4765 3358 4818 in
3404 4763 3501 4816 La-

1909 4864 2075 4917 tinam
2106 4862 2340 4930 linguam
2368 4860 2600 4913 vertitur
2627 4857 2846 4912 Cantica
2876 4855 3209 4910 Canticorum
3230 4896 3244 4920 ,
3276 4855 3366 4908 ubi
3404 4868 3501 4923 per

1909 4952 2275 5023 epitalamium
2304 4965 2519 5003 carmen
2549 4946 2978 5014 conjunctionem
3001 4945 3201 4999 Christi
3226 4953 3282 4999 et
3308 4942 3501 4999 Eccle-

1911 5046 2005 5100 sia:
2035 5047 2261 5115 mystice
2291 5045 2459 5097 canit.

1983 5136 2148 5189 Inter.
2203 5138 2380 5202 Quare
2418 5135 2615 5189 dicitur
2651 5134 2873 5188 Cantica
2916 5130 3297 5187 Canticorum?
3340 5127 3495 5198 Resp.

1912 5226 2125 5281 Dictum
2149 5235 2329 5281 autem
2352 5225 2629 5280 Canticum
2673 5224 3050 5286 Canticorum,
3097 5236 3163 5275 eo
3205 5218 3347 5289 quod
3383 5232 3497 5272 om-

1911 5317 2070 5371 nibus
2114 5317 2342 5370 canticis
2388 5315 2725 5385 praeferatur,
2769 5315 2862 5383 qui
2902 5314 2956 5366 in
2988 5309 3284 5380 Scripturis
3327 5308 3499 5361 sacris

1909 5408 2214 5473 habentur;
2245 5409 2387 5463 sicut
2419 5408 2667 5475 quaedam
2709 5406 2763 5459 in
2802 5405 2946 5474 Lege
2988 5404 3244 5456 dicuntur
3285 5408 3496 5462 sancta,

1908 5500 2104 5570 quibus
2134 5499 2336 5568 majora
2362 5509 2488 5554 sunt
2514 5507 2705 5553 sancta
2736 5503 3066 5551 sanctorum.
3094 5492 3295 5545 Horum
3316 5499 3499 5543 autem

1914 5591 2076 5645 trium
2103 5591 2360 5646 librorum
2398 5592 2638 5646 carmina
2672 5587 2962 5645 exametris
2987 5626 3002 5649 ,
3048 5594 3101 5639 et
3143 5583 3499 5653 pentametris
