4038 6354
496 298 647 379 ing-27

1318 278 1379 343 Β.
1418 288 1480 341 F.
1519 284 1739 341 ALBlNl
1779 283 1909 340 SEU
1949 280 2224 337 ALCUINI
2258 279 2539 335 OPERUM
2576 278 2754 334 PARS
2794 274 2924 336 VIII.

3626 283 3765 340 “id

511 410 758 466 versibus
780 406 919 477 apud
949 419 1073 461 suos
1114 403 1410 473 composita
1444 399 1816 470 perhibentur,
1851 405 1910 450 ut
1941 394 2090 449 Iose-
2115 400 2167 457 Α
2197 391 2309 463 [Ita
2337 390 2479 461 catt]
2514 389 2641 446 Iesu
2668 391 2965 445 sacerdotis
2994 390 3173 461 magni
3198 392 3537 461 composuit,
3566 393 3632 447 de
3660 408 3768 463 quo

511 502 670 574 phus,
700 498 1160 568 Hieronymusque
1185 493 1447 548 scribunt.

584 591 751 646 Inter.
779 589 1001 643 Librum
1026 586 1197 639 Esaize
1216 584 1342 653 quis
1365 580 1698 652 composuit?
1721 578 1874 647 Resp.
1899 576 2090 631 Esaias

515 683 843 753 evangelista
885 679 1062 749 potius
1106 692 1269 746 quam
1319 674 1579 744 prepheta
1606 713 1620 736 ,
1678 671 1847 726 edidit
1895 670 2090 723 librum

518 789 697 837 suum,
734 772 884 841 cujus
904 768 1081 824 omnis
1110 775 1287 821 textus
1311 765 1629 834 eloquentia:
1654 778 1813 833 prosa
1852 760 2086 824 incedit;

518 865 791 920 canticum
820 874 947 913 vero
971 865 1248 911 exametro
1274 863 1330 909 et
1355 862 1693 924 pentametro
1717 867 1877 906 cursu
1907 848 2089 922 μεθίει,

517 953 700 1025 versu]
726 951 998 1008 discurrit.

588 1045 754 1098 Inter.
793 1040 1076 1095 Hieremiae
1120 1039 1275 1107 quis?
1309 1036 1461 1107 Resp.
1506 1035 1802 1089 Hieremias
1843 1032 2095 1088 similiter

518 1135 687 1190 edidit
713 1132 906 1188 librum
928 1144 1086 1185 suum
1110 1144 1234 1184 eum
1262 1128 1489 1182 Threnis
1514 1126 1630 1196 ejus
1649 1166 1664 1190 ,
1692 1140 1828 1195 quos
1862 1139 1960 1178 nos
1994 1123 2096 1177 La-

520 1234 700 1279 menta
722 1236 1001 1285 vocamus,
1026 1236 1092 1274 eo
1115 1218 1255 1289 quod
1281 1219 1335 1273 in
1360 1218 1686 1272 tristioribus
1706 1216 1866 1269 rebus
1894 1212 2098 1267 funeri-

520 1320 725 1388 busque
767 1316 1144 1378 adhibeantur,
1174 1313 1226 1366 in
1267 1312 1461 1381 quibus
1501 1307 1833 1379 quadruplex
1883 1306 2098 1360 diverso

522 1418 695 1465 metro
714 1407 1015 1477 composuit
1033 1405 1341 1466 alfabctum,
1371 1416 1599 1471 quorum
1621 1400 1726 1454 duo
1746 1400 1917 1469 prima
1943 1396 2099 1468 quasi

524 1498 717 1557 Sallico
742 1506 914 1552 metro
940 1497 1140 1565 scripta
1162 1478 1333 1557 sunt,
1354 1493 1480 1561 quia
1509 1501 1620 1545 tres
1652 1488 1975 1552 versiculos,
2007 1488 2099 1556 qui

524 1592 625 1647 sibi
658 1590 780 1644 nexi
807 1596 955 1652 Sunt,
986 1595 1039 1641 et
1067 1585 1136 1640 ab
1163 1600 1270 1638 una
1314 1591 1523 1638 tantum
1572 1581 1749 1635 littera
1798 1580 2097 1648 incipiunt,

2187 484 2432 537 meminit
2456 483 2766 537 Zacharias.
2792 481 2894 547 Qui
2929 482 3065 535 liber
3090 483 3231 551 apud
3265 482 3519 547 Latinos,
3544 494 3770 552 propter

2187 572 2385 641 eloquii
2412 571 2819 626 similitudinem
2842 584 2867 611 ι
2891 569 3199 624 Salomonis
3226 571 3381 626 titulo
3408 580 3769 641 praenotatur.

2188 659 2373 716 Dictus
2399 661 3035 725 autemEcclesiasticus,
3061 677 3126 716 eo
3151 662 3293 731 quod
3322 663 3489 716 totius
3514 663 3774 717 Ecclesia:

2190 754 2483 824 disciplina:
2514 754 2696 824 [Isid.,
2720 752 3020 822 disciplina]
3048 754 3309 823 religiosae
3335 755 3775 809 conversationis

2190 861 2382 916 magna
2399 860 2529 898 cura
2556 852 2611 898 et
2639 844 2851 898 ratione
2869 844 2938 898 sit
2962 844 3156 898 editus.
3175 844 3272 899 llic
3282 852 3339 898 et
3359 845 3503 912 apud
3522 844 3773 897 Hebreos

2192 936 2481 1004 reperitur,
2527 936 2621 990 sed
2666 934 2807 988 inter
2835 934 3103 1003 apocﬁl’os
3144 934 3391 988 habetur.
3423 933 3615 987 Iudith
3644 948 3779 988 vero

2192 1036 2247 1083 et
2276 1027 2409 1081 Tobi
2440 1042 2554 1081 swe
2591 1024 3004 1079 Machabeorum
3042 1024 3167 1078 libri
3216 1024 3412 1092 quibus
3461 1023 3783 1079 auctoribus

2194 1117 2380 1187 scripti
2402 1125 2549 1181 sunt,
2579 1117 2801 1170 minime
2822 1124 3053 1171 constat.
3078 1116 3289 1171 Habent
3309 1124 3491 1170 autem
3511 1114 3783 1170 vocabula

2195 1224 2261 1263 ex
2292 1223 2479 1262 eorum
2504 1208 2841 1270 nominibus,
2874 1220 3105 1275 quorum
3155 1215 3306 1276 gesta
3355 1206 3625 1259 scribunt.
3654 1203 3787 1259 Haec

2195 1314 2366 1368 pauca
2393 1300 2459 1354 de
2485 1299 2668 1354 Veteri
2694 1299 3043 1354 Testamento
3072 1299 3174 1352 hac
3197 1298 3315 1353 vice
3352 1297 3449 1351 tibi
3488 1294 3783 1351 suﬁiciant.

2779 1409 3007 1464 CAPUT
3047 1410 3178 1465 V'lll.

2655 1496 2722 1534 DE
2760 1496 2897 1535 NOVO
2938 1495 3309 1535 TESTAIBNTO.

2272 1573 2435 1628 Inter.
2464 1573 2540 1627 Ea
2569 1589 2689 1643 qua:
2715 1573 2782 1627 de
2811 1572 2901 1626 illo
2924 1572 3129 1637 dixisti,
3153 1572 3457 1638 sulliciunt;
3488 1570 3587 1627 sed
3612 1589 3795 1643 quare

524 1680 802 1734 heroicum
852 1691 1059 1733 comma
1107 1673 1456 1730 concludunt.
1513 1671 1755 1726 Tertium
1810 1667 2098 1723 alfabetum
2130 1732 2163 1735 Α
2202 1664 2408 1721 Novum
2437 1666 2837 1720 Testamentum
2859 1666 3090 1728 dicatur,
3117 1674 3177 1719 ut
3198 1666 3328 1720 mihi
3354 1666 3594 1735 aperias,
3624 1667 3787 1720 obse-

526 1732 772 1825 triinetro
797 1766 1057 1835 scriptum
1077 1771 1181 1827 est,
1200 1770 1298 1816 eta
1328 1761 1494 1815 ternis
1515 1759 1732 1822 litteris,
1756 1758 1809 1811 id
1831 1765 1936 1821 est,
1962 1756 2097 1810 terni
2130 1732 2175 1791 Β
2205 1772 2317 1811 cro.
2363 1755 2521 1826 Resp.
2548 1754 2757 1809 Novum
2786 1755 3192 1811 Testamentum
3223 1756 3344 1810 ideo
3376 1732 3627 1822 vocatur,
3655 1759 3783 1826 quia

526 1876 718 1916 versus
742 1858 924 1931 [Isid.,
951 1857 1113 1912 iidem
1135 1852 1346 1926 versus]
1380 1852 1663 1921 incipiunt.
1691 1850 1951 1917 Quartum
1975 1846 2103 1902 alfa-

434 1952 435 1955 “
524 1952 710 2007 betum
737 1949 913 2004 simile
939 1947 1114 2017 primo
1142 1954 1198 2001 et
1219 1943 1457 2000 secundo
1485 1943 1732 1997 habetur.

597 2044 762 2097 Inter.
787 2040 1087 2096 Ezechielis
1111 2046 1168 2093 et
1193 2035 1467 2091 Danihelis
1496 2034 1651 2104 quis?
1676 2032 1830 2103 Resp.
1856 2029 2106 2086 Ezechiel

456 2172 461 2175 -
526 2144 582 2191 et
601 2133 827 2189 Danihel
854 2148 885 2186 a
910 2132 1042 2185 viris
1065 2128 1389 2198 quibusdam
1416 2124 1749 2196 sapientibus
1777 2122 1962 2193 scripti
1987 2135 2110 2177 esse

523 2225 899 2294 perhibentur,
923 2234 1153 2289 quorum
1179 2216 1427 2271 Ezechiel
1447 2216 1709 2285 principia
1734 2222 1788 2269 et
1814 2214 1946 2268 lines
1972 2213 2110 2267 mul-

529 2317 600 2369 tis
635 2316 798 2369 habet
826 2309 1248 2367 obscuritatibus
1276 2307 1531 2361 involuta.
1563 2305 1786 2359 Danihel
1813 2320 1943 2359 vero
1965 2304 2111 2358 claro

530 2419 781 2461 sermone
811 2416 975 2471 regna
1005 2400 1151 2456 orbis
1181 2396 1511 2468 pronuntiat,
1541 2404 1594 2448 et
1617 2404 1827 2463 tempus
1850 2394 2113 2449 adventus

529 2495 731 2551 Christi
752 2491 1191 2548 manifestissima
1222 2488 1605 2560 praedicatione
1626 2495 1867 2541 annotat.
1893 2486 1956 2540 Hi
1985 2493 2115 2541 sunt

529 2595 761 2656 quatuor
788 2585 1092 2654 prophetae,
1125 2581 1216 2649 qui
1243 2578 1475 2647 majores
1520 2586 1798 2641 vocantur,
1828 2577 1951 2645 quia
1992 2591 2089 2645 pro

529 2679 636 2733 lixa
666 2676 938 2731 volumina
968 2672 1346 2727 condiderunt.

600 2767 767 2823 Inter.
794 2766 940 2820 Libri
962 2780 1037 2818 xu
1062 2763 1455 2831 Prophetarum
1484 2768 1731 2815 auctores
1747 2758 1838 2829 qui
1864 2757 2115 2812 fuerunt?

531 2862 688 2931 Resp.
718 2858 865 2914 Libri
895 2873 970 2911 xu
999 2855 1388 2923 Prophetarum
1423 2860 1701 2906 auctorum
1747 2866 1969 2904 suorum
2017 2865 2115 2903 no-

532 2952 763 3007 minibus
792 2955 1179 3018 prmnotantur,
1204 2944 1295 3013 qui
1321 2951 1605 3012 propterea
1644 2942 1897 2997 dicuntur
1941 2942 2119 2999 mino-

529 3061 653 3108 res,
696 3043 823 3112 quia
874 3048 1150 3094 sermones
1190 3050 1377 3090 eorum
1430 3036 1619 3089 breves
1670 3042 1811 3088 sunt.
1870 3032 2018 3088 Unde
2055 3038 2113 3088 et
2140 3066 2186 3129 c

530 3132 760 3188 connexi
790 3130 1002 3185 sibimet
1036 3128 1265 3182 invicem
1298 3126 1351 3179 in
1378 3138 1486 3179 uno
1520 3124 1789 3178 volumine
1826 3123 2105 3177 continen-

533 3234 641 3288 tur,
679 3235 906 3293 quorum
944 3220 1158 3274 nomina
1196 3218 1309 3271 haec
1340 3224 1504 3270 sunt:
1536 3214 1691 3278 Osee,
1715 3212 1887 3275 Johel,
1917 3213 2104 3279 Amos,

532 3317 755 3380 Abdias,
777 3313 959 3376 Jonas,
988 3312 1246 3372 Micheas,
1272 3308 1465 3372 Naum,
1490 3307 1706 3362 Abacuc
1725 3347 1740 3371 ,
1775 3304 2106 3376 Sophonias,

532 3409 729 3477 Agens,
755 3405 1063 3467 Zacharias,
1094 3411 1149 3457 et
1176 3400 1483 3455 Malachias.

542 3510 543 3515 ‘
601 3499 766 3552 Inter.
790 3498 973 3552 Esdrae
998 3495 1119 3549 libri
1144 3493 1264 3562 quis
1288 3500 1473 3546 auctor
1488 3490 1730 3545 exstitit?
1747 3488 1898 3559 Resp.
1927 3488 2109 3544 Esdra:

531 3593 670 3647 liber
717 3590 952 3645 auctoris
992 3588 1073 3642 sui
1121 3585 1277 3639 titulo
1301 3592 1651 3653 praenotatur,
1689 3583 1741 3637 in
1778 3582 1931 3649 cujus
1958 3591 2109 3635 textu

533 3682 772 3754 ejusdem
797 3680 1015 3735 Hesdras
1041 3677 1379 3745 Neemiaeque
1405 3689 1684 3730 sermones
1713 3674 1917 3743 pariter
1935 3673 2109 3727 conti—

534 3771 869 3835 nentur..Ne
917 3780 1241 3839 quemquam
1287 3773 1518 3827 moveat,
1564 3765 1707 3833 quod
1752 3780 1889 3817 unus
1921 3764 2106 3817 Esdra:

534 3865 731 3918 dicitur
758 3863 912 3925 liber,
943 3860 1068 3929 quia
1112 3858 1406 3921 secundus,
1441 3857 1633 3911 tertius
1667 3866 1720 3910 et
1743 3863 1967 3925 quartus
2002 3873 2108 3910 non

535 3954 802 4008 habentur
836 3950 975 4021 apud
1005 3949 1266 4012 Hebreos,
1298 3947 1393 4001 sed
1418 3946 1558 4000 inter
1593 3946 1911 4014 apocriphos
1945 3946 2111 4015 depu-

538 4055 738 4101 tantur.

607 4138 771 4193 Inter.
802 4137 1021 4192 Librum
1064 4134 1258 4188 llester
1291 4131 1411 4201 quis
1439 4130 1688 4200 scripsit?
1730 4129 1883 4198 Resp.
1924 4127 2114 4182 Hester

538 4230 734 4284 librum
778 4229 892 4298 ipsa
939 4226 1178 4281 creditur
1222 4222 1641 4291 conscripsisse,
1680 4221 1733 4274 in
1782 4234 1888 4288 quo
1922 4218 2112 4271 eadem

538 4320 742 4389 regina,
765 4319 867 4372 sub
892 4317 1060 4386 ﬁgura
1090 4314 1362 4377 Ecclesiae,
1396 4312 1490 4367 Dei
1519 4310 1771 4381 populum
1803 4326 1831 4362 n
1854 4309 2113 4363 servitute

2203 1849 2451 1913 innovat;
2476 1863 2583 1902 non
2608 1847 2753 1901 enim
2784 1846 2913 1901 illud
2936 1847 3173 1911 discunt,
3202 1848 3307 1902 nisi
3336 1848 3588 1902 homines
3631 1863 3787 1901 reuo-

2204 1939 2312 1993 vati
2339 1956 2405 1994 ex
2428 1947 2697 1993 vetustate
2732 1954 2827 2010 per
2854 1940 3085 2010 gratiam
3121 1948 3177 1994 et
3205 1941 3538 2010 pertinentes
3575 1942 3693 2011 jam
3718 1942 3789 1996 ad

2205 2035 2587 2082 testamentum
2620 2044 2839 2092 novum,
2867 2030 3010 2097 quod
3033 2037 3116 2084 est
3140 2044 3360 2099 regnum
3386 2030 3671 2085 caelorum.

2279 2120 2446 2174 Inter.
2507 2119 2740 2176 Ordines
2790 2121 3047 2176 librorum
3113 2122 3245 2176 Novi
3302 2123 3639 2178 Testamenti
3693 2125 3785 2193 qui

2209 2212 2368 2267 sunt?
2395 2210 2552 2282 Resp.
2582 2213 2715 2267 Duo.
2740 2212 2905 2267 Inter:
2929 2213 3030 2279 Qui
3052 2214 3075 2266 ?
3102 2213 3256 2283 Resp.
3280 2214 3493 2269 Primus
3519 2226 3605 2269 est
3628 2233 3789 2270 evan-

2210 2302 2434 2371 gelicus,
2463 2302 2516 2355 in
2549 2318 2656 2371 quo
2684 2310 2810 2357 sunt
2836 2303 3122 2366 Mattheus,
3148 2304 3381 2368 Marcus,
3406 2305 3585 2359 Lucas
3614 2315 3672 2359 et
3696 2306 3791 2361 Io-

2210 2394 2435 2447 hannes.
2465 2392 2745 2447 Secundus
2773 2392 3119 2463 apostolicus,
3150 2394 3203 2447 in
3225 2410 3332 2462 quo
3358 2404 3485 2449 sunt
3507 2394 3713 2450 Paulus
3736 2398 3792 2449 in

2214 2500 2304 2540 xiv
2329 2486 2606 2556 Epistolis,
2634 2486 2828 2541 Petrus
2858 2487 2910 2539 in
2939 2487 3163 2549 duabus,
3195 2486 3469 2542 Iohannes
3499 2488 3552 2542 in
3582 2490 3791 2551 tribus,

2212 2575 2445 2631 Iacobus
2468 2585 2522 2630 et
2547 2576 2712 2631 Iudas
2733 2578 2785 2630 in
2814 2577 3038 2646 singulis
3061 2616 3078 2643 ,
3103 2577 3271 2632 Actus
3312 2579 3697 2647 Apostolorum
3739 2593 3795 2636 et

2213 2672 2570 2742 Apocalipsis.

2285 2764 2450 2818 Inter.
2494 2763 2758 2817 Anetores
2787 2760 2945 2829 hujus
2989 2762 3121 2818 Novi
3165 2750 3495 2820 Testamenta
3540 2765 3635 2836 qui
3684 2767 3795 2822 fue-

2215 2858 2377 2911 runt?
2421 2855 2577 2928 Resp.
2626 2857 2866 2924 Quatuor
2907 2858 3073 2912 libros
3111 2859 3526 2929 Evangeliorum
3564 2872 3797 2930 quatuor

2217 2964 2376 3018 supra
2405 2946 2662 3003 numinati
2700 2948 3048 3019 singulariter
3071 2954 3527 3018 conscr'pserunt.

2289 3039 2454 3093 Inter.
2506 3038 2657 3093 Nunc
2703 3048 2858 3108 peto,
2898 3047 2957 3093 ut
3006 3041 3140 3093 mihi
3188 3056 3424 3110 exponas
3456 3043 3581 3111 quis
3610 3058 3793 3097 eorum

2213 3134 2441 3203 primus,
2472 3139 2526 3185 et
2553 3145 2657 3199 qua
2686 3130 2891 3200 lingua,
2916 3130 2999 3184 vel
3031 3132 3122 3185 ubi
3162 3139 3218 3184 et
3260 3132 3401 3185 ttndc
3445 3132 3795 3201 Evangelium

2209 3222 2652 3291 conscripsisset?
2676 3221 2940 3275 Similiter
2960 3222 3026 3275 de
3061 3221 3320 3285 secundo,
3344 3223 3532 3285 tertio,
3557 3234 3612 3277 et
3639 3240 3795 3291 quar-

2212 3321 2268 3366 to
2320 3312 2498 3366 facere
2553 3326 2657 3365 non
2714 3326 2927 3365 renuas.
2984 3311 3209 3381 Resp.-b
3258 3313 3475 3368 Primus
3531 3312 3796 3368 Mattheus

2209 3402 2535 3470 conscripsit
2562 3401 2910 3471 Evangelium
2936 3390 3135 3456 litteris
3178 3402 3456 3457 Hebraicis
3500 3413 3555 3458 et
3591 3420 3795 3458 sermo-

2210 3494 2387 3557 nibus,
2440 3493 2491 3545 in
2540 3492 2723 3546 Iudaea
2774 3492 2996 3546 initians
3041 3494 3418 3564 evangelizare
3457 3497 3528 3549 ab
3558 3496 3793 3551 humana

2210 3583 2412 3637 Christi
2462 3584 2743 3639 nativitate
2787 3585 3012 3640 dicens:
3044 3586 3195 3640 Liber
3233 3589 3587 3657 generationis
3635 3590 3797 3661 5,33

2211 3677 2345 3730 Iesu
2376 3675 2570 3731 Christi
2611 3677 2710 3746 ﬁlii
2740 3676 2946 3743 David,
2976 3679 3076 3747 ﬁlii
3102 3679 3370 3734 Abraham
3413 3680 3635 3747 (Matth.
3658 3699 3697 3747 I,
3726 3684 3795 3737 ll.

2213 3766 2535 3837 Signiﬁcans
2566 3768 2909 3822 descendisse
2944 3769 3297 3837 corporaliter
3341 3786 3409 3825 ex
3460 3774 3674 3827 semine
3708 3789 3801 3842 pa-

2214 3861 2569 3914 triarcharum
2600 3858 2896 3923 Christum,
2922 3860 3060 3913 sicut
3088 3861 3416 3929 promissum
3441 3872 3567 3915 erat
3597 3865 3654 3917 in
3682 3881 3802 3932 pru-

2212 3952 2390 4022 phetis
2434 3966 2530 4020 per
2593 3949 2853 4018 Spiritum
2923 3960 3190 4004 sanctum.
3242 3950 3528 4007 Secundus
3588 3953 3803 4007 Marcus

2212 4043 2401 4111 plenus
2449 4040 2646 4110 Spiritu
2703 4047 2890 4094 sancto
2935 4041 3150 4109 scripsit
3193 4041 3547 4111 EVangclium
3598 4042 3801 4097 Christi

2212 4132 2426 4202 eloquio
2440 4131 2626 4186 Graeco
2654 4131 2706 4184 in
2733 4130 2882 4184 Italia
2909 4141 3127 4186 secutus
3150 4131 3369 4186 Petrum
3398 4140 3457 4187 ut
3479 4133 3801 4202 discipulus.

2213 4222 2264 4277 ls
2299 4222 2509 4274 initium
2534 4237 2563 4273 a
2585 4219 2777 4289 spiritu
2812 4220 3111 4290 prophetali
3143 4220 3272 4274 fecit
3298 4222 3483 4274 dicens
3507 4235 3523 4274 :
3556 4220 3673 4275 Vox
3697 4222 3808 4274 cla-

2216 4312 2406 4365 mantis
2440 4311 2490 4363 in
2518 4310 2721 4362 deserto
2748 4323 2765 4360 :
2796 4309 2991 4362 Parate
3013 4311 3150 4364 viam
3177 4310 3399 4363 Domino
3425 4310 3626 4380 (Marc.
3656 4328 3698 4375 ι,
3727 4312 3804 4373 ὅ),

539 4418 595 4463 et
622 4416 793 4462 morte
824 4406 1086 4475 eripuisse
1126 4403 1403 4465 scribitur,
1448 4414 1608 4470 atque
1643 4400 1926 4455 interfecto
1960 4400 2116 4454 hoste
2146 4427 2194 4485 ι)
2219 4408 2277 4453 ut
2317 4399 2627 4453 ostenderet
2658 4398 2932 4452 Christum
2977 4407 3099 4467 post
3147 4400 3574 4468 assumptionem
3622 4402 3809 4453 carnis

541 4498 728 4557 Aman,
762 4498 853 4567 qui
890 4497 1274 4563 imcrpretatur
1306 4492 1582 4561 iniquitas,
1609 4491 1714 4545 diei
1739 4491 2027 4547 celebritas
2061 4492 2116 4545 in

540 4594 785 4657 posteros
814 4585 1063 4639 mittitur.

614 4676 776 4729 Inter.
817 4674 961 4728 Libri
998 4670 1286 4744 Sapientiae
1345 4680 1399 4726 et
1445 4671 1844 4738 Eeclesiastici,
1896 4673 2112 4738 Iudith,

543 4766 744 4829 'l‘obite,
779 4774 938 4834 atque
965 4764 1377 4817 Maehaheorum
1415 4764 1706 4833 scriptores
1754 4766 1844 4832 qui
1895 4778 2014 4819 esse
2041 4765 2119 4818 di-

543 4857 775 4911 cuntur?
812 4855 961 4924 Resp.
1009 4854 1169 4908 Liber
1209 4854 1498 4923 Sapientia:
1526 4856 1665 4923 apud
1699 4854 1936 4908 Hebreos
1983 4872 2114 4909 nus-

542 4962 703 5017 quam
729 4955 845 5009 est;
879 4946 1017 4999 unde
1049 4952 1103 4999 et
1139 4946 1251 5013 ipse
1287 4944 1472 4999 titulus
1517 4944 1759 4999 Grzccam
1805 4945 1974 5014 magis
2009 4945 2121 4999 eloa

541 5037 817 5106 qnentiam
840 5035 1062 5090 redolet.
1091 5033 1244 5088 Hunc
1269 5032 1422 5087 Iudei
1444 5034 1646 5089 Filonis
1674 5050 1795 5089 esse
1819 5034 2116 5090 afﬁrmant:

542 5129 635 5196 qui
667 5128 891 5197 proinde
921 5125 1195 5196 Sapientia
1224 5126 1551 5188 nominatur,
1576 5125 1701 5194 quia
1733 5124 1787 5177 in
1828 5139 1894 5178 eo
1918 5124 2120 5180 Christi

545 5220 836 5283 adventus,
868 5219 958 5288 qui
995 5226 1080 5272 est
1123 5217 1385 5287 sapientia
1430 5216 1608 5270 Patris
1634 5253 1647 5280 ,
1690 5224 1745 5269 et
1780 5217 1961 5287 passio
2001 5218 2120 5287 ejus

544 5309 819 5363 evidenter
846 5308 1181 5379 exprimitur.
1207 5307 1428 5360 Librum
1469 5315 1648 5360 autem
1685 5306 2124 5361 Eeclesiasticum

546 5400 850 5455 certissime
896 5399 1053 5455 Iesus
1095 5399 1239 5453 ﬁlius
1296 5397 1486 5452 Sirach
1539 5397 1904 5454 Ierosolimita
1953 5414 2123 5469 nepus

619 5543 643 5569 ι
682 5526 901 5600 Propter
920 5528 1107 5600 eloquii
1128 5527 1541 5582 similitudinem.
1567 5528 1767 5583 Confer
1790 5544 1977 5583 versus
2001 5544 2122 5599 poe-

546 5600 707 5655 matis
744 5599 794 5661 6,
822 5599 922 5653 col.
954 5599 1074 5653 754.

702 5689 791 5738 llis
813 5689 906 5736 duo
926 5692 1193 5752 junguntur
1218 5702 1304 5752 per
1330 5690 1617 5751 paradiqmu
1643 5689 1749 5737 libri

2222 4492 2570 4559 Evangelium
2608 4491 2926 4560 przedicasse
2972 4492 3192 4545 mundo.
3221 4491 3338 4561 Ipse
3377 4492 3527 4546 enim
3556 4492 3808 4547 Christus

2220 4593 2273 4639 et
2298 4585 2558 4654 propheta
2585 4584 2762 4637 dictus
2805 4590 2923 4647 est,
2966 4582 3106 4636 sicut
3153 4584 3415 4653 scriptum
3436 4590 3560 4637 est:
3595 4583 3661 4635 Et
3686 4601 3811 4652 pro-

2220 4676 2426 4745 phetam
2455 4674 2507 4727 in
2542 4674 2776 4743 gentibus
2804 4674 2952 4743 posui
2981 4682 3029 4726 te
3061 4672 3194 4741 (Ier.
3222 4689 3262 4739 ι,
3285 4674 3361 4743 5).
3391 4674 3610 4728 Tertius
3632 4674 3809 4727 Lucas

2222 4767 2364 4819 inter
2382 4778 2571 4819 omnes
2599 4765 2955 4834 evangelistas
2986 4764 3192 4820 Graecis
3227 4767 3577 4821 sermonibus
3616 4766 3805 4837 [Isid.,

2222 4856 2391 4911 Graeci
2420 4855 2709 4926 sermonis]
2743 4855 3143 4911 eruditissimus
3165 4897 3179 4919 ,
3209 4857 3407 4926 quippe
3432 4866 3494 4910 ut
3523 4857 3770 4911 medicus
3790 4896 3807 4915 .

2222 4948 2276 5002 in
2304 4946 2508 5003 Graecia
2536 4946 2884 5014 Evangelium
2934 4948 3153 5017 scripsit
3183 4946 3483 5017 Theophila
3518 4948 3807 5018 episcopo,

2220 5037 2442 5091 initians
2470 5052 2500 5089 a
2528 5036 2846 5091 sacerdotali
2882 5036 3076 5106 spiritu
3125 5038 3311 5092 dicens
3335 5028 3502 5091 :Tuit
3536 5039 3591 5090 in
3620 5039 3808 5091 diebus

2222 5126 2449 5182 Herodis
2476 5128 2609 5197 regis
2631 5126 2791 5181 Judw
2819 5129 3064 5182 sacerdos
3104 5129 3320 5200 quidam
3357 5130 3566 5182 nomine
3599 5128 3808 5181 Zacha-

2222 5219 2329 5271 rias
2359 5217 2508 5288 (Luc.
2542 5234 2580 5281 ι,
2611 5217 2687 5289 5).
2721 5218 2789 5272 Ut
2820 5217 3192 5273 manifestarct
3209 5217 3485 5273 Christum
3506 5228 3630 5287 post
3657 5220 3808 5273 ηιιὶο

2224 5314 2444 5368 vitatem
2476 5313 2659 5367 carnis
2689 5322 2744 5367 et
2774 5314 3209 5383 pnedicationem
3252 5312 3531 5382 Evangelii
3570 5314 3813 5367 hostiam

2225 5402 2392 5458 fuisse
2417 5403 2666 5458 eti‘ectum
2704 5418 2804 5473 pro
2832 5404 3002 5458 salute
3031 5404 3252 5458 mundi:
3278 5405 3392 5474 ipse
3424 5414 3509 5458 est
3535 5406 3683 5458 enim
3718 5420 3811 5458 sa-

2438 5536 2652 5596 Qnorum
2676 5539 2855 5599 quippe
2882 5539 3011 5598 prior
3036 5536 3284 5599 Sapientia
3304 5538 3485 5586 dicitur
3511 5537 3653 5586 alma.

2503 5598 2741 5648 Notanttir
2763 5598 2884 5648 Jesu
2910 5598 3113 5649 nomine
3139 5602 3398 5660 posterior.

2300 5681 2326 5718 δ
2352 5679 2605 5741 Isidorus,
2636 5681 2735 5734 loc.
2762 5682 2853 5734 cit.
