4038 6354
254 332 401 392 1129

1190 334 1337 391 ΟΡΡ.
1381 330 1608 390 DUBIA.
1648 354 1720 368 —-
1757 320 2171 381 DISPUTATIO
2208 317 2614 381 PUERORUM.

3389 314 3527 371 H30

250 450 470 516 cerdos.
494 446 569 503 de
590 457 704 517 quo
731 446 937 504 dictum
961 454 1046 504 est
1086 448 1140 504 in
1180 447 1411 504 Psalmis
1440 466 1453 500 :
1490 446 1567 501 Tu
1593 463 1646 501 es
1669 459 1843 500 sacer-

1964 438 2248 495 3arnabam
2274 439 2587 511 scripsisse;
2611 434 2702 491 alii
2726 448 2758 490 a
2777 432 3055 491 Clemente
3075 432 3336 505 scriptam
3362 433 3529 492 fuisse

248 543 350 598 dos
370 544 425 596 in
446 547 698 596 «ternum
713 541 998 595 secundum
1012 542 1248 595 ordinem
1271 539 1645 595 Melchisedech
1664 535 1836 609 (Psal.

247 651 369 699 ax,
394 634 470 705 4).
505 634 607 692 Ubi
636 634 780 690 enim
808 632 1060 689 Christus
1088 633 1333 697 advenit,
1364 631 1730 687 sacerdotium
1748 627 1843 683 Ju-

1944 535 2306 605 suspicantur.

2015 626 2182 682 Inter.
2209 625 2355 681 Petri
2378 626 2519 711 quis,
2546 634 2640 681 aut
2669 632 2822 695 quot,
2846 623 2932 680 vei
2957 626 3227 695 quomodo
3246 624 3532 681 nominan-

249 727 497 784 dteorum
517 725 809 790 obmutuit,
834 723 921 780 lex
942 733 998 779 et
1016 724 1297 794 prophetia
1322 723 1576 779 cessavit.
1607 722 1844 790 Quartus
1944 722 2069 775 tur?
2102 717 2257 790 Resp.
2296 716 2490 773 Petrus
2524 717 2741 787 scripsit
2776 717 2910 772 duas
2944 716 3179 772 nominis
3209 716 3293 772 sui
3319 716 3533 787 Episto-

248 816 495 873 Joanues
533 816 753 888 scripsit
786 814 1138 886 Evangelium
1164 814 1389 870 ultimus
1440 813 1494 868 in
1521 813 1675 877 Asia,
1716 812 1847 869 inci-

249 910 411 979 piens
441 925 472 963 a
499 907 713 973 Verbo,
746 916 808 961 ut
844 906 1159 962 ostenderet
1186 907 1437 961 eumdem
1468 904 1807 960 Salvatorem
1826 945 1842 973 ,

248 1002 351 1072 qui
376 1016 476 1072 pro
496 1000 657 1055 nobis
684 1000 937 1070 dignatus
966 1008 1050 1054 est
1074 998 1225 1054 nasci
1247 1006 1302 1053 et
1334 997 1448 1067 pati
1474 1016 1486 1051 :
1515 997 1692 1065 ipsum
1721 1004 1848 1052 ante

252 1095 455 1151 saecula
498 1094 594 1150 Dei
637 1092 873 1149 Verbum
920 1107 1041 1148 esse
1069 1112 1081 1147 :
1114 1093 1291 1163 ipsum
1332 1091 1470 1147 coelo
1512 1091 1762 1158 venisse,
1791 1098 1848 1145 et

251 1193 379 1255 post
398 1193 631 1239 mortem
654 1185 721 1239 ad
743 1184 942 1239 cmlum
969 1184 1168 1239 iterum
1195 1199 1487 1240 remeasse.

328 1274 497 1330 Inter.
530 1274 682 1331 Nunc
709 1275 830 1331 volo
855 1284 916 1330 ut
939 1275 1072 1330 mihi
1102 1290 1363 1345 exponas,
1392 1291 1565 1346 quare
1612 1283 1849 1347 quatuor

248 1367 369 1422 sint
411 1369 502 1438 qui
548 1369 665 1423 hzec
715 1381 863 1440 gesta
905 1369 1381 1440 conscripserunt?
1412 1385 1505 1425 seu
1537 1370 1727 1435 etiam,
1753 1371 1849 1440 qui

250 1460 367 1514 sint
390 1460 446 1515 hi
470 1469 722 1532 quatuor,
752 1462 845 1532 qui
873 1461 1057 1516 divino
1080 1460 1303 1529 Spiritu,
1333 1462 1690 1517 annuntiante
1717 1461 1851 1516 Pro-

252 1553 440 1625 pheta,
470 1554 666 1625 signati
715 1555 872 1609 sunt?
919 1553 1071 1624 Resp.
1121 1553 1245 1608 Ideo
1290 1568 1420 1625 ergo
1449 1553 1851 1622 conscriptores

255 1647 554 1718 gestse(sic)
569 1648 986 1718 Evangeliorum
1007 1653 1241 1715 quatuor
1263 1660 1385 1700 esse
1410 1645 1683 1709 dicuntur,
1698 1645 1847 1715 quia,

253 1737 471 1794 dicente
481 1740 772 1809 Propheta,
788 1747 1024 1809 quatuor
1037 1737 1291 1791 animalia
1306 1744 1523 1793 ostensa
1540 1751 1659 1792 esse
1672 1737 1852 1809 legun-

1946 811 2045 876 las,
2080 826 2202 882 quae
2244 810 2527 867 catholicae
2559 810 2679 866 ideo
2709 811 3077 876 nominantur,
3107 810 3234 883 quia
3281 826 3392 866 non
3437 811 3532 868 uni

1949 911 2160 958 tantum
2209 902 2406 974 populo
2454 903 2540 959 vel
2588 905 2815 972 civitati,
2852 906 2948 962 sed
2984 906 3253 963 universis
3283 906 3533 978 gentibus

1948 994 2274 1067 generaliter
2296 996 2513 1067 scripta:
2549 1006 2693 1052 sunt.

2020 1085 2186 1142 Inter.
2213 1086 2431 1154 Jacobi,
2456 1087 2685 1146 Joannis
2711 1099 2767 1147 et
2788 1089 2938 1148 Judae
2971 1095 3131 1165 quis?
3163 1094 3316 1167 Resp.
3345 1094 3531 1163 Jacob,

1948 1176 2185 1234 Joannes
2214 1187 2270 1234 et
2292 1176 2459 1236 Judas
2482 1197 2606 1237 suas
2629 1182 2966 1253 scripserunt
2995 1186 3283 1257 Epistolas.

2022 1268 2187 1324 Inter.
2218 1271 2450 1327 Actuum
2476 1274 2841 1345 apostolorum
2872 1276 3107 1347 scriptor
3138 1279 3261 1349 quis
3289 1281 3537 1336 exstitit?

1952 1362 2109 1435 Resp.
2152 1364 2320 1420 Actus
2345 1366 2709 1435 apostolorum
2739 1368 3037 1437 primordia
3065 1370 3191 1426 ﬁdei
3217 1370 3538 1429 Christiana

1951 1457 2008 1512 in
2039 1456 2306 1528 gentibus,
2339 1466 2395 1513 et
2418 1461 2689 1515 nascentis
2713 1461 2970 1518 Ecclesiae
3001 1452 3285 1519 historiam
3318 1466 3535 1539 digerit.

1951 1548 2184 1603 Actuum
2214 1550 2584 1620 apostolorum
2615 1555 2934 1623 scriptorem
2984 1555 3187 1612 Lucam
3225 1572 3344 1615 esse
3371 1574 3539 1615 evan-

1953 1642 2202 1712 gelistam
2254 1643 2604 1700 manifestum
2654 1657 2758 1713 est,
2799 1649 2854 1703 in
2902 1665 3009 1719 quo
3062 1667 3225 1723 opere
3265 1655 3541 1712 nascentis

1954 1733 2209 1791 Ecclesite
2251 1735 2481 1792 infantia
2527 1738 2748 1805 texitur,
2792 1748 2848 1794 et
2895 1742 3259 1812 apostolorum
3314 1746 3542 1802 historia

251 1838 365 1897 tur,
402 1848 633 1902 quorum
676 1832 912 1904 primum
962 1831 1161 1888 animal
1208 1841 1396 1888 tenens
1438 1830 1845 1887 similitudinem
1876 1830 1925 1891 B
1953 1828 2235 1883 retinetur.
2267 1828 2420 1885 Unde
2443 1839 2498 1885 et
2518 1831 2681 1887 Actus
2709 1832 3063 1904 apostolorum
3090 1836 3305 1892 dicitur.

246 1923 511 1988 hominis,
551 1927 847 1981 secundum
894 1926 1086 1991 leonis,
1122 1926 1343 1981 tertium
1388 1924 1567 1989 vituli,
1595 1932 1850 1994 quartum

248 2029 389 2069 vero
412 2015 624 2085 aquilae.
677 2015 785 2071 Sed
818 2016 874 2071 hi
922 2024 1155 2087 quatuor
1184 2016 1284 2072 has
1334 2017 1600 2073 habentes
1648 2016 1851 2088 ﬁguras

248 2109 618 2178 evangelistas
641 2125 762 2165 esse
792 2125 899 2165 non
930 2110 1152 2165 dubium
1177 2118 1283 2166 est.

328 2198 496 2254 Inter.
536 2200 630 2255 Isti
659 2201 1011 2271 evangelista:
1048 2217 1216 2272 quare
1247 2209 1483 2274 quatuor
1524 2202 1852 2259 animalibus

254 2290 543 2346 assimilati
566 2291 726 2345 sum?
755 2289 909 2361 Resp.
946 2290 1082 2357 Quia
1119 2307 1216 2363 per
1241 2302 1477 2363 quatuor
1502 2294 1687 2349 mundi
1724 2310 1851 2365 par-

252 2391 340 2439 tes
382 2384 519 2440 ﬁdes
552 2384 880 2441 Christiana:
909 2385 1190 2458 religionis
1228 2403 1420 2444 eorum
1459 2389 1852 2460 praedicatione

250 2476 610 2532 disseminata
642 2488 747 2533 est.

327 2567 494 2623 Inter.
533 2568 713 2637 Quare
742 2570 999 2627 dicuntur
1031 2572 1323 2629 animalia?
1366 2574 1521 2647 Resp.
1557 2575 1694 2645 Quia
1719 2594 1851 2649 pro-

250 2666 380 2731 pter
414 2661 651 2717 animam
682 2663 919 2718 hominis
950 2665 1275 2735 praedicatur
1300 2666 1655 2739 Evangelium
1692 2669 1851 2725 Chri-

248 2753 350 2809 sti.
379 2752 513 2808 Nam
537 2763 592 2809 et
611 2755 785 2811 oculis
804 2756 963 2826 plena
983 2765 1139 2812 erant
1161 2758 1306 2813 intus
1332 2767 1387 2813 ct
1414 2758 1569 2825 foris,
1591 2762 1854 2831 quoniam

250 2846 558 2917 praevident
583 2847 901 2920 Evangelia,
926 2865 1047 2919 qua:
1078 2849 1224 2906 dicta
1256 2859 1380 2907 sunt
1409 2868 1440 2907 a
1474 2853 1773 2923 prophetis,
1798 2860 1854 2910 et

256 2953 382 3007 qua:
411 2940 736 3008 promiserat
761 2941 815 2995 in
843 2941 1034 3012 priori.
1063 2940 1234 2997 Crura
1260 2951 1443 2999 autem
1467 2959 1659 3000 eorum
1681 2953 1848 3011 recta,

254 3031 388 3101 quia
413 3031 551 3085 nihil
596 3048 821 3102 pravum
853 3034 908 3089 in
950 3034 1261 3107 Evangeliis
1296 3038 1598 3108 reperitur;
1638 3046 1693 3094 et
1738 3039 1854 3095 alas

253 3122 523 3178 habentes
552 3138 713 3180 senas
751 3133 993 3198 tegentes
1031 3144 1191 3185 crura
1219 3138 1275 3185 et
1305 3129 1471 3186 facies
1502 3147 1629 3187 suas
1653 3149 1664 3185 :
1692 3147 1851 3188 reve-

253 3214 369 3270 lata
401 3224 525 3270 sunt
548 3217 692 3272 enim
718 3234 837 3288 qua:
864 3222 1187 3292 tegebantur
1215 3222 1269 3277 in
1294 3222 1525 3278 adventu
1554 3222 1777 3278 Christi.

335 3307 498 3362 Inter.
548 3308 645 3363 Dic
690 3310 824 3365 mihi
871 3328 969 3367 cur
1025 3313 1358 3381 evangelista
1402 3314 1457 3368 in
1506 3315 1856 3387 generatione

250 3402 463 3459 Christi
503 3404 749 3457 ordinem
788 3414 1181 3476 prmposterum
1217 3408 1527 3477 posuisset,
1556 3424 1681 3463 cum
1728 3417 1855 3465 ante

256 3495 454 3560 David,
479 3503 534 3549 et
557 3504 741 3563 postea
762 3496 1065 3550 nominavit
1086 3497 1394 3552 Abraham?
1424 3497 1577 3570 Resp.
1599 3498 1698 3554 Hic
1720 3499 1856 3554 ordo

259 3589 315 3643 in
338 3590 451 3643 hoc
480 3588 601 3641 loco
626 3588 954 3643 necessitate
976 3598 1059 3644 est
1086 3599 1483 3655 commutatus;
1518 3593 1775 3659 quoniam
1809 3592 1858 3647 si

252 3680 497 3750 primum
531 3678 802 3748 posuisset
825 3678 1122 3744 Abraham,
1150 3689 1203 3735 et
1230 3689 1418 3751 postea
1451 3681 1643 3747 David,
1669 3699 1858 3739 rursus

248 3773 310 3826 ei
342 3770 669 3840 repetendus
695 3781 814 3825 erat
840 3771 1116 3826 Abraham
1138 3813 1153 3838 ,
1196 3782 1258 3827 ut
1286 3773 1455 3829 series
1488 3777 1858 3846 generationis

251 3860 466 3917 Christi
500 3870 799 3917 texeretur.

335 3953 499 4008 Inter.
535 3954 715 4021 Quare
761 3956 974 4011 cmteris
1008 3958 1391 4027 praetermissis
1440 3959 1636 4014 horum
1686 3960 1857 4015 ﬁlium

261 4061 389 4102 eum
445 4046 1005 4119 nuncupavittResp.
1057 4050 1183 4105 Ideo
1228 4051 1379 4106 illum
1427 4052 1653 4108 istorum
1687 4054 1859 4109 ﬁlium

258 4152 388 4192 esse
425 4136 579 4202 dixit,
606 4137 733 4207 quia
772 4138 839 4193 ad
867 4140 966 4195 hos
1002 4149 1209 4196 tantum
1240 4141 1380 4197 facta
1414 4159 1534 4199 esse
1563 4146 1858 4215 repromis-

256 4230 348 4283 sio
374 4228 593 4299 legitur.
629 4228 796 4284 Inter.
849 4230 1092 4298 Qualiter
1134 4234 1424 4303 promissio
1470 4233 1615 4289 facta
1668 4247 1752 4290 est
1792 4237 1859 4292 ad

258 4318 569 4383 Abraham,
602 4328 658 4374 et
692 4320 928 4391 qualiter
962 4321 1029 4376 ad
1079 4323 1282 4379 David?
1314 4323 1469 4395 Resp.
1509 4324 1739 4382 Abraha:
1773 4326 1859 4381 di-

262 4419 413 4467 ctum
453 4421 537 4467 est
564 4430 576 4465 :
606 4412 673 4467 In
704 4414 897 4467 semine
924 4423 1013 4467 tuo
1047 4415 1415 4470 benedicentur
1462 4432 1640 4472 omnes
1685 4426 1859 4488 gentes

259 4504 421 4576 (Cen.
472 4521 624 4570 χχιι,
675 4505 762 4577 18)
817 4514 1005 4571 εει-ιω,
1038 4506 1184 4575 quod
1220 4516 1306 4562 est
1355 4507 1625 4563 Christus.
1690 4508 1859 4563 David

2024 1920 2193 1975 Inter.
2228 1920 2592 1993 Apocalypsin
2620 1925 2762 1993 quis,
2790 1933 2883 1979 aut
2905 1940 3011 1995 quo
3032 1935 3297 1996 tempore.
3318 1929 3402 1984 vcl
3423 1930 3544 1986 ubi?

1955 2011 2112 2085 Resp.
2144 2014 2515 2087 Apocalypsin
2539 2016 2735 2073 librum
2780 2016 3015 2076 Joannes
3042 2022 3373 2092 evangelista
3404 2025 3541 2080 scri-

1952 2105 2063 2174 psit
2093 2119 2159 2160 eo
2191 2113 2454 2177 tempore,
2488 2123 2596 2177 quo
2631 2109 2700 2163 oh
2724 2107 2996 2179 Evangelii
3026 2112 3463 2181 praedicationem
3488 2114 3543 2169 in

1954 2193 2131 2250 insula
2190 2196 2448 2252 Pathmos
2500 2198 2731 2253 traditur
2782 2200 3043 2271 religatus
3104 2200 3286 2274 [Leg.,
3332 2203 3542 2272 relega-

1956 2284 2093 2358 tus].
2123 2285 2289 2341 Inter.
2318 2286 2671 2360 Apocalypsis
2704 2305 2811 2359 qua
2848 2290 3029 2363 lingua
3063 2292 3279 2360 dicitur,
3311 2294 3546 2365 vclquid

1952 2379 2376 2451 interpretatur?
2409 2381 2562 2455 Resp.
2609 2383 2964 2456 Apocalypsis
3008 2394 3189 2443 autem
3226 2404 3296 2443 ex
3335 2387 3541 2453 Grzcco,

1954 2469 2011 2525 in
2041 2470 2294 2526 Latinum
2334 2473 2591 2529 revelatio
2625 2475 3032 2547 interpretatur.
3066 2477 3232 2533 Inter.
3267 2478 3547 2536 Revelatio

1955 2565 2084 2634 quid
2107 2566 2221 2620 est?
2240 2564 2394 2638 Resp.
2420 2566 2699 2623 Revelatio
2721 2577 2804 2625 est
2826 2569 3190 2628 manifestatio
3212 2588 3399 2628 eorum
3425 2590 3547 2645 quas

1957 2658 2272 2714 abscondita
2314 2669 2498 2727 erant,
2533 2661 2691 2732 juxta
2731 2664 2875 2732 quod
2926 2664 3041 2735 ipse
3086 2664 3324 2721 Joannes
3377 2667 3543 2722 dicit:

1955 2746 2299 2820 Apocalypsis
2323 2751 2452 2806 Jesu
2484 2752 2702 2818 Christi,
2724 2770 2878 2825 quem
2913 2754 3058 2809 dedit
3084 2755 3163 2810 illi
3198 2756 3342 2811 Deus
3367 2757 3548 2829 palam

1958 2840 2131 2910 facere
2173 2842 2333 2896 servis
2362 2843 2473 2897 suis
2506 2843 2689 2915 (Apoc.
2725 2861 2764 2912 ι,
2799 2845 2872 2918 l).
2912 2844 2979 2900 Hi
3004 2856 3061 2901 et
3097 2849 3301 2914 ueteri,
3330 2864 3466 2919 quos
3491 2850 3547 2907 in

1957 2933 2141 2989 Veteri
2178 2934 2527 2991 Testamento
2560 2937 2720 3007 paulo
2767 2939 3017 3009 superius
3061 2940 3546 3011 dinumeravimus,

1957 3036 2085 3086 sunt
2132 3029 2425 3099 scriptores
2477 3045 2761 3087 sacrorum
2810 3031 3096 3089 Librorum
3138 3051 3235 3106 per
3287 3036 3550 3109 Spiritum

1958 3128 2207 3177 sanctum
2235 3120 2519 3191 loquentes
2547 3121 2616 3177 ad
2643 3123 3003 3179 eruditionem
3038 3134 3301 3194 nostram,
3338 3134 3393 3184 et
3413 3142 3552 3199 pra:-

1883 3201 1930 3264 C
1960 3223 2115 3282 cepta
2145 3212 2381 3279 vivendi,
2407 3221 2462 3269 et
2504 3212 2756 3271 credendi
2800 3216 3041 3287 regulam
3089 3220 3547 3292 conscripserunt.

1958 3305 2162 3360 Praeter
2188 3307 2305 3361 hinc
2336 3306 2440 3362 alia
2472 3306 2746 3364 volumina
2776 3310 3013 3381 apocrifa
3042 3323 3439 3385 nuncupantur.

2028 3397 2195 3452 Inter.
2253 3397 2432 3465 Quare
2479 3399 2734 3454 dicuntur
2777 3400 3051 3472 apocrifa?
3100 3402 3257 3475 Resp.
3294 3405 3551 3476 Apocrifa

1958 3498 2139 3545 autem
2166 3491 2327 3557 dicta,
2356 3492 2410 3546 id
2432 3500 2537 3556 est,
2564 3501 2796 3559 secreta,
2820 3495 2947 3565 quia
2970 3495 3025 3549 in
3048 3496 3271 3551 dubium
3291 3501 3547 3567 veniunt;

1960 3592 2045 3639 est
2071 3584 2217 3639 enim
2252 3600 2440 3639 earum
2466 3585 2678 3641 occulta
2705 3588 2879 3659 origo,
2908 3603 3009 3644 nec
3036 3599 3184 3659 patet
3216 3592 3488 3659 Patribus,
3521 3611 3553 3651 e

1961 3676 2157 3746 quibus
2189 3692 2361 3746 usque
2388 3678 2456 3731 ad
2490 3693 2590 3732 nos
2614 3682 2909 3735 auctoritas
2934 3685 3208 3737 veracium
3238 3683 3553 3756 Scriptura-

1962 3783 2083 3822 rum
2135 3769 2440 3823 certissima
2485 3777 2540 3823 ct
2582 3770 2865 3825 notissima
2912 3775 3257 3831 successione
3286 3779 3551 3847 pervenit.

1959 3860 2019 3916 In
2049 3861 2134 3916 his
2162 3861 2436 3931 apocrilis,
2467 3863 2567 3917 etsi
2605 3863 2878 3918 invenitur
2910 3865 3093 3937 aliqua
3122 3870 3343 3935 veritas,
3373 3880 3553 3929 tamen

1961 3961 2182 4024 propter
2212 3952 2379 4008 multa
2415 3952 2574 4020 falsa,
2602 3953 2745 4009 nulla
2780 3964 2864 4011 est
2894 3957 2948 4011 in
2979 3958 3059 4012 eis
3083 3961 3343 4015 canonica
3370 3974 3556 4019 aucto-

1960 4047 2118 4113 ritas,
2154 4062 2274 4118 quac
2307 4056 2453 4103 recte
2482 4064 2511 4103 a
2538 4049 2895 4119 prudentibus
2917 4050 3254 4122 iudicantur,
3287 4072 3392 4112 non
3435 4074 3557 4116 esse

1963 4155 2153 4195 eorum
2199 4139 2496 4208 credenda,
2527 4142 2726 4212 quibus
2775 4144 3120 4200 ascribuntur
3165 4145 3344 4217 (Cod.,
3378 4151 3551 4206 ascri-

1963 4229 2142 4293 bunt).
2168 4229 2305 4284 Nam
2332 4231 2499 4286 multa
2526 4239 2580 4286 et
2608 4232 2709 4288 sub
2732 4234 3042 4291 nominibus
3069 4239 3476 4309 prophetarum,
3501 4252 3556 4299 et

1964 4315 2267 4370 recentiora
2296 4316 2397 4371 sub
2427 4317 2733 4375 nominibus
2779 4322 3148 4391 apostolorum
3183 4327 3251 4382 ab
3286 4328 3559 4389 haereticis
3604 4323 3615 4335 ’

1963 4406 2331 4479 proferuntur,
2380 4425 2500 4481 quae
2551 4413 2734 4467 omnia
2782 4415 2883 4469 sub
2930 4416 3148 4472 nomine
3189 4421 3553 4489 apocriforum

1966 4501 2287 4557 auctoritate
2331 4502 2590 4557 canonica
2638 4503 2881 4575 diligenti
2911 4507 3313 4566 examinatione
3344 4526 3556 4571 remota

262 4567 395 4651 vero
422 4614 434 4651 :
462 4597 540 4651 De
570 4567 752 4668 fructu
783 4600 977 4652 ventris
1003 4599 1080 4652 tui
1112 4615 1305 4670 ponam
1331 4616 1490 4669 super
1517 4600 1691 4655 sedem
1712 4610 1861 4656 tuam
1892 4567 1944 4628 θ
1967 4602 2113 4649 sunt.

264 4688 438 4761 (Psal.
471 4705 657 4755 cxxxr,
686 4690 794 4762 ll).

336 4783 501 4859 Inter.
554 4785 754 4840 Ordine
794 4785 970 4856 primo
1001 4784 1136 4841 Novi
1170 4784 1503 4841 Testamenti
1534 4785 1719 4854 ﬁnito,
1748 4787 1857 4856 dic,

262 4875 488 4932 secundi
523 4875 751 4941 ordinis,
784 4878 877 4947 qui
910 4878 1177 4947 sequitur,
1212 4886 1462 4932 auctores
1486 4878 1578 4947 qui
1606 4876 1856 4935 fuissent.

261 4971 419 5042 Resp.
459 4969 626 5025 Prout
655 4971 913 5043 intelligo,
947 4972 1142 5027 dicam.
1171 4972 1336 5027 Inter.
1365 4973 1461 5029 Dic
1486 4989 1617 5045 ergo
1640 4974 1858 5046 Episto-

261 5064 346 5119 las
380 5063 533 5117 Pauli
558 5064 681 5133 quis
709 5064 956 5133 scripsit;
995 5074 1050 5118 et
1084 5073 1216 5134 quot
1250 5074 1404 5131 sunt,
1434 5066 1519 5121 vel
1545 5066 1635 5121 ubi
1668 5075 1722 5120 ct
1767 5067 1861 5122 ubi

262 5157 521 5229 leguntur
575 5156 826 5225 scriptae?
880 5155 1037 5227 Resp.
1092 5169 1117 5197 ιι
1157 5157 1355 5213 Paulus
1407 5159 1684 5230 apostolus
1737 5174 1865 5213 suas

265 5246 487 5317 scripsit
507 5245 777 5317 Epistolas
808 5260 918 5300 xxv.
954 5246 1032 5300 Ex
1060 5246 1257 5316 quibus
1283 5262 1475 5304 novem
1501 5263 1576 5302 vn
1606 5247 1865 5303 Ecclesiis

265 5341 518 5411 scripsit;
565 5340 805 5411 reliquas
859 5353 992 5394 vero
1041 5340 1321 5411 discipulis
1367 5341 1514 5405 suis,
1546 5339 1863 5407 Timotheo,

266 5434 395 5490 Tito
430 5441 485 5488 et
510 5433 761 5489 Filimoni
788 5431 961 5504 [Leg.,
986 5433 1334 5506 Philemoni].
1368 5433 1450 5489 Ad
1482 5433 1739 5490 Hebraeos
1760 5448 1861 5488 au-

269 5535 382 5580 tem
427 5523 665 5593 Epistola
694 5522 970 5594 plerisque
1008 5539 1039 5579 e
1068 5524 1277 5581 Latinis
1322 5525 1440 5597 ejus
1486 5540 1606 5581 esse
1656 5527 1862 5582 incerta

269 5629 377 5685 est,
405 5625 626 5688 prepter
660 5616 1051 5674 dissonantiam
1078 5621 1363 5685 sermonis,
1397 5622 1752 5694 eamdemque
1773 5622 1863 5680 alii

350 5810 376 5838 ι
411 5796 670 5868 Isidorus,
695 5797 798 5854 loc.
827 5800 921 5855 cit.

720 5889 996 5954 Ρηιιοι..
1036 5890 1161 5972 CI,

2039 4695 2204 4770 434
2246 4694 2412 4753 Inter.
2445 4697 2586 4755 Ecce
2616 4700 2888 4769 protulisti
2919 4705 3153 4775 quadam
3182 4724 3248 4765 ex
3284 4720 3441 4782 parte
3467 4713 3556 4771 in-

1969 4790 2385 4865 terpretationes
2430 4788 2607 4863 [Cod.,
2658 4793 3143 4873 intemptationes],
3185 4812 3241 4858 et
3276 4821 3554 4876 numeros,

1968 4882 2295 4952 ordinesque
2353 4889 2515 4951 atque
2560 4884 2875 4953 scriptores,
2933 4904 3143 4947 necnon
3195 4902 3249 4949 ct
3293 4898 3556 4954 vocabula

1969 4976 2227 5030 librorum
2251 4974 2385 5030 Novi
2419 4975 2776 5045 Testamenti;
2811 4996 2957 5038 nunc
2981 4993 3108 5054 peto
3131 4994 3190 5041 ut
3214 4988 3473 5060 quidquid
3500 4992 3555 5047 in

1966 5069 2047 5122 eis
2071 5069 2442 5133 contineatur,
2469 5085 2567 5139 per
2606 5070 2815 5143 singula
2860 5089 3086 5133 currens
3123 5079 3274 5135 brevi
3304 5097 3555 5140 sermone

1965 5158 2099 5213 mihi
2129 5175 2387 5229 exponas.
2421 5159 2574 5232 Resp.
2611 5161 2963 5237 Nequaquam
2996 5169 3065 5223 ab
3086 5169 3190 5236 his,
3218 5173 3428 5229 volente
3450 5175 3557 5231 Do-

1966 5254 2132 5318 mino,
2165 5252 2396 5309 lassabo.
2441 5253 2609 5310 Inter.
2636 5258 2733 5314 Dic
2762 5277 2892 5333 ergo
2934 5262 3090 5329 mihi,
3141 5263 3268 5334 quid
3313 5266 3368 5322 in
3403 5268 3556 5330 libris

1965 5344 2101 5399 Novi
2160 5345 2491 5403 Testamenti
2551 5350 2922 5423 principaliter
2974 5353 3349 5412 contineatur?
3397 5360 3551 5435 Resp.

1968 5432 2135 5488 Prout
2160 5434 2247 5489 ille
2274 5438 2572 5495 concedere
2601 5441 2873 5513 dignatur,
2908 5459 2939 5497 a
2965 5459 3072 5514 quo
3094 5452 3149 5501 et
3176 5446 3345 5505 Vetus
3372 5458 3426 5506 et
3447 5432 3555 5508 No-

1968 5543 2094 5581 vum
2113 5537 2359 5585 exortum
2381 5532 3069 5604 estTestamentum,juxta
3084 5539 3228 5609 quod
3249 5557 3392 5600 nunc
3413 5545 3553 5601 ratio

1968 5623 2155 5697 exigit,
2188 5625 2384 5683 dicam.
