  <div class='ocr_page' id='page_1' title='image "/cluster/home/n/w/nwhite01/storage/ocr_20150623/101/hvd.32044004824769/572.png"; bbox 0 0 4038 6354; ppageno 0'>
   <div class='ocr_carea' id='block_1_1' title="bbox 263 453 404 519">
    <p class='ocr_par' dir='ltr' id='par_1_1' title="bbox 263 453 404 519">
     <span class='ocr_line' id='line_1_1' title="bbox 263 453 404 519; baseline 0.057 -11"><span class='ocrx_word' id='word_1_1' title='bbox 263 453 404 519; x_wconf 69' lang='lat'><strong>“3.3</strong></span> 
     </span>
    </p>
   </div>
   <div class='ocr_carea' id='block_1_2' title="bbox 1183 418 2605 500">
    <p class='ocr_par' dir='ltr' id='par_1_2' title="bbox 1183 418 2605 500">
     <span class='ocr_line' id='line_1_2' title="bbox 1183 418 2605 500; baseline -0.017 0"><span class='ocrx_word' id='word_1_2' title='bbox 1183 442 1334 500; x_wconf 81' lang='lat' dir='ltr'><strong>OPP.</strong></span> <span class='ocrx_word' id='word_1_3' title='bbox 1376 436 1605 499; x_wconf 81' lang='lat' dir='ltr'><strong>DUBIA.</strong></span> <span class='ocrx_word' id='word_1_4' title='bbox 1640 464 1713 480; x_wconf 90' lang='lat'><strong>—-</strong></span> <span class='ocrx_word' id='word_1_5' title='bbox 1748 424 2162 491; x_wconf 77' lang='lat' dir='ltr'><strong>DISPUTATIO</strong></span> <span class='ocrx_word' id='word_1_6' title='bbox 2197 418 2605 483; x_wconf 77' lang='lat' dir='ltr'><strong>PUERORUM.</strong></span> 
     </span>
    </p>
   </div>
   <div class='ocr_carea' id='block_1_3' title="bbox 3379 409 3518 468">
    <p class='ocr_par' dir='ltr' id='par_1_3' title="bbox 3379 409 3518 468">
     <span class='ocr_line' id='line_1_3' title="bbox 3379 409 3518 468; baseline 0 -1"><span class='ocrx_word' id='word_1_7' title='bbox 3379 409 3518 468; x_wconf 67' lang='lat'><strong>“5‘</strong></span> 
     </span>
    </p>
   </div>
   <div class='ocr_carea' id='block_1_4' title="bbox 261 528 3525 635">
    <p class='ocr_par' dir='ltr' id='par_1_4' title="bbox 261 528 3525 635">
     <span class='ocr_line' id='line_1_4' title="bbox 261 528 3525 635; baseline -0.013 -11"><span class='ocrx_word' id='word_1_8' title='bbox 261 569 433 633; x_wconf 68' lang='lat' dir='ltr'><strong>tincto</strong></span> <span class='ocrx_word' id='word_1_9' title='bbox 456 562 743 635; x_wconf 75' lang='lat' dir='ltr'><strong>Pmpheta,</strong></span> <span class='ocrx_word' id='word_1_10' title='bbox 782 558 978 632; x_wconf 79' lang='lat' dir='ltr'><strong>signati</strong></span> <span class='ocrx_word' id='word_1_11' title='bbox 1013 559 1172 617; x_wconf 83' lang='lat' dir='ltr'><strong>sunt?</strong></span> <span class='ocrx_word' id='word_1_12' title='bbox 1216 557 1373 629; x_wconf 84' lang='lat' dir='ltr'><strong>Resp.</strong></span> <span class='ocrx_word' id='word_1_13' title='bbox 1403 556 1526 613; x_wconf 84' lang='lat' dir='ltr'><strong>Ideo</strong></span> <span class='ocrx_word' id='word_1_14' title='bbox 1558 568 1685 625; x_wconf 82' lang='lat' dir='ltr'><strong>ergo</strong></span> <span class='ocrx_word' id='word_1_15' title='bbox 1710 566 1836 607; x_wconf 88' lang='lat' dir='ltr'><strong>con-</strong></span> <span class='ocrx_word' id='word_1_16' title='bbox 1862 550 1917 613; x_wconf 74' lang='grc' dir='ltr'><strong>Α</strong></span> <span class='ocrx_word' id='word_1_17' title='bbox 2010 542 2177 598; x_wconf 80' lang='lat' dir='ltr'><strong><em>Inter.</em></strong></span> <span class='ocrx_word' id='word_1_18' title='bbox 2206 540 2303 596; x_wconf 91' lang='lat' dir='ltr'><strong>Dic</strong></span> <span class='ocrx_word' id='word_1_19' title='bbox 2326 540 2454 635; x_wconf 74' lang='lat' dir='ltr'><strong>mihi</strong></span> <span class='ocrx_word' id='word_1_20' title='bbox 2473 581 2487 604; x_wconf 93' lang='lat'><strong>,</strong></span> <span class='ocrx_word' id='word_1_21' title='bbox 2519 537 2811 635; x_wconf 54' lang='lat' dir='ltr'><strong>presbyter</strong></span> <span class='ocrx_word' id='word_1_22' title='bbox 2835 546 2941 635; x_wconf 68' lang='lat' dir='ltr'><strong>qua</strong></span> <span class='ocrx_word' id='word_1_23' title='bbox 2979 528 3163 635; x_wconf 59' lang='lat' dir='ltr'><strong>ling&#39;qa</strong></span> <span class='ocrx_word' id='word_1_24' title='bbox 3189 536 3445 635; x_wconf 59' lang='lat' dir='ltr'><strong>vocatur,</strong></span> 
     </span>
    </p>
   </div>
   <div class='ocr_carea' id='block_1_5' title="bbox 261 647 1836 730">
    <p class='ocr_par' dir='ltr' id='par_1_5' title="bbox 261 647 1836 730">
     <span class='ocr_line' id='line_1_5' title="bbox 261 647 1836 730; baseline -0.01 -14"><span class='ocrx_word' id='word_1_25' title='bbox 261 661 557 730; x_wconf 69' lang='lat' dir='ltr'><strong>scriptores</strong></span> <span class='ocrx_word' id='word_1_26' title='bbox 583 665 746 728; x_wconf 56' lang='lat' dir='ltr'><strong>gestae</strong></span> <span class='ocrx_word' id='word_1_27' title='bbox 788 652 1202 725; x_wconf 76' lang='lat' dir='ltr'><strong>Evangeliorum</strong></span> <span class='ocrx_word' id='word_1_28' title='bbox 1231 659 1462 721; x_wconf 76' lang='lat' dir='ltr'><strong>quatuor</strong></span> <span class='ocrx_word' id='word_1_29' title='bbox 1486 663 1605 704; x_wconf 88' lang='lat' dir='ltr'><strong>esse</strong></span> <span class='ocrx_word' id='word_1_30' title='bbox 1646 647 1836 702; x_wconf 88' lang='lat' dir='ltr'><strong>dicun-</strong></span> 
     </span>
    </p>
   </div>
   <div class='ocr_carea' id='block_1_6' title="bbox 261 740 1835 822">
    <p class='ocr_par' dir='ltr' id='par_1_6' title="bbox 261 740 1835 822">
     <span class='ocr_line' id='line_1_6' title="bbox 261 740 1835 822; baseline -0.011 -13"><span class='ocrx_word' id='word_1_31' title='bbox 261 761 373 819; x_wconf 72' lang='lat' dir='ltr'><strong>tur,</strong></span> <span class='ocrx_word' id='word_1_32' title='bbox 415 752 566 822; x_wconf 79' lang='lat' dir='ltr'><strong>quia,</strong></span> <span class='ocrx_word' id='word_1_33' title='bbox 602 750 812 805; x_wconf 77' lang='lat' dir='ltr'><strong>dicente</strong></span> <span class='ocrx_word' id='word_1_34' title='bbox 854 747 1137 817; x_wconf 87' lang='lat' dir='ltr'><strong>Propheta,</strong></span> <span class='ocrx_word' id='word_1_35' title='bbox 1185 753 1415 815; x_wconf 80' lang='lat' dir='ltr'><strong>quatuor</strong></span> <span class='ocrx_word' id='word_1_36' title='bbox 1457 740 1707 796; x_wconf 76' lang='lat' dir='ltr'><strong>animalia</strong></span> <span class='ocrx_word' id='word_1_37' title='bbox 1746 754 1835 794; x_wconf 87' lang='lat' dir='ltr'><strong>os-</strong></span> 
     </span>
    </p>
   </div>
   <div class='ocr_carea' id='block_1_7' title="bbox 1940 616 3521 701">
    <p class='ocr_par' dir='ltr' id='par_1_7' title="bbox 1940 616 3521 701">
     <span class='ocr_line' id='line_1_7' title="bbox 1940 616 3521 701; baseline -0.012 -10"><span class='ocrx_word' id='word_1_38' title='bbox 1940 635 2081 691; x_wconf 89' lang='lat' dir='ltr'><strong>unde</strong></span> <span class='ocrx_word' id='word_1_39' title='bbox 2102 640 2186 687; x_wconf 89' lang='lat' dir='ltr'><strong>est</strong></span> <span class='ocrx_word' id='word_1_40' title='bbox 2210 626 2543 701; x_wconf 82' lang='lat' dir='ltr'><strong>appellatus?</strong></span> <span class='ocrx_word' id='word_1_41' title='bbox 2589 626 2744 697; x_wconf 89' lang='lat' dir='ltr'><strong><em>Resp.</em></strong></span> <span class='ocrx_word' id='word_1_42' title='bbox 2771 623 3063 694; x_wconf 81' lang='lat' dir='ltr'><strong>Presbyter</strong></span> <span class='ocrx_word' id='word_1_43' title='bbox 3089 619 3295 685; x_wconf 65' lang='lat' dir='ltr'><strong>Graece,</strong></span> <span class='ocrx_word' id='word_1_44' title='bbox 3327 616 3521 674; x_wconf 81' lang='lat' dir='ltr'><strong>Latine</strong></span> 
     </span>
    </p>
   </div>
   <div class='ocr_carea' id='block_1_8' title="bbox 1942 720 3517 793">
    <p class='ocr_par' dir='ltr' id='par_1_8' title="bbox 1942 720 3517 793">
     <span class='ocr_line' id='line_1_8' title="bbox 1942 720 3517 793; baseline -0.011 -9"><span class='ocrx_word' id='word_1_45' title='bbox 1942 728 2125 785; x_wconf 82' lang='lat' dir='ltr'><strong>senior</strong></span> <span class='ocrx_word' id='word_1_46' title='bbox 2168 725 2589 793; x_wconf 69' lang='lat' dir='ltr'><strong>interpretatur;</strong></span> <span class='ocrx_word' id='word_1_47' title='bbox 2641 721 2748 773; x_wconf 78' lang='lat' dir='ltr'><strong>non</strong></span> <span class='ocrx_word' id='word_1_48' title='bbox 2796 727 2975 772; x_wconf 85' lang='lat' dir='ltr'><strong>tamen</strong></span> <span class='ocrx_word' id='word_1_49' title='bbox 3019 723 3243 787; x_wconf 85' lang='lat' dir='ltr'><strong>propter</strong></span> <span class='ocrx_word' id='word_1_50' title='bbox 3283 720 3517 777; x_wconf 59' lang='lat' dir='ltr'><strong>atatem,</strong></span> 
     </span>
    </p>
   </div>
   <div class='ocr_carea' id='block_1_9' title="bbox 263 808 3526 911">
    <p class='ocr_par' dir='ltr' id='par_1_9' title="bbox 263 808 3526 911">
     <span class='ocr_line' id='line_1_9' title="bbox 263 808 3526 911; baseline -0.006 -32"><span class='ocrx_word' id='word_1_51' title='bbox 588 841 856 911; x_wconf 63' lang='grc' dir='ltr'><strong>ιρειωιως,</strong></span> <span class='ocrx_word' id='word_1_52' title='bbox 884 808 1129 909; x_wconf 50' lang='grc' dir='ltr'><strong>(ιιιξηωί</strong></span> <span class='ocrx_word' id='word_1_53' title='bbox 1150 808 1380 906; x_wconf 35' lang='lat' dir='ltr'><strong>primum</strong></span> <span class='ocrx_word' id='word_1_54' title='bbox 1410 833 1607 889; x_wconf 66' lang='lat' dir='ltr'><strong>animal</strong></span> <span class='ocrx_word' id='word_1_55' title='bbox 1652 841 1838 887; x_wconf 57' lang='lat' dir='ltr'><strong>tenens</strong></span> <span class='ocrx_word' id='word_1_56' title='bbox 1943 820 2029 876; x_wconf 89' lang='lat' dir='ltr'><strong>vel</strong></span> <span class='ocrx_word' id='word_1_57' title='bbox 2056 817 2383 887; x_wconf 83' lang='lat' dir='ltr'><strong>decrepitam</strong></span> <span class='ocrx_word' id='word_1_58' title='bbox 2411 818 2765 880; x_wconf 84' lang='lat' dir='ltr'><strong>senectutem,</strong></span> <span class='ocrx_word' id='word_1_59' title='bbox 2806 811 2898 867; x_wconf 90' lang='lat' dir='ltr'><strong>sed</strong></span> <span class='ocrx_word' id='word_1_60' title='bbox 2928 818 3148 881; x_wconf 86' lang='lat' dir='ltr'><strong>propter</strong></span> <span class='ocrx_word' id='word_1_61' title='bbox 3176 808 3433 861; x_wconf 86' lang='lat' dir='ltr'><strong>honorem</strong></span> <span class='ocrx_word' id='word_1_62' title='bbox 3466 809 3526 859; x_wconf 83' lang='lat' dir='ltr'><strong>et</strong></span> 
     </span>
    </p>
   </div>
   <div class='ocr_carea' id='block_1_10' title="bbox 261 908 3255 997">
    <p class='ocr_par' dir='ltr' id='par_1_10' title="bbox 261 908 3255 997">
     <span class='ocr_line' id='line_1_10' title="bbox 261 908 3255 997; baseline -0.011 -6"><span class='ocrx_word' id='word_1_63' title='bbox 261 908 668 997; x_wconf 80' lang='lat' dir='ltr'><strong>similitulinem</strong></span> <span class='ocrx_word' id='word_1_64' title='bbox 718 908 983 994; x_wconf 81' lang='lat' dir='ltr'><strong>hominis,</strong></span> <span class='ocrx_word' id='word_1_65' title='bbox 1033 929 1329 984; x_wconf 76' lang='lat' dir='ltr'><strong>Secundum</strong></span> <span class='ocrx_word' id='word_1_66' title='bbox 1378 926 1566 990; x_wconf 88' lang='lat' dir='ltr'><strong>leonis,</strong></span> <span class='ocrx_word' id='word_1_67' title='bbox 1620 928 1838 980; x_wconf 86' lang='lat' dir='ltr'><strong>tertium</strong></span> <span class='ocrx_word' id='word_1_68' title='bbox 1944 916 2281 987; x_wconf 85' lang='lat' dir='ltr'><strong>dignitatem,</strong></span> <span class='ocrx_word' id='word_1_69' title='bbox 2314 928 2474 983; x_wconf 88' lang='lat' dir='ltr'><strong>quam</strong></span> <span class='ocrx_word' id='word_1_70' title='bbox 2502 917 2842 983; x_wconf 90' lang='lat' dir='ltr'><strong>acceperunt,</strong></span> <span class='ocrx_word' id='word_1_71' title='bbox 2868 908 2943 963; x_wconf 86' lang='lat' dir='ltr'><strong>ita</strong></span> <span class='ocrx_word' id='word_1_72' title='bbox 2974 914 3255 997; x_wconf 76' lang='lat' dir='ltr'><strong>vocantur.</strong></span> 
     </span>
    </p>
   </div>
   <div class='ocr_carea' id='block_1_11' title="bbox 260 1018 1839 1095">
    <p class='ocr_par' dir='ltr' id='par_1_11' title="bbox 260 1018 1839 1095">
     <span class='ocr_line' id='line_1_11' title="bbox 260 1018 1839 1095; baseline -0.005 -15"><span class='ocrx_word' id='word_1_73' title='bbox 260 1027 438 1090; x_wconf 79' lang='lat' dir='ltr'><strong>vituli,</strong></span> <span class='ocrx_word' id='word_1_74' title='bbox 461 1034 711 1095; x_wconf 87' lang='lat' dir='ltr'><strong>quartum</strong></span> <span class='ocrx_word' id='word_1_75' title='bbox 740 1039 870 1081; x_wconf 85' lang='lat' dir='ltr'><strong>vero</strong></span> <span class='ocrx_word' id='word_1_76' title='bbox 898 1022 1110 1094; x_wconf 64' lang='lat' dir='ltr'><strong>aquila).</strong></span> <span class='ocrx_word' id='word_1_77' title='bbox 1144 1020 1249 1077; x_wconf 78' lang='lat' dir='ltr'><strong>Sed</strong></span> <span class='ocrx_word' id='word_1_78' title='bbox 1276 1022 1331 1076; x_wconf 84' lang='lat' dir='ltr'><strong>hi</strong></span> <span class='ocrx_word' id='word_1_79' title='bbox 1361 1029 1595 1090; x_wconf 85' lang='lat' dir='ltr'><strong>quatuor</strong></span> <span class='ocrx_word' id='word_1_80' title='bbox 1623 1020 1722 1075; x_wconf 88' lang='lat' dir='ltr'><strong>has</strong></span> <span class='ocrx_word' id='word_1_81' title='bbox 1742 1018 1839 1073; x_wconf 86' lang='lat' dir='ltr'><strong>ha-</strong></span> 
     </span>
    </p>
   </div>
   <div class='ocr_carea' id='block_1_12' title="bbox 261 1110 1703 1187">
    <p class='ocr_par' dir='ltr' id='par_1_12' title="bbox 261 1110 1703 1187">
     <span class='ocr_line' id='line_1_12' title="bbox 261 1110 1703 1187; baseline -0.008 -13"><span class='ocrx_word' id='word_1_82' title='bbox 261 1118 452 1174; x_wconf 78' lang='lat' dir='ltr'><strong>bentes</strong></span> <span class='ocrx_word' id='word_1_83' title='bbox 479 1116 675 1187; x_wconf 89' lang='lat' dir='ltr'><strong>ﬁguras</strong></span> <span class='ocrx_word' id='word_1_84' title='bbox 712 1115 1068 1185; x_wconf 77' lang='lat' dir='ltr'><strong>evangelstas</strong></span> <span class='ocrx_word' id='word_1_85' title='bbox 1089 1128 1208 1171; x_wconf 86' lang='lat' dir='ltr'><strong>esse</strong></span> <span class='ocrx_word' id='word_1_86' title='bbox 1232 1128 1337 1166; x_wconf 89' lang='lat' dir='ltr'><strong>non</strong></span> <span class='ocrx_word' id='word_1_87' title='bbox 1358 1110 1575 1165; x_wconf 89' lang='lat' dir='ltr'><strong>dubium</strong></span> <span class='ocrx_word' id='word_1_88' title='bbox 1601 1117 1703 1164; x_wconf 86' lang='lat' dir='ltr'><strong>est.</strong></span> 
     </span>
    </p>
   </div>
   <div class='ocr_carea' id='block_1_13' title="bbox 335 1199 1835 1274">
    <p class='ocr_par' dir='ltr' id='par_1_13' title="bbox 335 1199 1835 1274">
     <span class='ocr_line' id='line_1_13' title="bbox 335 1199 1835 1274; baseline -0.007 -11"><span class='ocrx_word' id='word_1_89' title='bbox 335 1208 501 1265; x_wconf 85' lang='lat' dir='ltr'><strong>Inter.</strong></span> <span class='ocrx_word' id='word_1_90' title='bbox 546 1208 685 1263; x_wconf 88' lang='lat' dir='ltr'><strong>Ecce</strong></span> <span class='ocrx_word' id='word_1_91' title='bbox 735 1208 919 1265; x_wconf 77' lang='lat' dir='ltr'><strong>dixisti</strong></span> <span class='ocrx_word' id='word_1_92' title='bbox 966 1220 1249 1263; x_wconf 79' lang='lat' dir='ltr'><strong>numerum</strong></span> <span class='ocrx_word' id='word_1_93' title='bbox 1279 1212 1333 1259; x_wconf 88' lang='lat' dir='ltr'><strong>ct</strong></span> <span class='ocrx_word' id='word_1_94' title='bbox 1360 1202 1560 1274; x_wconf 89' lang='lat' dir='ltr'><strong>ﬁguras</strong></span> <span class='ocrx_word' id='word_1_95' title='bbox 1596 1199 1835 1271; x_wconf 80' lang='lat' dir='ltr'><strong>singulo-</strong></span> 
     </span>
    </p>
   </div>
   <div class='ocr_carea' id='block_1_14' title="bbox 266 1293 1837 1365">
    <p class='ocr_par' dir='ltr' id='par_1_14' title="bbox 266 1293 1837 1365">
     <span class='ocr_line' id='line_1_14' title="bbox 266 1293 1837 1365; baseline -0.005 -10"><span class='ocrx_word' id='word_1_96' title='bbox 266 1317 407 1365; x_wconf 86' lang='lat' dir='ltr'><strong>rum,</strong></span> <span class='ocrx_word' id='word_1_97' title='bbox 438 1302 595 1355; x_wconf 92' lang='lat' dir='ltr'><strong>modo</strong></span> <span class='ocrx_word' id='word_1_98' title='bbox 631 1302 752 1355; x_wconf 92' lang='lat' dir='ltr'><strong>volo</strong></span> <span class='ocrx_word' id='word_1_99' title='bbox 800 1308 859 1353; x_wconf 91' lang='lat' dir='ltr'><strong>ut</strong></span> <span class='ocrx_word' id='word_1_100' title='bbox 889 1300 1038 1354; x_wconf 87' lang='lat' dir='ltr'><strong>dicas</strong></span> <span class='ocrx_word' id='word_1_101' title='bbox 1076 1298 1315 1352; x_wconf 89' lang='lat' dir='ltr'><strong>omnium</strong></span> <span class='ocrx_word' id='word_1_102' title='bbox 1346 1296 1556 1349; x_wconf 89' lang='lat' dir='ltr'><strong>illorum</strong></span> <span class='ocrx_word' id='word_1_103' title='bbox 1597 1293 1837 1360; x_wconf 87' lang='lat' dir='ltr'><strong>nomina,</strong></span> 
     </span>
    </p>
   </div>
   <div class='ocr_carea' id='block_1_15' title="bbox 264 1384 1838 1460">
    <p class='ocr_par' dir='ltr' id='par_1_15' title="bbox 264 1384 1838 1460">
     <span class='ocr_line' id='line_1_15' title="bbox 264 1384 1838 1460; baseline -0.007 -11"><span class='ocrx_word' id='word_1_104' title='bbox 264 1408 361 1451; x_wconf 78' lang='lat' dir='ltr'><strong>seu</strong></span> <span class='ocrx_word' id='word_1_105' title='bbox 389 1392 554 1447; x_wconf 89' lang='lat' dir='ltr'><strong>etiam</strong></span> <span class='ocrx_word' id='word_1_106' title='bbox 582 1393 652 1448; x_wconf 90' lang='lat' dir='ltr'><strong>ob</strong></span> <span class='ocrx_word' id='word_1_107' title='bbox 681 1407 844 1460; x_wconf 88' lang='lat' dir='ltr'><strong>quam</strong></span> <span class='ocrx_word' id='word_1_108' title='bbox 871 1391 1135 1447; x_wconf 82' lang='lat' dir='ltr'><strong>rationem</strong></span> <span class='ocrx_word' id='word_1_109' title='bbox 1175 1387 1381 1459; x_wconf 84' lang='lat' dir='ltr'><strong>singuli</strong></span> <span class='ocrx_word' id='word_1_110' title='bbox 1411 1401 1595 1441; x_wconf 86' lang='lat' dir='ltr'><strong>eorum</strong></span> <span class='ocrx_word' id='word_1_111' title='bbox 1626 1386 1726 1440; x_wconf 89' lang='lat' dir='ltr'><strong>has</strong></span> <span class='ocrx_word' id='word_1_112' title='bbox 1756 1384 1838 1439; x_wconf 91' lang='lat' dir='ltr'><strong>vi-</strong></span> 
     </span>
    </p>
   </div>
   <div class='ocr_carea' id='block_1_16' title="bbox 265 1477 1841 1557">
    <p class='ocr_par' dir='ltr' id='par_1_16' title="bbox 265 1477 1841 1557">
     <span class='ocr_line' id='line_1_16' title="bbox 265 1477 1841 1557; baseline -0.006 -16"><span class='ocrx_word' id='word_1_113' title='bbox 265 1484 496 1541; x_wconf 78' lang='lat' dir='ltr'><strong>dcantur</strong></span> <span class='ocrx_word' id='word_1_114' title='bbox 516 1484 761 1541; x_wconf 82' lang='lat' dir='ltr'><strong>obtinere</strong></span> <span class='ocrx_word' id='word_1_115' title='bbox 800 1483 1036 1557; x_wconf 77' lang='lat' dir='ltr'><strong>figuras?</strong></span> <span class='ocrx_word' id='word_1_116' title='bbox 1062 1481 1220 1551; x_wconf 84' lang='lat' dir='ltr'><strong>Resp.</strong></span> <span class='ocrx_word' id='word_1_117' title='bbox 1252 1480 1480 1534; x_wconf 80' lang='lat' dir='ltr'><strong>Nomina</strong></span> <span class='ocrx_word' id='word_1_118' title='bbox 1510 1493 1699 1534; x_wconf 88' lang='lat' dir='ltr'><strong>eorum</strong></span> <span class='ocrx_word' id='word_1_119' title='bbox 1726 1477 1841 1533; x_wconf 56' lang='lat' dir='ltr'><strong>huc</strong></span> 
     </span>
    </p>
   </div>
   <div class='ocr_carea' id='block_1_17' title="bbox 264 1569 1843 1645">
    <p class='ocr_par' dir='ltr' id='par_1_17' title="bbox 264 1569 1843 1645">
     <span class='ocr_line' id='line_1_17' title="bbox 264 1569 1843 1645; baseline -0.006 -12"><span class='ocrx_word' id='word_1_120' title='bbox 264 1586 392 1633; x_wconf 87' lang='lat' dir='ltr'><strong>sunt</strong></span> <span class='ocrx_word' id='word_1_121' title='bbox 423 1596 437 1631; x_wconf 87' lang='lat'><strong>:</strong></span> <span class='ocrx_word' id='word_1_122' title='bbox 466 1577 770 1644; x_wconf 70' lang='lat' dir='ltr'><strong>Matthtcus,</strong></span> <span class='ocrx_word' id='word_1_123' title='bbox 820 1577 1055 1645; x_wconf 81' lang='lat' dir='ltr'><strong>Marcus,</strong></span> <span class='ocrx_word' id='word_1_124' title='bbox 1082 1576 1276 1635; x_wconf 84' lang='lat' dir='ltr'><strong>Lucas,</strong></span> <span class='ocrx_word' id='word_1_125' title='bbox 1332 1571 1586 1627; x_wconf 78' lang='lat' dir='ltr'><strong>Joannes.</strong></span> <span class='ocrx_word' id='word_1_126' title='bbox 1639 1569 1744 1625; x_wconf 85' lang='lat' dir='ltr'><strong>Sed</strong></span> <span class='ocrx_word' id='word_1_127' title='bbox 1783 1577 1843 1623; x_wconf 89' lang='lat' dir='ltr'><strong>ut</strong></span> 
     </span>
    </p>
   </div>
   <div class='ocr_carea' id='block_1_18' title="bbox 265 1665 1845 1741">
    <p class='ocr_par' dir='ltr' id='par_1_18' title="bbox 265 1665 1845 1741">
     <span class='ocr_line' id='line_1_18' title="bbox 265 1665 1845 1741; baseline -0.003 -21"><span class='ocrx_word' id='word_1_128' title='bbox 265 1668 396 1736; x_wconf 83' lang='lat' dir='ltr'><strong>quid</strong></span> <span class='ocrx_word' id='word_1_129' title='bbox 442 1669 540 1724; x_wconf 89' lang='lat' dir='ltr'><strong>has</strong></span> <span class='ocrx_word' id='word_1_130' title='bbox 569 1669 769 1741; x_wconf 82' lang='lat' dir='ltr'><strong>ﬁguras</strong></span> <span class='ocrx_word' id='word_1_131' title='bbox 811 1669 1110 1731; x_wconf 82' lang='lat' dir='ltr'><strong>obtineant,</strong></span> <span class='ocrx_word' id='word_1_132' title='bbox 1144 1666 1370 1721; x_wconf 85' lang='lat' dir='ltr'><strong>Domino</strong></span> <span class='ocrx_word' id='word_1_133' title='bbox 1407 1665 1717 1727; x_wconf 85' lang='lat' dir='ltr'><strong>miserante,</strong></span> <span class='ocrx_word' id='word_1_134' title='bbox 1748 1676 1845 1716; x_wconf 76' lang='lat' dir='ltr'><strong>ex-</strong></span> 
     </span>
    </p>
   </div>
   <div class='ocr_carea' id='block_1_19' title="bbox 263 1755 1845 1830">
    <p class='ocr_par' dir='ltr' id='par_1_19' title="bbox 263 1755 1845 1830">
     <span class='ocr_line' id='line_1_19' title="bbox 263 1755 1845 1830; baseline -0.002 -21"><span class='ocrx_word' id='word_1_135' title='bbox 263 1774 484 1830; x_wconf 83' lang='lat' dir='ltr'><strong>ponam.</strong></span> <span class='ocrx_word' id='word_1_136' title='bbox 526 1758 692 1813; x_wconf 91' lang='lat' dir='ltr'><strong>Inter.</strong></span> <span class='ocrx_word' id='word_1_137' title='bbox 730 1758 855 1813; x_wconf 78' lang='lat' dir='ltr'><strong>Fac.</strong></span> <span class='ocrx_word' id='word_1_138' title='bbox 882 1758 1035 1829; x_wconf 83' lang='lat' dir='ltr'><strong><em>Resp.</em></strong></span> <span class='ocrx_word' id='word_1_139' title='bbox 1067 1757 1349 1815; x_wconf 59' lang='lat' dir='ltr'><strong>Mattiacas</strong></span> <span class='ocrx_word' id='word_1_140' title='bbox 1390 1755 1590 1809; x_wconf 52' lang='lat' dir='ltr'><strong>idcirco</strong></span> <span class='ocrx_word' id='word_1_141' title='bbox 1619 1755 1845 1821; x_wconf 81' lang='lat' dir='ltr'><strong>ﬁguram</strong></span> 
     </span>
    </p>
   </div>
   <div class='ocr_carea' id='block_1_20' title="bbox 264 1844 1845 1921">
    <p class='ocr_par' dir='ltr' id='par_1_20' title="bbox 264 1844 1845 1921">
     <span class='ocr_line' id='line_1_20' title="bbox 264 1844 1845 1921; baseline -0.001 -17"><span class='ocrx_word' id='word_1_142' title='bbox 264 1849 509 1904; x_wconf 85' lang='lat' dir='ltr'><strong>hominis</strong></span> <span class='ocrx_word' id='word_1_143' title='bbox 538 1850 591 1903; x_wconf 89' lang='lat' dir='ltr'><strong>in</strong></span> <span class='ocrx_word' id='word_1_144' title='bbox 621 1864 679 1904; x_wconf 89' lang='lat' dir='ltr'><strong>se</strong></span> <span class='ocrx_word' id='word_1_145' title='bbox 709 1848 888 1914; x_wconf 83' lang='lat' dir='ltr'><strong>habet,</strong></span> <span class='ocrx_word' id='word_1_146' title='bbox 918 1848 1007 1918; x_wconf 86' lang='lat' dir='ltr'><strong>qui</strong></span> <span class='ocrx_word' id='word_1_147' title='bbox 1045 1848 1113 1902; x_wconf 87' lang='lat' dir='ltr'><strong>ab</strong></span> <span class='ocrx_word' id='word_1_148' title='bbox 1140 1848 1294 1901; x_wconf 88' lang='lat' dir='ltr'><strong>initio</strong></span> <span class='ocrx_word' id='word_1_149' title='bbox 1324 1844 1599 1915; x_wconf 80' lang='lat' dir='ltr'><strong>Evangelii</strong></span> <span class='ocrx_word' id='word_1_150' title='bbox 1639 1846 1845 1921; x_wconf 42' lang='lat' dir='ltr'><strong>sui};-</strong></span> 
     </span>
    </p>
   </div>
   <div class='ocr_carea' id='block_1_21' title="bbox 262 1940 1699 1999">
    <p class='ocr_par' dir='ltr' id='par_1_21' title="bbox 262 1940 1699 1999">
     <span class='ocr_line' id='line_1_21' title="bbox 262 1940 1699 1999; baseline -0.006 -2"><span class='ocrx_word' id='word_1_151' title='bbox 262 1943 607 1999; x_wconf 79' lang='lat' dir='ltr'><strong>nerationem</strong></span> <span class='ocrx_word' id='word_1_152' title='bbox 646 1950 699 1997; x_wconf 90' lang='lat' dir='ltr'><strong>et</strong></span> <span class='ocrx_word' id='word_1_153' title='bbox 746 1943 1084 1997; x_wconf 81' lang='lat' dir='ltr'><strong>nativitatem</strong></span> <span class='ocrx_word' id='word_1_154' title='bbox 1126 1940 1423 1997; x_wconf 72' lang='lat' dir='ltr'><strong>Salvator-is</strong></span> <span class='ocrx_word' id='word_1_155' title='bbox 1459 1946 1699 1993; x_wconf 86' lang='lat' dir='ltr'><strong>enarret.</strong></span> 
     </span>
    </p>
   </div>
   <div class='ocr_carea' id='block_1_22' title="bbox 264 2029 1849 2105">
    <p class='ocr_par' dir='ltr' id='par_1_22' title="bbox 264 2029 1849 2105">
     <span class='ocr_line' id='line_1_22' title="bbox 264 2029 1849 2105; baseline -0.003 -16"><span class='ocrx_word' id='word_1_156' title='bbox 264 2034 414 2091; x_wconf 83' lang='lat' dir='ltr'><strong>enim</strong></span> <span class='ocrx_word' id='word_1_157' title='bbox 438 2034 625 2103; x_wconf 86' lang='lat' dir='ltr'><strong>incipit</strong></span> <span class='ocrx_word' id='word_1_158' title='bbox 649 2052 661 2087; x_wconf 87' lang='lat'><strong>:</strong></span> <span class='ocrx_word' id='word_1_159' title='bbox 689 2032 843 2088; x_wconf 81' lang='lat' dir='ltr'><strong>Liber</strong></span> <span class='ocrx_word' id='word_1_160' title='bbox 875 2034 1225 2105; x_wconf 78' lang='lat' dir='ltr'><strong>generationis</strong></span> <span class='ocrx_word' id='word_1_161' title='bbox 1251 2033 1378 2087; x_wconf 80' lang='lat' dir='ltr'><strong>Iesu</strong></span> <span class='ocrx_word' id='word_1_162' title='bbox 1405 2029 1602 2085; x_wconf 79' lang='lat' dir='ltr'><strong>Christi</strong></span> <span class='ocrx_word' id='word_1_163' title='bbox 1634 2029 1849 2099; x_wconf 78' lang='lat' dir='ltr'><strong>(Matth.</strong></span> 
     </span>
    </p>
   </div>
   <div class='ocr_carea' id='block_1_23' title="bbox 265 2123 1855 2194">
    <p class='ocr_par' dir='ltr' id='par_1_23' title="bbox 265 2123 1855 2194">
     <span class='ocr_line' id='line_1_23' title="bbox 265 2123 1855 2194; baseline -0.002 -15"><span class='ocrx_word' id='word_1_164' title='bbox 265 2139 309 2190; x_wconf 86' lang='grc' dir='ltr'><strong>ι,</strong></span> <span class='ocrx_word' id='word_1_165' title='bbox 342 2123 415 2193; x_wconf 86' lang='grc'><strong>1),</strong></span> <span class='ocrx_word' id='word_1_166' title='bbox 446 2132 501 2177; x_wconf 90' lang='lat' dir='ltr'><strong>et</strong></span> <span class='ocrx_word' id='word_1_167' title='bbox 527 2132 741 2178; x_wconf 68' lang='lat' dir='ltr'><strong>caetera.</strong></span> <span class='ocrx_word' id='word_1_168' title='bbox 774 2124 987 2178; x_wconf 81' lang='lat' dir='ltr'><strong>Marcus</strong></span> <span class='ocrx_word' id='word_1_169' title='bbox 1015 2124 1185 2179; x_wconf 84' lang='lat' dir='ltr'><strong>leonis</strong></span> <span class='ocrx_word' id='word_1_170' title='bbox 1214 2139 1408 2194; x_wconf 79' lang='lat' dir='ltr'><strong>gerens</strong></span> <span class='ocrx_word' id='word_1_171' title='bbox 1438 2123 1686 2194; x_wconf 88' lang='lat' dir='ltr'><strong>ﬁguram,</strong></span> <span class='ocrx_word' id='word_1_172' title='bbox 1726 2123 1855 2193; x_wconf 86' lang='lat' dir='ltr'><strong>quia</strong></span> 
     </span>
    </p>
   </div>
   <div class='ocr_carea' id='block_1_24' title="bbox 268 2212 1857 2282">
    <p class='ocr_par' dir='ltr' id='par_1_24' title="bbox 268 2212 1857 2282">
     <span class='ocr_line' id='line_1_24' title="bbox 268 2212 1857 2282; baseline -0.001 -14"><span class='ocrx_word' id='word_1_173' title='bbox 268 2212 608 2268; x_wconf 83' lang='lat' dir='ltr'><strong>asolitudinc</strong></span> <span class='ocrx_word' id='word_1_174' title='bbox 655 2213 844 2282; x_wconf 85' lang='lat' dir='ltr'><strong>incipit</strong></span> <span class='ocrx_word' id='word_1_175' title='bbox 884 2214 1068 2268; x_wconf 88' lang='lat' dir='ltr'><strong>dicens</strong></span> <span class='ocrx_word' id='word_1_176' title='bbox 1110 2232 1123 2266; x_wconf 92' lang='lat'>:</span> <span class='ocrx_word' id='word_1_177' title='bbox 1185 2212 1300 2266; x_wconf 72' lang='lat' dir='ltr'><strong>Vox</strong></span> <span class='ocrx_word' id='word_1_178' title='bbox 1344 2212 1621 2266; x_wconf 79' lang='lat' dir='ltr'><strong>clamantis</strong></span> <span class='ocrx_word' id='word_1_179' title='bbox 1667 2212 1722 2266; x_wconf 87' lang='lat' dir='ltr'><strong>in</strong></span> <span class='ocrx_word' id='word_1_180' title='bbox 1766 2213 1857 2266; x_wconf 87' lang='lat' dir='ltr'><strong>de-</strong></span> 
     </span>
    </p>
   </div>
   <div class='ocr_carea' id='block_1_25' title="bbox 266 2300 1856 2374">
    <p class='ocr_par' dir='ltr' id='par_1_25' title="bbox 266 2300 1856 2374">
     <span class='ocr_line' id='line_1_25' title="bbox 266 2300 1856 2374; baseline -0.002 -15"><span class='ocrx_word' id='word_1_181' title='bbox 266 2314 405 2359; x_wconf 81' lang='lat' dir='ltr'><strong>serto</strong></span> <span class='ocrx_word' id='word_1_182' title='bbox 431 2320 450 2357; x_wconf 93' lang='lat'><strong><em>:</em></strong></span> <span class='ocrx_word' id='word_1_183' title='bbox 481 2303 675 2359; x_wconf 86' lang='lat' dir='ltr'><strong>Parate</strong></span> <span class='ocrx_word' id='word_1_184' title='bbox 714 2303 849 2357; x_wconf 78' lang='lat' dir='ltr'><strong>riam</strong></span> <span class='ocrx_word' id='word_1_185' title='bbox 880 2301 1133 2374; x_wconf 86' lang='lat' dir='ltr'><strong>Domini(</strong></span> <span class='ocrx_word' id='word_1_186' title='bbox 1162 2302 1333 2356; x_wconf 78' lang='lat' dir='ltr'><strong>Marc.</strong></span> <span class='ocrx_word' id='word_1_187' title='bbox 1365 2319 1403 2367; x_wconf 91' lang='grc' dir='ltr'><strong>ι,</strong></span> <span class='ocrx_word' id='word_1_188' title='bbox 1438 2304 1472 2357; x_wconf 84' lang='grc'><strong>5</strong></span> <span class='ocrx_word' id='word_1_189' title='bbox 1500 2305 1538 2371; x_wconf 92' lang='grc'><strong>).</strong></span> <span class='ocrx_word' id='word_1_190' title='bbox 1569 2300 1745 2357; x_wconf 90' lang='lat' dir='ltr'><strong>Lucas</strong></span> <span class='ocrx_word' id='word_1_191' title='bbox 1777 2302 1856 2356; x_wconf 86' lang='lat' dir='ltr'><strong>vi-</strong></span> 
     </span>
    </p>
   </div>
   <div class='ocr_carea' id='block_1_26' title="bbox 271 2386 1856 2469">
    <p class='ocr_par' dir='ltr' id='par_1_26' title="bbox 271 2386 1856 2469">
     <span class='ocr_line' id='line_1_26' title="bbox 271 2386 1856 2469; baseline -0.003 -19"><span class='ocrx_word' id='word_1_192' title='bbox 271 2395 366 2459; x_wconf 86' lang='lat' dir='ltr'><strong>tuli</strong></span> <span class='ocrx_word' id='word_1_193' title='bbox 396 2396 629 2469; x_wconf 86' lang='lat' dir='ltr'><strong>speciem</strong></span> <span class='ocrx_word' id='word_1_194' title='bbox 654 2402 848 2465; x_wconf 83' lang='lat' dir='ltr'><strong>gestat,</strong></span> <span class='ocrx_word' id='word_1_195' title='bbox 881 2395 947 2449; x_wconf 88' lang='lat' dir='ltr'><strong>ad</strong></span> <span class='ocrx_word' id='word_1_196' title='bbox 977 2393 1130 2469; x_wconf 80' lang='lat' dir='ltr'><strong>cujus</strong></span> <span class='ocrx_word' id='word_1_197' title='bbox 1168 2386 1573 2448; x_wconf 81' lang='lat' dir='ltr'><strong>similitudinem</strong></span> <span class='ocrx_word' id='word_1_198' title='bbox 1604 2391 1856 2447; x_wconf 85' lang='lat' dir='ltr'><strong>Salvator</strong></span> 
     </span>
    </p>
   </div>
   <div class='ocr_carea' id='block_1_27' title="bbox 271 2483 1854 2554">
    <p class='ocr_par' dir='ltr' id='par_1_27' title="bbox 271 2483 1854 2554">
     <span class='ocr_line' id='line_1_27' title="bbox 271 2483 1854 2554; baseline -0.004 -10"><span class='ocrx_word' id='word_1_199' title='bbox 271 2497 458 2549; x_wconf 78' lang='lat' dir='ltr'><strong>noster</strong></span> <span class='ocrx_word' id='word_1_200' title='bbox 487 2495 569 2544; x_wconf 88' lang='lat' dir='ltr'><strong>est</strong></span> <span class='ocrx_word' id='word_1_201' title='bbox 591 2486 921 2551; x_wconf 86' lang='lat' dir='ltr'><strong>immolatus,</strong></span> <span class='ocrx_word' id='word_1_202' title='bbox 944 2493 998 2541; x_wconf 89' lang='lat' dir='ltr'><strong>et</strong></span> <span class='ocrx_word' id='word_1_203' title='bbox 1028 2484 1150 2539; x_wconf 87' lang='lat' dir='ltr'><strong>ideo</strong></span> <span class='ocrx_word' id='word_1_204' title='bbox 1178 2483 1354 2538; x_wconf 88' lang='lat' dir='ltr'><strong>Lucas</strong></span> <span class='ocrx_word' id='word_1_205' title='bbox 1382 2483 1548 2537; x_wconf 85' lang='lat' dir='ltr'><strong>vitulo</strong></span> <span class='ocrx_word' id='word_1_206' title='bbox 1576 2496 1854 2554; x_wconf 85' lang='lat' dir='ltr'><strong>compara-</strong></span> 
     </span>
    </p>
   </div>
   <div class='ocr_carea' id='block_1_28' title="bbox 271 2575 1861 2653">
    <p class='ocr_par' dir='ltr' id='par_1_28' title="bbox 271 2575 1861 2653">
     <span class='ocr_line' id='line_1_28' title="bbox 271 2575 1861 2653; baseline -0.001 -22"><span class='ocrx_word' id='word_1_207' title='bbox 271 2585 385 2642; x_wconf 90' lang='lat' dir='ltr'><strong>tur,</strong></span> <span class='ocrx_word' id='word_1_208' title='bbox 438 2578 561 2647; x_wconf 89' lang='lat' dir='ltr'><strong>quia</strong></span> <span class='ocrx_word' id='word_1_209' title='bbox 591 2578 694 2653; x_wconf 86' lang='lat' dir='ltr'><strong>duo</strong></span> <span class='ocrx_word' id='word_1_210' title='bbox 723 2592 927 2633; x_wconf 89' lang='lat' dir='ltr'><strong>cornua</strong></span> <span class='ocrx_word' id='word_1_211' title='bbox 957 2576 1061 2633; x_wconf 90' lang='lat' dir='ltr'><strong>duo</strong></span> <span class='ocrx_word' id='word_1_212' title='bbox 1110 2575 1472 2637; x_wconf 79' lang='lat' dir='ltr'><strong>Tesmmcnta,</strong></span> <span class='ocrx_word' id='word_1_213' title='bbox 1520 2585 1576 2632; x_wconf 91' lang='lat' dir='ltr'><strong>et</strong></span> <span class='ocrx_word' id='word_1_214' title='bbox 1622 2585 1861 2645; x_wconf 79' lang='lat' dir='ltr'><strong>quatuor</strong></span> 
     </span>
    </p>
   </div>
   <div class='ocr_carea' id='block_1_29' title="bbox 272 2668 1858 2744">
    <p class='ocr_par' dir='ltr' id='par_1_29' title="bbox 272 2668 1858 2744">
     <span class='ocr_line' id='line_1_29' title="bbox 272 2668 1858 2744; baseline -0.001 -20"><span class='ocrx_word' id='word_1_215' title='bbox 272 2671 471 2744; x_wconf 72' lang='lat' dir='ltr'><strong>pedum</strong></span> <span class='ocrx_word' id='word_1_216' title='bbox 507 2669 733 2742; x_wconf 87' lang='lat' dir='ltr'><strong>ungulas</strong></span> <span class='ocrx_word' id='word_1_217' title='bbox 759 2678 995 2739; x_wconf 89' lang='lat' dir='ltr'><strong>quatuor</strong></span> <span class='ocrx_word' id='word_1_218' title='bbox 1038 2668 1328 2737; x_wconf 74' lang='lat' dir='ltr'><strong>Evangelia</strong></span> <span class='ocrx_word' id='word_1_219' title='bbox 1382 2669 1754 2739; x_wconf 86' lang='lat' dir='ltr'><strong>designantur,</strong></span> <span class='ocrx_word' id='word_1_220' title='bbox 1803 2677 1858 2723; x_wconf 90' lang='lat' dir='ltr'><strong>et</strong></span> 
     </span>
    </p>
   </div>
   <div class='ocr_carea' id='block_1_30' title="bbox 274 2760 1859 2836">
    <p class='ocr_par' dir='ltr' id='par_1_30' title="bbox 274 2760 1859 2836">
     <span class='ocr_line' id='line_1_30' title="bbox 274 2760 1859 2836; baseline -0.001 -17"><span class='ocrx_word' id='word_1_221' title='bbox 274 2765 405 2836; x_wconf 78' lang='lat' dir='ltr'><strong>quia</strong></span> <span class='ocrx_word' id='word_1_222' title='bbox 431 2778 496 2821; x_wconf 84' lang='lat' dir='ltr'><strong>eo</strong></span> <span class='ocrx_word' id='word_1_223' title='bbox 519 2772 758 2833; x_wconf 77' lang='lat' dir='ltr'><strong>tempore</strong></span> <span class='ocrx_word' id='word_1_224' title='bbox 779 2762 933 2818; x_wconf 87' lang='lat' dir='ltr'><strong>vituli</strong></span> <span class='ocrx_word' id='word_1_225' title='bbox 970 2762 1023 2817; x_wconf 90' lang='lat' dir='ltr'><strong>in</strong></span> <span class='ocrx_word' id='word_1_226' title='bbox 1055 2761 1324 2817; x_wconf 87' lang='lat' dir='ltr'><strong>sacriﬁcio</strong></span> <span class='ocrx_word' id='word_1_227' title='bbox 1354 2761 1737 2816; x_wconf 63' lang='lat' dir='ltr'><strong>oﬂcrel‘antur.</strong></span> <span class='ocrx_word' id='word_1_228' title='bbox 1767 2760 1859 2817; x_wconf 89' lang='lat' dir='ltr'><strong>Sic</strong></span> 
     </span>
    </p>
   </div>
   <div class='ocr_carea' id='block_1_31' title="bbox 275 2851 1859 2924">
    <p class='ocr_par' dir='ltr' id='par_1_31' title="bbox 275 2851 1859 2924">
     <span class='ocr_line' id='line_1_31' title="bbox 275 2851 1859 2924; baseline -0.001 -14"><span class='ocrx_word' id='word_1_229' title='bbox 275 2856 425 2917; x_wconf 89' lang='lat' dir='ltr'><strong>enim</strong></span> <span class='ocrx_word' id='word_1_230' title='bbox 460 2869 493 2911; x_wconf 88' lang='lat' dir='ltr'><strong>a</strong></span> <span class='ocrx_word' id='word_1_231' title='bbox 528 2853 903 2911; x_wconf 86' lang='lat' dir='ltr'><strong>sacerdotibus</strong></span> <span class='ocrx_word' id='word_1_232' title='bbox 929 2853 1159 2924; x_wconf 84' lang='lat' dir='ltr'><strong>incipit:</strong></span> <span class='ocrx_word' id='word_1_233' title='bbox 1188 2851 1313 2907; x_wconf 82' lang='lat' dir='ltr'><strong>Fuit</strong></span> <span class='ocrx_word' id='word_1_234' title='bbox 1336 2853 1388 2907; x_wconf 88' lang='lat' dir='ltr'><strong>in</strong></span> <span class='ocrx_word' id='word_1_235' title='bbox 1416 2854 1595 2907; x_wconf 83' lang='lat' dir='ltr'><strong>diebus</strong></span> <span class='ocrx_word' id='word_1_236' title='bbox 1631 2852 1859 2908; x_wconf 81' lang='lat' dir='ltr'><strong>Herodis</strong></span> 
     </span>
    </p>
   </div>
   <div class='ocr_carea' id='block_1_32' title="bbox 276 2941 1861 3019">
    <p class='ocr_par' dir='ltr' id='par_1_32' title="bbox 276 2941 1861 3019">
     <span class='ocr_line' id='line_1_32' title="bbox 276 2941 1861 3019; baseline 0 -20"><span class='ocrx_word' id='word_1_237' title='bbox 276 2945 412 3019; x_wconf 79' lang='lat' dir='ltr'><strong>regis</strong></span> <span class='ocrx_word' id='word_1_238' title='bbox 440 2944 682 3005; x_wconf 82' lang='lat' dir='ltr'><strong>sacerdos</strong></span> <span class='ocrx_word' id='word_1_239' title='bbox 709 2942 923 3015; x_wconf 79' lang='lat' dir='ltr'><strong>quidam</strong></span> <span class='ocrx_word' id='word_1_240' title='bbox 949 2944 1157 3001; x_wconf 85' lang='lat' dir='ltr'><strong>nomine</strong></span> <span class='ocrx_word' id='word_1_241' title='bbox 1186 2941 1474 2997; x_wconf 80' lang='lat' dir='ltr'><strong>Zacharias</strong></span> <span class='ocrx_word' id='word_1_242' title='bbox 1512 2944 1576 3001; x_wconf 86' lang='lat' dir='ltr'><strong>dc</strong></span> <span class='ocrx_word' id='word_1_243' title='bbox 1600 2945 1705 2999; x_wconf 81' lang='lat' dir='ltr'><strong>rice</strong></span> <span class='ocrx_word' id='word_1_244' title='bbox 1725 2944 1861 2999; x_wconf 83' lang='lat' dir='ltr'><strong>Abia</strong></span> 
     </span>
    </p>
   </div>
   <div class='ocr_carea' id='block_1_33' title="bbox 276 3035 1858 3107">
    <p class='ocr_par' dir='ltr' id='par_1_33' title="bbox 276 3035 1858 3107">
     <span class='ocr_line' id='line_1_33' title="bbox 276 3035 1858 3107; baseline -0.001 -14"><span class='ocrx_word' id='word_1_245' title='bbox 276 3047 328 3095; x_wconf 74' lang='lat' dir='ltr'><strong>et</strong></span> <span class='ocrx_word' id='word_1_246' title='bbox 370 3054 505 3097; x_wconf 66' lang='grc' dir='ltr'><strong>αωωθ</strong></span> <span class='ocrx_word' id='word_1_247' title='bbox 554 3038 670 3107; x_wconf 82' lang='lat' dir='ltr'><strong>ejus</strong></span> <span class='ocrx_word' id='word_1_248' title='bbox 714 3036 779 3090; x_wconf 85' lang='lat' dir='ltr'><strong>de</strong></span> <span class='ocrx_word' id='word_1_249' title='bbox 832 3035 1044 3107; x_wconf 68' lang='lat' dir='ltr'><strong>ﬁliabus</strong></span> <span class='ocrx_word' id='word_1_250' title='bbox 1097 3035 1309 3102; x_wconf 75' lang='lat' dir='ltr'><strong>Aaron,</strong></span> <span class='ocrx_word' id='word_1_251' title='bbox 1361 3052 1548 3091; x_wconf 84' lang='lat' dir='ltr'><strong>nomen</strong></span> <span class='ocrx_word' id='word_1_252' title='bbox 1587 3035 1858 3093; x_wconf 84' lang='lat' dir='ltr'><strong>Elisabetlt</strong></span> 
     </span>
    </p>
   </div>
   <div class='ocr_carea' id='block_1_34' title="bbox 279 3126 1861 3203">
    <p class='ocr_par' dir='ltr' id='par_1_34' title="bbox 279 3126 1861 3203">
     <span class='ocr_line' id='line_1_34' title="bbox 279 3126 1861 3203; baseline 0.003 -18"><span class='ocrx_word' id='word_1_253' title='bbox 279 3130 433 3203; x_wconf 85' lang='lat' dir='ltr'><strong>(Luc.</strong></span> <span class='ocrx_word' id='word_1_254' title='bbox 462 3148 498 3193; x_wconf 85' lang='grc' dir='ltr'><strong>ι,</strong></span> <span class='ocrx_word' id='word_1_255' title='bbox 522 3128 599 3203; x_wconf 80' lang='grc'><strong>5).</strong></span> <span class='ocrx_word' id='word_1_256' title='bbox 630 3127 865 3191; x_wconf 86' lang='lat' dir='ltr'><strong>Joannes</strong></span> <span class='ocrx_word' id='word_1_257' title='bbox 894 3128 1058 3183; x_wconf 83' lang='lat' dir='ltr'><strong>habet</strong></span> <span class='ocrx_word' id='word_1_258' title='bbox 1096 3126 1508 3187; x_wconf 86' lang='lat' dir='ltr'><strong>similitudinem</strong></span> <span class='ocrx_word' id='word_1_259' title='bbox 1551 3130 1765 3199; x_wconf 70' lang='lat' dir='ltr'><strong>aquiltc,</strong></span> <span class='ocrx_word' id='word_1_260' title='bbox 1794 3144 1861 3189; x_wconf 82' lang='lat' dir='ltr'><strong>eo</strong></span> 
     </span>
    </p>
   </div>
   <div class='ocr_carea' id='block_1_35' title="bbox 279 3219 1859 3299">
    <p class='ocr_par' dir='ltr' id='par_1_35' title="bbox 279 3219 1859 3299">
     <span class='ocr_line' id='line_1_35' title="bbox 279 3219 1859 3299; baseline -0.003 -19"><span class='ocrx_word' id='word_1_261' title='bbox 279 3224 427 3295; x_wconf 83' lang='lat' dir='ltr'><strong>quod</strong></span> <span class='ocrx_word' id='word_1_262' title='bbox 469 3223 577 3279; x_wconf 86' lang='lat' dir='ltr'><strong>alta</strong></span> <span class='ocrx_word' id='word_1_263' title='bbox 623 3222 799 3299; x_wconf 84' lang='lat' dir='ltr'><strong>petiit.</strong></span> <span class='ocrx_word' id='word_1_264' title='bbox 838 3221 930 3276; x_wconf 86' lang='lat' dir='ltr'><strong>Ait</strong></span> <span class='ocrx_word' id='word_1_265' title='bbox 955 3220 1097 3281; x_wconf 85' lang='lat' dir='ltr'><strong>enim</strong></span> <span class='ocrx_word' id='word_1_266' title='bbox 1129 3238 1142 3275; x_wconf 89' lang='lat'><strong>:</strong></span> <span class='ocrx_word' id='word_1_267' title='bbox 1176 3219 1246 3277; x_wconf 92' lang='lat' dir='ltr'><strong>In</strong></span> <span class='ocrx_word' id='word_1_268' title='bbox 1271 3221 1528 3292; x_wconf 78' lang='lat' dir='ltr'><strong>principio</strong></span> <span class='ocrx_word' id='word_1_269' title='bbox 1564 3231 1678 3279; x_wconf 88' lang='lat' dir='ltr'><strong>erat</strong></span> <span class='ocrx_word' id='word_1_270' title='bbox 1730 3219 1859 3278; x_wconf 75' lang='lat' dir='ltr'><strong>Ver-</strong></span> 
     </span>
    </p>
   </div>
   <div class='ocr_carea' id='block_1_36' title="bbox 281 3277 1940 3383">
    <p class='ocr_par' dir='ltr' id='par_1_36' title="bbox 281 3277 1940 3383">
     <span class='ocr_line' id='line_1_36' title="bbox 281 3277 1940 3383; baseline -0.001 -14"><span class='ocrx_word' id='word_1_271' title='bbox 281 3277 427 3381; x_wconf 50' lang='lat' dir='ltr'><strong>bum,</strong></span> <span class='ocrx_word' id='word_1_272' title='bbox 451 3324 498 3369; x_wconf 86' lang='lat' dir='ltr'><strong>et</strong></span> <span class='ocrx_word' id='word_1_273' title='bbox 528 3277 755 3373; x_wconf 61' lang='lat' dir='ltr'><strong>Veritum</strong></span> <span class='ocrx_word' id='word_1_274' title='bbox 782 3321 893 3368; x_wconf 86' lang='lat' dir='ltr'><strong>erat</strong></span> <span class='ocrx_word' id='word_1_275' title='bbox 925 3311 1068 3383; x_wconf 85' lang='lat' dir='ltr'><strong>apud</strong></span> <span class='ocrx_word' id='word_1_276' title='bbox 1103 3277 1295 3377; x_wconf 50' lang='lat' dir='ltr'><strong>Deum,</strong></span> <span class='ocrx_word' id='word_1_277' title='bbox 1332 3321 1381 3366; x_wconf 85' lang='lat' dir='ltr'><strong>et</strong></span> <span class='ocrx_word' id='word_1_278' title='bbox 1414 3277 1559 3367; x_wconf 72' lang='lat' dir='ltr'><strong>Deus</strong></span> <span class='ocrx_word' id='word_1_279' title='bbox 1581 3322 1694 3369; x_wconf 88' lang='lat' dir='ltr'><strong>erat</strong></span> <span class='ocrx_word' id='word_1_280' title='bbox 1734 3277 1863 3369; x_wconf 65' lang='grc' dir='ltr'><strong>γέν.</strong></span> <span class='ocrx_word' id='word_1_281' title='bbox 1890 3277 1940 3345; x_wconf 76' lang='lat' dir='ltr'>c</span> 
     </span>
    </p>
   </div>
   <div class='ocr_carea' id='block_1_37' title="bbox 279 3404 1860 3479">
    <p class='ocr_par' dir='ltr' id='par_1_37' title="bbox 279 3404 1860 3479">
     <span class='ocr_line' id='line_1_37' title="bbox 279 3404 1860 3479; baseline 0.001 -19"><span class='ocrx_word' id='word_1_282' title='bbox 279 3404 437 3467; x_wconf 83' lang='lat' dir='ltr'><strong>bum;</strong></span> <span class='ocrx_word' id='word_1_283' title='bbox 485 3405 583 3461; x_wconf 84' lang='lat' dir='ltr'><strong>Itoc</strong></span> <span class='ocrx_word' id='word_1_284' title='bbox 608 3416 716 3461; x_wconf 85' lang='lat' dir='ltr'><strong>erat</strong></span> <span class='ocrx_word' id='word_1_285' title='bbox 741 3406 795 3459; x_wconf 85' lang='lat' dir='ltr'><strong>in</strong></span> <span class='ocrx_word' id='word_1_286' title='bbox 833 3404 1088 3477; x_wconf 83' lang='lat' dir='ltr'><strong>principio</strong></span> <span class='ocrx_word' id='word_1_287' title='bbox 1118 3404 1261 3475; x_wconf 85' lang='lat' dir='ltr'><strong>apud</strong></span> <span class='ocrx_word' id='word_1_288' title='bbox 1292 3404 1460 3459; x_wconf 88' lang='lat' dir='ltr'><strong>Deum</strong></span> <span class='ocrx_word' id='word_1_289' title='bbox 1492 3405 1673 3477; x_wconf 84' lang='lat' dir='ltr'><strong>(Joan.</strong></span> <span class='ocrx_word' id='word_1_290' title='bbox 1712 3423 1754 3473; x_wconf 85' lang='lat' dir='ltr'><strong>t,</strong></span> <span class='ocrx_word' id='word_1_291' title='bbox 1784 3406 1860 3479; x_wconf 78' lang='lat' dir='ltr'><strong>i).</strong></span> 
     </span>
    </p>
   </div>
   <div class='ocr_carea' id='block_1_38' title="bbox 280 3496 1865 3569">
    <p class='ocr_par' dir='ltr' id='par_1_38' title="bbox 280 3496 1865 3569">
     <span class='ocr_line' id='line_1_38' title="bbox 280 3496 1865 3569; baseline 0 -15"><span class='ocrx_word' id='word_1_292' title='bbox 280 3500 354 3565; x_wconf 75' lang='lat' dir='ltr'><strong>Et</strong></span> <span class='ocrx_word' id='word_1_293' title='bbox 376 3500 546 3561; x_wconf 82' lang='lat' dir='ltr'><strong>David</strong></span> <span class='ocrx_word' id='word_1_294' title='bbox 574 3500 706 3561; x_wconf 83' lang='lat' dir='ltr'><strong>dicit</strong></span> <span class='ocrx_word' id='word_1_295' title='bbox 735 3500 799 3555; x_wconf 86' lang='lat' dir='ltr'><strong>dc</strong></span> <span class='ocrx_word' id='word_1_296' title='bbox 824 3513 1055 3569; x_wconf 86' lang='lat' dir='ltr'><strong>persona</strong></span> <span class='ocrx_word' id='word_1_297' title='bbox 1084 3496 1287 3555; x_wconf 84' lang='lat' dir='ltr'><strong>Christi</strong></span> <span class='ocrx_word' id='word_1_298' title='bbox 1315 3515 1328 3552; x_wconf 92' lang='lat'><strong>:</strong></span> <span class='ocrx_word' id='word_1_299' title='bbox 1353 3497 1706 3553; x_wconf 81' lang='lat' dir='ltr'><strong>Renovabitur</strong></span> <span class='ocrx_word' id='word_1_300' title='bbox 1729 3501 1865 3554; x_wconf 81' lang='lat' dir='ltr'><strong>sicut</strong></span> 
     </span>
    </p>
   </div>
   <div class='ocr_carea' id='block_1_39' title="bbox 282 3589 1866 3665">
    <p class='ocr_par' dir='ltr' id='par_1_39' title="bbox 282 3589 1866 3665">
     <span class='ocr_line' id='line_1_39' title="bbox 282 3589 1866 3665; baseline -0.001 -18"><span class='ocrx_word' id='word_1_301' title='bbox 282 3592 479 3665; x_wconf 65' lang='lat' dir='ltr'><strong>aquilis</strong></span> <span class='ocrx_word' id='word_1_302' title='bbox 510 3593 751 3659; x_wconf 80' lang='lat' dir='ltr'><strong>iuventus</strong></span> <span class='ocrx_word' id='word_1_303' title='bbox 795 3601 885 3645; x_wconf 87' lang='lat' dir='ltr'><strong>tua</strong></span> <span class='ocrx_word' id='word_1_304' title='bbox 918 3589 937 3661; x_wconf 97' lang='lat'>(</span> <span class='ocrx_word' id='word_1_305' title='bbox 964 3590 1113 3645; x_wconf 85' lang='lat' dir='ltr'><strong>Psal.</strong></span> <span class='ocrx_word' id='word_1_306' title='bbox 1147 3605 1253 3655; x_wconf 84' lang='lat' dir='ltr'><strong>cu,</strong></span> <span class='ocrx_word' id='word_1_307' title='bbox 1280 3589 1313 3643; x_wconf 84' lang='lat'><strong>5</strong></span> <span class='ocrx_word' id='word_1_308' title='bbox 1340 3589 1395 3663; x_wconf 88' lang='lat'><strong>),</strong></span> <span class='ocrx_word' id='word_1_309' title='bbox 1427 3591 1482 3645; x_wconf 88' lang='lat' dir='ltr'><strong>id</strong></span> <span class='ocrx_word' id='word_1_310' title='bbox 1528 3599 1635 3656; x_wconf 89' lang='lat' dir='ltr'><strong>cst,</strong></span> <span class='ocrx_word' id='word_1_311' title='bbox 1666 3590 1866 3646; x_wconf 87' lang='lat' dir='ltr'><strong>Christi</strong></span> 
     </span>
    </p>
   </div>
   <div class='ocr_carea' id='block_1_40' title="bbox 280 3683 1871 3754">
    <p class='ocr_par' dir='ltr' id='par_1_40' title="bbox 280 3683 1871 3754">
     <span class='ocr_line' id='line_1_40' title="bbox 280 3683 1871 3754; baseline -0.001 -13"><span class='ocrx_word' id='word_1_312' title='bbox 280 3683 414 3741; x_wconf 69' lang='lat' dir='ltr'><strong>Iesu</strong></span> <span class='ocrx_word' id='word_1_313' title='bbox 450 3684 662 3743; x_wconf 87' lang='lat' dir='ltr'><strong>Domini</strong></span> <span class='ocrx_word' id='word_1_314' title='bbox 699 3684 906 3751; x_wconf 90' lang='lat' dir='ltr'><strong>nostri,</strong></span> <span class='ocrx_word' id='word_1_315' title='bbox 958 3684 1088 3754; x_wconf 89' lang='lat' dir='ltr'><strong>quia</strong></span> <span class='ocrx_word' id='word_1_316' title='bbox 1116 3698 1405 3753; x_wconf 86' lang='lat' dir='ltr'><strong>resurgens</strong></span> <span class='ocrx_word' id='word_1_317' title='bbox 1435 3698 1467 3738; x_wconf 73' lang='grc' dir='ltr'>ει</span> <span class='ocrx_word' id='word_1_318' title='bbox 1488 3684 1736 3739; x_wconf 88' lang='lat' dir='ltr'><strong>.mortuis</strong></span> <span class='ocrx_word' id='word_1_319' title='bbox 1783 3700 1871 3740; x_wconf 78' lang='lat' dir='ltr'><strong>as-</strong></span> 
     </span>
    </p>
   </div>
   <div class='ocr_carea' id='block_1_41' title="bbox 283 3777 776 3843">
    <p class='ocr_par' dir='ltr' id='par_1_41' title="bbox 283 3777 776 3843">
     <span class='ocr_line' id='line_1_41' title="bbox 283 3777 776 3843; baseline -0.004 -9"><span class='ocrx_word' id='word_1_320' title='bbox 283 3780 470 3843; x_wconf 74' lang='lat' dir='ltr'><strong>cendit</strong></span> <span class='ocrx_word' id='word_1_321' title='bbox 497 3779 565 3843; x_wconf 84' lang='lat' dir='ltr'><strong>ad</strong></span> <span class='ocrx_word' id='word_1_322' title='bbox 593 3777 776 3835; x_wconf 63' lang='lat' dir='ltr'><strong>malos.</strong></span> 
     </span>
    </p>
   </div>
   <div class='ocr_carea' id='block_1_42' title="bbox 312 3869 1871 3943">
    <p class='ocr_par' dir='ltr' id='par_1_42' title="bbox 312 3869 1871 3943">
     <span class='ocr_line' id='line_1_42' title="bbox 312 3869 1871 3943; baseline 0.001 -17"><span class='ocrx_word' id='word_1_323' title='bbox 312 3936 321 3943; x_wconf 29' lang='grc' dir='ltr'><strong>Δ</strong></span> <span class='ocrx_word' id='word_1_324' title='bbox 358 3871 527 3933; x_wconf 87' lang='lat' dir='ltr'><strong>Inter.</strong></span> <span class='ocrx_word' id='word_1_325' title='bbox 556 3871 765 3935; x_wconf 83' lang='lat' dir='ltr'><strong>Frater,</strong></span> <span class='ocrx_word' id='word_1_326' title='bbox 812 3875 973 3939; x_wconf 86' lang='lat' dir='ltr'><strong>prout</strong></span> <span class='ocrx_word' id='word_1_327' title='bbox 1009 3870 1182 3940; x_wconf 89' lang='lat' dir='ltr'><strong>potui,</strong></span> <span class='ocrx_word' id='word_1_328' title='bbox 1214 3869 1350 3925; x_wconf 81' lang='lat' dir='ltr'><strong>solvi</strong></span> <span class='ocrx_word' id='word_1_329' title='bbox 1391 3870 1487 3926; x_wconf 88' lang='lat' dir='ltr'><strong>tibi</strong></span> <span class='ocrx_word' id='word_1_330' title='bbox 1515 3870 1871 3940; x_wconf 64' lang='lat' dir='ltr'><strong>qttatstionem</strong></span> 
     </span>
    </p>
   </div>
   <div class='ocr_carea' id='block_1_43' title="bbox 286 3961 1875 4034">
    <p class='ocr_par' dir='ltr' id='par_1_43' title="bbox 286 3961 1875 4034">
     <span class='ocr_line' id='line_1_43' title="bbox 286 3961 1875 4034; baseline -0.001 -14"><span class='ocrx_word' id='word_1_331' title='bbox 286 3971 457 4028; x_wconf 85' lang='lat' dir='ltr'><strong>tuam,</strong></span> <span class='ocrx_word' id='word_1_332' title='bbox 496 3978 644 4034; x_wconf 85' lang='lat' dir='ltr'><strong>rogo,</strong></span> <span class='ocrx_word' id='word_1_333' title='bbox 675 3964 718 4019; x_wconf 87' lang='lat' dir='ltr'><strong>si</strong></span> <span class='ocrx_word' id='word_1_334' title='bbox 748 3961 942 4033; x_wconf 85' lang='lat' dir='ltr'><strong>placet,</strong></span> <span class='ocrx_word' id='word_1_335' title='bbox 970 3970 1027 4017; x_wconf 89' lang='lat' dir='ltr'><strong>ut</strong></span> <span class='ocrx_word' id='word_1_336' title='bbox 1050 3962 1200 4017; x_wconf 88' lang='lat' dir='ltr'><strong>dicas</strong></span> <span class='ocrx_word' id='word_1_337' title='bbox 1240 3961 1371 4017; x_wconf 88' lang='lat' dir='ltr'><strong>mihi</strong></span> <span class='ocrx_word' id='word_1_338' title='bbox 1408 3977 1503 4017; x_wconf 88' lang='lat' dir='ltr'><strong>cur</strong></span> <span class='ocrx_word' id='word_1_339' title='bbox 1542 3963 1875 4034; x_wconf 77' lang='lat' dir='ltr'><strong>evangelista</strong></span> 
     </span>
    </p>
   </div>
   <div class='ocr_carea' id='block_1_44' title="bbox 287 4052 1877 4125">
    <p class='ocr_par' dir='ltr' id='par_1_44' title="bbox 287 4052 1877 4125">
     <span class='ocr_line' id='line_1_44' title="bbox 287 4052 1877 4125; baseline -0.001 -14"><span class='ocrx_word' id='word_1_340' title='bbox 287 4055 347 4111; x_wconf 87' lang='lat' dir='ltr'><strong>in</strong></span> <span class='ocrx_word' id='word_1_341' title='bbox 376 4055 722 4125; x_wconf 82' lang='lat' dir='ltr'><strong>generatione</strong></span> <span class='ocrx_word' id='word_1_342' title='bbox 744 4052 944 4109; x_wconf 85' lang='lat' dir='ltr'><strong>Christi</strong></span> <span class='ocrx_word' id='word_1_343' title='bbox 971 4053 1213 4113; x_wconf 87' lang='lat' dir='ltr'><strong>ordinem</strong></span> <span class='ocrx_word' id='word_1_344' title='bbox 1244 4062 1633 4121; x_wconf 77' lang='lat' dir='ltr'><strong>praeposterum</strong></span> <span class='ocrx_word' id='word_1_345' title='bbox 1664 4055 1877 4124; x_wconf 87' lang='lat' dir='ltr'><strong>posuis-</strong></span> 
     </span>
    </p>
   </div>
   <div class='ocr_carea' id='block_1_45' title="bbox 289 4144 1879 4213">
    <p class='ocr_par' dir='ltr' id='par_1_45' title="bbox 289 4144 1879 4213">
     <span class='ocr_line' id='line_1_45' title="bbox 289 4144 1879 4213; baseline 0.001 -11"><span class='ocrx_word' id='word_1_346' title='bbox 289 4155 398 4210; x_wconf 86' lang='lat' dir='ltr'><strong>set,</strong></span> <span class='ocrx_word' id='word_1_347' title='bbox 428 4161 549 4201; x_wconf 87' lang='lat' dir='ltr'><strong>eum</strong></span> <span class='ocrx_word' id='word_1_348' title='bbox 571 4153 696 4205; x_wconf 83' lang='lat' dir='ltr'><strong>ante</strong></span> <span class='ocrx_word' id='word_1_349' title='bbox 725 4144 911 4208; x_wconf 78' lang='lat' dir='ltr'><strong>David,</strong></span> <span class='ocrx_word' id='word_1_350' title='bbox 939 4151 994 4199; x_wconf 86' lang='lat' dir='ltr'><strong>et</strong></span> <span class='ocrx_word' id='word_1_351' title='bbox 1022 4153 1207 4213; x_wconf 84' lang='lat' dir='ltr'><strong>postea</strong></span> <span class='ocrx_word' id='word_1_352' title='bbox 1238 4145 1535 4199; x_wconf 82' lang='lat' dir='ltr'><strong>nominavit</strong></span> <span class='ocrx_word' id='word_1_353' title='bbox 1562 4146 1833 4203; x_wconf 72' lang='lat' dir='ltr'><strong>Abraham</strong></span> <span class='ocrx_word' id='word_1_354' title='bbox 1851 4147 1879 4203; x_wconf 67' lang='grc' dir='ltr'><em>ἵ</em></span> 
     </span>
    </p>
   </div>
   <div class='ocr_carea' id='block_1_46' title="bbox 289 4233 1870 4305">
    <p class='ocr_par' dir='ltr' id='par_1_46' title="bbox 289 4233 1870 4305">
     <span class='ocr_line' id='line_1_46' title="bbox 289 4233 1870 4305; baseline 0.002 -17"><span class='ocrx_word' id='word_1_355' title='bbox 289 4234 445 4305; x_wconf 67' lang='lat' dir='ltr'><strong><em>Resp.</em></strong></span> <span class='ocrx_word' id='word_1_356' title='bbox 486 4236 623 4290; x_wconf 78' lang='lat' dir='ltr'><strong>Vere</strong></span> <span class='ocrx_word' id='word_1_357' title='bbox 650 4234 943 4293; x_wconf 85' lang='lat' dir='ltr'><strong>secundum</strong></span> <span class='ocrx_word' id='word_1_358' title='bbox 972 4234 1113 4302; x_wconf 86' lang='lat' dir='ltr'><strong>quod</strong></span> <span class='ocrx_word' id='word_1_359' title='bbox 1146 4233 1369 4303; x_wconf 81' lang='lat' dir='ltr'><strong>legendo</strong></span> <span class='ocrx_word' id='word_1_360' title='bbox 1399 4235 1582 4299; x_wconf 52' lang='lat' dir='ltr'><strong>didici,</strong></span> <span class='ocrx_word' id='word_1_361' title='bbox 1618 4236 1870 4293; x_wconf 83' lang='lat' dir='ltr'><strong>referam.</strong></span> 
     </span>
    </p>
   </div>
   <div class='ocr_carea' id='block_1_47' title="bbox 291 4324 1877 4385">
    <p class='ocr_par' dir='ltr' id='par_1_47' title="bbox 291 4324 1877 4385">
     <span class='ocr_line' id='line_1_47' title="bbox 291 4324 1877 4385; baseline 0.001 -3"><span class='ocrx_word' id='word_1_362' title='bbox 291 4326 393 4382; x_wconf 82' lang='lat' dir='ltr'><strong>Hic</strong></span> <span class='ocrx_word' id='word_1_363' title='bbox 415 4325 545 4379; x_wconf 90' lang='lat' dir='ltr'><strong>ordo</strong></span> <span class='ocrx_word' id='word_1_364' title='bbox 584 4326 637 4379; x_wconf 91' lang='lat' dir='ltr'><strong>in</strong></span> <span class='ocrx_word' id='word_1_365' title='bbox 668 4326 770 4379; x_wconf 93' lang='lat' dir='ltr'><strong>hoc</strong></span> <span class='ocrx_word' id='word_1_366' title='bbox 798 4324 916 4379; x_wconf 87' lang='lat' dir='ltr'><strong>loco</strong></span> <span class='ocrx_word' id='word_1_367' title='bbox 942 4324 1272 4379; x_wconf 69' lang='lat' dir='ltr'><strong>necessitate</strong></span> <span class='ocrx_word' id='word_1_368' title='bbox 1300 4334 1385 4381; x_wconf 85' lang='lat' dir='ltr'><strong>est</strong></span> <span class='ocrx_word' id='word_1_369' title='bbox 1412 4335 1791 4381; x_wconf 84' lang='lat' dir='ltr'><strong>commutatus.</strong></span> <span class='ocrx_word' id='word_1_370' title='bbox 1818 4325 1877 4385; x_wconf 86' lang='lat' dir='ltr'><strong>Si</strong></span> 
     </span>
    </p>
   </div>
   <div class='ocr_carea' id='block_1_48' title="bbox 291 4416 1873 4487">
    <p class='ocr_par' dir='ltr' id='par_1_48' title="bbox 291 4416 1873 4487">
     <span class='ocr_line' id='line_1_48' title="bbox 291 4416 1873 4487; baseline -0.001 -15"><span class='ocrx_word' id='word_1_371' title='bbox 291 4419 437 4473; x_wconf 89' lang='lat' dir='ltr'><strong>enim</strong></span> <span class='ocrx_word' id='word_1_372' title='bbox 466 4418 694 4487; x_wconf 87' lang='lat' dir='ltr'><strong>primum</strong></span> <span class='ocrx_word' id='word_1_373' title='bbox 736 4417 1004 4485; x_wconf 87' lang='lat' dir='ltr'><strong>posuisset</strong></span> <span class='ocrx_word' id='word_1_374' title='bbox 1045 4416 1341 4481; x_wconf 77' lang='lat' dir='ltr'><strong>Abraham,</strong></span> <span class='ocrx_word' id='word_1_375' title='bbox 1371 4425 1426 4469; x_wconf 88' lang='lat' dir='ltr'><strong>ct</strong></span> <span class='ocrx_word' id='word_1_376' title='bbox 1454 4427 1638 4485; x_wconf 83' lang='lat' dir='ltr'><strong>postea</strong></span> <span class='ocrx_word' id='word_1_377' title='bbox 1684 4417 1873 4483; x_wconf 88' lang='lat' dir='ltr'><strong>David,</strong></span> 
     </span>
    </p>
   </div>
   <div class='ocr_carea' id='block_1_49' title="bbox 290 4508 1877 4579">
    <p class='ocr_par' dir='ltr' id='par_1_49' title="bbox 290 4508 1877 4579">
     <span class='ocr_line' id='line_1_49' title="bbox 290 4508 1877 4579; baseline 0.001 -16"><span class='ocrx_word' id='word_1_378' title='bbox 290 4524 484 4564; x_wconf 85' lang='lat' dir='ltr'><strong>rursus</strong></span> <span class='ocrx_word' id='word_1_379' title='bbox 506 4508 555 4562; x_wconf 90' lang='lat' dir='ltr'><strong>ei</strong></span> <span class='ocrx_word' id='word_1_380' title='bbox 583 4508 901 4575; x_wconf 85' lang='lat' dir='ltr'><strong>repetendus</strong></span> <span class='ocrx_word' id='word_1_381' title='bbox 926 4518 1075 4562; x_wconf 85' lang='lat' dir='ltr'><strong>esset</strong></span> <span class='ocrx_word' id='word_1_382' title='bbox 1094 4508 1390 4573; x_wconf 77' lang='lat' dir='ltr'><strong>Abraham,</strong></span> <span class='ocrx_word' id='word_1_383' title='bbox 1422 4517 1480 4561; x_wconf 91' lang='lat' dir='ltr'><strong>ut</strong></span> <span class='ocrx_word' id='word_1_384' title='bbox 1512 4511 1877 4579; x_wconf 84' lang='lat' dir='ltr'><strong>generationis</strong></span> 
     </span>
    </p>
   </div>
   <div class='ocr_carea' id='block_1_50' title="bbox 291 4596 1876 4670">
    <p class='ocr_par' dir='ltr' id='par_1_50' title="bbox 291 4596 1876 4670">
     <span class='ocr_line' id='line_1_50' title="bbox 291 4596 1876 4670; baseline 0 -13"><span class='ocrx_word' id='word_1_385' title='bbox 291 4600 469 4657; x_wconf 77' lang='lat' dir='ltr'><strong>series</strong></span> <span class='ocrx_word' id='word_1_386' title='bbox 494 4606 781 4654; x_wconf 60' lang='lat' dir='ltr'><strong>tereretur.</strong></span> <span class='ocrx_word' id='word_1_387' title='bbox 832 4596 999 4653; x_wconf 86' lang='lat' dir='ltr'><strong>Inter.</strong></span> <span class='ocrx_word' id='word_1_388' title='bbox 1036 4598 1215 4665; x_wconf 82' lang='lat' dir='ltr'><strong>Quare</strong></span> <span class='ocrx_word' id='word_1_389' title='bbox 1241 4600 1454 4655; x_wconf 68' lang='lat' dir='ltr'><strong>coleris</strong></span> <span class='ocrx_word' id='word_1_390' title='bbox 1494 4602 1876 4670; x_wconf 65' lang='lat' dir='ltr'><strong>praetermissis</strong></span> 
     </span>
    </p>
   </div>
   <div class='ocr_carea' id='block_1_51' title="bbox 2015 989 3526 1073">
    <p class='ocr_par' dir='ltr' id='par_1_51' title="bbox 2015 989 3526 1073">
     <span class='ocr_line' id='line_1_51' title="bbox 2015 989 3526 1073; baseline -0.011 -12"><span class='ocrx_word' id='word_1_391' title='bbox 2015 1007 2183 1061; x_wconf 88' lang='lat' dir='ltr'><strong>Inter.</strong></span> <span class='ocrx_word' id='word_1_392' title='bbox 2217 1006 2396 1073; x_wconf 88' lang='lat' dir='ltr'><strong>Quare</strong></span> <span class='ocrx_word' id='word_1_393' title='bbox 2422 1004 2564 1060; x_wconf 83' lang='lat' dir='ltr'><strong>idem</strong></span> <span class='ocrx_word' id='word_1_394' title='bbox 2594 1001 2845 1058; x_wconf 86' lang='lat' dir='ltr'><strong>sacerdos</strong></span> <span class='ocrx_word' id='word_1_395' title='bbox 2876 996 3208 1071; x_wconf 80' lang='lat' dir='ltr'><strong>appellatur?</strong></span> <span class='ocrx_word' id='word_1_396' title='bbox 3241 994 3391 1064; x_wconf 82' lang='lat' dir='ltr'><strong><em>Resp.</em></strong></span> <span class='ocrx_word' id='word_1_397' title='bbox 3420 989 3526 1046; x_wconf 82' lang='lat' dir='ltr'><strong>Sa-</strong></span> 
     </span>
    </p>
   </div>
   <div class='ocr_carea' id='block_1_52' title="bbox 1945 1085 3527 1164">
    <p class='ocr_par' dir='ltr' id='par_1_52' title="bbox 1945 1085 3527 1164">
     <span class='ocr_line' id='line_1_52' title="bbox 1945 1085 3527 1164; baseline -0.014 -7"><span class='ocrx_word' id='word_1_398' title='bbox 1945 1100 2138 1157; x_wconf 84' lang='lat' dir='ltr'><strong>cerdos</strong></span> <span class='ocrx_word' id='word_1_399' title='bbox 2174 1099 2317 1153; x_wconf 84' lang='lat' dir='ltr'><strong>enim</strong></span> <span class='ocrx_word' id='word_1_400' title='bbox 2356 1112 2552 1151; x_wconf 84' lang='lat' dir='ltr'><strong>nomen</strong></span> <span class='ocrx_word' id='word_1_401' title='bbox 2582 1094 2939 1164; x_wconf 87' lang='lat' dir='ltr'><strong>compositum</strong></span> <span class='ocrx_word' id='word_1_402' title='bbox 2971 1091 3219 1145; x_wconf 67' lang='lat' dir='ltr'><strong>habetest</strong></span> <span class='ocrx_word' id='word_1_403' title='bbox 3252 1085 3441 1141; x_wconf 61' lang='lat' dir='ltr'><strong>Grtcco</strong></span> <span class='ocrx_word' id='word_1_404' title='bbox 3472 1090 3527 1136; x_wconf 82' lang='lat' dir='ltr'><strong>et</strong></span> 
     </span>
    </p>
   </div>
   <div class='ocr_carea' id='block_1_53' title="bbox 1946 1181 3530 1263">
    <p class='ocr_par' dir='ltr' id='par_1_53' title="bbox 1946 1181 3530 1263">
     <span class='ocr_line' id='line_1_53' title="bbox 1946 1181 3530 1263; baseline -0.011 -16"><span class='ocrx_word' id='word_1_405' title='bbox 1946 1192 2161 1257; x_wconf 88' lang='lat' dir='ltr'><strong>Latino,</strong></span> <span class='ocrx_word' id='word_1_406' title='bbox 2192 1191 2347 1263; x_wconf 87' lang='lat' dir='ltr'><strong>quasi</strong></span> <span class='ocrx_word' id='word_1_407' title='bbox 2384 1203 2597 1245; x_wconf 88' lang='lat' dir='ltr'><strong>sacrum</strong></span> <span class='ocrx_word' id='word_1_408' title='bbox 2626 1186 2779 1242; x_wconf 88' lang='lat' dir='ltr'><strong>dans.</strong></span> <span class='ocrx_word' id='word_1_409' title='bbox 2813 1184 3077 1253; x_wconf 87' lang='lat' dir='ltr'><strong>Quoniam</strong></span> <span class='ocrx_word' id='word_1_410' title='bbox 3106 1181 3243 1234; x_wconf 89' lang='lat' dir='ltr'><strong>sicut</strong></span> <span class='ocrx_word' id='word_1_411' title='bbox 3271 1192 3368 1231; x_wconf 84' lang='lat' dir='ltr'><strong>rex</strong></span> <span class='ocrx_word' id='word_1_412' title='bbox 3392 1192 3419 1229; x_wconf 91' lang='lat' dir='ltr'><strong>a</strong></span> <span class='ocrx_word' id='word_1_413' title='bbox 3449 1188 3530 1229; x_wconf 82' lang='lat' dir='ltr'><strong>re-</strong></span> 
     </span>
    </p>
   </div>
   <div class='ocr_carea' id='block_1_54' title="bbox 1948 1267 3530 1356">
    <p class='ocr_par' dir='ltr' id='par_1_54' title="bbox 1948 1267 3530 1356">
     <span class='ocr_line' id='line_1_54' title="bbox 1948 1267 3530 1356; baseline -0.012 -17"><span class='ocrx_word' id='word_1_414' title='bbox 1948 1287 2142 1356; x_wconf 82' lang='lat' dir='ltr'><strong>gendo,</strong></span> <span class='ocrx_word' id='word_1_415' title='bbox 2174 1285 2246 1337; x_wconf 89' lang='lat' dir='ltr'><strong>ita</strong></span> <span class='ocrx_word' id='word_1_416' title='bbox 2275 1273 2524 1337; x_wconf 77' lang='lat' dir='ltr'><strong>sacerdos</strong></span> <span class='ocrx_word' id='word_1_417' title='bbox 2552 1296 2580 1334; x_wconf 89' lang='lat' dir='ltr'><strong>a</strong></span> <span class='ocrx_word' id='word_1_418' title='bbox 2609 1276 2995 1334; x_wconf 89' lang='lat' dir='ltr'><strong>sanctiﬁcando</strong></span> <span class='ocrx_word' id='word_1_419' title='bbox 3017 1281 3239 1329; x_wconf 87' lang='lat' dir='ltr'><strong>vocatus</strong></span> <span class='ocrx_word' id='word_1_420' title='bbox 3261 1277 3362 1326; x_wconf 89' lang='lat' dir='ltr'><strong>est.</strong></span> <span class='ocrx_word' id='word_1_421' title='bbox 3392 1267 3530 1323; x_wconf 89' lang='lat' dir='ltr'><strong>Con-</strong></span> 
     </span>
    </p>
   </div>
   <div class='ocr_carea' id='block_1_55' title="bbox 1949 1372 2720 1435">
    <p class='ocr_par' dir='ltr' id='par_1_55' title="bbox 1949 1372 2720 1435">
     <span class='ocr_line' id='line_1_55' title="bbox 1949 1372 2720 1435; baseline -0.012 -1"><span class='ocrx_word' id='word_1_422' title='bbox 1949 1386 2128 1435; x_wconf 82' lang='lat' dir='ltr'><strong>secrat</strong></span> <span class='ocrx_word' id='word_1_423' title='bbox 2152 1376 2295 1433; x_wconf 87' lang='lat' dir='ltr'><strong>enim</strong></span> <span class='ocrx_word' id='word_1_424' title='bbox 2320 1383 2377 1431; x_wconf 89' lang='lat' dir='ltr'><strong>et</strong></span> <span class='ocrx_word' id='word_1_425' title='bbox 2398 1372 2720 1430; x_wconf 75' lang='lat' dir='ltr'><strong>sanctificat.</strong></span> 
     </span>
    </p>
   </div>
   <div class='ocr_carea' id='block_1_56' title="bbox 2577 1477 2912 1537">
    <p class='ocr_par' dir='ltr' id='par_1_56' title="bbox 2577 1477 2912 1537">
     <span class='ocr_line' id='line_1_56' title="bbox 2577 1477 2912 1537; baseline -0.012 0"><span class='ocrx_word' id='word_1_426' title='bbox 2577 1479 2804 1537; x_wconf 68' lang='lat' dir='ltr'><strong>CAPUT</strong></span> <span class='ocrx_word' id='word_1_427' title='bbox 2841 1477 2912 1534; x_wconf 77' lang='grc' dir='ltr'><strong>Χ.</strong></span> 
     </span>
    </p>
   </div>
   <div class='ocr_carea' id='block_1_57' title="bbox 2607 1586 2880 1627">
    <p class='ocr_par' dir='ltr' id='par_1_57' title="bbox 2607 1586 2880 1627">
     <span class='ocr_line' id='line_1_57' title="bbox 2607 1586 2880 1627; baseline -0.018 0"><span class='ocrx_word' id='word_1_428' title='bbox 2607 1586 2675 1627; x_wconf 76' lang='lat' dir='ltr'><strong>DE</strong></span> <span class='ocrx_word' id='word_1_429' title='bbox 2710 1586 2880 1627; x_wconf 69' lang='lat' dir='ltr'><strong>IISSL.</strong></span> 
     </span>
    </p>
   </div>
   <div class='ocr_carea' id='block_1_58' title="bbox 2025 1654 3537 1733">
    <p class='ocr_par' dir='ltr' id='par_1_58' title="bbox 2025 1654 3537 1733">
     <span class='ocr_line' id='line_1_58' title="bbox 2025 1654 3537 1733; baseline -0.009 -11"><span class='ocrx_word' id='word_1_430' title='bbox 2025 1666 2194 1722; x_wconf 86' lang='lat' dir='ltr'><strong>Inter.</strong></span> <span class='ocrx_word' id='word_1_431' title='bbox 2245 1665 2406 1733; x_wconf 84' lang='lat' dir='ltr'><strong>Ecce,</strong></span> <span class='ocrx_word' id='word_1_432' title='bbox 2455 1662 2625 1721; x_wconf 86' lang='lat' dir='ltr'><strong>frater</strong></span> <span class='ocrx_word' id='word_1_433' title='bbox 2666 1662 2759 1726; x_wconf 81' lang='lat' dir='ltr'><strong>mi,</strong></span> <span class='ocrx_word' id='word_1_434' title='bbox 2795 1660 3094 1719; x_wconf 86' lang='lat' dir='ltr'><strong>deratione</strong></span> <span class='ocrx_word' id='word_1_435' title='bbox 3137 1656 3421 1731; x_wconf 84' lang='lat' dir='ltr'><strong>graduum,</strong></span> <span class='ocrx_word' id='word_1_436' title='bbox 3468 1654 3537 1709; x_wconf 85' lang='lat' dir='ltr'><strong>de</strong></span> 
     </span>
    </p>
   </div>
   <div class='ocr_carea' id='block_1_59' title="bbox 1956 1746 3534 1832">
    <p class='ocr_par' dir='ltr' id='par_1_59' title="bbox 1956 1746 3534 1832">
     <span class='ocr_line' id='line_1_59' title="bbox 1956 1746 3534 1832; baseline -0.01 -16"><span class='ocrx_word' id='word_1_437' title='bbox 1956 1762 2153 1832; x_wconf 87' lang='lat' dir='ltr'><strong>quibus</strong></span> <span class='ocrx_word' id='word_1_438' title='bbox 2178 1758 2564 1829; x_wconf 69' lang='lat' dir='ltr'><strong>interrogastio,</strong></span> <span class='ocrx_word' id='word_1_439' title='bbox 2600 1756 2867 1811; x_wconf 86' lang='lat' dir='ltr'><strong>rationem</strong></span> <span class='ocrx_word' id='word_1_440' title='bbox 2898 1754 2989 1809; x_wconf 89' lang='lat' dir='ltr'><strong>tibi</strong></span> <span class='ocrx_word' id='word_1_441' title='bbox 3012 1753 3065 1809; x_wconf 89' lang='lat' dir='ltr'><strong>in</strong></span> <span class='ocrx_word' id='word_1_442' title='bbox 3103 1750 3288 1822; x_wconf 87' lang='lat' dir='ltr'><strong>paucis</strong></span> <span class='ocrx_word' id='word_1_443' title='bbox 3318 1746 3534 1805; x_wconf 70' lang='lat' dir='ltr'><strong>deduxi.</strong></span> 
     </span>
    </p>
   </div>
   <div class='ocr_carea' id='block_1_60' title="bbox 1956 1843 3537 1923">
    <p class='ocr_par' dir='ltr' id='par_1_60' title="bbox 1956 1843 3537 1923">
     <span class='ocr_line' id='line_1_60' title="bbox 1956 1843 3537 1923; baseline -0.006 -15"><span class='ocrx_word' id='word_1_444' title='bbox 1956 1854 2110 1908; x_wconf 84' lang='lat' dir='ltr'><strong>Nunc</strong></span> <span class='ocrx_word' id='word_1_445' title='bbox 2132 1862 2255 1923; x_wconf 86' lang='lat' dir='ltr'><strong>peto</strong></span> <span class='ocrx_word' id='word_1_446' title='bbox 2286 1860 2346 1906; x_wconf 91' lang='lat' dir='ltr'><strong>ut</strong></span> <span class='ocrx_word' id='word_1_447' title='bbox 2377 1852 2639 1905; x_wconf 87' lang='lat' dir='ltr'><strong>rationem</strong></span> <span class='ocrx_word' id='word_1_448' title='bbox 2674 1847 2870 1912; x_wconf 68' lang='lat' dir='ltr'><strong>missm,</strong></span> <span class='ocrx_word' id='word_1_449' title='bbox 2898 1861 3021 1919; x_wconf 72' lang='lat' dir='ltr'><strong>quae</strong></span> <span class='ocrx_word' id='word_1_450' title='bbox 3046 1846 3113 1899; x_wconf 89' lang='lat' dir='ltr'><strong>ab</strong></span> <span class='ocrx_word' id='word_1_451' title='bbox 3146 1845 3251 1901; x_wconf 89' lang='lat' dir='ltr'><strong>illis</strong></span> <span class='ocrx_word' id='word_1_452' title='bbox 3295 1843 3537 1901; x_wconf 83' lang='lat' dir='ltr'><strong>celebra-</strong></span> 
     </span>
    </p>
   </div>
   <div class='ocr_carea' id='block_1_61' title="bbox 1804 1920 3537 2015">
    <p class='ocr_par' dir='ltr' id='par_1_61' title="bbox 1804 1920 3537 2015">
     <span class='ocr_line' id='line_1_61' title="bbox 1804 1920 3537 2015; baseline -0.008 -13"><span class='ocrx_word' id='word_1_453' title='bbox 1804 1938 1853 1992; x_wconf 71' lang='lat' dir='ltr'><strong>iC</strong></span> <span class='ocrx_word' id='word_1_454' title='bbox 1884 1920 1931 1982; x_wconf 74' lang='grc' dir='ltr'><strong>Β</strong></span> <span class='ocrx_word' id='word_1_455' title='bbox 1958 1955 2066 2009; x_wconf 83' lang='lat' dir='ltr'><strong>tur,</strong></span> <span class='ocrx_word' id='word_1_456' title='bbox 2095 1920 2265 2015; x_wconf 80' lang='lat' dir='ltr'><strong>quare</strong></span> <span class='ocrx_word' id='word_1_457' title='bbox 2299 1953 2542 2007; x_wconf 77' lang='lat' dir='ltr'><strong>vocetur,</strong></span> <span class='ocrx_word' id='word_1_458' title='bbox 2576 1940 2706 1997; x_wconf 86' lang='lat' dir='ltr'><strong>mihi</strong></span> <span class='ocrx_word' id='word_1_459' title='bbox 2728 1952 2988 2009; x_wconf 70' lang='lat' dir='ltr'><strong>exponas.</strong></span> <span class='ocrx_word' id='word_1_460' title='bbox 3021 1935 3178 2006; x_wconf 73' lang='lat' dir='ltr'><strong>Resp.</strong></span> <span class='ocrx_word' id='word_1_461' title='bbox 3212 1936 3394 1998; x_wconf 65' lang='lat' dir='ltr'><strong>Certe,</strong></span> <span class='ocrx_word' id='word_1_462' title='bbox 3426 1934 3537 1988; x_wconf 82' lang='lat' dir='ltr'><strong>fra-</strong></span> 
     </span>
    </p>
   </div>
   <div class='ocr_carea' id='block_1_62' title="bbox 1958 2028 3541 2106">
    <p class='ocr_par' dir='ltr' id='par_1_62' title="bbox 1958 2028 3541 2106">
     <span class='ocr_line' id='line_1_62' title="bbox 1958 2028 3541 2106; baseline -0.011 -9"><span class='ocrx_word' id='word_1_463' title='bbox 1958 2049 2064 2106; x_wconf 88' lang='lat' dir='ltr'><strong>ter,</strong></span> <span class='ocrx_word' id='word_1_464' title='bbox 2104 2032 2375 2095; x_wconf 81' lang='lat' dir='ltr'><strong>diﬁicilem</strong></span> <span class='ocrx_word' id='word_1_465' title='bbox 2402 2053 2519 2095; x_wconf 84' lang='lat' dir='ltr'><strong>rem</strong></span> <span class='ocrx_word' id='word_1_466' title='bbox 2561 2052 2591 2093; x_wconf 87' lang='lat' dir='ltr'><strong>a</strong></span> <span class='ocrx_word' id='word_1_467' title='bbox 2620 2050 2707 2091; x_wconf 85' lang='lat' dir='ltr'><strong>me</strong></span> <span class='ocrx_word' id='word_1_468' title='bbox 2739 2032 2971 2103; x_wconf 86' lang='lat' dir='ltr'><strong>requiris</strong></span> <span class='ocrx_word' id='word_1_469' title='bbox 3001 2049 3015 2087; x_wconf 90' lang='lat'><strong>:</strong></span> <span class='ocrx_word' id='word_1_470' title='bbox 3050 2028 3146 2085; x_wconf 79' lang='lat' dir='ltr'><strong>sed</strong></span> <span class='ocrx_word' id='word_1_471' title='bbox 3176 2036 3354 2081; x_wconf 87' lang='lat' dir='ltr'><strong>tamen</strong></span> <span class='ocrx_word' id='word_1_472' title='bbox 3381 2033 3541 2097; x_wconf 84' lang='lat' dir='ltr'><strong>prout</strong></span> 
     </span>
    </p>
   </div>
   <div class='ocr_carea' id='block_1_63' title="bbox 1956 2117 3538 2199">
    <p class='ocr_par' dir='ltr' id='par_1_63' title="bbox 1956 2117 3538 2199">
     <span class='ocr_line' id='line_1_63' title="bbox 1956 2117 3538 2199; baseline -0.009 -12"><span class='ocrx_word' id='word_1_473' title='bbox 1956 2146 2102 2187; x_wconf 88' lang='lat' dir='ltr'><strong>nunc</strong></span> <span class='ocrx_word' id='word_1_474' title='bbox 2128 2131 2265 2186; x_wconf 85' lang='lat' dir='ltr'><strong>ratio</strong></span> <span class='ocrx_word' id='word_1_475' title='bbox 2306 2129 2495 2199; x_wconf 81' lang='lat' dir='ltr'><strong>exigit,</strong></span> <span class='ocrx_word' id='word_1_476' title='bbox 2526 2126 2824 2183; x_wconf 74' lang='lat' dir='ltr'><strong>secundum</strong></span> <span class='ocrx_word' id='word_1_477' title='bbox 2847 2121 2994 2194; x_wconf 89' lang='lat' dir='ltr'><strong>quod</strong></span> <span class='ocrx_word' id='word_1_478' title='bbox 3014 2120 3150 2185; x_wconf 86' lang='lat' dir='ltr'><strong>scio,</strong></span> <span class='ocrx_word' id='word_1_479' title='bbox 3179 2117 3275 2175; x_wconf 83' lang='lat' dir='ltr'><strong>tibi</strong></span> <span class='ocrx_word' id='word_1_480' title='bbox 3316 2130 3538 2189; x_wconf 86' lang='lat' dir='ltr'><strong>respon-</strong></span> 
     </span>
    </p>
   </div>
   <div class='ocr_carea' id='block_1_64' title="bbox 1958 2222 2478 2291">
    <p class='ocr_par' dir='ltr' id='par_1_64' title="bbox 1958 2222 2478 2291">
     <span class='ocr_line' id='line_1_64' title="bbox 1958 2222 2478 2291; baseline -0.013 -10"><span class='ocrx_word' id='word_1_481' title='bbox 1958 2224 2086 2281; x_wconf 86' lang='lat' dir='ltr'><strong>dere</strong></span> <span class='ocrx_word' id='word_1_482' title='bbox 2116 2239 2222 2279; x_wconf 89' lang='lat' dir='ltr'><strong>non</strong></span> <span class='ocrx_word' id='word_1_483' title='bbox 2254 2222 2478 2291; x_wconf 84' lang='lat' dir='ltr'><strong>negabo.</strong></span> 
     </span>
    </p>
   </div>
   <div class='ocr_carea' id='block_1_65' title="bbox 2029 2298 3542 2373">
    <p class='ocr_par' dir='ltr' id='par_1_65' title="bbox 2029 2298 3542 2373">
     <span class='ocr_line' id='line_1_65' title="bbox 2029 2298 3542 2373; baseline -0.007 -6"><span class='ocrx_word' id='word_1_484' title='bbox 2029 2312 2196 2367; x_wconf 86' lang='lat' dir='ltr'><strong>Inter.</strong></span> <span class='ocrx_word' id='word_1_485' title='bbox 2228 2311 2379 2366; x_wconf 87' lang='lat' dir='ltr'><strong>Unde</strong></span> <span class='ocrx_word' id='word_1_486' title='bbox 2416 2310 2554 2364; x_wconf 89' lang='lat' dir='ltr'><strong>dicta</strong></span> <span class='ocrx_word' id='word_1_487' title='bbox 2586 2315 2671 2363; x_wconf 88' lang='lat' dir='ltr'><strong>est</strong></span> <span class='ocrx_word' id='word_1_488' title='bbox 2697 2306 2900 2361; x_wconf 90' lang='lat' dir='ltr'><strong>missa?</strong></span> <span class='ocrx_word' id='word_1_489' title='bbox 2936 2302 3090 2373; x_wconf 85' lang='lat' dir='ltr'><strong>Resp.</strong></span> <span class='ocrx_word' id='word_1_490' title='bbox 3122 2301 3205 2355; x_wconf 82' lang='lat' dir='ltr'><strong>Ab</strong></span> <span class='ocrx_word' id='word_1_491' title='bbox 3227 2298 3542 2356; x_wconf 74' lang='lat' dir='ltr'><strong>omittendo.</strong></span> 
     </span>
    </p>
   </div>
   <div class='ocr_carea' id='block_1_66' title="bbox 1957 2394 3544 2470">
    <p class='ocr_par' dir='ltr' id='par_1_66' title="bbox 1957 2394 3544 2470">
     <span class='ocr_line' id='line_1_66' title="bbox 1957 2394 3544 2470; baseline -0.009 -11"><span class='ocrx_word' id='word_1_492' title='bbox 1957 2403 2126 2460; x_wconf 86' lang='lat' dir='ltr'><strong>Inter.</strong></span> <span class='ocrx_word' id='word_1_493' title='bbox 2168 2401 2285 2470; x_wconf 88' lang='lat' dir='ltr'><strong>Qua</strong></span> <span class='ocrx_word' id='word_1_494' title='bbox 2318 2400 2560 2455; x_wconf 83' lang='lat' dir='ltr'><strong>ratione?</strong></span> <span class='ocrx_word' id='word_1_495' title='bbox 2604 2397 2758 2468; x_wconf 79' lang='lat' dir='ltr'><strong>Resp.</strong></span> <span class='ocrx_word' id='word_1_496' title='bbox 2807 2397 2969 2451; x_wconf 70' lang='lat' dir='ltr'><strong>Missa</strong></span> <span class='ocrx_word' id='word_1_497' title='bbox 2995 2394 3143 2450; x_wconf 89' lang='lat' dir='ltr'><strong>enim</strong></span> <span class='ocrx_word' id='word_1_498' title='bbox 3188 2400 3427 2462; x_wconf 86' lang='lat' dir='ltr'><strong>tempore</strong></span> <span class='ocrx_word' id='word_1_499' title='bbox 3455 2405 3544 2446; x_wconf 85' lang='lat' dir='ltr'><strong>sa-</strong></span> 
     </span>
    </p>
   </div>
   <div class='ocr_carea' id='block_1_67' title="bbox 1959 2485 3549 2564">
    <p class='ocr_par' dir='ltr' id='par_1_67' title="bbox 1959 2485 3549 2564">
     <span class='ocr_line' id='line_1_67' title="bbox 1959 2485 3549 2564; baseline -0.009 -12"><span class='ocrx_word' id='word_1_500' title='bbox 1959 2495 2150 2552; x_wconf 86' lang='lat' dir='ltr'><strong>criﬁcii</strong></span> <span class='ocrx_word' id='word_1_501' title='bbox 2175 2497 2294 2564; x_wconf 61' lang='lat' dir='ltr'><strong>test,</strong></span> <span class='ocrx_word' id='word_1_502' title='bbox 2325 2493 2541 2563; x_wconf 87' lang='lat' dir='ltr'><strong>quando</strong></span> <span class='ocrx_word' id='word_1_503' title='bbox 2585 2487 2964 2547; x_wconf 69' lang='lat' dir='ltr'><strong>emet-humani</strong></span> <span class='ocrx_word' id='word_1_504' title='bbox 3008 2485 3156 2543; x_wconf 83' lang='lat' dir='ltr'><strong>foras</strong></span> <span class='ocrx_word' id='word_1_505' title='bbox 3196 2485 3549 2541; x_wconf 83' lang='lat' dir='ltr'><strong>mittebantur</strong></span> 
     </span>
    </p>
   </div>
   <div class='ocr_carea' id='block_1_68' title="bbox 1959 2574 3549 2654">
    <p class='ocr_par' dir='ltr' id='par_1_68' title="bbox 1959 2574 3549 2654">
     <span class='ocr_line' id='line_1_68' title="bbox 1959 2574 3549 2654; baseline -0.009 -10"><span class='ocrx_word' id='word_1_506' title='bbox 1959 2588 2227 2644; x_wconf 79' lang='lat' dir='ltr'><strong>clamante</strong></span> <span class='ocrx_word' id='word_1_507' title='bbox 2254 2585 2416 2640; x_wconf 83' lang='lat' dir='ltr'><strong>levita</strong></span> <span class='ocrx_word' id='word_1_508' title='bbox 2435 2603 2447 2637; x_wconf 92' lang='lat'><strong>:</strong></span> <span class='ocrx_word' id='word_1_509' title='bbox 2466 2583 2527 2639; x_wconf 86' lang='lat' dir='ltr'><strong>Si</strong></span> <span class='ocrx_word' id='word_1_510' title='bbox 2547 2582 2665 2654; x_wconf 80' lang='lat' dir='ltr'><strong>quis</strong></span> <span class='ocrx_word' id='word_1_511' title='bbox 2683 2581 3088 2636; x_wconf 73' lang='lat' dir='ltr'><strong>catechumenus</strong></span> <span class='ocrx_word' id='word_1_512' title='bbox 3110 2576 3375 2638; x_wconf 79' lang='lat' dir='ltr'><strong>remansit,</strong></span> <span class='ocrx_word' id='word_1_513' title='bbox 3404 2574 3549 2645; x_wconf 77' lang='lat' dir='ltr'><strong>foras</strong></span> 
     </span>
    </p>
   </div>
   <div class='ocr_carea' id='block_1_69' title="bbox 1959 2662 3551 2746">
    <p class='ocr_par' dir='ltr' id='par_1_69' title="bbox 1959 2662 3551 2746">
     <span class='ocr_line' id='line_1_69' title="bbox 1959 2662 3551 2746; baseline -0.008 -14"><span class='ocrx_word' id='word_1_514' title='bbox 1959 2679 2223 2739; x_wconf 83' lang='lat' dir='ltr'><strong>mittatur,</strong></span> <span class='ocrx_word' id='word_1_515' title='bbox 2254 2675 2382 2746; x_wconf 84' lang='lat' dir='ltr'><strong>quia</strong></span> <span class='ocrx_word' id='word_1_516' title='bbox 2412 2681 2755 2729; x_wconf 79' lang='lat' dir='ltr'><strong>sacramento</strong></span> <span class='ocrx_word' id='word_1_517' title='bbox 2792 2665 2995 2744; x_wconf 39' lang='grc' dir='ltr'><strong>[ϐοάν</strong></span> <span class='ocrx_word' id='word_1_518' title='bbox 3017 2662 3382 2738; x_wconf 85' lang='lat' dir='ltr'><strong>sacramenta]</strong></span> <span class='ocrx_word' id='word_1_519' title='bbox 3414 2663 3551 2719; x_wconf 87' lang='lat' dir='ltr'><strong>alta-</strong></span> 
     </span>
    </p>
   </div>
   <div class='ocr_carea' id='block_1_70' title="bbox 1960 2754 3552 2835">
    <p class='ocr_par' dir='ltr' id='par_1_70' title="bbox 1960 2754 3552 2835">
     <span class='ocr_line' id='line_1_70' title="bbox 1960 2754 3552 2835; baseline -0.009 -10"><span class='ocrx_word' id='word_1_520' title='bbox 1960 2769 2040 2825; x_wconf 88' lang='lat' dir='ltr'><strong>ris</strong></span> <span class='ocrx_word' id='word_1_521' title='bbox 2084 2770 2347 2825; x_wconf 85' lang='lat' dir='ltr'><strong>interesse</strong></span> <span class='ocrx_word' id='word_1_522' title='bbox 2375 2781 2483 2821; x_wconf 82' lang='lat' dir='ltr'><strong>non</strong></span> <span class='ocrx_word' id='word_1_523' title='bbox 2524 2770 2773 2835; x_wconf 88' lang='lat' dir='ltr'><strong>possunt,</strong></span> <span class='ocrx_word' id='word_1_524' title='bbox 2821 2759 2915 2830; x_wconf 90' lang='lat' dir='ltr'><strong>qui</strong></span> <span class='ocrx_word' id='word_1_525' title='bbox 2962 2756 3206 2814; x_wconf 82' lang='lat' dir='ltr'><strong>nondum</strong></span> <span class='ocrx_word' id='word_1_526' title='bbox 3245 2754 3552 2828; x_wconf 87' lang='lat' dir='ltr'><strong>regenerati</strong></span> 
     </span>
    </p>
   </div>
   <div class='ocr_carea' id='block_1_71' title="bbox 1960 2869 2282 2919">
    <p class='ocr_par' dir='ltr' id='par_1_71' title="bbox 1960 2869 2282 2919">
     <span class='ocr_line' id='line_1_71' title="bbox 1960 2869 2282 2919; baseline -0.022 1"><span class='ocrx_word' id='word_1_527' title='bbox 1960 2869 2282 2919; x_wconf 84' lang='lat' dir='ltr'><strong>noscuntur.</strong></span> 
     </span>
    </p>
   </div>
   <div class='ocr_carea' id='block_1_72' title="bbox 2035 2942 3557 3017">
    <p class='ocr_par' dir='ltr' id='par_1_72' title="bbox 2035 2942 3557 3017">
     <span class='ocr_line' id='line_1_72' title="bbox 2035 2942 3557 3017; baseline -0.007 -8"><span class='ocrx_word' id='word_1_528' title='bbox 2035 2954 2204 3010; x_wconf 83' lang='lat' dir='ltr'><strong>Inter.</strong></span> <span class='ocrx_word' id='word_1_529' title='bbox 2236 2951 2351 3009; x_wconf 82' lang='lat' dir='ltr'><strong>Hoc</strong></span> <span class='ocrx_word' id='word_1_530' title='bbox 2376 2947 2727 3011; x_wconf 83' lang='lat' dir='ltr'><strong>sacriﬁcium,</strong></span> <span class='ocrx_word' id='word_1_531' title='bbox 2755 2943 2902 3017; x_wconf 85' lang='lat' dir='ltr'><strong>quod</strong></span> <span class='ocrx_word' id='word_1_532' title='bbox 2928 2943 3137 3011; x_wconf 77' lang='lat' dir='ltr'><strong>dixisti,</strong></span> <span class='ocrx_word' id='word_1_533' title='bbox 3179 2957 3351 3015; x_wconf 82' lang='lat' dir='ltr'><strong>quare</strong></span> <span class='ocrx_word' id='word_1_534' title='bbox 3371 2942 3449 2998; x_wconf 86' lang='lat' dir='ltr'><strong>ita</strong></span> <span class='ocrx_word' id='word_1_535' title='bbox 3470 2951 3557 2999; x_wconf 84' lang='lat' dir='ltr'><strong>est</strong></span> 
     </span>
    </p>
   </div>
   <div class='ocr_carea' id='block_1_73' title="bbox 1964 3034 3555 3117">
    <p class='ocr_par' dir='ltr' id='par_1_73' title="bbox 1964 3034 3555 3117">
     <span class='ocr_line' id='line_1_73' title="bbox 1964 3034 3555 3117; baseline -0.008 -14"><span class='ocrx_word' id='word_1_536' title='bbox 1964 3044 2325 3117; x_wconf 82' lang='lat' dir='ltr'><strong>appellatum?</strong></span> <span class='ocrx_word' id='word_1_537' title='bbox 2370 3042 2527 3112; x_wconf 79' lang='lat' dir='ltr'><strong>Resp.</strong></span> <span class='ocrx_word' id='word_1_538' title='bbox 2562 3038 2903 3096; x_wconf 89' lang='lat' dir='ltr'><strong>Sacriﬁcium</strong></span> <span class='ocrx_word' id='word_1_539' title='bbox 2930 3043 3017 3092; x_wconf 87' lang='lat' dir='ltr'><strong>est</strong></span> <span class='ocrx_word' id='word_1_540' title='bbox 3040 3035 3266 3102; x_wconf 85' lang='lat' dir='ltr'><strong>dictum,</strong></span> <span class='ocrx_word' id='word_1_541' title='bbox 3305 3050 3371 3091; x_wconf 92' lang='lat' dir='ltr'><strong>eo</strong></span> <span class='ocrx_word' id='word_1_542' title='bbox 3410 3034 3555 3105; x_wconf 89' lang='lat' dir='ltr'><strong>quod</strong></span> 
     </span>
    </p>
   </div>
   <div class='ocr_carea' id='block_1_74' title="bbox 1963 3129 3558 3202">
    <p class='ocr_par' dir='ltr' id='par_1_74' title="bbox 1963 3129 3558 3202">
     <span class='ocr_line' id='line_1_74' title="bbox 1963 3129 3558 3202; baseline -0.008 -7"><span class='ocrx_word' id='word_1_543' title='bbox 1963 3139 2038 3195; x_wconf 87' lang='lat' dir='ltr'><strong>sit</strong></span> <span class='ocrx_word' id='word_1_544' title='bbox 2058 3150 2275 3195; x_wconf 86' lang='lat' dir='ltr'><strong>sacrum</strong></span> <span class='ocrx_word' id='word_1_545' title='bbox 2305 3134 2542 3199; x_wconf 89' lang='lat' dir='ltr'><strong>factum,</strong></span> <span class='ocrx_word' id='word_1_546' title='bbox 2584 3131 2710 3202; x_wconf 87' lang='lat' dir='ltr'><strong>quia</strong></span> <span class='ocrx_word' id='word_1_547' title='bbox 2754 3145 2916 3201; x_wconf 81' lang='lat' dir='ltr'><strong>prece</strong></span> <span class='ocrx_word' id='word_1_548' title='bbox 2943 3129 3172 3198; x_wconf 77' lang='lat' dir='ltr'><strong>mystica</strong></span> <span class='ocrx_word' id='word_1_549' title='bbox 3206 3137 3558 3186; x_wconf 85' lang='lat' dir='ltr'><strong>consecratur</strong></span> 
     </span>
    </p>
   </div>
   <div class='ocr_carea' id='block_1_75' title="bbox 1966 3221 3559 3305">
    <p class='ocr_par' dir='ltr' id='par_1_75' title="bbox 1966 3221 3559 3305">
     <span class='ocr_line' id='line_1_75' title="bbox 1966 3221 3559 3305; baseline -0.006 -16"><span class='ocrx_word' id='word_1_550' title='bbox 1966 3248 2067 3305; x_wconf 93' lang='lat' dir='ltr'><strong>pro</strong></span> <span class='ocrx_word' id='word_1_551' title='bbox 2096 3231 2252 3287; x_wconf 88' lang='lat' dir='ltr'><strong>nobis</strong></span> <span class='ocrx_word' id='word_1_552' title='bbox 2290 3229 2344 3284; x_wconf 90' lang='lat' dir='ltr'><strong>in</strong></span> <span class='ocrx_word' id='word_1_553' title='bbox 2388 3225 2706 3284; x_wconf 85' lang='lat' dir='ltr'><strong>memoriam</strong></span> <span class='ocrx_word' id='word_1_554' title='bbox 2748 3224 3043 3281; x_wconf 62' lang='lat' dir='ltr'><strong>Dominic&#39;e</strong></span> <span class='ocrx_word' id='word_1_555' title='bbox 3071 3223 3355 3294; x_wconf 83' lang='lat' dir='ltr'><strong>passionis.</strong></span> <span class='ocrx_word' id='word_1_556' title='bbox 3402 3221 3559 3280; x_wconf 79' lang='lat' dir='ltr'><strong>Unde</strong></span> 
     </span>
    </p>
   </div>
   <div class='ocr_carea' id='block_1_76' title="bbox 1971 3315 3560 3390">
    <p class='ocr_par' dir='ltr' id='par_1_76' title="bbox 1971 3315 3560 3390">
     <span class='ocr_line' id='line_1_76' title="bbox 1971 3315 3560 3390; baseline -0.006 -11"><span class='ocrx_word' id='word_1_557' title='bbox 1971 3331 2030 3379; x_wconf 86' lang='lat' dir='ltr'><strong>et</strong></span> <span class='ocrx_word' id='word_1_558' title='bbox 2065 3330 2132 3377; x_wconf 86' lang='lat' dir='ltr'><strong>ao</strong></span> <span class='ocrx_word' id='word_1_559' title='bbox 2161 3320 2385 3390; x_wconf 76' lang='lat' dir='ltr'><strong>iubente</strong></span> <span class='ocrx_word' id='word_1_560' title='bbox 2413 3320 2519 3377; x_wconf 87' lang='lat' dir='ltr'><strong>hoc</strong></span> <span class='ocrx_word' id='word_1_561' title='bbox 2543 3331 2739 3387; x_wconf 88' lang='lat' dir='ltr'><strong>corpus</strong></span> <span class='ocrx_word' id='word_1_562' title='bbox 2763 3324 2821 3371; x_wconf 91' lang='lat' dir='ltr'><strong>et</strong></span> <span class='ocrx_word' id='word_1_563' title='bbox 2848 3318 3162 3388; x_wconf 84' lang='lat' dir='ltr'><strong>sanguinem</strong></span> <span class='ocrx_word' id='word_1_564' title='bbox 3192 3315 3396 3371; x_wconf 85' lang='lat' dir='ltr'><strong>Christi</strong></span> <span class='ocrx_word' id='word_1_565' title='bbox 3425 3315 3560 3371; x_wconf 83' lang='lat' dir='ltr'><strong>dici—</strong></span> 
     </span>
    </p>
   </div>
   <div class='ocr_carea' id='block_1_77' title="bbox 1969 3407 3559 3483">
    <p class='ocr_par' dir='ltr' id='par_1_77' title="bbox 1969 3407 3559 3483">
     <span class='ocr_line' id='line_1_77' title="bbox 1969 3407 3559 3483; baseline -0.004 -14"><span class='ocrx_word' id='word_1_566' title='bbox 1969 3430 2110 3477; x_wconf 83' lang='lat' dir='ltr'><strong>mus,</strong></span> <span class='ocrx_word' id='word_1_567' title='bbox 2148 3412 2292 3483; x_wconf 82' lang='lat' dir='ltr'><strong>quod</strong></span> <span class='ocrx_word' id='word_1_568' title='bbox 2319 3419 2381 3465; x_wconf 91' lang='lat' dir='ltr'><strong>ut</strong></span> <span class='ocrx_word' id='word_1_569' title='bbox 2409 3410 2480 3465; x_wconf 87' lang='lat' dir='ltr'><strong>sit</strong></span> <span class='ocrx_word' id='word_1_570' title='bbox 2512 3424 2579 3465; x_wconf 79' lang='lat' dir='ltr'><strong>ex</strong></span> <span class='ocrx_word' id='word_1_571' title='bbox 2627 3408 2894 3465; x_wconf 83' lang='lat' dir='ltr'><strong>fructibus</strong></span> <span class='ocrx_word' id='word_1_572' title='bbox 2938 3416 3097 3464; x_wconf 65' lang='lat' dir='ltr'><strong>terra:</strong></span> <span class='ocrx_word' id='word_1_573' title='bbox 3133 3407 3559 3473; x_wconf 83' lang='lat' dir='ltr'><strong>sanctiﬁcatum,</strong></span> 
     </span>
    </p>
   </div>
   <div class='ocr_carea' id='block_1_78' title="bbox 1969 3499 3556 3571">
    <p class='ocr_par' dir='ltr' id='par_1_78' title="bbox 1969 3499 3556 3571">
     <span class='ocr_line' id='line_1_78' title="bbox 1969 3499 3556 3571; baseline -0.003 -12"><span class='ocrx_word' id='word_1_574' title='bbox 1969 3515 2029 3559; x_wconf 83' lang='lat' dir='ltr'><strong>et</strong></span> <span class='ocrx_word' id='word_1_575' title='bbox 2051 3506 2110 3560; x_wconf 79' lang='lat' dir='ltr'><strong>ﬁt</strong></span> <span class='ocrx_word' id='word_1_576' title='bbox 2137 3511 2534 3559; x_wconf 88' lang='lat' dir='ltr'><strong>sacramentum</strong></span> <span class='ocrx_word' id='word_1_577' title='bbox 2556 3508 2814 3571; x_wconf 85' lang='lat' dir='ltr'><strong>operante</strong></span> <span class='ocrx_word' id='word_1_578' title='bbox 2848 3499 3190 3557; x_wconf 87' lang='lat' dir='ltr'><strong>invisibiliter</strong></span> <span class='ocrx_word' id='word_1_579' title='bbox 3212 3500 3414 3570; x_wconf 88' lang='lat' dir='ltr'><strong>Spiritu</strong></span> <span class='ocrx_word' id='word_1_580' title='bbox 3439 3499 3556 3555; x_wconf 85' lang='lat' dir='ltr'><strong>Dei.</strong></span> 
     </span>
    </p>
   </div>
   <div class='ocr_carea' id='block_1_79' title="bbox 1971 3590 3561 3663">
    <p class='ocr_par' dir='ltr' id='par_1_79' title="bbox 1971 3590 3561 3663">
     <span class='ocr_line' id='line_1_79' title="bbox 1971 3590 3561 3663; baseline -0.002 -13"><span class='ocrx_word' id='word_1_581' title='bbox 1971 3594 2136 3662; x_wconf 73' lang='lat' dir='ltr'><strong>Cujus</strong></span> <span class='ocrx_word' id='word_1_582' title='bbox 2176 3595 2331 3663; x_wconf 89' lang='lat' dir='ltr'><strong>panis</strong></span> <span class='ocrx_word' id='word_1_583' title='bbox 2351 3600 2407 3648; x_wconf 89' lang='lat' dir='ltr'><strong>et</strong></span> <span class='ocrx_word' id='word_1_584' title='bbox 2429 3592 2614 3648; x_wconf 88' lang='lat' dir='ltr'><strong>calicis</strong></span> <span class='ocrx_word' id='word_1_585' title='bbox 2642 3599 3044 3647; x_wconf 86' lang='lat' dir='ltr'><strong>sacramentum</strong></span> <span class='ocrx_word' id='word_1_586' title='bbox 3091 3590 3267 3646; x_wconf 58' lang='lat' dir='ltr'><strong>Glauci</strong></span> <span class='ocrx_word' id='word_1_587' title='bbox 3299 3592 3561 3648; x_wconf 83' lang='lat' dir='ltr'><strong>Euchari-</strong></span> 
     </span>
    </p>
   </div>
   <div class='ocr_carea' id='block_1_80' title="bbox 1972 3682 3563 3754">
    <p class='ocr_par' dir='ltr' id='par_1_80' title="bbox 1972 3682 3563 3754">
     <span class='ocr_line' id='line_1_80' title="bbox 1972 3682 3563 3754; baseline -0.001 -14"><span class='ocrx_word' id='word_1_588' title='bbox 1972 3687 2134 3740; x_wconf 88' lang='lat' dir='ltr'><strong>stiam</strong></span> <span class='ocrx_word' id='word_1_589' title='bbox 2183 3684 2387 3749; x_wconf 89' lang='lat' dir='ltr'><strong>dicunt,</strong></span> <span class='ocrx_word' id='word_1_590' title='bbox 2440 3682 2584 3753; x_wconf 88' lang='lat' dir='ltr'><strong>quod</strong></span> <span class='ocrx_word' id='word_1_591' title='bbox 2633 3682 2827 3739; x_wconf 76' lang='lat' dir='ltr'><strong>Latine</strong></span> <span class='ocrx_word' id='word_1_592' title='bbox 2873 3682 3015 3739; x_wconf 85' lang='lat' dir='ltr'><strong>bona</strong></span> <span class='ocrx_word' id='word_1_593' title='bbox 3070 3683 3246 3752; x_wconf 86' lang='lat' dir='ltr'><strong>gratia</strong></span> <span class='ocrx_word' id='word_1_594' title='bbox 3293 3683 3563 3754; x_wconf 81' lang='lat' dir='ltr'><strong>interpre-</strong></span> 
     </span>
    </p>
   </div>
   <div class='ocr_carea' id='block_1_81' title="bbox 1975 3783 2139 3831">
    <p class='ocr_par' dir='ltr' id='par_1_81' title="bbox 1975 3783 2139 3831">
     <span class='ocr_line' id='line_1_81' title="bbox 1975 3783 2139 3831; baseline -0.006 0"><span class='ocrx_word' id='word_1_595' title='bbox 1975 3783 2139 3831; x_wconf 80' lang='lat' dir='ltr'><strong>tawr.</strong></span> 
     </span>
    </p>
   </div>
   <div class='ocr_carea' id='block_1_82' title="bbox 2045 3865 3564 3940">
    <p class='ocr_par' dir='ltr' id='par_1_82' title="bbox 2045 3865 3564 3940">
     <span class='ocr_line' id='line_1_82' title="bbox 2045 3865 3564 3940; baseline 0.003 -18"><span class='ocrx_word' id='word_1_596' title='bbox 2045 3868 2213 3923; x_wconf 81' lang='lat' dir='ltr'><strong>Inter.</strong></span> <span class='ocrx_word' id='word_1_597' title='bbox 2250 3879 2277 3908; x_wconf 83' lang='grc' dir='ltr'><strong>ι</strong></span> <span class='ocrx_word' id='word_1_598' title='bbox 2306 3865 2655 3923; x_wconf 75' lang='lat' dir='ltr'><strong>Oﬁ‘ertorium</strong></span> <span class='ocrx_word' id='word_1_599' title='bbox 2683 3865 2828 3923; x_wconf 84' lang='lat' dir='ltr'><strong>unde</strong></span> <span class='ocrx_word' id='word_1_600' title='bbox 2859 3867 3122 3923; x_wconf 81' lang='lat' dir='ltr'><strong>vocatur?</strong></span> <span class='ocrx_word' id='word_1_601' title='bbox 3144 3866 3298 3940; x_wconf 84' lang='lat' dir='ltr'><strong>Resp.</strong></span> <span class='ocrx_word' id='word_1_602' title='bbox 3333 3867 3564 3925; x_wconf 79' lang='lat' dir='ltr'><strong>Oﬂ&#39;erto-</strong></span> 
     </span>
    </p>
   </div>
   <div class='ocr_carea' id='block_1_83' title="bbox 1975 3958 3565 4029">
    <p class='ocr_par' dir='ltr' id='par_1_83' title="bbox 1975 3958 3565 4029">
     <span class='ocr_line' id='line_1_83' title="bbox 1975 3958 3565 4029; baseline 0.003 -14"><span class='ocrx_word' id='word_1_603' title='bbox 1975 3960 2118 4015; x_wconf 91' lang='lat' dir='ltr'><strong>rium</strong></span> <span class='ocrx_word' id='word_1_604' title='bbox 2166 3959 2365 4016; x_wconf 87' lang='lat' dir='ltr'><strong>dicitur</strong></span> <span class='ocrx_word' id='word_1_605' title='bbox 2409 3959 2629 4024; x_wconf 87' lang='lat' dir='ltr'><strong>oblatio,</strong></span> <span class='ocrx_word' id='word_1_606' title='bbox 2671 3973 2738 4014; x_wconf 91' lang='lat' dir='ltr'><strong>eo</strong></span> <span class='ocrx_word' id='word_1_607' title='bbox 2780 3959 2929 4029; x_wconf 89' lang='lat' dir='ltr'><strong>quod</strong></span> <span class='ocrx_word' id='word_1_608' title='bbox 2974 3958 3238 4017; x_wconf 86' lang='lat' dir='ltr'><strong>altaribus</strong></span> <span class='ocrx_word' id='word_1_609' title='bbox 3287 3959 3460 4017; x_wconf 87' lang='lat' dir='ltr'><strong>fertur</strong></span> <span class='ocrx_word' id='word_1_610' title='bbox 3506 3970 3565 4019; x_wconf 76' lang='lat' dir='ltr'><strong>et</strong></span> 
     </span>
    </p>
   </div>
   <div class='ocr_carea' id='block_1_84' title="bbox 1977 4052 2823 4109">
    <p class='ocr_par' dir='ltr' id='par_1_84' title="bbox 1977 4052 2823 4109">
     <span class='ocr_line' id='line_1_84' title="bbox 1977 4052 2823 4109; baseline -0.005 0"><span class='ocrx_word' id='word_1_611' title='bbox 1977 4052 2347 4109; x_wconf 83' lang='lat' dir='ltr'><strong>sanctiﬁcatur</strong></span> <span class='ocrx_word' id='word_1_612' title='bbox 2376 4068 2407 4106; x_wconf 91' lang='lat' dir='ltr'><strong>a</strong></span> <span class='ocrx_word' id='word_1_613' title='bbox 2432 4052 2823 4108; x_wconf 86' lang='lat' dir='ltr'><strong>sacerdotibus.</strong></span> 
     </span>
    </p>
   </div>
   <div class='ocr_carea' id='block_1_85' title="bbox 2048 4144 3560 4218">
    <p class='ocr_par' dir='ltr' id='par_1_85' title="bbox 2048 4144 3560 4218">
     <span class='ocr_line' id='line_1_85' title="bbox 2048 4144 3560 4218; baseline 0.001 -20"><span class='ocrx_word' id='word_1_614' title='bbox 2048 4146 2214 4199; x_wconf 85' lang='lat' dir='ltr'><strong>Inter.</strong></span> <span class='ocrx_word' id='word_1_615' title='bbox 2242 4144 2387 4198; x_wconf 73' lang='lat' dir='ltr'><strong>Inter</strong></span> <span class='ocrx_word' id='word_1_616' title='bbox 2416 4146 2555 4199; x_wconf 82' lang='lat' dir='ltr'><strong>dona</strong></span> <span class='ocrx_word' id='word_1_617' title='bbox 2586 4153 2640 4198; x_wconf 86' lang='lat' dir='ltr'><strong>et</strong></span> <span class='ocrx_word' id='word_1_618' title='bbox 2681 4158 2906 4199; x_wconf 85' lang='lat' dir='ltr'><strong>munera</strong></span> <span class='ocrx_word' id='word_1_619' title='bbox 2944 4144 3082 4218; x_wconf 8' lang='lat' dir='ltr'><strong>quid;</strong></span> <span class='ocrx_word' id='word_1_620' title='bbox 3104 4144 3371 4202; x_wconf 80' lang='lat' dir='ltr'><strong>interest?</strong></span> <span class='ocrx_word' id='word_1_621' title='bbox 3398 4144 3560 4218; x_wconf 70' lang='lat' dir='ltr'><strong>Resp.</strong></span> 
     </span>
    </p>
   </div>
   <div class='ocr_carea' id='block_1_86' title="bbox 1978 4216 3566 4310">
    <p class='ocr_par' dir='ltr' id='par_1_86' title="bbox 1978 4216 3566 4310">
     <span class='ocr_line' id='line_1_86' title="bbox 1978 4216 3566 4310; baseline 0.001 -17"><span class='ocrx_word' id='word_1_622' title='bbox 1978 4239 2125 4293; x_wconf 85' lang='lat' dir='ltr'><strong>Dona</strong></span> <span class='ocrx_word' id='word_1_623' title='bbox 2156 4238 2375 4308; x_wconf 87' lang='lat' dir='ltr'><strong>proprie</strong></span> <span class='ocrx_word' id='word_1_624' title='bbox 2415 4237 2511 4292; x_wconf 81' lang='lat' dir='ltr'><strong>Dei</strong></span> <span class='ocrx_word' id='word_1_625' title='bbox 2563 4235 2717 4308; x_wconf 72' lang='grc' dir='ltr'><strong>[ϐοά.</strong></span> <span class='ocrx_word' id='word_1_626' title='bbox 2762 4236 2980 4310; x_wconf 62' lang='lat' dir='ltr'><strong>divinat]</strong></span> <span class='ocrx_word' id='word_1_627' title='bbox 3025 4216 3307 4303; x_wconf 80' lang='lat' dir='ltr'><strong>dicuntur;</strong></span> <span class='ocrx_word' id='word_1_628' title='bbox 3340 4216 3566 4295; x_wconf 75' lang='lat' dir='ltr'><strong>munera</strong></span> 
     </span>
    </p>
   </div>
   <div class='ocr_carea' id='block_1_87' title="bbox 1977 4328 3565 4401">
    <p class='ocr_par' dir='ltr' id='par_1_87' title="bbox 1977 4328 3565 4401">
     <span class='ocr_line' id='line_1_87' title="bbox 1977 4328 3565 4401; baseline 0.002 -17"><span class='ocrx_word' id='word_1_629' title='bbox 1977 4329 2256 4387; x_wconf 85' lang='lat' dir='ltr'><strong>hominum</strong></span> <span class='ocrx_word' id='word_1_630' title='bbox 2304 4337 2449 4383; x_wconf 90' lang='lat' dir='ltr'><strong>sunt.</strong></span> <span class='ocrx_word' id='word_1_631' title='bbox 2494 4328 2660 4382; x_wconf 88' lang='lat' dir='ltr'><strong>Inter.</strong></span> <span class='ocrx_word' id='word_1_632' title='bbox 2703 4329 2819 4395; x_wconf 87' lang='lat' dir='ltr'><strong>Qua</strong></span> <span class='ocrx_word' id='word_1_633' title='bbox 2850 4329 3103 4384; x_wconf 87' lang='lat' dir='ltr'><strong>ratione?</strong></span> <span class='ocrx_word' id='word_1_634' title='bbox 3150 4328 3308 4401; x_wconf 81' lang='lat' dir='ltr'><strong>Resp.</strong></span> <span class='ocrx_word' id='word_1_635' title='bbox 3342 4329 3565 4387; x_wconf 77' lang='lat' dir='ltr'><strong>Munera</strong></span> 
     </span>
    </p>
   </div>
   <div class='ocr_carea' id='block_1_88' title="bbox 1979 4420 3563 4497">
    <p class='ocr_par' dir='ltr' id='par_1_88' title="bbox 1979 4420 3563 4497">
     <span class='ocr_line' id='line_1_88' title="bbox 1979 4420 3563 4497; baseline -0.001 -16"><span class='ocrx_word' id='word_1_636' title='bbox 1979 4425 2234 4487; x_wconf 77' lang='lat' dir='ltr'><strong>dicuntur</strong></span> <span class='ocrx_word' id='word_1_637' title='bbox 2259 4424 2539 4493; x_wconf 89' lang='lat' dir='ltr'><strong>obsequia,</strong></span> <span class='ocrx_word' id='word_1_638' title='bbox 2562 4438 2683 4492; x_wconf 72' lang='lat' dir='ltr'><strong>qua:</strong></span> <span class='ocrx_word' id='word_1_639' title='bbox 2711 4437 2978 4494; x_wconf 86' lang='lat' dir='ltr'><strong>pauperes</strong></span> <span class='ocrx_word' id='word_1_640' title='bbox 3005 4422 3124 4477; x_wconf 91' lang='lat' dir='ltr'><strong>loco</strong></span> <span class='ocrx_word' id='word_1_641' title='bbox 3154 4420 3333 4495; x_wconf 62' lang='grc' dir='ltr'><strong>[ϐοείη</strong></span> <span class='ocrx_word' id='word_1_642' title='bbox 3361 4423 3563 4497; x_wconf 73' lang='lat' dir='ltr'><strong>locum]</strong></span> 
     </span>
    </p>
   </div>
   <div class='ocr_carea' id='block_1_89' title="bbox 1979 4515 3565 4589">
    <p class='ocr_par' dir='ltr' id='par_1_89' title="bbox 1979 4515 3565 4589">
     <span class='ocr_line' id='line_1_89' title="bbox 1979 4515 3565 4589; baseline 0 -18"><span class='ocrx_word' id='word_1_643' title='bbox 1979 4532 2265 4573; x_wconf 87' lang='lat' dir='ltr'><strong>munerum</strong></span> <span class='ocrx_word' id='word_1_644' title='bbox 2310 4519 2563 4575; x_wconf 85' lang='lat' dir='ltr'><strong>divitibus</strong></span> <span class='ocrx_word' id='word_1_645' title='bbox 2612 4515 2828 4572; x_wconf 86' lang='lat' dir='ltr'><strong>solvunt</strong></span> <span class='ocrx_word' id='word_1_646' title='bbox 2866 4535 2879 4570; x_wconf 91' lang='lat'><strong>:</strong></span> <span class='ocrx_word' id='word_1_647' title='bbox 2911 4517 3113 4571; x_wconf 89' lang='lat' dir='ltr'><strong>donum</strong></span> <span class='ocrx_word' id='word_1_648' title='bbox 3161 4526 3384 4584; x_wconf 86' lang='lat' dir='ltr'><strong>autem,</strong></span> <span class='ocrx_word' id='word_1_649' title='bbox 3421 4518 3565 4589; x_wconf 90' lang='lat' dir='ltr'><strong>quod</strong></span> 
     </span>
    </p>
   </div>
   <div class='ocr_carea' id='block_1_90' title="bbox 1979 4594 3398 4681">
    <p class='ocr_par' dir='ltr' id='par_1_90' title="bbox 1979 4594 3398 4681">
     <span class='ocr_line' id='line_1_90' title="bbox 1979 4594 3398 4681; baseline 0.004 -17"><span class='ocrx_word' id='word_1_650' title='bbox 1979 4610 2093 4666; x_wconf 90' lang='lat' dir='ltr'><strong>Deo</strong></span> <span class='ocrx_word' id='word_1_651' title='bbox 2117 4612 2295 4665; x_wconf 80' lang='lat' dir='ltr'><strong>datur.</strong></span> <span class='ocrx_word' id='word_1_652' title='bbox 2327 4594 2559 4666; x_wconf 72' lang='lat' dir='ltr'><strong>Undect</strong></span> <span class='ocrx_word' id='word_1_653' title='bbox 2580 4612 2631 4665; x_wconf 92' lang='lat' dir='ltr'><strong>in</strong></span> <span class='ocrx_word' id='word_1_654' title='bbox 2657 4610 2870 4681; x_wconf 88' lang='lat' dir='ltr'><strong>templis</strong></span> <span class='ocrx_word' id='word_1_655' title='bbox 2894 4611 3118 4667; x_wconf 88' lang='lat' dir='ltr'><strong>donaria</strong></span> <span class='ocrx_word' id='word_1_656' title='bbox 3148 4613 3398 4669; x_wconf 88' lang='lat' dir='ltr'><strong>dicimus.</strong></span> 
     </span>
    </p>
   </div>
   <div class='ocr_carea' id='block_1_91' title="bbox 290 4662 3569 4777">
    <p class='ocr_par' dir='ltr' id='par_1_91' title="bbox 290 4662 3569 4777">
     <span class='ocr_line' id='line_1_91' title="bbox 290 4662 3569 4777; baseline -0 -29"><span class='ocrx_word' id='word_1_657' title='bbox 290 4692 486 4763; x_wconf 73' lang='lat' dir='ltr'><strong>borum</strong></span> <span class='ocrx_word' id='word_1_658' title='bbox 512 4691 675 4755; x_wconf 80' lang='lat' dir='ltr'><strong>ﬁlium</strong></span> <span class='ocrx_word' id='word_1_659' title='bbox 702 4705 826 4747; x_wconf 89' lang='lat' dir='ltr'><strong>eum</strong></span> <span class='ocrx_word' id='word_1_660' title='bbox 848 4662 1218 4761; x_wconf 74' lang='lat' dir='ltr'><strong>nuncupavit?</strong></span> <span class='ocrx_word' id='word_1_661' title='bbox 1244 4691 1397 4763; x_wconf 76' lang='lat' dir='ltr'><strong>Resp.</strong></span> <span class='ocrx_word' id='word_1_662' title='bbox 1426 4662 1549 4748; x_wconf 77' lang='lat' dir='ltr'><strong>Ideo</strong></span> <span class='ocrx_word' id='word_1_663' title='bbox 1572 4693 1717 4753; x_wconf 85' lang='lat' dir='ltr'><strong>illum</strong></span> <span class='ocrx_word' id='word_1_664' title='bbox 1746 4695 1875 4751; x_wconf 85' lang='lat' dir='ltr'><strong>isto-</strong></span> <span class='ocrx_word' id='word_1_665' title='bbox 1898 4662 1952 4723; x_wconf 71' lang='grc' dir='ltr'><strong>Β</strong></span> <span class='ocrx_word' id='word_1_666' title='bbox 1981 4662 2001 4664; x_wconf 49' lang='lat'><strong>—</strong></span> <span class='ocrx_word' id='word_1_667' title='bbox 2033 4662 2490 4759; x_wconf 25' lang='lat' dir='ltr'><strong>inieris—inin;</strong></span> <span class='ocrx_word' id='word_1_668' title='bbox 2511 4662 2529 4666; x_wconf 28' lang='grc' dir='ltr'><strong>ν</strong></span> 
     </span>
    </p>
   </div>
   <div class='ocr_carea' id='block_1_92' title="bbox 293 4784 1875 4854">
    <p class='ocr_par' dir='ltr' id='par_1_92' title="bbox 293 4784 1875 4854">
     <span class='ocr_line' id='line_1_92' title="bbox 293 4784 1875 4854; baseline 0.003 -13"><span class='ocrx_word' id='word_1_669' title='bbox 293 4800 419 4849; x_wconf 77' lang='lat' dir='ltr'><strong>rum</strong></span> <span class='ocrx_word' id='word_1_670' title='bbox 464 4784 633 4839; x_wconf 83' lang='lat' dir='ltr'><strong>ﬁlium</strong></span> <span class='ocrx_word' id='word_1_671' title='bbox 659 4799 779 4841; x_wconf 82' lang='lat' dir='ltr'><strong>esse</strong></span> <span class='ocrx_word' id='word_1_672' title='bbox 807 4785 1078 4850; x_wconf 84' lang='lat' dir='ltr'><strong>dixerunt,</strong></span> <span class='ocrx_word' id='word_1_673' title='bbox 1111 4785 1239 4854; x_wconf 81' lang='lat' dir='ltr'><strong>quia</strong></span> <span class='ocrx_word' id='word_1_674' title='bbox 1268 4786 1337 4841; x_wconf 88' lang='lat' dir='ltr'><strong>ad</strong></span> <span class='ocrx_word' id='word_1_675' title='bbox 1365 4788 1467 4847; x_wconf 85' lang='lat' dir='ltr'><strong>hos</strong></span> <span class='ocrx_word' id='word_1_676' title='bbox 1494 4796 1701 4847; x_wconf 68' lang='lat' dir='ltr'><strong>tantum</strong></span> <span class='ocrx_word' id='word_1_677' title='bbox 1731 4787 1875 4845; x_wconf 85' lang='lat' dir='ltr'><strong>facta</strong></span> 
     </span>
    </p>
   </div>
   <div class='ocr_carea' id='block_1_93' title="bbox 292 4876 1430 4948">
    <p class='ocr_par' dir='ltr' id='par_1_93' title="bbox 292 4876 1430 4948">
     <span class='ocr_line' id='line_1_93' title="bbox 292 4876 1430 4948; baseline -0.006 -11"><span class='ocrx_word' id='word_1_678' title='bbox 292 4892 416 4937; x_wconf 67' lang='lat' dir='ltr'><strong>esse</strong></span> <span class='ocrx_word' id='word_1_679' title='bbox 443 4878 786 4948; x_wconf 79' lang='lat' dir='ltr'><strong>repromissio</strong></span> <span class='ocrx_word' id='word_1_680' title='bbox 812 4878 1027 4948; x_wconf 77' lang='lat' dir='ltr'><strong>legitur.</strong></span> <span class='ocrx_word' id='word_1_681' title='bbox 1424 4876 1430 4891; x_wconf 89' lang='lat'>&#39;</span> 
     </span>
    </p>
   </div>
   <div class='ocr_carea' id='block_1_94' title="bbox 365 4969 1872 5041">
    <p class='ocr_par' dir='ltr' id='par_1_94' title="bbox 365 4969 1872 5041">
     <span class='ocr_line' id='line_1_94' title="bbox 365 4969 1872 5041; baseline 0.005 -18"><span class='ocrx_word' id='word_1_682' title='bbox 365 4970 533 5025; x_wconf 82' lang='lat' dir='ltr'><strong>Inter.</strong></span> <span class='ocrx_word' id='word_1_683' title='bbox 577 4969 821 5037; x_wconf 85' lang='lat' dir='ltr'><strong>Qualiter</strong></span> <span class='ocrx_word' id='word_1_684' title='bbox 851 4971 1136 5041; x_wconf 85' lang='lat' dir='ltr'><strong>promissio</strong></span> <span class='ocrx_word' id='word_1_685' title='bbox 1172 4970 1317 5028; x_wconf 79' lang='lat' dir='ltr'><strong>iacta</strong></span> <span class='ocrx_word' id='word_1_686' title='bbox 1353 4980 1440 5029; x_wconf 86' lang='lat' dir='ltr'><strong>est</strong></span> <span class='ocrx_word' id='word_1_687' title='bbox 1475 4971 1545 5027; x_wconf 88' lang='lat' dir='ltr'><strong>ad</strong></span> <span class='ocrx_word' id='word_1_688' title='bbox 1576 4971 1872 5037; x_wconf 79' lang='lat' dir='ltr'><strong>Abraham.</strong></span> 
     </span>
    </p>
   </div>
   <div class='ocr_carea' id='block_1_95' title="bbox 292 5061 1878 5131">
    <p class='ocr_par' dir='ltr' id='par_1_95' title="bbox 292 5061 1878 5131">
     <span class='ocr_line' id='line_1_95' title="bbox 292 5061 1878 5131; baseline 0.001 -14"><span class='ocrx_word' id='word_1_689' title='bbox 292 5069 352 5119; x_wconf 84' lang='lat' dir='ltr'><strong>et</strong></span> <span class='ocrx_word' id='word_1_690' title='bbox 375 5061 611 5130; x_wconf 75' lang='lat' dir='ltr'><strong>qualiter</strong></span> <span class='ocrx_word' id='word_1_691' title='bbox 631 5061 699 5121; x_wconf 75' lang='lat' dir='ltr'><strong>ad</strong></span> <span class='ocrx_word' id='word_1_692' title='bbox 726 5062 893 5117; x_wconf 81' lang='lat' dir='ltr'><strong>David</strong></span> <span class='ocrx_word' id='word_1_693' title='bbox 919 5062 941 5116; x_wconf 87' lang='lat'><strong>?</strong></span> <span class='ocrx_word' id='word_1_694' title='bbox 966 5061 1120 5131; x_wconf 82' lang='lat' dir='ltr'><strong>Resp.</strong></span> <span class='ocrx_word' id='word_1_695' title='bbox 1160 5061 1392 5119; x_wconf 66' lang='lat' dir='ltr'><strong>Abrahae</strong></span> <span class='ocrx_word' id='word_1_696' title='bbox 1419 5064 1622 5123; x_wconf 89' lang='lat' dir='ltr'><strong>dictum</strong></span> <span class='ocrx_word' id='word_1_697' title='bbox 1653 5072 1737 5120; x_wconf 88' lang='lat' dir='ltr'><strong>est</strong></span> <span class='ocrx_word' id='word_1_698' title='bbox 1762 5079 1779 5119; x_wconf 88' lang='lat'><strong>:</strong></span> <span class='ocrx_word' id='word_1_699' title='bbox 1810 5064 1878 5119; x_wconf 87' lang='lat' dir='ltr'><strong>In</strong></span> 
     </span>
    </p>
   </div>
   <div class='ocr_carea' id='block_1_96' title="bbox 293 5151 1880 5226">
    <p class='ocr_par' dir='ltr' id='par_1_96' title="bbox 293 5151 1880 5226">
     <span class='ocr_line' id='line_1_96' title="bbox 293 5151 1880 5226; baseline 0.001 -17"><span class='ocrx_word' id='word_1_700' title='bbox 293 5154 493 5221; x_wconf 68' lang='lat' dir='ltr'><strong>semine</strong></span> <span class='ocrx_word' id='word_1_701' title='bbox 521 5162 613 5211; x_wconf 82' lang='lat' dir='ltr'><strong>tuo</strong></span> <span class='ocrx_word' id='word_1_702' title='bbox 643 5152 1009 5211; x_wconf 74' lang='lat' dir='ltr'><strong>benedicentur</strong></span> <span class='ocrx_word' id='word_1_703' title='bbox 1027 5167 1205 5207; x_wconf 82' lang='lat' dir='ltr'><strong>omnes</strong></span> <span class='ocrx_word' id='word_1_704' title='bbox 1231 5163 1406 5221; x_wconf 77' lang='lat' dir='ltr'><strong>gentes</strong></span> <span class='ocrx_word' id='word_1_705' title='bbox 1437 5151 1588 5225; x_wconf 80' lang='lat' dir='ltr'><strong>(Gen.</strong></span> <span class='ocrx_word' id='word_1_706' title='bbox 1620 5171 1755 5220; x_wconf 69' lang='lat' dir='ltr'><strong>xxii,</strong></span> <span class='ocrx_word' id='word_1_707' title='bbox 1790 5153 1880 5226; x_wconf 81' lang='grc'><strong>18)</strong></span> 
     </span>
    </p>
   </div>
   <div class='ocr_carea' id='block_1_97' title="bbox 294 5242 1882 5315">
    <p class='ocr_par' dir='ltr' id='par_1_97' title="bbox 294 5242 1882 5315">
     <span class='ocr_line' id='line_1_97' title="bbox 294 5242 1882 5315; baseline -0.003 -10"><span class='ocrx_word' id='word_1_708' title='bbox 294 5254 477 5313; x_wconf 69' lang='lat' dir='ltr'><strong>terrm.</strong></span> <span class='ocrx_word' id='word_1_709' title='bbox 535 5245 677 5314; x_wconf 87' lang='lat' dir='ltr'><strong>quod</strong></span> <span class='ocrx_word' id='word_1_710' title='bbox 724 5252 809 5300; x_wconf 83' lang='lat' dir='ltr'><strong>est</strong></span> <span class='ocrx_word' id='word_1_711' title='bbox 852 5242 1119 5298; x_wconf 83' lang='lat' dir='ltr'><strong>Christus.</strong></span> <span class='ocrx_word' id='word_1_712' title='bbox 1170 5243 1502 5301; x_wconf 76' lang='lat' dir='ltr'><strong>David—vero</strong></span> <span class='ocrx_word' id='word_1_713' title='bbox 1537 5262 1549 5299; x_wconf 88' lang='lat'><strong>:</strong></span> <span class='ocrx_word' id='word_1_714' title='bbox 1590 5245 1667 5299; x_wconf 84' lang='lat' dir='ltr'><strong>De</strong></span> <span class='ocrx_word' id='word_1_715' title='bbox 1707 5246 1882 5315; x_wconf 77' lang='lat' dir='ltr'><strong>fructu</strong></span> 
     </span>
    </p>
   </div>
   <div class='ocr_carea' id='block_1_98' title="bbox 296 5333 1880 5406">
    <p class='ocr_par' dir='ltr' id='par_1_98' title="bbox 296 5333 1880 5406">
     <span class='ocr_line' id='line_1_98' title="bbox 296 5333 1880 5406; baseline 0.001 -14"><span class='ocrx_word' id='word_1_716' title='bbox 296 5339 492 5392; x_wconf 75' lang='lat' dir='ltr'><strong>centris</strong></span> <span class='ocrx_word' id='word_1_717' title='bbox 522 5337 598 5389; x_wconf 87' lang='lat' dir='ltr'><strong>tui</strong></span> <span class='ocrx_word' id='word_1_718' title='bbox 632 5351 825 5405; x_wconf 85' lang='lat' dir='ltr'><strong>ponam</strong></span> <span class='ocrx_word' id='word_1_719' title='bbox 866 5349 1021 5403; x_wconf 80' lang='lat' dir='ltr'><strong>super</strong></span> <span class='ocrx_word' id='word_1_720' title='bbox 1057 5333 1231 5388; x_wconf 80' lang='lat' dir='ltr'><strong>sedem</strong></span> <span class='ocrx_word' id='word_1_721' title='bbox 1271 5343 1417 5389; x_wconf 78' lang='lat' dir='ltr'><strong>tuam</strong></span> <span class='ocrx_word' id='word_1_722' title='bbox 1454 5333 1654 5406; x_wconf 59' lang='grc' dir='ltr'>(μαι,</span> <span class='ocrx_word' id='word_1_723' title='bbox 1693 5352 1880 5402; x_wconf 71' lang='grc' dir='ltr'>ωικΧι,</span> 
     </span>
    </p>
   </div>
   <div class='ocr_carea' id='block_1_99' title="bbox 300 5428 1886 5505">
    <p class='ocr_par' dir='ltr' id='par_1_99' title="bbox 300 5428 1886 5505">
     <span class='ocr_line' id='line_1_99' title="bbox 300 5428 1886 5505; baseline 0 -21"><span class='ocrx_word' id='word_1_724' title='bbox 300 5432 415 5505; x_wconf 68' lang='lat' dir='ltr'><strong>il).</strong></span> <span class='ocrx_word' id='word_1_725' title='bbox 445 5430 568 5487; x_wconf 60' lang='lat' dir='ltr'><strong>Haec</strong></span> <span class='ocrx_word' id='word_1_726' title='bbox 598 5444 769 5503; x_wconf 88' lang='lat' dir='ltr'><strong>pauca</strong></span> <span class='ocrx_word' id='word_1_727' title='bbox 807 5436 1028 5499; x_wconf 87' lang='lat' dir='ltr'><strong>propter</strong></span> <span class='ocrx_word' id='word_1_728' title='bbox 1075 5428 1396 5483; x_wconf 83' lang='lat' dir='ltr'><strong>brevitatem</strong></span> <span class='ocrx_word' id='word_1_729' title='bbox 1429 5428 1534 5483; x_wconf 88' lang='lat' dir='ltr'><strong>diei</strong></span> <span class='ocrx_word' id='word_1_730' title='bbox 1581 5429 1645 5485; x_wconf 90' lang='lat' dir='ltr'><strong>de</strong></span> <span class='ocrx_word' id='word_1_731' title='bbox 1677 5431 1886 5485; x_wconf 89' lang='lat' dir='ltr'><strong>ratione</strong></span> 
     </span>
    </p>
   </div>
   <div class='ocr_carea' id='block_1_100' title="bbox 301 5524 1888 5597">
    <p class='ocr_par' dir='ltr' id='par_1_100' title="bbox 301 5524 1888 5597">
     <span class='ocr_line' id='line_1_100' title="bbox 301 5524 1888 5597; baseline -0.002 -13"><span class='ocrx_word' id='word_1_732' title='bbox 301 5526 717 5597; x_wconf 85' lang='lat' dir='ltr'><strong>Evangeliorum</strong></span> <span class='ocrx_word' id='word_1_733' title='bbox 767 5524 1303 5593; x_wconf 77' lang='lat' dir='ltr'><strong>conscriptorumqne</strong></span> <span class='ocrx_word' id='word_1_734' title='bbox 1356 5538 1596 5589; x_wconf 88' lang='lat' dir='ltr'><strong>suorum,</strong></span> <span class='ocrx_word' id='word_1_735' title='bbox 1637 5525 1680 5579; x_wconf 91' lang='lat' dir='ltr'><strong>si</strong></span> <span class='ocrx_word' id='word_1_736' title='bbox 1711 5525 1888 5595; x_wconf 84' lang='lat' dir='ltr'><strong>placet</strong></span> 
     </span>
    </p>
   </div>
   <div class='ocr_carea' id='block_1_101' title="bbox 303 5614 1886 5697">
    <p class='ocr_par' dir='ltr' id='par_1_101' title="bbox 303 5614 1886 5697">
     <span class='ocr_line' id='line_1_101' title="bbox 303 5614 1886 5697; baseline -0.003 -21"><span class='ocrx_word' id='word_1_737' title='bbox 303 5619 659 5697; x_wconf 80' lang='lat' dir='ltr'><strong>dominationi</strong></span> <span class='ocrx_word' id='word_1_738' title='bbox 686 5625 902 5681; x_wconf 75' lang='lat' dir='ltr'><strong>vestrae,</strong></span> <span class='ocrx_word' id='word_1_739' title='bbox 923 5617 1025 5671; x_wconf 89' lang='lat' dir='ltr'><strong>hac</strong></span> <span class='ocrx_word' id='word_1_740' title='bbox 1050 5617 1168 5669; x_wconf 90' lang='lat' dir='ltr'><strong>vice</strong></span> <span class='ocrx_word' id='word_1_741' title='bbox 1188 5614 1432 5670; x_wconf 84' lang='lat' dir='ltr'><strong>sufﬁcere</strong></span> <span class='ocrx_word' id='word_1_742' title='bbox 1451 5627 1678 5687; x_wconf 85' lang='lat' dir='ltr'><strong>possunt</strong></span> <span class='ocrx_word' id='word_1_743' title='bbox 1705 5618 1886 5689; x_wconf 75' lang='lat' dir='ltr'><strong>[Cod.,</strong></span> 
     </span>
    </p>
   </div>
   <div class='ocr_carea' id='block_1_102' title="bbox 190 5708 1885 5787">
    <p class='ocr_par' dir='ltr' id='par_1_102' title="bbox 190 5708 1885 5787">
     <span class='ocr_line' id='line_1_102' title="bbox 190 5708 1885 5787; baseline -0.001 -18"><span class='ocrx_word' id='word_1_744' title='bbox 190 5708 200 5722; x_wconf 87' lang='grc'><em>”</em></span> <span class='ocrx_word' id='word_1_745' title='bbox 298 5711 531 5786; x_wconf 71' lang='lat' dir='ltr'><strong>potest].</strong></span> <span class='ocrx_word' id='word_1_746' title='bbox 583 5709 749 5764; x_wconf 85' lang='lat' dir='ltr'><strong>Inter.</strong></span> <span class='ocrx_word' id='word_1_747' title='bbox 780 5709 934 5764; x_wconf 79' lang='lat' dir='ltr'><strong>Nunc</strong></span> <span class='ocrx_word' id='word_1_748' title='bbox 982 5710 1050 5764; x_wconf 81' lang='lat' dir='ltr'><strong>ad</strong></span> <span class='ocrx_word' id='word_1_749' title='bbox 1096 5720 1296 5765; x_wconf 63' lang='lat' dir='ltr'><strong>caetera</strong></span> <span class='ocrx_word' id='word_1_750' title='bbox 1330 5719 1688 5767; x_wconf 87' lang='lat' dir='ltr'><strong>transeamus.</strong></span> <span class='ocrx_word' id='word_1_751' title='bbox 1732 5711 1885 5787; x_wconf 82' lang='lat' dir='ltr'><strong>Resp.</strong></span> 
     </span>
    </p>
   </div>
   <div class='ocr_carea' id='block_1_103' title="bbox 307 5804 725 5871">
    <p class='ocr_par' dir='ltr' id='par_1_103' title="bbox 307 5804 725 5871">
     <span class='ocr_line' id='line_1_103' title="bbox 307 5804 725 5871; baseline -0.012 -8"><span class='ocrx_word' id='word_1_752' title='bbox 307 5807 453 5871; x_wconf 86' lang='lat' dir='ltr'><strong>Fiat,</strong></span> <span class='ocrx_word' id='word_1_753' title='bbox 483 5815 543 5859; x_wconf 89' lang='lat' dir='ltr'><strong>ut</strong></span> <span class='ocrx_word' id='word_1_754' title='bbox 570 5804 725 5860; x_wconf 88' lang='lat' dir='ltr'><strong>dicis.</strong></span> 
     </span>
    </p>
   </div>
   <div class='ocr_carea' id='block_1_104' title="bbox 386 5919 1239 5995">
    <p class='ocr_par' dir='ltr' id='par_1_104' title="bbox 386 5919 1239 5995">
     <span class='ocr_line' id='line_1_104' title="bbox 386 5919 1239 5995; baseline -0.001 -17"><span class='ocrx_word' id='word_1_755' title='bbox 386 5934 413 5963; x_wconf 81' lang='grc' dir='ltr'><strong>ι</strong></span> <span class='ocrx_word' id='word_1_756' title='bbox 440 5921 563 5979; x_wconf 84' lang='lat' dir='ltr'><strong>Isid.</strong></span> <span class='ocrx_word' id='word_1_757' title='bbox 593 5921 716 5977; x_wconf 90' lang='lat' dir='ltr'><strong>libr.</strong></span> <span class='ocrx_word' id='word_1_758' title='bbox 740 5936 796 5976; x_wconf 71' lang='grc' dir='ltr'>γι</span> <span class='ocrx_word' id='word_1_759' title='bbox 824 5920 971 5995; x_wconf 86' lang='lat' dir='ltr'><strong>Orig.</strong></span> <span class='ocrx_word' id='word_1_760' title='bbox 1004 5935 1124 5992; x_wconf 89' lang='lat' dir='ltr'><strong>cap.</strong></span> <span class='ocrx_word' id='word_1_761' title='bbox 1152 5919 1239 5977; x_wconf 77' lang='lat' dir='ltr'><strong>i9.</strong></span> 
     </span>
    </p>
   </div>
   <div class='ocr_carea' id='block_1_105' title="bbox 1978 4796 3569 4867">
    <p class='ocr_par' dir='ltr' id='par_1_105' title="bbox 1978 4796 3569 4867">
     <span class='ocr_line' id='line_1_105' title="bbox 1978 4796 3569 4867; baseline 0.001 -13"><span class='ocrx_word' id='word_1_762' title='bbox 1978 4813 2209 4854; x_wconf 88' lang='lat' dir='ltr'><strong>munera</strong></span> <span class='ocrx_word' id='word_1_763' title='bbox 2252 4812 2320 4853; x_wconf 89' lang='lat' dir='ltr'><strong>eo</strong></span> <span class='ocrx_word' id='word_1_764' title='bbox 2348 4796 2492 4867; x_wconf 82' lang='lat' dir='ltr'><strong>quod</strong></span> <span class='ocrx_word' id='word_1_765' title='bbox 2536 4797 2896 4867; x_wconf 77' lang='lat' dir='ltr'><strong>manibusvel</strong></span> <span class='ocrx_word' id='word_1_766' title='bbox 2938 4798 3292 4867; x_wconf 78' lang='lat' dir='ltr'><strong>accipiantur,</strong></span> <span class='ocrx_word' id='word_1_767' title='bbox 3321 4799 3406 4855; x_wconf 84' lang='lat' dir='ltr'><strong>vel</strong></span> <span class='ocrx_word' id='word_1_768' title='bbox 3433 4801 3569 4856; x_wconf 79' lang='lat' dir='ltr'><strong>dan—</strong></span> 
     </span>
    </p>
   </div>
   <div class='ocr_carea' id='block_1_106' title="bbox 1977 4883 3563 4962">
    <p class='ocr_par' dir='ltr' id='par_1_106' title="bbox 1977 4883 3563 4962">
     <span class='ocr_line' id='line_1_106' title="bbox 1977 4883 3563 4962; baseline 0 -18"><span class='ocrx_word' id='word_1_769' title='bbox 1977 4899 2088 4945; x_wconf 90' lang='lat' dir='ltr'><strong>tur.</strong></span> <span class='ocrx_word' id='word_1_770' title='bbox 2122 4889 2286 4943; x_wconf 84' lang='lat' dir='ltr'><strong>Inter.</strong></span> <span class='ocrx_word' id='word_1_771' title='bbox 2333 4888 2475 4955; x_wconf 84' lang='lat' dir='ltr'><strong>Quot</strong></span> <span class='ocrx_word' id='word_1_772' title='bbox 2512 4894 2655 4951; x_wconf 91' lang='lat' dir='ltr'><strong>sunt,</strong></span> <span class='ocrx_word' id='word_1_773' title='bbox 2693 4902 2814 4956; x_wconf 72' lang='lat' dir='ltr'><strong>quae</strong></span> <span class='ocrx_word' id='word_1_774' title='bbox 2856 4883 3188 4944; x_wconf 63' lang='lat' dir='ltr'><strong>oferuntur?</strong></span> <span class='ocrx_word' id='word_1_775' title='bbox 3235 4888 3392 4962; x_wconf 75' lang='lat' dir='ltr'><strong>Resp.</strong></span> <span class='ocrx_word' id='word_1_776' title='bbox 3428 4891 3563 4947; x_wconf 88' lang='lat' dir='ltr'><strong>Duo.</strong></span> 
     </span>
    </p>
   </div>
   <div class='ocr_carea' id='block_1_107' title="bbox 1982 4979 3563 5050">
    <p class='ocr_par' dir='ltr' id='par_1_107' title="bbox 1982 4979 3563 5050">
     <span class='ocr_line' id='line_1_107' title="bbox 1982 4979 3563 5050; baseline 0.001 -14"><span class='ocrx_word' id='word_1_777' title='bbox 1982 4982 2150 5037; x_wconf 84' lang='lat' dir='ltr'><strong>Inter.</strong></span> <span class='ocrx_word' id='word_1_778' title='bbox 2194 4982 2360 5049; x_wconf 56' lang='lat' dir='ltr'><strong>Quae?</strong></span> <span class='ocrx_word' id='word_1_779' title='bbox 2410 4980 2563 5050; x_wconf 89' lang='lat' dir='ltr'><strong><em>Resp.</em></strong></span> <span class='ocrx_word' id='word_1_780' title='bbox 2619 4979 2830 5034; x_wconf 89' lang='lat' dir='ltr'><strong>Donum</strong></span> <span class='ocrx_word' id='word_1_781' title='bbox 2880 4987 2936 5037; x_wconf 88' lang='lat' dir='ltr'><strong>et</strong></span> <span class='ocrx_word' id='word_1_782' title='bbox 2987 4982 3334 5039; x_wconf 83' lang='lat' dir='ltr'><strong>sacriﬁcium.</strong></span> <span class='ocrx_word' id='word_1_783' title='bbox 3396 4982 3563 5038; x_wconf 78' lang='lat' dir='ltr'><strong>Inter.</strong></span> 
     </span>
    </p>
   </div>
   <div class='ocr_carea' id='block_1_108' title="bbox 1983 5069 3567 5143">
    <p class='ocr_par' dir='ltr' id='par_1_108' title="bbox 1983 5069 3567 5143">
     <span class='ocr_line' id='line_1_108' title="bbox 1983 5069 3567 5143; baseline -0.001 -15"><span class='ocrx_word' id='word_1_784' title='bbox 1983 5073 2123 5141; x_wconf 89' lang='lat' dir='ltr'><strong>Quid</strong></span> <span class='ocrx_word' id='word_1_785' title='bbox 2153 5081 2238 5127; x_wconf 89' lang='lat' dir='ltr'><strong>est</strong></span> <span class='ocrx_word' id='word_1_786' title='bbox 2287 5072 2520 5127; x_wconf 89' lang='lat' dir='ltr'><strong>donum?</strong></span> <span class='ocrx_word' id='word_1_787' title='bbox 2564 5069 2721 5141; x_wconf 82' lang='lat' dir='ltr'><strong>Resp.</strong></span> <span class='ocrx_word' id='word_1_788' title='bbox 2760 5071 2968 5127; x_wconf 86' lang='lat' dir='ltr'><strong>Donum</strong></span> <span class='ocrx_word' id='word_1_789' title='bbox 3016 5082 3120 5139; x_wconf 84' lang='lat' dir='ltr'><strong>est,</strong></span> <span class='ocrx_word' id='word_1_790' title='bbox 3148 5073 3403 5143; x_wconf 87' lang='lat' dir='ltr'><strong>quicquid</strong></span> <span class='ocrx_word' id='word_1_791' title='bbox 3433 5087 3567 5137; x_wconf 68' lang='lat' dir='ltr'><strong>auro</strong></span> 
     </span>
    </p>
   </div>
   <div class='ocr_carea' id='block_1_109' title="bbox 1984 5151 3316 5236">
    <p class='ocr_par' dir='ltr' id='par_1_109' title="bbox 1984 5151 3316 5236">
     <span class='ocr_line' id='line_1_109' title="bbox 1984 5151 3316 5236; baseline -0.002 -16"><span class='ocrx_word' id='word_1_792' title='bbox 1984 5173 2318 5236; x_wconf 81' lang='lat' dir='ltr'><strong>argentoque</strong></span> <span class='ocrx_word' id='word_1_793' title='bbox 2343 5171 2434 5217; x_wconf 88' lang='lat' dir='ltr'><strong>aut</strong></span> <span class='ocrx_word' id='word_1_794' title='bbox 2458 5163 2702 5233; x_wconf 90' lang='lat' dir='ltr'><strong>qualibet</strong></span> <span class='ocrx_word' id='word_1_795' title='bbox 2727 5163 2831 5218; x_wconf 87' lang='lat' dir='ltr'><strong>alia</strong></span> <span class='ocrx_word' id='word_1_796' title='bbox 2863 5166 3042 5235; x_wconf 83' lang='lat' dir='ltr'><strong>specie</strong></span> <span class='ocrx_word' id='word_1_797' title='bbox 3070 5151 3316 5219; x_wconf 74' lang='lat' dir='ltr'><strong>efﬁcitur.</strong></span> 
     </span>
    </p>
   </div>
   <div class='ocr_carea' id='block_1_110' title="bbox 2060 5253 3570 5327">
    <p class='ocr_par' dir='ltr' id='par_1_110' title="bbox 2060 5253 3570 5327">
     <span class='ocr_line' id='line_1_110' title="bbox 2060 5253 3570 5327; baseline 0 -17"><span class='ocrx_word' id='word_1_798' title='bbox 2060 5257 2223 5311; x_wconf 88' lang='lat' dir='ltr'><strong>Inter.</strong></span> <span class='ocrx_word' id='word_1_799' title='bbox 2254 5256 2391 5323; x_wconf 87' lang='lat' dir='ltr'><strong>Quid</strong></span> <span class='ocrx_word' id='word_1_800' title='bbox 2416 5265 2500 5311; x_wconf 86' lang='lat' dir='ltr'><strong>est</strong></span> <span class='ocrx_word' id='word_1_801' title='bbox 2526 5253 2891 5312; x_wconf 70' lang='lat' dir='ltr'><strong>sacriﬁcium?</strong></span> <span class='ocrx_word' id='word_1_802' title='bbox 2928 5255 3085 5327; x_wconf 74' lang='lat' dir='ltr'><strong>Resp.</strong></span> <span class='ocrx_word' id='word_1_803' title='bbox 3119 5253 3459 5310; x_wconf 80' lang='lat' dir='ltr'><strong>Sacriﬁcium</strong></span> <span class='ocrx_word' id='word_1_804' title='bbox 3484 5261 3570 5310; x_wconf 84' lang='lat' dir='ltr'><strong>est</strong></span> 
     </span>
    </p>
   </div>
   <div class='ocr_carea' id='block_1_111' title="bbox 1985 5350 3570 5421">
    <p class='ocr_par' dir='ltr' id='par_1_111' title="bbox 1985 5350 3570 5421">
     <span class='ocr_line' id='line_1_111' title="bbox 1985 5350 3570 5421; baseline -0.003 -16"><span class='ocrx_word' id='word_1_805' title='bbox 1985 5352 2206 5405; x_wconf 79' lang='lat' dir='ltr'><strong>victima</strong></span> <span class='ocrx_word' id='word_1_806' title='bbox 2235 5359 2290 5405; x_wconf 88' lang='lat' dir='ltr'><strong>et</strong></span> <span class='ocrx_word' id='word_1_807' title='bbox 2312 5364 2643 5421; x_wconf 63' lang='lat' dir='ltr'><strong>quaecunque</strong></span> <span class='ocrx_word' id='word_1_808' title='bbox 2670 5350 2725 5406; x_wconf 85' lang='lat' dir='ltr'><strong>in</strong></span> <span class='ocrx_word' id='word_1_809' title='bbox 2757 5366 2852 5405; x_wconf 85' lang='lat' dir='ltr'><strong>ara</strong></span> <span class='ocrx_word' id='word_1_810' title='bbox 2879 5356 3210 5414; x_wconf 86' lang='lat' dir='ltr'><strong>cremantur,</strong></span> <span class='ocrx_word' id='word_1_811' title='bbox 3239 5360 3333 5402; x_wconf 86' lang='lat' dir='ltr'><strong>seu</strong></span> <span class='ocrx_word' id='word_1_812' title='bbox 3360 5360 3570 5415; x_wconf 43' lang='lat' dir='ltr'><strong>ponunt-</strong></span> 
     </span>
    </p>
   </div>
   <div class='ocr_carea' id='block_1_112' title="bbox 1986 5438 3572 5521">
    <p class='ocr_par' dir='ltr' id='par_1_112' title="bbox 1986 5438 3572 5521">
     <span class='ocr_line' id='line_1_112' title="bbox 1986 5438 3572 5521; baseline -0.005 -20"><span class='ocrx_word' id='word_1_813' title='bbox 1986 5452 2098 5503; x_wconf 81' lang='lat' dir='ltr'><strong>tur.</strong></span> <span class='ocrx_word' id='word_1_814' title='bbox 2126 5442 2289 5521; x_wconf 58' lang='lat'><strong>436</strong></span> <span class='ocrx_word' id='word_1_815' title='bbox 2318 5442 2453 5512; x_wconf 88' lang='lat' dir='ltr'><strong>Quia</strong></span> <span class='ocrx_word' id='word_1_816' title='bbox 2480 5458 2661 5511; x_wconf 86' lang='lat' dir='ltr'><strong>omne,</strong></span> <span class='ocrx_word' id='word_1_817' title='bbox 2702 5444 2847 5515; x_wconf 90' lang='lat' dir='ltr'><strong>quod</strong></span> <span class='ocrx_word' id='word_1_818' title='bbox 2881 5443 2993 5499; x_wconf 88' lang='lat' dir='ltr'><strong>Deo</strong></span> <span class='ocrx_word' id='word_1_819' title='bbox 3015 5441 3189 5503; x_wconf 89' lang='lat' dir='ltr'><strong>datur,</strong></span> <span class='ocrx_word' id='word_1_820' title='bbox 3234 5447 3329 5495; x_wconf 89' lang='lat' dir='ltr'><strong>aut</strong></span> <span class='ocrx_word' id='word_1_821' title='bbox 3360 5438 3572 5494; x_wconf 89' lang='lat' dir='ltr'><strong>dicatur</strong></span> 
     </span>
    </p>
   </div>
   <div class='ocr_carea' id='block_1_113' title="bbox 1990 5528 3569 5602">
    <p class='ocr_par' dir='ltr' id='par_1_113' title="bbox 1990 5528 3569 5602">
     <span class='ocr_line' id='line_1_113' title="bbox 1990 5528 3569 5602; baseline -0.001 -14"><span class='ocrx_word' id='word_1_822' title='bbox 1990 5545 2083 5589; x_wconf 89' lang='lat' dir='ltr'><strong>aut</strong></span> <span class='ocrx_word' id='word_1_823' title='bbox 2123 5543 2491 5591; x_wconf 87' lang='lat' dir='ltr'><strong>consecratur.</strong></span> <span class='ocrx_word' id='word_1_824' title='bbox 2543 5536 2708 5590; x_wconf 89' lang='lat' dir='ltr'><strong>Inter.</strong></span> <span class='ocrx_word' id='word_1_825' title='bbox 2758 5536 2872 5602; x_wconf 88' lang='lat' dir='ltr'><strong>Qua</strong></span> <span class='ocrx_word' id='word_1_826' title='bbox 2913 5532 3159 5589; x_wconf 87' lang='lat' dir='ltr'><strong>ratione?</strong></span> <span class='ocrx_word' id='word_1_827' title='bbox 3205 5530 3359 5602; x_wconf 82' lang='lat' dir='ltr'><strong>Resp.</strong></span> <span class='ocrx_word' id='word_1_828' title='bbox 3414 5528 3569 5598; x_wconf 87' lang='lat' dir='ltr'><strong>Quod</strong></span> 
     </span>
    </p>
   </div>
   <div class='ocr_carea' id='block_1_114' title="bbox 1986 5620 3564 5694">
    <p class='ocr_par' dir='ltr' id='par_1_114' title="bbox 1986 5620 3564 5694">
     <span class='ocr_line' id='line_1_114' title="bbox 1986 5620 3564 5694; baseline -0.004 -13"><span class='ocrx_word' id='word_1_829' title='bbox 1986 5628 2133 5681; x_wconf 88' lang='lat' dir='ltr'><strong>enim</strong></span> <span class='ocrx_word' id='word_1_830' title='bbox 2183 5628 2416 5694; x_wconf 87' lang='lat' dir='ltr'><strong>dicatur,</strong></span> <span class='ocrx_word' id='word_1_831' title='bbox 2465 5626 2691 5683; x_wconf 87' lang='lat' dir='ltr'><strong>dicendo</strong></span> <span class='ocrx_word' id='word_1_832' title='bbox 2736 5626 2916 5690; x_wconf 87' lang='lat' dir='ltr'><strong>datur,</strong></span> <span class='ocrx_word' id='word_1_833' title='bbox 2964 5625 3107 5679; x_wconf 88' lang='lat' dir='ltr'><strong>unde</strong></span> <span class='ocrx_word' id='word_1_834' title='bbox 3156 5632 3210 5679; x_wconf 90' lang='lat' dir='ltr'><strong>et</strong></span> <span class='ocrx_word' id='word_1_835' title='bbox 3247 5620 3564 5694; x_wconf 82' lang='lat' dir='ltr'><strong>appellatur.</strong></span> 
     </span>
    </p>
   </div>
   <div class='ocr_carea' id='block_1_115' title="bbox 1990 5714 3571 5792">
    <p class='ocr_par' dir='ltr' id='par_1_115' title="bbox 1990 5714 3571 5792">
     <span class='ocr_line' id='line_1_115' title="bbox 1990 5714 3571 5792; baseline -0.006 -15"><span class='ocrx_word' id='word_1_836' title='bbox 1990 5718 2146 5777; x_wconf 84' lang='lat' dir='ltr'><strong>Unde</strong></span> <span class='ocrx_word' id='word_1_837' title='bbox 2174 5727 2390 5787; x_wconf 77' lang='lat' dir='ltr'><strong>crmut,</strong></span> <span class='ocrx_word' id='word_1_838' title='bbox 2418 5720 2509 5792; x_wconf 89' lang='lat' dir='ltr'><strong>qui</strong></span> <span class='ocrx_word' id='word_1_839' title='bbox 2542 5720 3003 5779; x_wconf 86' lang='lat' dir='ltr'><strong>consecrationem</strong></span> <span class='ocrx_word' id='word_1_840' title='bbox 3051 5714 3445 5775; x_wconf 78' lang='lat' dir='ltr'><strong>dedicationem</strong></span> <span class='ocrx_word' id='word_1_841' title='bbox 3471 5727 3571 5786; x_wconf 84' lang='lat' dir='ltr'><strong>pu-</strong></span> 
     </span>
    </p>
   </div>
   <div class='ocr_carea' id='block_1_116' title="bbox 1992 5808 3571 5883">
    <p class='ocr_par' dir='ltr' id='par_1_116' title="bbox 1992 5808 3571 5883">
     <span class='ocr_line' id='line_1_116' title="bbox 1992 5808 3571 5883; baseline -0.004 -10"><span class='ocrx_word' id='word_1_842' title='bbox 1992 5820 2110 5873; x_wconf 78' lang='lat' dir='ltr'><strong>tant</strong></span> <span class='ocrx_word' id='word_1_843' title='bbox 2168 5812 2485 5883; x_wconf 72' lang='lat' dir='ltr'><strong>signiﬁcari.</strong></span> <span class='ocrx_word' id='word_1_844' title='bbox 2548 5811 2719 5883; x_wconf 74' lang='grc' dir='ltr'><strong>ιηιον.</strong></span> <span class='ocrx_word' id='word_1_845' title='bbox 2782 5811 3082 5875; x_wconf 78' lang='lat' dir='ltr'><strong>bnmalatio</strong></span> <span class='ocrx_word' id='word_1_846' title='bbox 3140 5808 3287 5877; x_wconf 64' lang='lat' dir='ltr'><strong>unde</strong></span> <span class='ocrx_word' id='word_1_847' title='bbox 3330 5808 3571 5877; x_wconf 67' lang='lat' dir='ltr'><strong>dictum?</strong></span> 
     </span>
    </p>
   </div>
  </div>
