4038 6354
482 344 647 402 H35.

1299 338 1361 391 Β.
1401 336 1464 391 r.
1494 298 1733 391 suam
1762 326 1894 387 seu
1933 304 2532 391 ALCUINIIOPERUM‘
2568 294 2749 377 mis
2786 316 2921 403 vin.

3630 318 3773 377 H36

478 463 639 533 Resp.
687 457 991 516 Immolatio
1020 459 1088 512 ab
1123 452 1361 522 antiquis
1396 459 1482 506 est
1519 449 1684 512 dicta,
1715 462 1782 502 eo
1829 446 1974 515 quod
2014 443 2069 500 in
2098 446 2147 505 Α
2174 452 2318 495 tuam
2375 425 2597 494 laudant
2626 435 2864 533 angeli,
2909 448 3081 533 usque
3125 434 3194 491 ad
3239 449 3365 533 eum
3413 433 3625 503 locum,
3679 439 3771 495 ubi

475 554 618 610 mola
641 551 823 626 [Isid.,
853 548 1016 620 mole]
1044 545 1230 601 altaris
1260 542 1491 598 victima:
1519 539 1877 595 caederentur.
1912 534 2063 626 Unde

476 653 534 701 et
559 621 816 700 mactatio
830 647 953 709 post
968 633 1413 692 immolationem.
1435 627 1591 684 Nunc
1607 635 1789 681 autem
1818 621 2064 678 immola-

477 738 555 793 tio
578 734 731 806 panis
754 739 807 786 et
833 729 1017 787 calicis
1046 725 1317 782 convenit.

486 826 489 829 '
547 805 715 885 Inter.
746 823 885 892 Quid
908 832 991 878 est
1011 817 1233 874 libatio?
1260 815 1419 884 Resp.
1452 809 1668 867 Libatio
1692 805 2065 863 tantummodo

478 920 663 976 calieis
694 924 778 972 est
814 915 1033 971 oblatio.
1074 910 1228 968 Unde
1259 907 1492 963 dicitur:
1526 903 1595 957 Et
1629 901 1807 956 libavit
1844 899 1908 953 de
1937 914 2065 953 san-

478 1012 634 1084 guine
662 1026 773 1064 uva:
802 1006 995 1079 (Ereti.
1020 1023 1075 1070 1.,
1106 1002 1228 1073 16);
1264 1014 1387 1055 nam
1419 997 1589 1052 libare
1617 992 1845 1084 fundere
1869 997 1970 1046 est.

551 1100 720 1156 Inter.
756 1078 958 1154 Bestiae
993 1094 1136 1150 unde
1163 1087 1463 1146 vocantur?
1505 1085 1665 1155 Resp.
1698 1082 1898 1138 Hostia:
1928 1078 2071 1149 apud

477 1205 693 1252 veteres
729 1191 1050 1248 dicebantur
1074 1184 1361 1248 sacriﬁcia,
1399 1195 1518 1253 qua:
1542 1177 1748 1235 ﬁebant
1779 1183 2069 1243 antequam

481 1291 551 1347 ad
579 1290 789 1345 hostem
817 1289 1127 1357 pergerent.

481 1382 489 1409 ί
554 1377 720 1433 Inter.
752 1375 891 1442 Quid
926 1380 1052 1428 sunt
1080 1369 1336 1433 victimas,
1368 1374 1423 1423 et
1456 1379 1625 1436 quare
1665 1363 1739 1419 ita
1774 1359 2073 1418 vocantur?

483 1468 642 1539 Resp.
676 1466 920 1522 Victima:
957 1463 1209 1518 dicuntur
1237 1458 1539 1523 sacriﬁcia,
1571 1470 1691 1527 quae
1732 1463 1857 1525 post
1903 1453 2075 1508 victo-
2116 1524 2121 1537 ‘

482 1562 621 1619 riam
651 1557 875 1615 devictis
896 1554 1142 1610 hostibus
1168 1550 1537 1606 immolabant.
1566 1547 1635 1602 Et
1658 1553 1812 1602 erant
1841 1545 2074 1599 victimae

482 1650 690 1721 majora
738 1644 1030 1711 sacriﬁcia,
1076 1657 1242 1713 quam
1288 1640 1485 1696 hostia.
1516 1636 1621 1692 Alii
1646 1637 1924 1693 victimam
1961 1635 2074 1690 dic-

474 1749 594 1799 .tam
621 1744 965 1811 putaverunt,
992 1735 1117 1804 quia
1143 1734 1251 1788 ictu
1274 1746 1534 1804 percussa
1558 1728 1806 1795 cadebat,
1838 1727 1923 1782 vel
1942 1727 2070 1798 quia

481 1832 664 1886 vincta
692 1828 761 1883 ad
789 1843 914 1882 aras
937 1825 1255 1880 ducebatur.

553 1918 718 1975 Inter.
764 1916 1151 1972 Holocaustum
1205 1910 1347 1966 unde
1390 1910 1652 1966 vocatur?
1702 1908 1860 1979 Resp.
1910 1905 2073 1962 Holo-

482 2019 728 2069 caustum
769 2019 870 2075 est,
912 2006 1005 2063 ubi
1044 2014 1215 2060 totum
1262 2004 1385 2075 igne
1414 2001 1774 2064 consumitur,
1821 1998 1965 2070 quod
1993 1996 2074 2052 of-

481 2101 677 2158 fertur.
739 2097 878 2153 IIolo
930 2094 1133 2170 [ὅλον]
1172 2093 1318 2149 enim
1368 2092 1557 2148 Graece
1610 2100 1780 2146 totum
1844 2089 2069 2154 dicitur,

468 2192 506 2267 Ι
534 2198 720 2253 καῦσις
750 2186 1013 2259 incensio]
1049 2184 1229 2240 :unde
1271 2191 1328 2239 et
1360 2183 1755 2249 holocaustum,
1789 2191 1961 2238 totum
1989 2182 2074 2236 in-

470 2299 729 2355 censum.

556 2374 725 2428 Inter.
766 2372 904 2439 Quid
945 2377 1073 2427 sunt
1119 2368 1488 2426 cteremonite?
1540 2367 1696 2438 Resp.
1727 2367 2075 2423 Caeremoniae

485 2469 630 2541 apud
656 2467 880 2520 Latinos
908 2464 1163 2518 dicuntur
1194 2476 1351 2517 sacra
1378 2462 1579 2526 omnia,
1608 2477 1728 2531 qua:
1762 2460 1899 2533 apud
1926 2460 2076 2515 Grae-

467 2576 580 2630 cos
604 2560 753 2630 orgia
774 2565 1056 2613 vocantur.
1101 2553 1328 2624 Proprie
1357 2561 1537 2608 autem
1569 2553 1741 2607 visum
1771 2560 1856 2607 est
1882 2553 2072 2608 docto-

462 2654 636 2710 ribus
663 2666 694 2705 a
721 2648 955 2706 carendo
984 2647 1241 2719 appellari
1272 2646 1615 2711 casremonia,
1657 2646 1811 2716 quasi
1841 2646 2075 2700 carimo-

485 2743 625 2807 nias,
667 2756 733 2796 eo
752 2740 895 2810 quod
933 2755 1019 2804 ea,
1068 2753 1189 2808 qua:
1227 2737 1281 2792 in
1321 2738 1493 2792 sacris
1522 2737 1719 2792 divinis
1748 2735 2071 2802 offeruntur,

485 2833 538 2889 in
588 2847 685 2888 suo
730 2846 829 2885 usu
874 2830 927 2884 id
968 2836 1221 2885 carerent
1268 2828 1535 2883 homines.
1582 2826 1684 2881 Alii
1714 2827 2074 2882 caeremonias

482 2906 699 2996 proprie
726 2918 929 2994 [Cod..,
980 2917 1223 2990 propria]
1268 2918 1323 2972 in
1370 2917 1840 2972 observationibus
1862 2914 2074 2971 Iudaeo-

483 3031 605 3071 rum
628 3013 884 3077 credunt;
938 3011 1319 3065 abstinentiam
1363 3008 1569 3064 scilicet
1593 3009 1950 3079 quarumdam
1987 3023 2075 3063 es-

485 3120 671 3162 carum
700 3103 996 3159 secundum
1021 3109 1259 3155 veterem
1286 3099 1480 3170 legem,
1515 3113 1581 3153 eo
1606 3100 1750 3168 quod
1774 3100 2070 3154 observan-

486 3204 570 3251 tes
600 3203 822 3250 careant
848 3194 932 3248 his
960 3192 1121 3247 rebus
1143 3190 1340 3261 quibus
1366 3206 1425 3245 se
1446 3190 1826 3245 abstinuerint.

482 3270 487 3271 7
559 3285 725 3340 Inter.
754 3284 870 3355 Ipsa
900 3283 1067 3337 missa
1095 3298 1127 3336 a
1156 3297 1264 3352 quo
1290 3280 1542 3351 pontiﬁce
1567 3280 1797 3350 sumpsit
1822 3280 2075 3335 initium?

464 3360 648 3449 Resp.
681 3390 707 3418 ι
748 3376 893 3432 Ordo
936 3383 1115 3430 autem
1158 3373 1339 3428 misszn
1376 3371 1462 3426 vel
1509 3372 1838 3436 orationum,
1878 3371 2075 3440 quibus

460 3470 665 3527 .oblata
704 3469 815 3523 Deo
853 3464 1121 3522 sacriﬁcia
1164 3471 1581 3525 consecrantur,
1624 3461 1800 3532 primo
1828 3476 1859 3515 a
1887 3469 2075 3516 sancto

484 3561 648 3617 Petro
691 3570 775 3615 est
822 3558 1121 3621 institutus,
1177 3554 1330 3623 cujus
1375 3554 1794 3609 celebrationem
1834 3568 1943 3608 uno
1985 3567 2079 3608 eo-

456 3708 463 3711 ,
488 3653 719 3722 demque
746 3648 1009 3703 vocabulo
1036 3647 1320 3702 universus
1346 3646 1559 3717 peragit
1587 3646 1755 3700 orbis.

559 3744 726 3799 Inter.
775 3740 1015 3797 Obsecro
1062 3738 1358 3803 humiliter,
1413 3738 1541 3806 quid
1570 3737 1624 3791 in
1670 3735 1861 3792 eadem
1908 3734 2075 3790 missa

456 3818 849 3898 contineatur,
883 3843 941 3886 ut
980 3830 1112 3885 mihi
1141 3829 1353 3899 aperire
1399 3844 1505 3883 non
1544 3827 1872 3898 dedigneris.
1914 3824 2071 3895 Resp.

487 3929 657 3987 Prout
675 3925 917 3996 intelligo
944 3923 1138 3978 dicam.
1172 3921 1228 3975 ln
1254 3920 1444 3975 ordine
1471 3918 1636 3973 totius
1659 3918 1838 3973 missa:
1866 3924 2076 3986 septem

489 4020 767 4078 orationes
786 4015 1149 4072 continentur.
1195 4010 1364 4065 Inter.
1396 4010 1527 4077 Quae
1551 4017 1678 4063 sunt
1722 4008 1874 4063 haec?
1917 4006 2073 4078 Resp.

487 4112 672 4169 Prima
710 4106 1021 4164 earumdem
1052 4102 1245 4167 oratio,
1276 4102 1367 4155 ubi
1399 4101 1635 4155 dicitur:
1680 4098 1939 4153 Dominus
1989 4114 2078 4151 vo-

492 4204 712 4265 biscum,
738 4198 823 4252 vel
852 4195 1093 4260 Oremus,
1125 4192 1423 4249 admonitio
1448 4200 1535 4248 est
1560 4206 1688 4263 erga
1713 4188 1991 4261 populum,
2017 4195 2079 4243 ut

384 4282 389 4285 ⁵
492 4294 798 4351 excitentur
842 4288 911 4343 ad
951 4288 1119 4342 Deum
1169 4283 1522 4339 adorandum.
1582 4281 1830 4337 Secunda
1859 4278 2079 4349 quidem

492 4386 737 4451 collecta,
785 4398 903 4454 quae
953 4379 1194 4452 posthaec
1239 4376 1518 4447 sequitur,
1572 4374 1842 4430 invocatio
1884 4379 1970 4427 est
2011 4370 2079 4425 ad

496 4478 687 4541 Deum,
741 4484 800 4529 ut
837 4474 1133 4529 clementer
1191 4467 1453 4537 suscipiat
1502 4481 1692 4537 preces
1738 4464 1974 4519 ﬁdelium
2024 4471 2081 4518 et

2165 549 2365 588 osanna
2396 533 2452 585 in
2495 529 2710 585 excelsis
2737 529 2971 583 canitur.
3013 527 3072 583 In
3117 543 3223 597 qua
3251 528 3420 584 etiam
3451 528 3519 582 ad
3548 528 3771 584 laudem

2167 624 2509 680 terrestrium
2563 629 2970 687 creaturarum,
3028 620 3403 691 virtutumque
3455 620 3770 677 caelestium

2166 716 2493 771 universitas
2517 724 2863 787 provocatur.
2891 713 3063 769 Porro
3084 720 3236 768 sexta
3259 714 3458 769 exhinc
3487 713 3769 768 succedit:

2168 807 2241 863 Te
2273 808 2435 879 igitur
2466 849 2482 874 ,
2510 806 2904 861 clementissime
2933 804 3126 871 Pater,
3155 819 3277 874 quae
3304 812 3387 859 est
3412 803 3771 860 conﬁrmatio

2170 901 2536 967 sacramenti;
2593 907 2656 955 ut
2705 900 2909 955 oblatio
2959 897 3293 955 sanctiﬁcata
3343 913 3446 968 per
3495 897 3773 968 Spiritum

2170 1000 2418 1050 sanctum
2440 992 2469 1032 δ
2499 1006 2696 1062 corpus
2716 998 2771 1046 et
2813 990 3131 1062 sanguinem
3162 987 3539 1045 conformetur
3564 999 3613 1041 ο.
3639 987 3774 1057 Sep-

2170 1086 2303 1142 tima
2328 1098 2460 1140 vero
2488 1084 2663 1140 oratio
2692 1091 2795 1149 est,
2829 1098 2990 1153 quam
3019 1084 3278 1138 Dominus
3308 1089 3495 1138 noster
3524 1082 3769 1152 discipu-

2170 1177 2240 1235 lis
2264 1178 2377 1234 suis
2397 1177 2632 1234 instituit
2652 1190 2810 1232 orare
2837 1174 3022 1231 dicens
3051 1190 3066 1230 :
3096 1173 3261 1230 Pater
3281 1184 3481 1241 noster,
3503 1175 3600 1245 qui
3625 1191 3686 1227 es
3720 1174 3773 1230 in

2173 1269 2337 1325 cretis.

2245 1363 2414 1418 Inter.
2465 1362 2565 1419 Dic
2608 1362 2742 1419 mihi
2771 1363 2878 1418 hac
2912 1360 3158 1418 oratione
3186 1367 3319 1431 quot
3353 1359 3652 1431 petitiones
3677 1359 3772 1413 ba-

2172 1457 2405 1513 bentur?
2458 1455 2616 1528 Resp.
2665 1456 2779 1528 Ego
2817 1455 3069 1527 reSpondi
3112 1454 3209 1510 tibi
3249 1455 3304 1509 in
3353 1452 3566 1525 paucis,
3609 1462 3774 1524 prout

2174 1549 2323 1613 novi,
2354 1549 2619 1604 rationem
2650 1549 2853 1604 missae.
2882 1546 3049 1602 Inter.
3083 1545 3240 1601 Nunc
3263 1546 3513 1610 obsecro,
3544 1554 3609 1599 ut
3630 1544 3769 1601 mihi

2175 1640 2443 1709 similiter,
2473 1649 2636 1713 prout
2674 1640 2949 1712 intelligis,
2981 1640 3109 1711 quid
3139 1640 3193 1695 in
3223 1639 3324 1695 ista
3352 1638 3603 1694 oratione
3631 1654 3768 1693 con-

2174 1734 2430 1799 tineatur,
2484 1734 2667 1790 dicere
2686 1748 2794 1788 non
2825 1734 3076 1804 abneges.
3111 1731 3270 1801 Resp.
3300 1730 3469 1786 Prout
3496 1730 3767 1801 intelligo.

2101 1810 2151 1871 Β
2177 1825 2395 1907 ΐαοίρῃ.
2422 1826 2478 1880 1η
2518 1827 2622 1882 hac
2657 1825 2905 1881 oratione
2931 1833 3137 1895 septem
3166 1822 3457 1892 petitiones
3479 1822 3768 1877 continen-

2174 1927 2282 1976 tur.
2314 1919 2480 1974 Inter.
2535 1919 2664 1987 Qna:
2694 1927 2818 1973 sunt
2846 1918 2962 1973 Ine?
2999 1917 3156 1988 Resp.
3208 1916 3391 1971 Prima
3444 1924 3567 1971 est:
3601 1915 3770 1969 Pater

2175 2020 2380 2074 noster,
2421 2009 2511 2081 qui
2551 2027 2603 2064 es
2651 2011 2707 2064 in
2747 2008 2922 2074 caelis,
2974 2007 3334 2076 sancti/iretur
3370 2022 3559 2060 nomen
3589 2014 3765 2058 tuum.

2177 2103 2425 2159 Secunda
2456 2119 2469 2155 :
2498 2102 2754 2156 Adveniat
2801 2117 3015 2171 regnum
3058 2108 3227 2153 tuum.
3256 2098 3435 2152 Tertia
3464 2111 3480 2150 :
3511 2094 3639 2149 Fiat
3670 2113 3766 2151 eo-

2175 2191 2350 2247 luntas
2382 2201 2491 2258 tua,
2524 2192 2659 2246 sicut
2686 2193 2740 2244 in
2767 2190 2892 2244 corio
2922 2199 2971 2245 et
2992 2191 3048 2243 in
3080 2200 3239 2243 terra.
3271 2187 3474 2255 Quarta
3501 2201 3516 2240 :
3560 2185 3767 2241 Pam

2177 2294 2413 2340 nostrum
2439 2284 2805 2355 quotidianum
2836 2282 2905 2336 da
2936 2282 3083 2336 nobis
3110 2281 3284 2335 hodie.
3308 2278 3504 2347 Quinta
3536 2296 3551 2332 :
3582 2276 3650 2331 Et
3683 2278 3768 2331 di-

2177 2379 2325 2432 mitte
2351 2377 2497 2432 nobis
2526 2377 2700 2431 debita
2736 2385 2936 2440 nostra,
2977 2376 3111 2429 sicut
3132 2383 3179 2429 et
3207 2391 3299 2428 nos
3329 2372 3640 2426 dimittimus
3672 2371 3768 2425 de-

2178 2468 2431 2522 bitoribus
2468 2469 2680 2523 nostris.
2709 2465 2873 2522 Sexta
2902 2484 2915 2519 :
2942 2465 3010 2519 Et
3042 2482 3105 2520 ne
3127 2482 3219 2520 nos
3248 2465 3468 2519 inducas
3505 2466 3563 2518 in
3587 2473 3765 2517 tenta-

2177 2558 2391 2611 tionem.
2427 2555 2667 2626 Septima
2699 2575 2712 2611 :
2748 2555 2851 2612 Sed
2882 2556 3047 2610 libera
3077 2573 3171 2610 nos
3196 2574 3227 2610 a
3247 2553 3406 2610 malo.

2248 2646 2416 2702 Inter.
2462 2646 2616 2701 Nunc
2663 2648 2912 2711 obsecro,
2952 2652 3011 2699 ut
3038 2644 3189 2700 dicas
3223 2645 3374 2708 mihi,
3405 2643 3532 2715 quid
3566 2643 3626 2699 in
3668 2643 3770 2699 iis-

2179 2741 2301 2796 dem
2324 2739 2675 2810 petitionibus
2700 2737 3084 2794 contineatur?
3131 2735 3289 2807 Resp.
3317 2736 3345 2776 ει
3371 2736 3428 2791 in
3457 2736 3637 2791 tribus
3654 2737 3771 2807 pri-

2178 2833 2283 2888 mis
2303 2840 2506 2888 teterna
2532 2838 2828 2903 poscuntur
2856 2848 2869 2884 :
2904 2831 2958 2885 in
2985 2830 3338 2900 sequentibus
3367 2838 3606 2900 quatuor
3631 2838 3769 2885 tem-

2177 2926 2403 2997 poralia,
2438 2941 2557 2996 quae
2586 2935 2766 2981 tamen
2809 2932 3032 2995 propter
3058 2932 3263 2979 reterns
3298 2921 3647 2993 adipiscenda
3678 2937 3769 2993 pe-

2178 3025 2386 3072 tuntur.
2431 3015 2598 3071 Inter.
2628 3015 2939 3084 Quomodo?
2972 3014 3125 3086 Resp.
3152 3012 3290 3069 Nam
3323 3030 3447 3071 cum
3484 3015 3757 3071 dicimus:

2180 3107 2554 3177 Sancti/iretur
2603 3124 2790 3161 nomen
2834 3115 3002 3162 tuum.
3041 3105 3297 3161 Adveniat
3324 3122 3539 3176 regnum
3590 3116 3764 3161 tuum.

2100 3183 2150 3249 C
2178 3197 2306 3253 Fiat
2341 3198 2579 3254 voluntas
2610 3207 2724 3263 tua,
2754 3200 2890 3253 sicut
2915 3200 2972 3254 in
2996 3197 3123 3253 caelo
3150 3207 3197 3253 et
3221 3200 3277 3253 in
3306 3209 3466 3253 terra.
3510 3198 3615 3254 Hic
3643 3200 3765 3271 qui-

2177 3291 2299 3346 dem
2340 3290 2443 3344 ista
2467 3291 2572 3344 tria
2601 3289 2942 3355 inchoantur,
2972 3289 3066 3345 sed
3092 3289 3147 3343 in
3185 3288 3278 3343 illa
3303 3289 3414 3343 vita
3450 3298 3765 3359 sperantur,

2174 3382 2267 3436 ubi
2295 3379 2651 3436 sanctiﬁcatio
2681 3379 2797 3445 Dei,
2848 3388 2903 3435 et
2927 3379 3178 3435 voluntas
3204 3387 3260 3434 et
3291 3394 3515 3451 regnum
3545 3379 3601 3433 in
3639 3394 3765 3435 san-

2177 3472 2278 3528 ctis
2322 3473 2433 3527 suis
2480 3471 2860 3527 immortaliter
2894 3471 3254 3540 permanebit.
3286 3467 3405 3525 1am
3441 3485 3574 3526 vero
3610 3472 3766 3541 panis

2174 3565 2532 3637 quotidianus,
2579 3566 2671 3635 qui
2698 3566 2782 3619 vel
2813 3564 3006 3619 anima:
3033 3565 3119 3620 vel
3152 3565 3305 3620 carni
3347 3565 3627 3627 tribuitur,
3677 3565 3770 3620 hic

2177 3656 2504 3726 exposcitur.
2555 3654 2756 3728 [GHic
2798 3662 2920 3725 post
2963 3655 3263 3710 subsidium
3319 3655 3447 3719 cibi,
3502 3655 3664 3711 venia
3699 3656 3770 3711 ad

2176 3745 2482 3815 exemplum
2520 3744 2775 3800 fraterna:
2826 3744 3172 3816 indulgentia:
3195 3744 3504 3814 postulatur
3536 3763 3551 3799 :
3581 3746 3675 3801 hic
3701 3760 3771 3801 ne

2176 3838 2232 3893 in
2284 3837 2492 3907 peccati
2549 3836 2906 3892 tentationem
2978 3837 3309 3901 incidamus,
3377 3835 3768 3909 exposcimus]

2177 3926 2277 3981 Hic
2320 3934 2442 3995 post
2466 3926 2649 3981 omnia
2676 3934 2787 3980 uta
2806 3925 2964 3980 malis
2992 3925 3289 3982 liberemur
3309 3967 3324 3991 ,
3360 3924 3457 3981 Dei
3507 3926 3772 3981 auxilium

2178 4019 2545 4090 imploramus.
2577 4017 2635 4073 In
2658 4018 2833 4075 tribus
2864 4026 3067 4084 autem,
3097 4033 3219 4090 qua:
3246 4018 3502 4089 superius
3522 4017 3661 4081 dixi,
3687 4018 3771 4073 ni-

2177 4109 2254 4165 hil
2284 4110 2478 4165 horum
2505 4117 2606 4165 est.
2652 4108 2803 4165 Hanc
2833 4110 3014 4180 itaque
3035 4110 3340 4168 orationem
3385 4107 3641 4163 Salvator
3664 4109 3773 4164 dis-

2178 4201 2384 4272 cipulos
2407 4217 2534 4257 suos
2566 4201 2766 4265 docuit,
2798 4202 2851 4256 in
2879 4217 2986 4272 qua
3012 4217 3139 4273 spes
3167 4200 3480 4257 continetur
3506 4200 3773 4266 ﬁdelium.

2178 4300 2235 4348 et
2252 4291 2524 4349 confessio
2543 4303 2911 4364 peccatorum.

2801 4384 3027 4443 CAPUT
3052 4385 3142 4441 XI.

2723 4492 2920 4532 INCIPIT
2960 4492 3026 4531 νε
3065 4491 3206 4532 ΗΒΕ.

495 4566 796 4623 oblationes
844 4576 1052 4618 eorum.
1107 4557 1292 4613 Tertia
1343 4564 1523 4610 autem
1563 4553 1852 4607 effunditur
1901 4552 2076 4607 oratio
2107 4545 2156 4606 Ι)
2257 4564 2554 4622 [nm-.15“
2582 4567 2837 4636 suscipio.
2870 4566 2977 4622 sed
3005 4568 3281 4637 quoniam,
3301 4567 3442 4623 είευι
3466 4568 3633 4634 mu,
3663 4582 3779 4623 om.

492 4674 593 4732 pro
614 4656 983 4718 oll'erentibns,
1016 4652 1127 4707 sive
1155 4664 1255 4719 pro
1284 4645 1554 4702 defunctis
1581 4644 1847 4708 ﬁdelibus,
1878 4644 1932 4698 in
1962 4643 2076 4699 col-

442 4738 445 4743 ’
492 4754 634 4809 lecta
662 4764 782 4821 quae
809 4748 1005 4803 dicitur
1032 4754 1155 4817 post
1196 4742 1449 4821 sacriﬁcii
1489 4741 1870 4812 receptionem.
1895 4748 1955 4794 ut
1981 4756 2081 4810 per

494 4844 638 4902 idem
680 4816 859 4911 ἰϐοάη
889 4816 1175 4907 eumdem}
1196 4816 1522 4890 sacriﬁcium
1562 4833 1776 4887 veniam
1822 4832 2079 4901 consequi

495 4938 830 4993 mereantur.
864 4927 1089 4995 Quarta,
1113 4941 1233 4997 qua:
1261 4925 1498 4997 posthaec
1522 4923 1750 4979 infertur
1770 4938 1870 5005 pro
1895 4923 2079 4979 osculo

496 5027 647 5101 pacis
676 5032 732 5080 et
769 5022 1031 5078 charitate
1070 5016 1525 5075 reconciliationis
1556 5032 1587 5069 a
1623 5015 1847 5071 Sursum
1894 5014 2078 5082 corda,

497 5136 672 5193 usque
731 5134 825 5192 per
882 5115 1147 5172 Christum
1203 5113 1490 5168 Dominum
1552 5121 1811 5167 nostrum.
1881 5111 2082 5179 Quinta

499 5212 692 5269 deinde
710 5209 929 5283 ponitur
949 5206 1134 5262 inlatio
1159 5203 1340 5279 [Isid.,
1365 5202 1555 5275 illatio]
1582 5203 1637 5258 in
1657 5201 2085 5259 sanctiﬁcatione

498 5300 810 5364 oblationis,
836 5314 867 5355 a
893 5298 1030 5363 loco,
1062 5296 1153 5352 ubi
1180 5294 1414 5350 dicitur:
1445 5292 1553 5348 Per
1579 5310 1732 5364 quem
1761 5293 2089 5364 majestatem

580 5434 758 5490 slsid.
811 5432 933 5487 libr.
963 5449 982 5488 ι
1014 5429 1082 5485 de
1127 5428 1334 5484 Eccles.
1386 5425 1606 5492 Oﬁiciis,
1654 5441 1774 5497 cap.
1824 5427 1914 5493 15,
1962 5442 2086 5484 cum

507 5504 677 5563 multa
710 5502 1032 5557 differentia.

580 5575 610 5616 δ
640 5573 757 5629 Non
801 5572 1059 5635 dubium,
1098 5569 1229 5639 quin
1260 5567 1350 5622 hic
1378 5568 1673 5639 supplenda
1714 5567 1785 5621 sit
1822 5565 2086 5639 particula

506 5646 587 5708 in,
613 5658 721 5715 qua
742 5642 1077 5715 exprimatur
1092 5635 1418 5715 oblationem
1441 5635 1853 5715 sanctiﬁcatam',
1874 5644 2005 5701 etc.,
2028 5635 2084 5691 in

508 5707 786 5784 corpuset
814 5707 1157 5784 sanguinem
1190 5708 1389 5784 Christi
1416 5707 1743 5763 conformari
1773 5721 1866 5784 seu
1899 5716 2080 5784 trans:-

513 5776 749 5850 ormari,
772 5784 917 5853 quod
932 5776 1080 5837 'uihil
1091 5779 1236 5837 aliud
1257 5787 1363 5845 est,
1385 5792 1549 5847 quam
1571 5776 2078 5834 transsubstantiari.

2188 4672 2285 4712 nes
2308 4672 2407 4728 per
2435 4656 2595 4712 ﬁdem
2623 4657 2820 4712 salvari
2851 4658 3140 4725 credimus,
3173 4673 3306 4728 rogo
3330 4666 3391 4712 ut
3432 4658 3590 4713 dicas
3614 4658 3778 4723 mihi,

2188 4750 2457 4822 quomodo
2491 4749 2651 4806 ﬁdem
2689 4758 2837 4805 tuam
2867 4750 3140 4821 intelligis,
3180 4751 3265 4806 vel
3294 4750 3462 4805 etiam
3513 4750 3571 4806 in

2187 4838 2407 4893 credis?
2432 4837 2590 4911 Resp.
2628 4838 2740 4910 Ego
2776 4840 2939 4894 credo
2976 4840 3031 4894 in
3065 4840 3235 4895 Deum
3271 4838 3492 4895 Patrem
3525 4841 3782 4911 omnipo—

2185 4939 2412 4995 tentem,
2452 4939 2752 4988 ereatorem
2777 4930 2900 4986 coeli
2929 4939 2987 4986 et
3013 4940 3193 4986 terrae.

2258 5020 2426 5076 Inter.
2477 5020 2656 5089 Quare
2701 5016 2902 5077 dicitur
2921 5022 3284 5092 omnipotens,
3319 5029 3378 5076 et
3414 5036 3587 5093 quare
3624 5036 3786 5078 creao

2188 5112 2309 5167 tor?
2336 5111 2495 5183 Resp.
2526 5110 2879 5184 Omnipotens
2911 5112 3131 5177 dicitur,
3178 5112 3307 5182 quia
3352 5113 3537 5168 omnia
3565 5120 3782 5182 potest;

2192 5212 2445 5270 creator,
2483 5219 2549 5261 eo
2593 5205 2737 5276 quod
2779 5205 2961 5261 omnia
3006 5204 3229 5268 creavit,
3282 5203 3504 5270 cretum,
3553 5213 3785 5269 ternm.

2196 5312 2348 5354 mare
2364 5307 2422 5355 et
2446 5299 2629 5356 omnia
2655 5313 2777 5370 quae
2806 5298 2862 5355 in
2887 5298 2969 5355 eis
2997 5306 3142 5354 sunt.

2269 5444 2292 5473 ο
2320 5432 2475 5504 Apud
2503 5431 2836 5504 Isidorumgl.
2861 5432 2955 5488 cit.
2991 5449 3004 5485 :
3032 5431 3242 5502 corpori
3267 5438 3318 5486 et
3346 5428 3591 5502 sanguini
3621 5424 3789 5484 Chri-

2193 5505 2263 5557 sti
2283 5501 2654 5574 conﬁrmctur;
2684 5501 2829 5558 nullo
2856 5517 3036 5558 sensu.

2259 5573 2287 5614 ἀ
2316 5575 2440 5629 Isid.
2474 5575 2579 5630 loc.
2611 5575 2706 5629 cit.

2187 5646 2441 5769 do;oQuaa
2485 5644 2699 5701 uncinis
2740 5642 3107 5710 includuntur,
3137 5641 3382 5715 suppleta
3423 5649 3640 5701 suntex
3662 5638 3785 5709 Ili-

2864 5878 2875 5893 ς
2896 5882 2901 5888 ι

2866 5884 2901 5893 ,.

2831 5884 2858 5924 ,ι
2981 5891 3130 5915 -
