4038 6354
326 277 468 369 stst

1255 278 1410 340 OPP.
1452 278 1681 339 DUBIA.
1724 305 1794 321 -—
1830 272 2251 334 DISPUTATIO
2287 267 2696 334 PUERORUM.

3462 273 3604 331 H58

395 370 565 451 Inter.
596 390 789 450 Credis
831 390 889 450 in
916 386 1101 452 Iesum
1131 393 1444 451 Christum?
1475 393 1634 467 Resp.
1680 390 1915 449 Omnino
1937 392 1994 453 Α
2015 395 2115 443 ter.
2168 385 2311 455 Quid
2361 387 2752 457 interpretatur
2791 381 3022 439 Latine?
3072 381 3231 454 Resp.
3272 381 3606 442 Convocaﬁo

319 487 486 563 ‘37
514 488 679 545 credo
708 489 763 544 in
788 485 972 544 Jesum
1006 487 1285 545 Christum
1307 487 1506 544 Filium
1534 486 1653 557 ejus
1692 485 1913 541 unicum

319 582 613 638 Dominum
658 589 926 647 nostrum,
976 581 1070 653 qui
1114 590 1198 637 est
1242 597 1405 638 verus
1456 581 1599 637 Deus
1652 586 1709 635 et
1753 592 1914 634 verus

319 672 503 729 homo.
535 672 702 728 Inter.
727 672 1007 741 Quomodo
1048 674 1210 742 Deus,
1242 682 1297 730 et
1336 673 1607 745 quomodo
1646 687 1807 728 verus
1831 679 1915 727 est

318 765 521 823 homo?
548 764 706 838 Resp.
729 766 874 823 Deus
900 783 1062 823 verus
1088 776 1191 834 est,
1215 768 1341 838 quia
1369 767 1437 823 de
1469 767 1676 839 Spiritu
1722 773 1914 823 sancto

316 865 616 929 conceptus
642 867 745 915 est.
785 857 958 917 Homo
986 874 1147 915 verus
1174 867 1280 926 est,
1327 859 1450 929 quia
1484 875 1551 914 ex
1595 858 1764 914 Maria
1791 859 1915 914 Vir-

316 952 445 1025 gine
469 960 631 1007 natus
655 959 760 1007 est.
786 951 957 1007 Inter.
990 951 1131 1008 Ecce
1158 952 1309 1007 illum
1333 960 1539 1006 natum.
1565 950 1702 1018 Quid
1724 958 1912 1021 postea

314 1044 520 1102 factum
544 1046 666 1101 est?
708 1043 867 1118 Resp.
910 1046 1041 1103 Post
1065 1055 1312 1102 sanctam
1344 1046 1490 1101 enim
1516 1042 1634 1113 ejus
1660 1043 1911 1098 nativita-

316 1145 427 1195 tem
446 1144 608 1192 aetate
633 1144 691 1193 et
718 1136 989 1207 sapientia
1029 1154 1283 1195 crescens
1312 1152 1423 1192 xxx
1452 1149 1623 1191 annos
1646 1133 1908 1204 implevit.

313 1228 372 1284 In
401 1245 509 1300 qua
538 1230 703 1286 etiam
747 1239 907 1287 aetate
953 1248 984 1287 a
1010 1229 1219 1287 Joanne
1261 1230 1503 1301 Baptista
1542 1229 1794 1299 dignatus
1828 1234 1913 1283 est

311 1320 601 1392 baptizari,
642 1331 699 1377 et
717 1331 842 1394 post
869 1324 1200 1396 baptismum
1224 1323 1398 1378 tribus
1420 1320 1578 1376 annis
1607 1329 1663 1376 et
1685 1319 1910 1375 dimidio

313 1414 498 1469 docuit
534 1422 589 1469 et
615 1416 932 1485 praedicavit
959 1415 1162 1481 omnia,
1194 1429 1316 1485 qua:
1340 1415 1410 1471 ad
1448 1414 1616 1469 vitam
1647 1421 1910 1468 aeternam

308 1505 603 1576 pertinent.
663 1506 831 1562 Inter.
900 1507 1032 1564 Post
1089 1507 1231 1562 hanc
1285 1504 1731 1578 prmdicationem
1779 1502 1909 1573 quid

309 1594 515 1654 factum
563 1598 681 1654 est?
708 1598 864 1670 Resp.
892 1598 951 1654 ln
981 1600 1095 1670 ipsa
1125 1599 1514 1670 praedicatione
1543 1596 1907 1667 comprehen-

309 1705 404 1748 sus
431 1697 517 1747 est
554 1692 622 1746 ab
650 1691 850 1762 iniquis
877 1700 932 1746 et
957 1691 1181 1762 perfidis
1207 1689 1429 1758 Iudaeis,
1478 1704 1511 1744 a
1538 1689 1735 1761 quibus
1777 1703 1907 1759 pro-

2016 494 2113 535 seu
2139 480 2491 552 congregatio
2513 477 2970 545 Christianorum,
2998 476 3141 533 sicut
3170 478 3419 547 superius
3442 476 3575 532 dixi.

2086 570 2255 626 Inter.
2297 571 2488 628 Credis
2514 571 2569 627 in
2598 571 2979 627 remissionem
3020 568 3408 641 peccatorum?
3440 566 3600 641 Resp.

2012 663 2132 720 Non
2161 678 2177 717 :
2209 664 2304 719 sed
2341 678 2463 720 esse
2487 664 2864 720 remissionem
2893 671 3238 734 peccatorum
3257 664 3443 720 credo.
3468 662 3605 731 Quia

2010 765 2237 827 propter
2264 756 2371 812 hoc
2416 756 2669 828 dignatus
2713 764 2801 813 est
2844 756 2941 812 Dei
2979 755 3149 813 Filius
3197 770 3415 812 carnem
3459 770 3609 811 assu-

2013 863 2182 912 mere,
2210 856 2271 903 ut
2300 864 2419 915 nos,
2444 849 2538 920 qui
2580 857 2804 920 propter
2832 855 3055 918 peccata
3087 834 3276 904 nostra
3321 846 3456 903 salvi
3485 860 3609 903 esse

2014 953 2124 995 non
2154 947 2488 1009 poteramus,
2517 940 2634 1011 ejus
2665 941 3040 997 misericordia
3068 941 3427 997 salvaremur.

2085 1030 2256 1086 Inter.
2321 1030 2513 1087 Credis
2564 1033 2621 1087 in
2666 1034 2845 1089 carnis
2898 1034 3390 1090 resurrectionem?
3443 1035 3603 1108 Resp.

2012 1121 2133 1179 Non
2163 1123 2327 1180 credo
2355 1124 2411 1179 in
2455 1124 2626 1190 illam,
2655 1125 2749 1180 sed
2778 1139 2999 1180 carnem
3019 1166 3035 1191 ,
3056 1141 3221 1196 quam
3265 1127 3322 1181 in
3364 1127 3470 1183 hac
3495 1126 3608 1182 vita

2010 1217 2113 1273 sub
2175 1217 2394 1274 mortali
2452 1218 2764 1274 conditione
2798 1227 3080 1288 portamus
3106 1259 3123 1285 ,
3170 1227 3607 1275 resurrecturam

2012 1322 2134 1365 esse
2162 1308 2526 1365 immortalem
2547 1310 2734 1376 credo,
2765 1318 2819 1366 et
2845 1326 2945 1383 pro
2980 1312 3258 1368 consortio
3281 1312 3475 1368 animae
3517 1326 3608 1367 ra-

2014 1399 2218 1455 tionem
2250 1400 2606 1457 reddituram.
2634 1402 2814 1458 Vitam
2842 1409 3102 1458 aeternam
3124 1418 3255 1459 vero
3288 1403 3405 1459 sine
3440 1402 3606 1458 dubio

2010 1507 2113 1547 nos
2137 1501 2527 1549 consecuturos
2564 1494 2870 1560 credamus,
2920 1495 2968 1549 si
2996 1494 3136 1569 ista,
3171 1510 3291 1565 quae
3324 1494 3607 1565 hucusque

2012 1585 2385 1655 exposuimus,
2414 1586 2648 1643 ﬁrmiter
2677 1596 2977 1656 teneamus,
3008 1595 3064 1644 et
3091 1587 3346 1659 operibus
3375 1585 3605 1642 ﬁdeliter

2013 1679 2355 1749 impleamus.

306 1790 433 1851 pter
458 1782 718 1837 invidiam
740 1757 1037 1839 illorum-et
1055 1790 1277 1853 propter
1296 1788 1521 1853 peccata
1549 1757 1739 1836 nostra
1764 1757 1900 1834 mul-

2012 1790 2073 1848 εἰ
2110 1793 2346 1865 ejusdem
2388 1795 2518 1865 ﬁdei
2545 1797 2803 1867 rationem
2841 1796 3045 1867 plenius
3097 1812 3248 1851 nosse
3299 1794 3603 1863 desideras,

308 1880 396 1928 tas
436 1871 819 1944 blasphemias,
875 1871 1183 1944 multasque
1229 1874 1513 1944 passiones
1562 1872 1663 1928 sub
1710 1870 1906 1927 Pontio

307 1961 502 2031 Pilato,
552 1964 645 2036 qui
682 1964 853 2036 judex
884 1972 1005 2020 erat
1026 1964 1119 2021 illo
1152 1973 1393 2037 tempore
1425 1963 1482 2019 in
1506 1961 1711 2029 Judzea,
1740 1960 1906 2018 susti-
1991 1970 1999 1977 '

305 2055 446 2113 nuit.

378 2145 548 2203 Inter.
604 2147 758 2205 Unde
806 2148 1007 2205 dicitur
1048 2147 1304 2205 Pontius?
1338 2148 1500 2219 Resp.
1543 2146 1587 2203 A
1630 2147 1778 2215 loco,
1808 2148 1903 2204 ubi

306 2248 471 2297 natus
500 2238 634 2306 fuit,
679 2241 783 2297 hoc
832 2255 1032 2296 nomen
1080 2239 1307 2310 accepit.
1359 2239 1528 2294 Inter.
1587 2239 1726 2307 Quid
1781 2246 1905 2310 post

308 2332 462 2404 haec?
499 2330 657 2403 Resp.
698 2330 811 2387 Sub
843 2330 934 2385 illo
974 2331 1119 2387 enim
1158 2328 1453 2386 cruciﬁxus
1488 2337 1592 2394 est,
1624 2338 1681 2385 et
1720 2330 1775 2385 in
1805 2345 1900 2386 ea-

309 2425 431 2495 dem
476 2441 639 2482 cruce
672 2432 939 2482 mortuus.
970 2424 1177 2480 Deinde
1224 2424 1469 2495 sepultus
1497 2432 1604 2489 est,
1653 2430 1725 2489 et,
1782 2438 1901 2479 ma-

306 2523 473 2573 nente
501 2532 729 2589 corpore
773 2516 830 2572 in
875 2516 1159 2589 sepulcro,
1200 2516 1382 2571 anima
1416 2515 1534 2587 ejus
1573 2516 1642 2573 ad
1688 2515 1900 2571 inferna

308 2608 609 2675 descendit,
633 2608 700 2664 de
714 2624 822 2679 quo
835 2608 1049 2664 inferno
1064 2617 1283 2665 sanctos
1296 2609 1657 2680 patriarchas,
1682 2609 1737 2665 id
1752 2618 1896 2678 sunt,

304 2699 611 2765 Abraham,
638 2698 793 2756 lsaac
840 2708 897 2755 et
948 2697 1137 2765 Jacob,
1190 2708 1247 2755 et
1292 2708 1512 2756 sanctos
1560 2702 1896 2772 prophetas,

306 2792 538 2858 Isaiam,
574 2791 899 2859 Jeremiam,
951 2800 1007 2846 et
1034 2792 1291 2863 reliquos,
1326 2809 1390 2849 ac
1418 2802 1644 2849 caeteros
1685 2810 1896 2862 omnes,

307 2903 445 2957 quos
471 2886 655 2957 elegit,
686 2885 1114 2942 misericorditer
1148 2885 1422 2954 liberavit,
1455 2895 1511 2942 et
1534 2888 1709 2944 victor
1734 2888 1896 2944 tertia

306 2977 396 3034 die
426 2992 459 3032 a
489 2977 718 3033 mortuis
750 2977 1068 3033 resurrexit.

328 3122 329 3125 η
377 3068 548 3126 Inter.
600 3069 892 3141 Postquam
944 3070 1285 3139 resurrexit,
1334 3070 1465 3142 quid
1516 3070 1681 3127 fecit?
1735 3070 1893 3145 Resp.

306 3161 437 3219 Post
467 3163 862 3219 nobilissimam
895 3163 1042 3220 enim
1071 3171 1128 3219 et
1155 3165 1560 3221 sanctissimam
1588 3164 1704 3235 ejus
1719 3181 1900 3223 resur-

305 3258 605 3314 rectionem
641 3266 995 3314 conversatus
1020 3268 1105 3314 est
1131 3274 1199 3315 x1.
1228 3259 1444 3327 diebus,
1470 3269 1526 3316 et
1552 3276 1620 3316 χι.
1651 3260 1900 3318 noctibus

304 3367 434 3409 cum
461 3351 746 3422 discipulis
773 3352 905 3418 suis,
937 3361 993 3407 et
1018 3353 1364 3408 manducavit
1387 3368 1513 3408 cum
1551 3352 1692 3421 illis,
1730 3352 1901 3409 multa

305 3444 510 3503 docens
537 3455 594 3501 et
626 3445 854 3515 loquens
887 3444 954 3501 de
991 3458 1161 3516 regno
1194 3445 1313 3500 Dei.

290 3578 293 3579 γ
376 3537 548 3591 Inter.
580 3535 723 3603 Quid
749 3536 975 3606 postea?
1006 3534 1165 3608 Resp.
1212 3536 1343 3592 Post
1366 3538 1484 3593 haec
1533 3552 1666 3593 vero
1705 3537 1902 3594 viden-

305 3632 457 3687 tibus
490 3629 600 3685 illis
628 3628 873 3685 ascendit
905 3628 960 3684 in
1006 3627 1227 3695 ctelum,
1262 3630 1354 3684 ubi
1389 3630 1660 3699 quomodo
1689 3631 1808 3686 vult
1843 3638 1902 3687 et

306 3722 545 3795 qualiter
574 3721 713 3789 vult,
757 3720 910 3778 sedet
957 3719 1028 3777 ad
1063 3720 1343 3777 dexteram
1370 3721 1470 3778 Dei
1499 3720 1679 3778 Patris
1724 3722 1901 3778 omni-

307 3814 567 3886 potentis.

378 3906 547 3962 Inter.
591 3905 733 3974 Quid
773 3906 1014 3977 posthaec
1041 3906 1287 3962 facturus
1314 3906 1455 3962 erit?
1505 3904 1663 3977 Resp.
1715 3904 1898 3961 Finito

282 3998 495 4056 -mundi
523 3998 757 4055 termino
780 4014 904 4053 cum
932 3998 1050 4067 ipso
1077 4004 1327 4069 'corpore,
1360 4013 1485 4053 cum
1512 4012 1621 4067 quo
1648 3996 1899 4053 ascendit

307 4090 365 4147 in
404 4089 623 4156 caelum,
644 4097 916 4153 venturus
943 4097 1027 4145 est
1072 4089 1323 4161 judicare
1350 4088 1504 4144 vivos
1530 4098 1587 4144 et
1629 4098 1893 4145 mortuos.

276 4242 287 4251 η,
304 4178 475 4236 Inter.
521 4180 625 4248 Qui
656 4188 785 4235 sunt
809 4180 917 4235 vivi
946 4188 1003 4236 et
1030 4181 1123 4252 qui
1146 4188 1274 4254 sunt
1297 4181 1532 4237 mortui?
1564 4179 1724 4254 Resp.
1775 4181 1898 4238 Vivi

297 4272 469 4343 justi;
502 4273 702 4328 mortui
739 4251 1071 4345 peccatores.
1239 4251 1258 4268 ’

375 4365 544 4422 Inter.
572 4367 764 4423 Credis
786 4369 843 4423 in
884 4367 1148 4439 Spiritum
1170 4370 1462 4426 sanctum?
1508 4369 1667 4442 Resp.
1713 4368 1888 4427 Credo

304 4461 422 4515 sine
451 4460 615 4517 dubio
644 4461 699 4515 in
725 4460 991 4532 Spiritum
1016 4472 1286 4531 unctum,
1326 4463 1420 4534 qui
1445 4463 1588 4519 idem
1621 4462 1767 4519 Deus
1810 4473 1896 4519 est

302 4559 358 4608 et
383 4552 438 4607 in
460 4552 727 4608 Trinitate
753 4554 911 4621 tertia
950 4568 1203 4623 persona.
1248 4553 1385 4621 Quia
1413 4553 1522 4610 alia
1545 4565 1631 4611 est
1658 4570 1894 4626 persona

270 4641 503 4711 ,Patris,
531 4644 637 4700 alia
665 4644 808 4710 Filii,
844 4645 952 4699 alia
988 4644 1225 4716 Spiritus
1256 4647 1451 4702 sancti.
1478 4646 1537 4701 In
1576 4662 1683 4718 qua
1709 4647 1893 4705 Trini-

301 4743 417 4792 tate
439 4752 606 4792 unum
635 4735 807 4791 Deum
837 4736 1061 4792 omnino
1078 4751 1199 4791 esse
1223 4738 1389 4792 credo
1420 4745 1475 4792 et
1500 4738 1781 4793 conﬁteor.

299 4835 317 4881 ι’
374 4828 547 4886 Inter.
578 4827 767 4884 Credis
808 4828 865 4884 in
920 4836 1164 4884 sanctam
1211 4827 1512 4885 Ecclesiam
1566 4830 1891 4886 catholicam

299 4926 357 4976 et
378 4920 433 4974 in
465 4927 778 4974 sanctorum
807 4920 1281 4976 communionem?
1321 4919 1480 4993 Resp.
1524 4921 1657 4979 Esse
1687 4924 1891 4979 etenim

260 5050 267 5053 -
301 5024 549 5073 sanctam
589 5013 908 5080 Ecclesium,
956 5013 1053 5070 sed
1088 5014 1144 5069 in
1185 5014 1333 5069 illam
1377 5032 1485 5071 non
1529 5018 1713 5084 credo,
1764 5019 1890 5089 quia

299 5124 412 5166 non
440 5109 603 5174 Deus,
628 5109 725 5165 sed
753 5108 1074 5165 convocatio
1107 5124 1202 5164 seu
1240 5111 1589 5182 congregatio
1626 5111 1892 5168 Christia-

299 5219 497 5261 norum
521 5202 652 5277 [est]
689 5203 830 5259 sicut
861 5202 1112 5273 superius
1153 5214 1180 5242 ι
1218 5202 1349 5258 dixi.
1400 5201 1570 5257 Inter.
1618 5202 1758 5270 Quid
1809 5213 1892 5261 est

298 5296 603 5355 catholica?
632 5295 789 5367 Resp.
824 5294 1191 5360 Universalis,
1230 5293 1286 5349 id
1328 5302 1437 5359 est,
1459 5309 1557 5364 per
1589 5302 1764 5349 totum
1795 5311 1889 5349 or-

297 5390 426 5448 bem
465 5388 679 5446 diffusa.
715 5386 1037 5444 Sanctorum
1066 5386 1525 5453 communionem,
1556 5387 1610 5441 id
1637 5396 1739 5454 est,
1764 5403 1891 5443 cum

300 5486 510 5543 sanctis
548 5485 865 5542 societatem
909 5491 967 5540 et
1003 5482 1437 5539 communionem
1462 5481 1666 5537 habere
1708 5482 1890 5549 credo,

299 5578 347 5633 si
386 5575 550 5633 ﬁdem
571 5576 801 5632 ﬁrmiter
840 5585 1064 5632 tenuero
1090 5582 1147 5630 et
1180 5575 1436 5646 cperibus
1458 5588 1764 5630 servavero.
1799 5574 1893 5629 In-

266 5684 271 5687 '
302 5680 409 5726 ter.
446 5660 692 5726 Ecclesia
728 5686 834 5740 qua
863 5669 1048 5742 lingua
1082 5668 1319 5725 dicitur?
1347 5667 1506 5742 Resp.
1535 5668 1743 5727 Graeca.
1798 5668 1893 5728 In-

377 5799 405 5833 ι
431 5784 622 5846 Potius
664 5784 892 5847 inferius
917 5786 1065 5844 circa
1091 5782 1275 5841 ﬁnem.

1924 4520 1978 4582 D

2406 1868 2463 1921 in
2498 1866 2681 1922 ordine
2706 1866 2940 1938 sequenti
2962 1866 3209 1922 invenies.

2081 1975 2251 2033 Inter.
2302 1976 2401 2033 Dic
2448 1978 2604 2044 mihi,
2652 1976 2979 2048 symbolum,
3032 1977 3087 2032 in
3129 1992 3238 2048 quo
3263 1978 3381 2033 haec
3408 1977 3603 2032 eadem

2010 2069 2145 2126 ﬁdes
2171 2071 2502 2137 continetur,
2531 2068 2687 2139 cujus
2715 2070 2894 2142 lingua
2919 2071 3180 2126 vocatur?
3203 2069 3271 2125 Et
3307 2085 3416 2141 quo
3462 2076 3598 2123 tem-

2007 2176 2159 2233 pore,
2191 2162 2276 2217 vel
2308 2178 2339 2217 a
2366 2162 2562 2233 quibus
2591 2162 2901 2217 auctoribus
2949 2162 3021 2217 sit
3064 2162 3444 2232 compositum.
3500 2155 3601 2216 Vel

2007 2255 2195 2320 etiam,
2224 2255 2316 2326 qui
2341 2254 2469 2311 illud
2492 2263 2935 2325 composuerunt,
2980 2270 3213 2324 quorum
3261 2255 3371 2309 sint
3413 2268 3600 2309 exem-

2004 2344 2154 2417 plum
2187 2345 2508 2401 consecuti?
2540 2344 2699 2417 Resp.
2730 2345 2910 2411 Certe,
2954 2344 3142 2411 frater,
3178 2361 3303 2400 cum
3338 2346 3480 2401 scias
3512 2361 3603 2402 me

2004 2454 2233 2510 parvum
2260 2452 2369 2494 non
2405 2437 2578 2494 solum
2602 2452 2850 2509 corpore,
2894 2438 2989 2493 sed
3017 2445 3073 2493 et
3098 2452 3282 2503 sensu,
3306 2436 3465 2492 valde
3494 2434 3601 2492 dif-

2006 2531 2204 2589 ﬁcilem
2230 2532 2495 2588 rationem
2531 2547 2563 2586 a
2603 2547 2692 2603 me
2719 2531 2975 2602 requiris,
3022 2530 3118 2586 sed
3160 2540 3343 2585 tamen
3380 2530 3606 2601 propter

2006 2626 2249 2699 ejusdem
2280 2626 2406 2682 ﬁdei
2442 2625 2787 2681 dilectionem
2822 2640 2907 2690 ea,
2948 2638 3069 2693 qua:
3100 2623 3168 2678 de
3216 2622 3308 2677 illa
3336 2620 3604 2677 Dominus

2005 2719 2140 2776 mihi
2169 2718 2549 2774 administrare
2585 2718 2855 2789 dignatur,
2889 2716 2985 2771 tibi
3008 2715 3247 2786 pandere
3289 2728 3400 2770 non
3438 2713 3603 2769 dene-

2007 2812 2164 2883 gabo.
2216 2809 2383 2866 Inter.
2415 2809 2532 2865 Nisi
2563 2810 2711 2865 enim
2741 2818 2891 2865 tuam
2920 2808 3265 2864 dilectionem
3309 2805 3473 2861 talem
3510 2818 3602 2860 co-

2007 2918 2348 2976 gnoscerem,
2375 2917 2721 2973 nequaquam
2746 2901 2872 2956 talia
2911 2917 2941 2956 a
2983 2908 3039 2957 te
3070 2898 3351 2969 requirere
3378 2896 3599 2953 debuis-

2006 3009 2141 3050 sem.
2173 2992 2332 3065 Resp.
2359 2992 2675 3065 Symbolum
2705 3006 2939 3062 namque
2973 3006 3169 3046 nomen
3215 2998 3299 3045 est
3326 2987 3600 3054 Graecum,

2006 3087 2148 3160 quod
2176 3089 2369 3144 Latine
2397 3087 2616 3144 collatio
2641 3086 2885 3156 pecuniae
2914 3085 3323 3154 interpretatur,
3359 3078 3504 3151 quod
3545 3084 3603 3134 et

1927 3152 1976 3218 θ
2004 3152 2151 3237 beati
2200 3179 2433 3255 apostoli
2484 3188 2611 3249 post
2642 3152 3073 3248 susceptionem
3110 3174 3346 3246 Spiritus
3385 3168 3559 3227 sancti
3581 3209 3599 3234 ,

2002 3273 2320 3345 priusquam
2352 3270 2421 3326 ab
2456 3268 2691 3324 invicem
2718 3274 3119 3339 separarentur,
3151 3279 3252 3335 pro
3277 3264 3435 3335 signo
3473 3260 3600 3317 ﬁdei

2005 3370 2445 3436 composuerunt.
2486 3359 2595 3416 Sed
2642 3376 2872 3431 quorum
2903 3358 3211 3429 exemplum
3239 3357 3295 3413 in
3321 3357 3428 3412 hoc
3457 3352 3601 3410 facto

2004 3456 2235 3512 fuissent
2260 3454 2480 3521 imitati,
2506 3454 2804 3509 secundum
2832 3451 2977 3522 quod
3006 3449 3132 3521 legi,
3159 3449 3399 3505 breviter
3419 3458 3600 3503 osten-

1974 3548 2148 3607 dam.
2218 3547 2477 3615 Quzedam
2532 3544 2843 3601 Israeliticae
2891 3542 3068 3597 tribus
3120 3550 3243 3595 cum
3306 3539 3599 3595 adversum

2003 3653 2064 3694 se
2086 3637 2296 3693 civibus
2321 3634 2529 3707 [Forte,
2562 3632 2734 3706 civili]
2768 3632 2957 3704 praelio
2981 3633 3346 3695 decertarent,
3377 3638 3433 3684 et
3471 3640 3599 3698 pro-

2002 3739 2127 3802 pter
2155 3728 2317 3784 unius
2342 3726 2525 3798 populi
2552 3723 2766 3797 [Suppl.
2795 3738 2947 3778 arma
2976 3722 3062 3776 vel
3106 3717 3303 3791 simile]
3332 3718 3417 3773 vel
3440 3716 3598 3773 habi-

2004 3830 2120 3877 tum
2144 3820 2287 3876 inter
2305 3818 2567 3875 bellantes
2608 3816 2865 3872 discretio
2900 3830 3021 3871 esse
3045 3830 3151 3870 non
3187 3802 3403 3885 posset,
3419 3811 3598 3868 tribus

2000 3912 2112 3978 illa,
2137 3912 2221 3967 cui
2240 3910 2439 3982 justior
2467 3916 2586 3964 erat
2613 3922 2777 3963 causa
2792 3906 3085 3978 pugnandi,
3115 3913 3171 3961 et
3197 3921 3294 3977 per
3316 3904 3411 3959 Dei
3440 3902 3596 3977 auxi-

1999 4003 2133 4058 lium
2169 4001 2454 4058 victoriam
2486 4015 2544 4056 se
2570 3999 2772 4056 habere
2813 3999 3058 4070 putabat,
3108 3997 3445 4069 signaculum
3491 3995 3598 4052 sibi

1998 4096 2235 4153 certoin
2281 4109 2533 4150 sermone
2585 4091 2888 4157 constituit,
2911 4101 2972 4146 ut
3013 4107 3149 4162 quos
3180 4091 3341 4145 unius
3375 4080 3597 4145 habitus

1997 4198 2054 4245 et
2076 4203 2184 4242 una
2228 4202 2502 4242 armorum
2531 4185 2827 4240 similitudo
2868 4184 3189 4240 confuderat
3232 4180 3424 4257 [Cod.,
3463 4196 3595 4237 con-

1997 4275 2288 4350 funderat],
2334 4276 2647 4333 secretioris
2675 4275 2826 4332 verbi
2869 4276 3228 4347 distingueret
3275 4261 3593 4330 sacramen-

1997 4385 2133 4432 tum.
2174 4374 2326 4443 Quod
2360 4382 2416 4429 et
2436 4373 2581 4430 beati
2606 4372 2858 4444 apostoli,
2881 4371 2971 4442 qui
3007 4369 3305 4425 Ecclesiam
3336 4369 3430 4424 Dei
3457 4382 3590 4424 con-

2001 4480 2087 4525 tra
2118 4467 2380 4524 malitiam
2407 4464 2658 4521 diabolici
2706 4463 2905 4519 furoris
2952 4463 3259 4526 armabant,
3295 4469 3351 4515 et
3401 4458 3593 4516 defen-

1999 4578 2154 4619 sores
2187 4576 2252 4616 ac
2279 4568 2708 4632 pr0pugnatores
2754 4555 2897 4611 illius
2926 4562 3085 4610 erant
3129 4551 3319 4633 futuri,
3351 4552 3456 4607 hoc
3503 4566 3593 4607 se-

1995 4662 2226 4727 quentes
2262 4650 2566 4722 exemplum
2597 4648 2913 4721 mysterium
2939 4644 3175 4717 symboli
3228 4643 3589 4700 tradiderunt.

1995 4748 2063 4804 Et
2093 4747 2219 4818 quia
2264 4745 2366 4802 sub
2412 4758 2521 4799 uno
2565 4740 2785 4797 nomine
2831 4737 3034 4793 Christi
3083 4736 3420 4793 credentium
3471 4744 3592 4790 erat

1995 4839 2179 4896 futura
2216 4836 2533 4900 diversitas,
2575 4830 2912 4904 signaculum
2947 4828 3179 4902 symboli
3226 4829 3368 4883 inter
3403 4825 3590 4882 ﬁdeles

1995 4934 2342 5007 perﬁdosque
2391 4933 2738 4993 secerneret,
2796 4924 2920 4995 quis
2967 4922 3142 4979 ﬁdelis
3177 4920 3368 4992 quisve
3415 4917 3589 4974 hostis

1997 5016 2283 5099 appareret
2315 5022 2589 5078 Ecclesizc.

2068 5120 2236 5175 Inter.
2272 5114 2443 5171 Valde
2474 5114 2691 5185 placent
2715 5129 2835 5184 qua:
2865 5113 3019 5179 dicis,
3065 5112 3112 5167 si
3143 5120 3323 5166 tamen
3363 5106 3587 5162 nomina

1996 5212 2212 5269 illarum
2234 5209 2494 5276 tribuum,
2519 5222 2821 5278 nomenque
2847 5205 3043 5262 secreti
3074 5202 3359 5268 sermonis,
3388 5200 3455 5256 de
3475 5213 3588 5271 quo

1997 5306 2235 5368 dixeras,
2276 5300 2516 5356 indicare
2556 5300 2842 5369 voluisses.
2899 5297 3056 5369 Resp.
3090 5293 3147 5352 Si
3173 5296 3276 5349 rite
3306 5294 3584 5360 recordor,

1996 5396 2212 5458 faciam,
2263 5394 2406 5465 quod
2453 5393 2655 5463 petisti.
2692 5392 2827 5447 Cum
2857 5389 3011 5461 Jepte
3057 5389 3167 5444 dux
3196 5387 3443 5459 justioris
3482 5386 3587 5442 tri-

1995 5490 2098 5545 bus
2143 5485 2347 5542 Galaad
2398 5484 2742 5555 cognovisset
2794 5481 3044 5536 inimicos
3091 5477 3243 5548 ejus,
3294 5479 3467 5534 tribus
3505 5476 3587 5536 Vi-

1995 5581 2190 5637 delicet
2239 5576 2480 5642 Etl'raim,
2537 5575 2798 5631 adversus
2851 5588 2910 5627 se
2960 5571 3265 5638 advenisse,
3296 5571 3587 5644 occupavit

1993 5674 2249 5732 continuo
2275 5669 2413 5729 vada
2442 5667 2719 5731 Iordanis,
2759 5682 2857 5737 per
2880 5681 3001 5735 qua:
3029 5665 3115 5739 illi
3153 5666 3347 5723 reverti
3383 5664 3584 5725 debue-
