4038 6354
454 336 459 341 ,
490 286 627 344 1159

1282 280 1343 334 Β.
1381 280 1443 337 ἲ.
1482 276 1711 341 Αιδης]
1759 274 1893 331 SEU
1931 270 2209 338 AW
2246 270 2535 337 OPEBUI
2569 271 2747 335 PARS
2790 272 2917 329 Vill.

3611 278 3752 338 ιω

486 404 633 453 rant.
663 393 768 461 Qui
793 393 922 449 dum
949 406 1010 449 se
1028 397 1309 463 superum
1332 397 1739 461 eogtwseerent,
1756 396 1812 447 et
1837 387 1903 441 de
1929 400 2063 455 prae-
2080 386 2140 455 A
2163 394 2239 439 est
2262 384 2327 439 de
2352 383 2553 455 Spiritu
2578 397 2758 442 sancto
2798 396 2955 442 natas
2977 403 3044 444 ex
3072 388 3252 445 Maria
3291 387 3531 462 Virgine.
3578 390 3753 462 Spiri-

491 487 565 543 lio
585 473 853 554 fugientes
878 497 977 554 per
992 483 1183 541 eadem
1203 482 1341 537 vada
1360 482 1590 541 evadere
1618 479 1858 537 volentes
1886 487 2061 539 trans-

488 577 655 635 eundi
686 576 959 633 licentiam
986 575 1360 646 postulabam,
1385 575 1894 642 interrogabantque
1924 586 2018 626 eos
2044 590 2057 626 :

494 668 649 741 Unde
691 668 859 727 estis?
908 667 1011 734 Qui
1038 669 1444 739 respondentes,
1473 666 1795 723 de-Galaad.
1832 666 2061 723 Statim-

489 772 593 827 que
624 757 731 812 illis
769 756 1088 813 dicebatur:
1127 758 1183 813 Si
1219 760 1285 813 de
1315 758 1519 813 Galaad
1547 758 1701 822 estis,
1739 756 1899 815 dicite
1931 756 2083 827 ergo'

490 847 749 915 Seboletlt,
780 847 926 918 quod
976 851 1363 921 interpretatur
1408 851 1578 920 spica.
1613 849 1765 916 Quod
1809 865 1933 907 eum
1977 849 2062 905 tli-

487 955 611 996 cere
639 956 745 997 non
767 932 1037 1012 poterant,
1072 943 1320 1012 protinus
1347 943 1523 1010 capite
1551 941 1959 1004 truncabantur,
2006 948 2066 999 It

488 1033 683 1089 secreti
721 1032 991 1095 sermonis
1036 1034 1236 1089 veritas
1276 1034 1617 1102 probaretur.
1650 1031 1748 1085 llic
1792 1040 1877 1086 est
1919 1031 2064 1084 enim

488 1137 670 1187 sermo
704 1133 969 1190 secretus,
998 1138 1159 1195 quem
1196 1123 1560 1185 Galaaditides
1606 1123 1705 1177 sibi
1752 1137 1851 1192 pro
1900 1122 2066 1194 438

485 1214 644 1286 signo
667 1200 1086 1283 constituerunt.
1122 1214 1205 1269 Ad
1232 1215 1389 1284 cujus
1417 1214 1819 1279 similitudinem
1846 1214 1948 1269 nisi
1972 1213 2067 1275 fal-

483 1305 590 1373 lor,
617 1306 902 1379 putatum
934 1305 1234 1379 symbolum
1278 1306 1422 1361 beati
1460 1305 1689 1379 apostoli
1728 1304 2068 1374 conscripse-

485 1408 634 1465 runt,
674 1408 734 1455 ut
754 1400 899 1457 inter
928 1397 1117 1463 ﬁdeles
1138 1406 1193 1454 et
1217 1399 1458 1455 inﬁdeles
1498 1398 1783 1461 Ecclesiae,
1809 1397 1951 1452 sicut
1976 1411 2068 1457 su-

483 1492 671 1562 perius
714 1490 920 1547 dictum
973 1498 1057 1545 est
1086 1528 1104 1559 ,
1155 1490 1439 1545 veritatem
1491 1487 1826 1543 credulitatis
1866 1487 2073 1542 discer-

484 1598 618 1638 nere
660 1584 991 1654 potuissent;
1035 1582 1329 1653 incipiente
1368 1583 1530 1638 beato
1565 1581 1727 1639 Petro
1750 1620 1767 1648 ,
1811 1580 1907 1651 qui
1944 1580 2062 1635 ait:

486 1671 656 1730 Credo
672 1676 727 1728 in
746 1666 919 1728 Deum
933 1671 1146 1728 Patrem
1168 1675 1586 1745 omnipotentem,
1609 1681 1716 1729 etc.

2168 487 2279 531 tum
2307 478 2477 532 Deum
2505 495 2627 535 esse
2663 480 2915 535 Salvator
2960 483 3072 552 ipse
3101 499 3202 539 nos
3226 484 3410 539 docuit
3456 485 3651 541 dicens
3699 488 3755 549 ὴ

2163 572 2500 643 Evangelio:
2542 574 2680 641 Quia
2730 575 2957 646 Spiritus
3006 578 3146 633 Deus
3180 589 3254 634 est
3286 579 3473 651 (Joan.
3518 598 3594 647 Iv,
3638 582 3752 653 ει).

2164 664 2230 718 Et
2254 665 2375 719 ideo
2413 675 2598 720 natum
2647 666 2922 723 Christum
2944 670 3010 725 de
3055 669 3261 739 Spiritu
3311 681 3505 726 sancto
3542 682 3601 727 et
3648 672 3755 729 Ia-

2165 754 2247 809 ria
2304 756 2526 827 Virgine
2576 758 2921 813 conﬁtemur.
2975 758 3239 829 Spiritum
3295 772 3549 817 sanctam
3576 763 3751 828 audin.

2164 862 2223 909 ut
2269 864 2480 924 partum
2529 857 2679 912 illum
2722 858 3027 914 mirabilem
3076 861 3238 931 simul
3277 870 3333 915 et
3372 860 3753 929 inculpabich

2165 962 2541 1023 recognoscas.
2598 950 2865 1016 Quoniam
2924 952 3153 1008 cteleste
3197 961 3280 1007 est
3326 953 3474 1021 quod
3521 952 3755 1021 Spiritu

2165 1039 2296 1106 agit,
2320 1048 2374 1093 et
2404 1040 2715 1096 inviolatum
2743 1043 2885 1110 quod
2907 1053 3131 1101 saltans
3165 1053 3443 1115 operatur.
3468 1043 3609 1098 Nam
3634 1054 3755 1100 can

2167 1130 2503 1198 unigenitum
2530 1132 2623 1187 Dei
2660 1133 2939 1189 hominem
2984 1135 3101 1191 ﬁeri
3130 1136 3523 1204 redemptionis
3558 1144 3757 1193 nostra:

2167 1224 2464 1278 necessitas
2486 1222 2771 1294 ﬂagitaret,
2798 1225 2903 1281 hoc
2938 1226 3237 1285 nativitatis
3268 1242 3381 1282 suae
3413 1226 3754 1298 privilegium

2166 1314 2400 1381 propriae
2421 1315 2716 1371 divinitatis
2739 1314 2942 1386 [Forte,
2960 1318 3180 1387 propria
3202 1318 3509 1390 divinitate}
3525 1319 3752 1384 invexit,

2168 1412 2229 1458 ιιι
2249 1404 2317 1460 de
2344 1405 2551 1475 virgine
2578 1416 2913 1461 nasceretur.
2944 1407 3046 1475 Qui
3073 1410 3220 1463 enim
3251 1408 3504 1465 veniebat
3548 1408 3754 1467 invete-

2171 1505 2344 1551 ratam
2373 1498 2610 1565 peccatis
2639 1499 2919 1554 hominum
2942 1514 3205 1555 renovare
3249 1508 3531 1565 naturam,
3560 1514 3756 1561 novam

2168 1585 2345 1656 legem
2395 1589 2564 1643 voluit
2620 1590 2822 1646 habere
2872 1592 3151 1647 nascendi.
3213 1589 3534 1662 Unigcnitus
3596 1591 3757 1660 igitur

2172 1677 2268 1733 Dei
2297 1677 2471 1735 factus
2495 1688 2581 1735 est
2609 1680 2751 1736 ﬁlius
2770 1682 3023 1748 hominis,
3050 1690 3110 1739 ut
3134 1681 3228 1752 qui
3253 1691 3374 1739 erat
3392 1682 3584 1738 mundi
3602 1697 3757 1739 cm

553 1763 727 1820 Inter.
767 1764 982 1836 Optima
1028 1774 1156 1819 sunt
1211 1744 1387 1828 valde,
1417 1779 1537 1834 quae
1572 1765 1725 1820 dicis.
1770 1763 1876 1819 Sed
1915 1763 2067 1820 obse-
2093 1744 2144 1821 B
2174 1780 2276 1837 tor,
2302 1771 2456 1827 ﬁeret
2478 1781 2531 1839 et
2553 1773 2881 1845 redemptor.

485 1871 604 1922 cro,
647 1865 706 1910 ut
732 1856 1025 1931 quomodo.
1070 1865 1165 1913 aut
1190 1855 1424 1927 qualiter
1454 1856 1537 1910 vcl
1566 1856 1621 1911 in
1644 1872 1805 1926 quem
1843 1856 2066 1912 credere

484 1950 732 2014 debeam,
773 1947 1056 2020 diligenter
1075 1949 1309 2020 aperias.
1352 1948 1508 2020 Resp.
1538 1947 1700 2005 Juxta
1734 1949 1877 2018 quod
1908 1948 2067 2003 intel-

484 2038 614 2115 ligo,
654 2038 867 2095 faciam.
899 2038 1214 2097 Credendus
1238 2050 1323 2096 est
1353 2042 1469 2096 sine
1518 2041 1681 2096 dubio
1713 2036 1855 2097 Deus
1905 2038 2067 2097 Pater

482 2132 856 2203 omnipotens,
902 2131 1058 2203 cujus
1107 2134 1185 2189 sic
1217 2134 1391 2188 virtus
1430 2134 1679 2198 sentitur,
1712 2143 1770 2189 ut
1790 2135 2067 2205 quantitas

482 2221 599 2294 ejus
633 2234 687 2278 et
717 2224 951 2294 qualitas
982 2226 1277 2297 ignoretur.
1319 2225 1449 2280 Esse
1479 2227 1622 2281 enim
1655 2227 1795 2281 illius
1822 2235 1876 2282 et
1906 2240 2067 2297 posse

458 2304 591 2370 non
621 2316 957 2371 discutiendo
992 2317 1351 2385 assequimur,
1381 2318 1475 2373 sed
1499 2318 1786 2373 credendo.
1816 2316 1873 2371 ln
1904 2331 2066 2388 quem

486 2417 669 2465 autem
699 2409 926 2464 credere
971 2410 1283 2476 debeamus,
1330 2411 1520 2465 edocet
1570 2427 1666 2466 nos
1710 2411 2067 2481 redemptoris

483 2501 654 2554 nostri
695 2501 990 2556 auctoritas
1035 2501 1218 2557 dicens
1261 2520 1274 2555 :
1319 2500 1418 2569 Qui
1462 2498 1634 2557 credit
1678 2502 1734 2556 in
1782 2517 1867 2556 me
1912 2510 1969 2555 et
2011 2501 2067 2555 in

483 2605 607 2646 eum
651 2591 740 2662 qui
793 2607 881 2647 me
928 2592 1106 2658 misit,
1156 2594 1318 2647 habet
1366 2593 1532 2648 vitam
1578 2601 1837 2648 teternam
1880 2590 2063 2660 (Joan.

484 2698 566 2749 ιιι,
598 2683 705 2755 l5).
736 2683 804 2739 Et
824 2684 952 2739 alibi
984 2702 997 2738 τ
1026 2681 1233 2739 Credite
1260 2687 1315 2739 in
1354 2684 1542 2751 Deum,
1590 2694 1637 2738 et
1676 2684 1730 2737 in
1764 2700 1844 2739 me
1873 2684 2067 2737 credite

484 2771 670 2847 (Ibid.,
704 2775 788 2841 M,
830 2775 889 2847 ι).
923 2775 1049 2831 Plus
1075 2777 1243 2841 enim,
1268 2774 1456 2843 frater,
1486 2776 1618 2830 mihi
1640 2781 1743 2840 est,
1772 2776 1913 2845 quod
1942 2774 2065 2828 ﬁdei

482 2863 651 2920 oculis
680 2867 923 2921 videmus
942 2908 958 2934 ,
984 2882 1147 2939 quam
1192 2881 1384 2923 sensus
1427 2874 1609 2922 noster
1636 2865 1868 2922 carnalis
1896 2864 2068 2936 possit

483 2958 819 3029 conspicere.

552 3048 721 3105 Inter.
751 3051 925 3106 Credo
954 3054 1193 3115 omnino,
1224 3054 1365 3109 sicut
1400 3053 1553 3107 dicis.
1594 3051 1700 3108 Sed
1748 3058 1872 3123 peto
1896 3056 1956 3105 ut
1983 3049 2066 3103 di;

483 3156 579 3197 cas
606 3142 735 3212 quid
763 3143 818 3198 in
844 3144 974 3210 Deo,
1014 3147 1143 3217 quid
1176 3148 1229 3201 in
1256 3145 1439 3210 Patre,
1474 3146 1672 3217 quidve
1718 3145 1772 3199 in
1822 3145 2066 3215 omnipo-

466 3230 636 3289 'tente
677 3234 905 3290 debeam
952 3237 1285 3311 intelligere?
1330 3236 1485 3308 Resp.
1537 3236 1597 3291 lu
1642 3234 1755 3293 Deo
1806 3235 2071 3306 siquidem

486 3330 681 3377 natura
710 3325 1074 3392 innascihilis;
1107 3329 1159 3382 in
1198 3327 1360 3382 Patre
1406 3328 1666 3399 unigeniti
1717 3328 1963 3382 veritas:
2016 3329 2070 3383 in

464 3400 857 3485 omnipotente
880 3433 1008 3473 vero
1031 3420 1305 3489 plenitudo
1329 3420 1544 3473 virtutis
1569 3420 1889 3474 ostcnr‘litur.

466 3496 469 3497 ⁷
558 3503 720 3561 Inter.
752 3508 1062 3575 Quomodo?
1109 3509 1264 3583 Resp.
1311 3511 1405 3567 Est
1454 3526 1685 3581 namque
1716 3526 1811 3581 per
1858 3509 2068 3578 ingeni-

493 3604 601 3650 tam
647 3598 907 3655 deitatem
963 3602 1324 3673 omnipotens,
1368 3612 1423 3658 et
1473 3617 1572 3671 per
1618 3603 2069 3673 omnipotentiam

486 3685 665 3755 Pater.
734 3691 849 3747 Non
901 3694 1046 3749 enim
1091 3695 1365 3764 inquirere
1411 3695 1668 3749 debemus
1722 3694 1952 3765 qualiter
2002 3696 2072 3751 sit

486 3780 680 3847 Pater,
712 3784 837 3853 quia
886 3785 1119 3857 qualiter
1161 3784 1303 3840 Dens
1332 3787 1401 3841 sit
1444 3795 1536 3839 aut
1581 3787 1921 3857 omnipotens
1962 3804 2071 3843 non

487 3881 666 3947 potest
692 3875 943 3931 humanis
975 3877 1243 3932 mentibus
1268 3877 1672 3947 comprehendi.

558 3963 725 4023 Inter.
760 3969 935 4033 Ratio,
963 3986 1123 4039 quam
1149 3970 1215 4026 de
1243 3973 1419 4041 primo
1447 3988 1605 4026 versu
1638 3971 1928 4041 protulisti,
1970 3973 2073 4028 hac

488 4058 609 4116 vice
629 4058 873 4116 suﬁicere
900 4071 1094 4131 potest.
1124 4061 1231 4119 Sed
1257 4063 1375 4132 quis
1407 4064 1701 4118 secundum
1739 4064 2071 4133 composuis-

488 4158 593 4217 set,
621 4152 705 4209 vel
737 4151 971 4221 qualiter
994 4169 1116 4207 eum
1157 4153 1459 4224 intelligere
1489 4154 1733 4219 delteam,
1767 4153 2066 4208 innotesce.

491 4237 648 4313 Resp.
678 4240 925 4296 Andreas
947 4246 1240 4297 secundum
1268 4260 1482 4298 versum
1512 4245 1818 4313 composuit
1842 4245 2027 4300 dicens
2053 4264 2065 4301 :

490 4329 561 4385 Et
582 4331 635 4383 in
665 4329 849 4385 Iesum
876 4328 1142 4387 Christum
1182 4332 1380 4389 Filium
1411 4334 1521 4405 ejus
1550 4336 1762 4393 unicum
1790 4334 2069 4389 Dominum

491 4430 744 4475 nostrum.
770 4421 925 4480 Sicut
954 4425 1096 4480 enim
1122 4425 1337 4481 Patrem
1376 4443 1557 4483 rerum
1599 4425 1837 4487 omnium
1868 4427 2065 4495 Deum,
2100 4460 2150 4522 υ

490 4511 567 4567 ita
588 4524 801 4585 oportet
830 4532 928 4572 nos
952 4525 1008 4573 et
1026 4516 1216 4571 Filium
1244 4518 1361 4588 ejus
1391 4519 1669 4573 Dominum
1708 4526 1948 4572 nostrum
1978 4518 2065 4575 Je-

492 4618 612 4662 Sum
651 4606 943 4674 Christum,
976 4609 1067 4680 qui
1091 4617 1174 4663 est
1194 4609 1429 4665 Verbum
1464 4610 1647 4678 ipsius,
1674 4608 1943 4673 conﬁteri,
1974 4623 2067 4663 cu-

487 4695 579 4767 jus
612 4698 932 4768 principium
959 4716 1026 4755 es
1070 4701 1185 4771 ipso
1226 4710 1308 4757 est
1332 4743 1346 4765 ,
1374 4702 1499 4770 quia
1533 4701 1675 4754 Deus
1700 4690 1937 4755 Verbum
1962 4710 2064 4756 est.

494 4786 653 4856 Quod
680 4798 860 4845 autem
882 4791 1130 4849 Christus
1153 4805 1235 4849 est
1265 4793 1457 4857 factus,
1490 4794 1579 4862 qui
1616 4792 1783 4848 Filius
1805 4802 1941 4857 erat,
1966 4795 2071 4849 dis-

490 4883 736 4952 pensatio
756 4890 838 4940 est
864 4886 1248 4958 redemptionis
1272 4890 1536 4942 humanae.
1564 4890 1715 4956 Quod
1739 4905 1867 4944 vero
1883 4888 2065 4942 Domi-

480 4976 596 5030 nus
620 4984 722 5041 est,
754 4977 820 5033 de
844 4980 1175 5049 proprietate
1200 4989 1405 5034 natura:
1428 4989 1529 5036 est.
1570 4981 1771 5037 Unicus
1800 4980 2067 5050 siquidem

492 5065 576 5122 vel
604 5068 909 5138 unigenitus
932 5072 1282 5125 annuntiatur
1308 5080 1363 5125 et
1389 5073 1646 5133 creditur,
1675 5072 1799 5142 quia
1822 5087 1961 5125 unus
1993 5070 2068 5124 ita

490 5168 575 5213 est
602 5162 835 5230 genitus,
868 5179 1040 5234 neque
1060 5164 1223 5219 habet
1251 5162 1431 5238 [Cod.,
1464 5164 1619 5235 libet]
1640 5166 1690 5218 in
1713 5167 1918 5220 unitate
1940 5181 2068 5219 con-

491 5261 713 5306 sortem.
742 5252 939 5309 Filium
966 5257 1138 5321 audis,
1166 5273 1273 5311 non
1306 5268 1362 5310 ut
1391 5256 1539 5309 illum
1587 5257 1765 5325 aliquo
1786 5272 1916 5311 sexu
1955 5257 2068 5311 edi-

486 5350 606 5396 tum
638 5354 813 5414 putes,
863 5349 958 5402 sed
998 5356 1057 5402 ut
1103 5350 1293 5403 credas
1333 5348 1860 5417 incomprehensibili
1905 5348 2070 5416 maje-

488 5441 634 5501 state
676 5435 843 5492 Deum
877 5441 1144 5509 prodiisse
1196 5443 1261 5496 de
1311 5440 1449 5505 Duo,
1499 5449 1556 5494 ut
1586 5441 1699 5510 ipse
1744 5443 1859 5495 ait:
1895 5440 2006 5511 Ego
2037 5456 2069 5493 a

490 5523 653 5583 Patre
674 5532 832 5592 exivi.
862 5544 909 5586 et
937 5535 1048 5588 veni
1068 5535 1120 5588 in
1150 5537 1289 5588 hunc
1316 5534 1567 5588 mundum
1593 5535 1773 5605 (Joan.
1808 5550 1915 5597 xw,
1953 5534 2065 5607 28).

564 5621 727 5678 Inter.
760 5625 1001 5683 Tertium
1044 5645 1258 5684 versum
1299 5629 1420 5699 quis
1447 5628 1767 5699 composuit,
1812 5636 1905 5681 aut
1942 5629 2069 5697 quid

491 5711 547 5771 in
572 5730 636 5773 eo
669 5719 1019 5793 intelligitur?
1048 5723 1202 5795 Resp.
1228 5722 1461 5781 Jacobus
1492 5726 1567 5779 ait
1602 5742 1612 5779 :
1647 5722 1753 5788 Qui
1793 5732 2069 5792 conceptus

2241 1902 2408 1958 Inter.
2441 1903 2631 1971 Quarti
2670 1921 2860 1961 versus
2904 1906 3340 1977 compositorem,
3367 1906 3482 1961 sive
3523 1904 3655 1974 quid
3704 1904 3756 1958 in

2166 2009 2231 2051 eo
2254 1995 2632 2062 contineatur,
2659 2012 2886 2067 expone.
2938 1997 3092 2067 Resp.
3132 1996 3334 2053 Beatus
3362 1996 3599 2052 Joannes
3630 2011 3756 2067 apo-

2168 2087 2337 2143 stolus
2381 2097 2636 2157 quartum
2671 2090 2972 2158 composuit
3003 2104 3241 2156 versum,
3284 2089 3470 2143 dicens
3503 2106 3517 2139 :
3554 2084 3755 2139 Passus

2169 2178 2264 2232 sub
2306 2174 2501 2231 Pontio
2536 2176 2737 2243 Pilato,
2773 2177 3078 2247 cruciﬁxus,
3116 2186 3354 2231 mortuus
3400 2188 3447 2231 et
3469 2174 3707 2246 sepultus
3734 2190 3752 2227 :

2166 2269 2273 2325 iste
2298 2270 2502 2324 Pilatus
2522 2271 2695 2341 judex
2731 2282 2849 2325 erat
2872 2270 2960 2325 illo
2990 2280 3231 2340 tempore
3262 2272 3313 2324 in
3334 2267 3513 2324 Julaea
3542 2254 3573 2322 a
3599 2268 3756 2322 Tibe-

2168 2362 2251 2418 rio
2278 2363 2491 2418 Caesare
2515 2358 2861 2427 constitutus,
2894 2364 2994 2418 sub
3020 2378 3127 2433 quo
3150 2362 3403 2416 Dominus
3432 2374 3625 2429 passus
3646 2367 3753 2421 est,

2170 2455 2261 2525 qui
2288 2456 2447 2509 etiam
2481 2454 2702 2509 Pontius
2727 2472 2755 2507 a
2786 2454 2924 2519 loco,
2954 2454 3097 2509 unde
3118 2462 3274 2508 natus
3297 2460 3398 2512 est,
3430 2451 3751 2521 appellatur.

2169 2544 2325 2602 llunc
2346 2547 2530 2617 itaque
2556 2545 2842 2601 Dominum
2874 2554 3117 2601 nostrum
3155 2544 3342 2600 Iesum
3372 2544 3646 2598 Christum
3678 2541 3754 2596 sic

2166 2648 2260 2693 cut
2304 2637 2602 2709 perfectum
2653 2637 2822 2694 Deum
2847 2680 2862 2703 ,
2910 2638 2985 2693 ita
3034 2646 3091 2694 et
3140 2635 3433 2708 perfectum
3479 2635 3756 2690 hominem

2168 2730 2423 2785 conﬁteri
2453 2731 2729 2784 debemus.
2788 2730 2864 2785 De
2910 2729 3063 2800 cujus
3102 2742 3261 2783 cruce
3302 2726 3445 2781 nulla
3483 2726 3555 2780 sit
3602 2724 3757 2780 nobis

2168 2818 2433 2883 confusio,
2471 2820 2595 2890 quia
2629 2821 2891 2874 habemus
2935 2819 3000 2873 de
3025 2817 3144 2889 ejus
3166 2818 3417 2887 passione
3449 2817 3752 2870 victoriam.

2170 2911 2323 2967 Sicut
2352 2912 2496 2967 enim
2526 2912 2620 2965 Dei
2647 2911 2819 2965 Filius
2848 2925 2952 2965 non
2981 2909 3105 2974 sibi,
3141 2910 3232 2965 sed
3264 2910 3418 2964 nobis
3448 2917 3612 2962 natus
3638 2914 3753 2969 est,

2171 3001 2246 3056 ita
2278 3001 2655 3056 immaculatus
2684 3002 2782 3055 Dei
2826 3000 3013 3071 Agnus
3036 3016 3143 3055 non
3173 3000 3298 3065 sibi,
3346 3000 3439 3054 sed
3481 3000 3641 3054 nobis
3678 3005 3759 3052 est

2095 3103 2141 3166 ο
2171 3105 2382 3164 passus.
2412 3094 2544 3162 Quis
2567 3103 2747 3148 autem
2771 3107 2878 3147 non
2908 3094 3105 3146 mirum
3126 3094 3371 3146 advertat
3399 3106 3521 3145 esse
3558 3101 3756 3159 myste-

2174 3186 2336 3252 rium,
2372 3187 2463 3241 ιιὴὶ
2489 3187 2602 3256 ipse
2628 3185 2973 3256 praedicatur,
3002 3183 3094 3253 qui
3126 3183 3269 3237 Deus
3296 3189 3397 3244 est,
3429 3189 3482 3235 et
3516 3182 3609 3235 ubi
3660 3181 3757 3235 Do-

2172 3280 2337 3334 minis
2384 3280 2757 3345 annuntiatur,
2805 3281 2897 3348 qui
2955 3278 3218 3332 asseﬁtur
3254 3275 3580 3332 cruciﬁxus?
3625 3274 3757 3329 Nam

2173 3384 2391 3425 crucem
2415 3368 2577 3433 illam,
2622 3370 2674 3423 in
2714 3384 2823 3439 qua
2865 3368 3113 3423 conﬁxus
3136 3376 3221 3423 est
3243 3381 3489 3438 corpore,
3538 3382 3643 3422 nos
3669 3380 3757 3437 ge-

2178 3472 2386 3518 stamus
2425 3462 2478 3515 in
2527 3462 2717 3517 fronte.
2749 3461 2816 3516 Et
2856 3460 2985 3517 ideo
3030 3463 3306 3517 inrisiones
3344 3470 3401 3517 et
3439 3463 3751 3532 opprobria,

2164 3553 2533 3623 mortemque,
2564 3569 2726 3623 quam
2754 3555 3032 3622 sustinuit,
3078 3570 3182 3608 non
3211 3555 3471 3611 debemus
3512 3554 3756 3624 suspiriis

2172 3648 2549 3719 ingemiscere,
2579 3648 2673 3701 sed
2717 3648 2989 3702 continuis
3012 3647 3261 3702 laudibus
3292 3646 3586 3701 celebrare.
3617 3645 3759 3712 Quo-

2166 3740 2323 3794 niam
2351 3739 2482 3792 satis
2506 3737 2823 3807 abundeque
2850 3738 3075 3809 gloriam
3119 3739 3387 3808 passionis
3408 3738 3525 3806 eius
3574 3747 3760 3791 osten-

2176 3830 2370 3885 derunt
2403 3830 2682 3899 repentina
2713 3831 3015 3885 obscuritas
3057 3831 3203 3894 solis,
3230 3839 3435 3884 tremor
3463 3839 3754 3891 terrarum,

2172 3933 2435 3975 saxorum
2460 3918 2677 3981 divisio,
2705 3927 2761 3972 et
2809 3919 3137 3973 resurrectio
3164 3931 3523 3972 mortuorum.
3573 3917 3761 3986 Sepul-

2175 4019 2265 4067 tus
2286 4018 2372 4065 est
2418 4020 2621 4071 autem,
2672 4010 2798 4079 quia
2828 4025 3169 4079 consequens
3209 4019 3348 4073 erat,
3381 4020 3445 4064 ut
3474 4011 3571 4079 qui
3616 4025 3761 4066 moc-

2175 4111 2303 4157 tuus
2328 4102 2524 4163 fuerat,
2554 4102 2825 4171 acciperet
2858 4102 3209 4171 sepulturam.
3241 4101 3487 4168 Qualiter
3526 4102 3597 4157 ad
3636 4116 3761 4157 eon-

2173 4192 2491 4248 eolationem
2525 4192 2859 4262 sepultorum
2902 4192 3333 4253 benedictionem
3353 4195 3601 4263 corporis
3642 4194 3763 4263 ejus

2175 4295 2319 4342 terra
2350 4287 2673 4356 susciperet,
2714 4294 2773 4338 ut
2823 4286 2913 4356 qui
2948 4302 3077 4340 vere
3125 4296 3375 4341 mortuus
3410 4287 3761 4353 cernebatur,

2174 4394 2306 4435 vere
2330 4394 2360 4434 a
2391 4379 2620 4435 mortuis
2647 4378 2855 4434 redisse
2883 4379 3222 4435 crederetur.

2240 4521 2405 4576 Inter.
2432 4521 2615 4591 Quinti
2631 4535 2817 4576 versus
2838 4486 3248 4591 compmitorem
3266 4518 3491 4590 ejusque
3507 4521 3765 4592 explana.

2169 4615 2375 4672 tionem
2413 4632 2440 4669 a
2474 4625 2525 4670 te
2562 4615 2746 4669 audire
2788 4614 3055 4669 desidero.
3089 4611 3243 4684 Resp.
3290 4612 3571 4684 Philippus
3598 4616 3760 4684 quin-

2171 4716 2285 4763 tum
2318 4721 2529 4760 versum
2560 4705 2809 4776 exposuit
2836 4704 3020 4758 dicens
3055 4718 3069 4757 :
3102 4702 3376 4758 Descendit
3415 4705 3485 4758 ad
3512 4706 3718 4774 inferna
3742 4748 3761 4770 ,

2171 4797 2330 4851 tertia
2353 4796 2435 4849 die
2463 4795 2743 4848 resurrexit
2770 4812 2801 4847 α
2826 4792 3063 4847 mortuis.
3094 4792 3150 4847 ln
3182 4794 3283 4847 hoc
3312 4795 3460 4849 enim
3473 4793 3760 4852 Trinitatis

2172 4887 2511 4957 mysterium,
2544 4893 2598 4939 et
2626 4884 2888 4938 naturalis
2910 4882 3043 4954 legis
3065 4884 3366 4939 ostenditur
3386 4884 3667 4951 resolutio,
3698 4898 3760 4943 ut

2174 4977 2447 5035 hominem
2472 4977 2523 5030 in
2558 4975 2767 5030 inferno
2794 4976 3031 5045 positum
3054 4975 3291 5030 elevarct
3318 4977 3385 5032 ad
3409 4976 3629 5032 caelum.
3664 4976 3763 5033 De-

2174 5070 2332 5125 cebat
2374 5068 2517 5124 enim
2557 5076 2618 5121 ut
2652 5082 2817 5129 mors,
2846 5082 2965 5136 qua:
2991 5082 3087 5137 per
3116 5066 3388 5121 hominem
3421 5069 3761 5123 subintrave.

2173 5169 2279 5225 rat,
2298 5174 2396 5230 per
2419 5159 2690 5213 hominem
2717 5157 3037 5212 solveretur.
3062 5156 3130 5211 Et
3142 5159 3279 5213 sicut
3300 5160 3593 5225 credimus,
3617 5162 3765 5233 quod

2173 5253 2368 5308 mortis
2396 5260 2503 5315 est,
2541 5252 2615 5305 ita
2666 5250 2852 5319 utique
2896 5250 3203 5317 credamus,
3233 5251 3376 5321 quod
3406 5254 3533 5307 vita?
3560 5261 3663 5309 est.
3692 5252 3757 5307 Et

2173 5345 2314 5399 sicut
2363 5344 2415 5397 in
2446 5344 2696 5412 passione
2725 5344 3043 5413 mysterium
3083 5352 3165 5399 est
3209 5346 3447 5416 pietatis,
3480 5348 3552 5401 ita
3583 5347 3634 5401 in
3672 5364 3755 5402 re-

2175 5436 2507 5492 surrectione
2535 5437 2777 5506 Operatio
2800 5436 3016 5505 pietatis
3039 5434 3241 5501 lForte,
3264 5438 3594 5510 potestatis],
3618 5440 3754 5494 sicut

2174 5532 2289 5601 ipse
2316 5532 2391 5585 ait
2422 5552 2433 5585 :
2463 5529 2779 5585 Potestatem
2823 5532 2987 5586 Imbro
3017 5535 3242 5605 ponendi
3274 5537 3505 5591 animam
3542 5554 3708 5591 meam
3730 5578 3746 5603 ,

2173 5639 2220 5683 et
2247 5640 2551 5702 potestatem
2589 5631 2751 5684 habeo
2795 5631 2983 5684 iterum
3036 5633 3275 5687 sumendi
3319 5651 3434 5689 eam
3474 5630 3656 5706 (Ioan.
3692 5652 3743 5701 ι,

2175 5723 2283 5794 18).
2309 5723 2439 5791 Quis
2466 5722 2612 5779 enim
2634 5723 2829 5779 stultus
2846 5738 2951 5778 non
2973 5724 3161 5781 credat
3184 5726 3332 5782 illum
3360 5728 3737 5797 resurrexisse,

3976 1438 3977 1495 ι

3978 1540 3979 1595 ι

3982 1840 3985 1935 ⁴

3984 1940 3987 2035 1
