4038 6354
280 296 418 353 ΗΜ

1188 299 1337 357 σΡιι.
1379 301 1610 360 DUBM.
1648 318 1717 351 -ιθ
1751 301 2167 362 MATR)
2204 302 2614 363 PUEBORUM.

3389 300 3532 365 ms

279 413 350 468 ad
375 414 531 483 cuius
576 421 907 485 ρηοῳωω
926 415 1163 472 Lazarus
1199 417 1443 488 sepultus
1477 426 1564 474 est
1602 421 1928 484 emersusA
1949 421 2111 476 modo
2144 424 2250 476 nos
2275 435 2442 475 unum
2473 434 2597 476 esse
2623 422 2749 475 curn
2780 416 2947 476 Patre
2961 419 3209 491 Pilioque
3231 422 3529 481 credendus

281 503 350 560 de
377 504 616 560 tumulo?

350 595 521 652 Inter.
569 598 795 655 Sextum
826 616 1043 658 versum
1071 603 1194 673 quis
1221 600 1543 675 composuit,
1588 613 1682 660 aut
1724 603 1857 676 Quid

278 688 341 746 in
371 702 439 745 eo
456 698 541 745 est
566 692 1000 763 intelligendum?
1030 693 1184 765 Resp.
1203 694 1625 753 Bartholomaeus
1638 696 1858 751 sextarii

282 796 497 837 versum
545 783 619 837 ita
650 788 967 855 composuit,
995 789 1218 845 dicens:
1248 791 1497 846 Ascendit
1543 793 1601 846 in
1645 791 1853 846 cadum

277 870 407 928 Illuc
457 876 599 930 enim
624 879 897 944 ascendit,
942 881 1084 936 unde
1112 891 1369 948 venerat;
1411 898 1515 938 non
1546 886 1730 938 tamen
1750 881 1851 936 ali-

277 962 432 1031 euius
450 965 717 1035 iussione,
763 968 858 1023 sed
884 972 1101 1039 prepria
1129 971 1424 1028 voluntate.
1452 972 1689 1028 Deeebat
1705 972 1855 1027 enim

280 1057 404 1112 talis
422 1057 593 1128 gloria
619 1060 917 1126 hominem,
941 1064 1033 1132 qui
1054 1064 1122 1119 de
1144 1064 1354 1136 virgine
1377 1066 1715 1121 nascebatur.
1742 1064 1854 1122 Nee

278 1146 379 1203 fuit
404 1149 455 1203 ei
475 1150 1014 1219 impossibilecmium
1029 1158 1339 1220 ascendere,
1366 1158 1450 1213 eui
1478 1158 1732 1227 possibile
1751 1155 1857 1215 fuit

278 1238 478 1296 inferos
507 1241 856 1313 trimhare.
888 1244 961 1301 Et
981 1247 1107 1302 ideo
1127 1262 1351 1305 necesse
1383 1255 1522 1313 erat,
1550 1256 1611 1302 ut
1650 1248 1743 1317 qui
1785 1248 1855 1306 ad

279 1339 508 1386 mortem
553 1333 621 1388 de
647 1349 816 1406 regno
847 1348 1086 1404 venerat,
1120 1348 1245 1410 post
1276 1349 1502 1396 mortem
1534 1340 1737 1395 rediret
1784 1339 1855 1395 ad

277 1437 521 1494 regnum.
551 1424 617 1480 Et
642 1426 782 1482 sicut
812 1437 955 1485 terra
982 1430 1160 1486 laetata
1186 1440 1272 1487 est
1305 1432 1403 1488 Dei
1431 1431 1625 1487 Filium
1651 1444 1713 1487 se
1732 1446 1856 1487 sus-

276 1516 513 1583 Cepisse,
536 1516 608 1571 ita
652 1518 849 1575 emtum
877 1519 1049 1577 tilium
1068 1522 1305 1577 hominis
1325 1538 1387 1579 se
1428 1524 1703 1592 accepisse
1725 1530 1855 1591 gau-

278 1606 452 1672 deret,
481 1608 694 1664 dicente
739 1610 1051 1680 Propheta:
1087 1612 1355 1668 Lwtentar
1387 1613 1501 1668 ereti
1538 1623 1586 1668 et
1634 1614 1857 1669 exsultet

274 1705 413 1752 terra
448 1696 618 1769 (Psal.
650 1715 772 1763 xcv,
800 1701 907 1771 il).

1954 514 2041 570 est
2063 506 2319 584 Spiritus,
2347 515 2435 569 cui
2467 514 2749 584 aequaliter
2774 512 2983 583 adiacet
3006 524 3171 584 posse
3204 515 3346 584 quod
3380 514 3530 569 vult?

2024 604 2191 659 Inter;
2231 605 2462 661 Omnino
2490 604 2813 660 credendum
2844 607 3045 669 estita,
3076 604 3139 661 ιίε
3168 607 3388 663 asseris.
3420 606 3528 661 Sed

1951 702 2099 767 pete,
2127 702 2191 748 ut
2208 694 2399 750 decimi
2420 710 2615 750 versus
2635 705 2929 761 auctorata,
2953 694 3179 766 ejusque
3200 696 3530 752 intellectum

1953 785 2086 840 mihi
2120 792 2377 855 capones,
2438 785 2592 856 Resp.
2643 786 2831 841 Simon
2873 787 3067 842 decimi
3107 790 3299 842 versus
3342 790 3530 842 auctor"

1954 876 2162 933 exstitit
2194 877 2377 932 dicens
2404 894 2418 930 :
2454 874 2709 932 Sanctam
2736 876 3031 932 Ecclesium
3053 878 3386 943 wrlro'h'cavn,
3420 886 3526 933 etc.

1953 966 2091 1023 ESSe
2130 967 2335 1021 etenim
2384 975 2627 1022 auctam
2678 968 2998 1033 Ecclesium,
3046 968 3275 1023 sedum
3314 969 3366 1022 tu
3409 980 3530 1022 eam

1953 1058 2180 1116 credere
2225 1058 2507 1123 debeums,
2551 1059 2678 1127 quia
2728 1072 2837 1112 non
2882 1058 3047 1123 Deus,
3097 1058 3193 1113 sed
3222 1057 3448 1127 populus
3476 1064 3530 1111 et

1952 1151 2147 1207 durans
2183 1150 2408 1215 estD’ei,
2451 1164 2549 1219 per
2592 1165 2755 1219 quam
2782 1157 2839 1204 et
2880 1149 3237 1204 sanetiﬁcatio
3285 1150 3411 1203 data
3446 1158 3531 1203 est

1952 1243 2290 1307 mortalibus,
2339 1250 2395 1297 et
2433 1249 2714 1297 crescente
2757 1242 3095 1296 credentium
3142 1255 3369 1296 numero
3413 1254 3531 1297 ouk

1954 1337 2104 1392 nium
2148 1349 2287 1406 pene
2312 1334 2529 1406 linguis,Y
2550 1335 2606 1389 in
2632 1334 2727 1389 Dei
2760 1334 3006 1390 laudibus
3031 1334 3269 1389 sanctior
3303 1333 3533 1393 mundus

1954 1428 2213 1484 exsultat.
2252 1426 2385 1493 Quae
2410 1428 2579 1482 etiam
2600 1416 2855 1497 baptismi
2878 1434 3240 1490 sacramemo,
3284 1433 3532 1494 peccato-

1955 1535 2079 1576 rum
2097 1519 2555 1575 contaminatione
2574 1519 2806 1581 detersa,
2832 1520 3107 1573 terrarum
3128 1515 3331 1572 incolas
3355 1524 3533 1602 transf3

1956 1611 2125 1669 mittit
2159 1611 2233 1666 ad
2252 1610 2468 1665 coelum.
2512 1610 2847 1665 Catholicam
2878 1609 3028 1675 dicit,
3060 1608 3236 1674 idest,
3269 1615 3380 1664 toto
3400 1609 3534 1664 orbi

1959 1702 2225 1759 dill‘usam.
2266 1702 2583 1775 Sanctorum
2612 1703 3047 1782 communionem,
3091 1702 3235 1771 quod
3267 1700 3531 1772 sequitur,

346 1787 513 1844 Inter.
547 1789 773 1861 Septimi
821 1796 1013 1851 versas
1056 1804 1352 1861 auctorem,
1387 1796 1613 1867 ejusque
1637 1797 1849 1854 intelle-
1880 1775 1930 1839 ³
1955 1792 2011 1848 id
2045 1799 2153 1857 est,
2188 1799 2248 1846 ut
2276 1800 2399 1847 cum
2444 1792 2548 1847 illis
2578 1792 2799 1857 sanctis,
2848 1775 2945 1860 qui
2970 1792 3027 1845 in
3066 1788 3171 1847 hac
3212 1794 3378 1861 quam
3415 1798 3533 1847 Sus-

274 1890 422 1936 ctum
448 1891 506 1937 ut
532 1885 667 1939 mihi
689 1900 955 1957 exponas,
976 1890 1231 1965 obsecro.
1244 1889 1403 1962 Resp;
1435 1891 1671 1949 Thomas
1686 1890 1853 1963 5,39

277 1974 492 2041 septimi
526 1989 715 2031 versus
742 1987 931 2034 auctor
958 1981 1164 2035 exstitit
1188 1982 1371 2037 dicens
1398 2000 1412 2037 :
1446 1982 1598 2037 Sedet
1630 1983 1698 2039 ad
1725 1983 1854 2038 deat—-

273 2072 439 2117 teram
465 2065 561 2119 Dei
576 2065 756 2123 Patris
777 2071 1161 2142 omnipotentis.
1175 2072 1328 2140 Quod
1344 2074 1515 2140 sedet,
1527 2072 1726 2130 Christi
1743 2074 1854 2128 vic-

274 2153 426 2208 toriae
448 2170 639 2211 munus
664 2168 777 2223 est;
805 2161 949 2229 quod
974 2161 1043 2217 ad
1067 2163 1345 2218 dexteram
1367 2162 1547 2219 Patris
1573 2165 1744 2229 sedet,
1769 2162 1855 2217 di-

274 2246 517 2300 vinitatis
532 2256 615 2302 est
632 2249 969 2319 privilegium
984 2261 1043 2307 et
1064 2256 1393 2311 consortium
1410 2256 1718 2313 indiscreta!
1732 2256 1856 2311 chao

274 2334 471 2390 ritatis.
510 2336 576 2392 Ut
603 2340 913 2395 ostenderet
943 2341 1120 2398 locum
1140 2345 1324 2413 iustis,
1352 2354 1409 2402 et
1434 2347 1711 2402 sinistram
1732 2360 1856 2416 peo-

275 2428 547 2482 caloribus
559 2429 972 2487 demonstraret.
987 2434 1133 2491 Bene
1146 2437 1289 2491 enim
1301 2438 1367 2492 ad
1381 2438 1661 2493 dexteram
1677 2438 1855 2493 Patris

276 2520 625 2574 annuntiatur
660 2523 869 2589 sedere,
896 2524 949 2579 in
977 2541 1084 2598 quo
1111 2527 1245 2582 nihil
1280 2527 1570 2588 voluntatis
1594 2543 1705 2586 sum
1732 2527 1852 2585 dia-

275 2607 453 2673 bolus,
480 2611 570 2680 qui
602 2606 749 2669 totus
770 2614 989 2671 sinister
1014 2625 1116 2685 est,
1132 2619 1354 2687 invenit.

347 2699 513 2755 Inter.
542 2703 803 2759 Octavum
832 2720 1053 2761 versum
1073 2710 1197 2778 quis
1236 2710 1387 2776 fecit,
1423 2720 1518 2767 aut
1542 2712 1673 2782 quid
1696 2713 1750 2767 in
1789 2726 1857 2768 eo

274 2792 610 2846 continetur?
657 2792 812 2865 Resp.
860 2796 1141 2854 Matthmus
1170 2809 1419 2856 octavum
1460 2817 1678 2857 versum
1710 2818 1857 2858 com-

276 2899 483 2954 ponens
514 2887 589 2941 ait
614 2904 627 2940 :
656 2885 789 2941 Inde
817 2900 1061 2946 venturus
1089 2902 1162 2946 est
1182 2893 1426 2963 judicare
1456 2896 1592 2949 vivos
1624 2904 1673 2949 et
1717 2911 1857 2949 mor-

277 2988 413 3031 tuos.
447 2977 503 3032 In
535 2980 650 3051 ipso
680 2981 823 3036 enim
849 2999 1076 3054 corpore
1104 2985 1371 3041 Dominus
1400 2997 1661 3043 venturus
1682 2996 1765 3042 est
1788 2987 1857 3043 ad

274 3069 555 3139 judicium,
607 3073 662 3127 in
691 3090 798 3144 quo
846 3076 1088 3130 ascendit
1119 3077 1185 3131 ad
1230 3077 1449 3132 malum.
1495 3077 1728 3135 Necesse
1770 3086 1857 3133 est

1956 1881 2197 1952 cepimus
2227 1882 2331 1937 tide
2356 1882 2422 1937 de
2464 1882 2717 1951 praesenti
2752 1881 2951 1937 saeculo
2979 1882 3051 1935 ad
3075 1880 3243 1938 Deum
3268 1884 3535 1953 migrare-6

1955 1982 2102 2039 runt,
2131 1977 2442 2031 societatem
2468 1982 2525 2027 et
2550 1973 2666 2043 spei
2695 1973 3133 2028 communionem
3172 1972 3373 2029 habere
3413 1982 3534 2028 cre-

1954 2066 2165 2122 damus.
2213 2065 2270 2121 Si
2299 2075 2478 2121 tamen
2508 2074 2656 2121 recte
2699 2065 2933 2120 vivendo
2977 2063 3141 2120 ﬁdem
3172 2063 3319 2119 illam
3348 2071 3535 2119 tenete

1954 2170 2098 2221 mus,
2127 2164 2183 2210 et
2207 2156 2459 2226 operibus
2487 2156 2825 2226 impleamus.

2026 2243 2194 2299 Inter.
2239 2244 2596 2301 Undecimum
2635 2260 2855 2302 versum
2893 2247 3018 2317 quis
3062 2248 3401 2317 co‘mposuit,
3443 2248 3539 2301 aut

1954 2339 2085 2407 quid
2119 2340 2174 2394 in
2225 2354 2291 2394 eo
2325 2340 2496 2395 debeo
2529 2340 2869 2411 intelligere?
2921 2339 3076 2413 Resp.
3111 2341 3399 2396 Thaddeus
3434 2352 3536 2394 uu-

1956 2430 2224 2485 deeimum
2264 2447 2479 2488 versum
2509 2447 2838 2503 componens
2864 2434 2941 2487 ait
2972 2451 2986 2487 :
3020 2432 3396 2487 Remissionem
3420 2446 3538 2502 peo-

1956 2528 2212 2577 catonzm.
2245 2520 2529 2579 Gredeuda
2555 2534 2641 2581 est
2662 2525 2847 2598 utique
2870 2533 3213 2597 peccatorum
3255 2524 3499 2581 remissio
3519 2566 3535 2594 ,

1955 2616 2085 2681 quia
2113 2614 2215 2667 hoc
2242 2631 2407 2669 unum
2430 2624 2514 2670 cst
2538 2618 2856 2683 remedium,
2879 2618 3024 2688 quod
3050 2619 3343 2672 humanum
3366 2633 3535 2687 genus

1958 2720 1991 2757 a
2018 2708 2281 2760 sententia
2307 2717 2577 2778 perpetuae
2621 2710 2811 2764 mortis
2843 2709 3088 2764 absolvit.
3126 2709 3331 2765 Idcirco
3355 2712 3539 2780 unige-

1959 2794 2104 2849 nitus
2144 2793 2408 2850 Altissimi
2446 2797 2695 2868 dignatus
2741 2808 2907 2854 estet
2951 2814 3170 2854 carnem
3204 2813 3437 2864 sumere,
3483 2806 3539 2853 et

1960 2899 2175 2939 crucem
2225 2887 2426 2952 subirc,
2457 2895 2515 2940 ut
2548 2902 2669 2952 nos,
2699 2887 2791 2957 qui
2836 2896 3056 2958 propter
3100 2886 3326 2942 crimina
3374 2896 3539 2956 atque

1959 2988 2180 3048 peccata
2222 2994 2329 3033 non
2383 2988 2693 3049 poteramus
2735 2981 3000 3046 evadere,
3055 2996 3151 3036 sua
3207 2981 3538 3051 indulgentia

1962 3067 2165 3124 faceret
2194 3069 2527 3125 innocentes.
2558 3070 2626 3124 Et
2652 3070 2772 3126 ideo
2799 3070 3173 3125 immaculatus
3207 3071 3420 3126 occisus
3453 3078 3539 3126 est

277 3167 517 3237 quidem,
547 3178 609 3223 ut
627 3169 919 3226 humanum
954 3188 1123 3244 genus
1160 3173 1248 3228 ille
1278 3171 1554 3241 discutiat,
1577 3174 1669 3243 qui
1699 3189 1856 3230 orca.

1960 3161 2165 3234 Agnus,
2214 3172 2273 3217 ut
2302 3162 2416 3232 ejus
2447 3179 2641 3218 cruore
2676 3164 2895 3219 humani
2919 3164 3130 3234 generis
3169 3162 3396 3218 maculas
3422 3172 3536 3239 ter-

278 3260 384 3324 vit;
418 3268 473 3314 et
505 3262 619 3331 ipse
636 3262 858 3333 judicet,
888 3266 979 3335 qui
1008 3266 1253 3320 redemit.
1293 3263 1506 3320 Justum
1532 3267 1728 3338 quippe
1747 3275 1852 3335 est,

278 3362 339 3409 ut
363 3356 700 3425 omnipotens
734 3357 991 3412 Dominus
1032 3358 1287 3414 mortales
1317 3375 1469 3425 suos,
1497 3375 1632 3430 quos
1654 3361 1855 3421 virtute

277 3443 574 3500 divinitatis
615 3445 886 3513 formavit,
922 3447 1098 3502 Patris
1144 3449 1343 3521 pietate
1380 3449 1629 3515 salvavit,
1654 3448 1854 3517 judicis

276 3535 677 3589 examinatione
722 3537 1014 3602 discernat,
1065 3546 1125 3591 ut
1169 3539 1364 3608 impios
1411 3540 1668 3609 gehennae
1716 3542 1857 3612 ignis

278 3624 481 3687 tradat,
510 3625 628 3694 pios
658 3634 835 3680 autem
860 3626 912 3680 in
939 3628 1196 3682 societate
1232 3629 1552 3685 atternilatis
1584 3630 1851 3685 adsumat.

280 3711 422 3780 Quid
466 3729 697 3784 namque
720 3713 918 3786 justius
944 3726 1121 3788 potest
1147 3733 1267 3775 esse
1295 3720 1437 3789 apud
1466 3719 1654 3781 Deum,
1692 3736 1857 3790 quam

280 3814 339 3859 ut
368 3819 597 3874 quorum
627 3806 736 3860 vita
768 3792 982 3862 diversa
1027 3806 1128 3862 fuit
1171 3810 1225 3863 in
1259 3808 1475 3876 saeculo,
1511 3825 1698 3865 eorum
1734 3819 1862 3882 post

278 3896 386 3950 hoc
422 3896 671 3951 smculum
702 3886 895 3952 merita
931 3899 1349 3971 distinguantur.
1385 3900 1484 3955 Ubi
1511 3911 1690 3956 autem
1719 3901 1861 3972 judi-

281 3988 438 4042 candi
470 3988 779 4045 referuntur
806 3991 955 4063 (vivi)
988 4007 1052 4047 ac
1080 3993 1298 4058 mortui,
1324 3991 1397 4048 ibi
1424 3994 1661 4049 omnium
1688 3992 1860 4049 homi-

283 4096 410 4134 num
434 4095 553 4137 esse
579 4083 718 4153 apud
740 4081 908 4137 Deum
933 4098 1063 4138 cura
1088 4084 1361 4139 credatur.

354 4173 517 4228 Inter.
562 4168 772 4229 Nonum
803 4191 1017 4230 versum
1062 4178 1203 4246 quis-
1228 4178 1550 4247 composuit,
1583 4185 1678 4232 aut
1720 4192 1857 4246 quo-

281 4265 449 4320 modo
469 4273 565 4319 est
581 4266 993 4337 intelligendus?
1030 4266 1185 4338 Resp;
1228 4268 1362 4323 item
1391 4268 1627 4325 Iacobus
1652 4278 1857 4325 nonum

279 4372 496 4412 versum
533 4357 829 4427 adjungens
858 4358 971 4415 ait:
1005 4354 1173 4411 Credo
1208 4359 1263 4413 in
1302 4357 1561 4428 Spiritum
1594 4369 1855 4414 sanctum.

282 4444 398 4499 Hoc
426 4445 490 4498 ad
536 4444 765 4499 formam
797 4445 917 4501 ﬁdei
957 4448 1209 4517 pertinet,
1253 4455 1313 4501 ut
1359 4450 1499 4503 sicut
1546 4449 1599 4503 in
1638 4448 1857 4504 Patrem

282 4545 338 4592 et
371 4536 583 4601 Filium,
614 4538 688 4591 ita
732 4548 787 4591 et
816 4537 868 4590 in
915 4522 1183 4607 Spitﬁtm
1223 4549 1469 4593 sanctum
1498 4540 1703 4610 absque
1746 4539 1856 4594 ulla

282 4628 616 4683 dubitatione
642 4628 946 4694 credamus,
980 4638 1040 4682 ut
1066 4646 1295 4699 quorum
1326 4647 1490 4684 unum
1524 4646 1721 4685 nomen
1749 4640 1855 4699 est,

282 4735 389 4775 non
419 4721 487 4774 sit
511 4735 699 4775 eorum
725 4720 933 4775 diversa
960 4720 1246 4776 confessio.
1273 4721 1339 4777 Et
1364 4723 1455 4790 qui
1483 4722 1857 4792 in'cmloapu'd
1888 4730 1893 4733 '

281 4825 343 4865 se
388 4826 552 4865 unum
596 4820 739 4876 sunt,
791 4826 820 4865 a
865 4810 1019 4866 nobis
1062 4827 1169 4867 non
1216 4823 1530 4881 separentur
1567 4813 1619 4867 in
1671 4813 1851 4867 terris.

281 4903 548 4971 Quoniam
590 4905 728 4959 sicut
765 4904 1031 4959 divinitati
1066 4905 1198 4959 nihil
1237 4905 1302 4960 de
1338 4907 1603 4962 creaturis
1650 4905 1855 4978 aequari

279 5002 480 5066 potest,
526 4995 600 5050 ita
627 5010 840 5051 omnem
867 4995 1182 5051 divisionem
1207 5005 1263 5051 et
1306 4997 1726 5068 intequalitatem
1752 5014 1855 5053 na-

282 5096 405 5142 tura
442 5086 738 5141 divinitatis
761 5087 1015 5142 cxcludit.
1053 5087 1238 5156 Itaque
1262 5090 1561 5143 secundum
1584 5090 1855 5161 evangeli-

282 5192 411 5233 cam
427 5179 727 5244 veritatem,
754 5178 893 5233 sicut
916 5176 1083 5233 Filius
1104 5193 1134 5232 a
1158 5177 1318 5233 Patre
1344 5179 1529 5242 exivit,
1557 5180 1629 5234 ita
1654 5191 1708 5235 et
1733 5180 1856 5251 Spi-

283 5268 423 5324 ritus
448 5275 662 5323 sanctus
692 5283 722 5321 a
768 5264 928 5323 Patre
968 5268 1229 5338 procedit.
1271 5268 1340 5322 Et
1378 5269 1519 5325 sicut
1549 5270 1857 5340 unigenitus

282 5362 453 5416 Filius
515 5346 609 5416 Dei
671 5369 774 5426 est,
819 5360 892 5414 ita
938 5369 993 5415 et
1045 5359 1275 5431 Spiritus
1326 5370 1541 5415 sanctus
1590 5361 1684 5416 Dei
1747 5370 1853 5418 est.

282 5453 353 5507 Et
380 5453 520 5507 sicut
543 5450 722 5517 Pater,
764 5450 852 5505 cui
897 5448 1030 5515 vult,
1075 5451 1395 5515 miseretur,
1446 5457 1503 5504 et
1532 5450 1734 5517 Filius,
1767 5452 1856 5508 cui

282 5546 418 5610 vult,
450 5544 666 5599 Patrem
690 5543 924 5609 revelat;
955 5543 1030 5597 ita
1059 5543 1224 5597 etiam
1263 5543 1496 5612 Spiritus
1517 5551 1568 5598 et
1592 5544 1858 5614 inspirare

283 5635 498 5703 legitur,
527 5643 687 5707 prout
708 5632 841 5701 vult,
873 5641 929 5687 et
957 5634 1096 5688 dona
1125 5632 1424 5688 caelestium
1453 5634 1745 5704 gratiarum
1776 5636 1858 5690 di-

284 5728 490 5797 videre,
527 5736 685 5798 prout
725 5726 856 5782 vult.
891 5724 1020 5793 Quae
1049 5740 1169 5780 cum
1211 5724 1284 5780 ita
1325 5740 1381 5779 se
1417 5724 1669 5792 habeant,
1722 5742 1856 5796 quo-

1961 3254 2236 3326 gerentur.
2282 3254 2420 3311 Ecce
2455 3255 2877 3326 profunditatem
2918 3255 3160 3328 mysterii
3196 3256 3209 3308 ι
3242 3255 3380 3310 Ecce
3415 3255 3539 3312 alti-

1962 3349 2201 3403 tudinem
2242 3349 2566 3403 sacramenti
2602 3350 2613 3402 Ξ
2676 3340 2776 3404 Ubi
2821 3362 2969 3402 mors
3022 3347 3197 3401 reddit
3234 3346 3437 3413 vitam,
3484 3353 3541 3404 et

1962 3438 2300 3507 peccantium
2342 3441 2531 3493 sordes
2577 3439 2836 3510 sanguine
2881 3446 3008 3493 sunt
3039 3439 3336 3493 innocentis
3384 3454 3563 3515 mnu;

1962 3529 2119 3584 datm.
2168 3526 2290 3591 Haec
2326 3540 2505 3584 autem
2550 3532 2797 3586 remissio
2839 3547 2945 3586 non
2983 3546 3083 3586 nos
3132 3531 3200 3586 ad
3255 3540 3538 3600 peccatum

1960 3621 2153 3685 nutrit,
2182 3622 2275 3675 sed
2305 3622 2577 3688 admonet,
2607 3631 2666 3676 ut
2686 3621 2801 3693 jam
2838 3637 3066 3693 peccare
3092 3624 3400 3686 timeamus,
3442 3620 3537 3691 qui

1960 3718 2061 3765 nos
2096 3712 2441 3783 intelligimus
2477 3713 2594 3769 sine
2640 3712 2793 3768 venia
2836 3730 2943 3769 non
2985 3729 3146 3786 posse
3182 3714 3398 3769 salvari.
3436 3713 3540 3769 Bo-

1962 3804 2107 3858 nitas
2134 3804 2275 3859 enim
2308 3805 2402 3860 Dei
2434 3822 2656 3862 munere
2680 3807 3024 3879 indulgentia:
3048 3822 3159 3862 sum
3185 3822 3292 3862 non
3318 3821 3421 3863 nos
3447 3821 3537 3861 ar-

1960 3898 2076 3951 mat
2104 3894 2172 3950 ad
2197 3895 2429 3966 culpam,
2455 3897 2551 3953 sed
2574 3882 2800 3953 absolvit
2832 3898 2899 3954 ad
2925 3898 3170 3969 gloriam.

2036 3986 2202 4040 Inter.
2244 3984 2464 4042 Caueris
2512 3989 2757 4043 versibus
2800 3989 3081 4060 expositis,
3129 3989 3252 4059 quis
3283 3988 3536 4045 duodeci-

1961 4093 2112 4133 mum
2152 4078 2558 4147 composuisset,
2590 4094 2684 4134 seu
2713 4081 2873 4159 etiam
2907 4082 3036 4151 quid
3086 4080 3333 4137 miraculi
3374 4083 3429 4136 in
3470 4095 3537 4137 eo

1962 4168 2248 4234 habeatur,
2281 4177 2340 4223 ut
2368 4166 2498 4224 mihi
2543 4172 2775 4241 aperias,
2808 4172 3082 4227 humiliter
3100 4173 3349 4228 obsecro.
3375 4172 3530 4251 Resp.

1961 4260 2144 4325 Certe,
2174 4260 2361 4328 frater,
2389 4263 2526 4318 sicut
2555 4264 2609 4318 in
2639 4264 2882 4334 reliquis,
2906 4262 2981 4319 ita
3007 4273 3061 4319 et
3091 4266 3144 4320 in
3166 4254 3269 4321 hoc
3290 4265 3537 4336 petitioni

1961 4358 2071 4408 mas
2107 4353 2338 4424 benigno
2377 4356 2578 4421 animo,
2627 4366 2787 4428 prout
2836 4358 3093 4428 intelligo,
3127 4358 3531 4428 obtemperabo.

1964 4434 2240 4513 Matthias,
2287 4448 2376 4517 qui
2422 4448 2490 4503 ab
2534 4450 2790 4520 apostolis
2832 4457 2954 4521 post
2995 4449 3186 4506 Judam
3218 4451 3421 4506 electus
3453 4458 3538 4506 est

1965 4552 2135 4610 sorte,
2182 4544 2555 4601 duodecimum
2595 4560 2812 4601 versum
2838 4545 3053 4615 adjecit,
3096 4546 3279 4601 dicens
3309 4565 3320 4599 :
3347 4544 3534 4601 Carnis

1964 4635 2391 4688 resurrectionem
2428 4644 2476 4689 et
2516 4636 2675 4690 vitam
2708 4645 2976 4690 trternam.
3008 4635 3257 4702 Carnem,
3295 4653 3457 4708 quam
3480 4638 3537 4694 in

1962 4727 2067 4783 hac
2092 4724 2201 4780 vita
2230 4725 2331 4780 sub
2363 4727 2579 4781 mortali
2611 4727 2919 4782 conditione
2945 4736 3245 4797 portamus,
3288 4729 3427 4785 hanc
3452 4746 3536 4785 re-

1963 4825 2333 4872 surrecturum
2372 4832 2494 4872 esse
2518 4817 2878 4872 immortalem
2908 4833 2971 4873 ac
3007 4819 3275 4875 rationem
3297 4820 3536 4876 redditu-

1962 4924 2078 4963 ram
2119 4922 2215 4977 pro
2248 4906 2521 4961 consortio
2540 4907 2733 4961 anima!
2756 4906 3060 4964 credamus.
3092 4902 3225 4977 Quis
3250 4912 3391 4966 enim
3418 4927 3536 4966 cre-

1958 5000 2093 5054 dens
2117 5000 2227 5054 Deo
2256 4999 2427 5067 possit
2456 4998 2521 5052 de
2546 5000 2947 5055 remrrectioue
2967 5001 3236 5068 dubitare,
3262 5006 3389 5057 cum’
3422 5000 3536 5057 ωε-
3620 5010 3625 5017 ’

1957 5090 2215 5146 nifestum
2244 5090 2314 5144 sit
2348 5090 2488 5145 hanc
2519 5090 2689 5146 Solam
2716 5090 2933 5148 causam
2955 5090 3173 5150 Christo
3209 5088 3375 5149 fuiSsc
3411 5102 3537 5152 nas-

1959 5181 2154 5237 cendi?
2180 5180 2308 5247 Qua:
2349 5182 2556 5239 utilitas
2581 5194 2727 5253 erat,
2770 5195 2830 5241 ut
2870 5195 3162 5259 perpetuus
3197 5198 3416 5244 carnem
3455 5188 3538 5245 di-

1959 5281 2219 5344 gnaretur
2234 5286 2530 5342 assumere,
2546 5277 2651 5331 nisi
2680 5287 2740 5332 ut
2758 5276 3102 5350 perpetuitati
3126 5286 3343 5333 mem
3371 5279 3537 5334 dona-

1964 5363 2082 5418 ret?
2111 5362 2245 5429 Qua!
2276 5364 2449 5435 gloria
2488 5377 2631 5422 esset
2662 5368 2757 5423 Dei
2800 5362 2997 5423 Filium
3044 5376 3263 5424 erucem
3302 5384 3409 5423 non
3451 5382 3537 5426 re-

1963 5450 2179 5524 fugere,
2223 5460 2453 5508 mortem
2493 5466 2768 5527 expetere,
2810 5468 2863 5512 et
2916 5457 3124 5530 perpeti
3162 5458 3490 5529 sepulturam
3517 5503 3532 5527 ,
3570 5530 3575 5533 ν

1962 5540 2069 5595 nisi
2099 5541 2262 5596 vitam
2311 5544 2624 5601 mortalibus
2671 5548 2909 5616 prmetita
2966 5550 3362 5605 resurrectione
3404 5565 3528 5605 con-

1962 5632 2163 5689 ferret?
2195 5633 2360 5690 Posse
2397 5638 2499 5692 hoc
2530 5636 2645 5692 fieri
2671 5636 2798 5692 facit
2832 5639 3087 5695 divinitas
3125 5639 3304 5706 fidem,
3347 5642 3430 5695 cui
3456 5650 3539 5696 to-'

1964 5734 2097 5792 tum,
2124 5727 2264 5796 quod
2291 5727 2422 5791 vult,
2457 5744 2615 5800 posse
2663 5729 2925 5785 subsistit.
2961 5730 3202 5801 Denique
3232 5739 3294 5788 ut
3324 5731 3535 5795 indulti-
