4038 6354
495 273 638 331 1145

1311 272 1373 331 Β.
1405 273 1469 332 1³⁵.
1503 273 1729 330 ΑιΒιΝι
1766 271 1900 330 SEU
1937 264 2217 329 ALCUINI
2254 267 2539 327 OPERUM
2575 266 2756 324 PARS
2792 266 2926 324 Vill.

3615 268 3768 328 υιι

496 398 613 446 tata
647 386 961 461 resurgendi
1006 389 1247 461 exempla
1278 390 1550 454 capiamus
1627 391 1743 446 inse
1784 388 1876 443 hic
1916 403 2069 443 mun-
2091 396 2144 457 Α
2169 383 2299 454 quid
2336 381 2744 453 intelligendum
2772 380 2889 437 est?
2910 379 3069 452 Resp.
3098 378 3145 436 Α
3182 380 3402 439 Christo
3424 384 3574 439 enim
3599 384 3768 441 Chri.

499 485 601 541 dus
627 487 827 539 amissa
851 493 1173 555 receptaque
1196 484 1407 539 decorls
1435 482 1518 542 sai
1540 485 1729 553 specie
1755 489 1811 537 et
1835 481 2032 537 occidit
2048 521 2063 547 ,

499 585 555 631 et
589 560 843 647 resurgit.
876 577 1265 631 Documentum
1305 575 1559 629 nimirum
1594 575 1790 629 futurae
1828 589 2071 629 resurre-

499 668 697 727 ctionis
726 670 1040 740 accipimus,
1062 685 1185 725 cum
1208 669 1581 725 commendata
1605 668 1773 724 sulcis
1797 668 2070 724 frumenta

499 760 555 814 in
583 759 833 830 stipulam
879 775 1032 815 suam
1082 761 1327 824 redeunt,
1380 768 1437 815 et
1476 760 1749 815 renovatis
1787 758 2069 814 frondibus

499 849 728 921 Spoliata
778 849 898 922 gelu
940 866 1160 906 nemora
1217 854 1571 907 revirescunt.
1617 850 1821 907 Cuncta
1865 852 2068 917 etiam,

499 955 619 1010 quae
666 949 811 996 terra
860 941 1109 1011 producit
1151 952 1244 997 aut
1288 943 1493 999 semine
1538 951 1633 997 aut
1673 943 1854 998 radice
1891 942 2073 997 multi-

497 1030 694 1100 plicata
725 1032 1041 1088 redduntur.
1071 1035 1200 1101 Quae
1224 1043 1404 1090 autem
1429 1036 1626 1091 duritia
1650 1036 1831 1091 cordis
1851 1046 1934 1091 est
1964 1051 2071 1091 non

492 1122 721 1179 credere
758 1125 1044 1180 reformari
1073 1126 1365 1192 hominem,
1397 1143 1522 1182 cum
1550 1128 1751 1193 omnia,
1784 1143 1903 1197 quae
1929 1125 2073 1181 facta

498 1221 645 1278 sunt,
698 1224 1036 1285 reparentur.
1099 1215 1270 1271 Vitam
1313 1227 1562 1271 cateruam
1588 1257 1603 1283 ,
1646 1217 1790 1287 quod
1831 1217 2075 1291 sequitur

498 1305 703 1376 absque
739 1307 844 1362 ulla
875 1309 1209 1366 dubitatione
1237 1326 1335 1366 nos
1359 1319 1743 1367 consecuturos
1769 1311 2072 1379 credamus,

496 1396 541 1450 si
584 1400 719 1463 haec,
753 1414 873 1469 quas
901 1401 996 1456 tibi
1044 1403 1306 1458 hactenus
1338 1405 1582 1474 exposui,
1624 1403 1856 1459 ﬁrmiter
1888 1414 2075 1459 tenea-

496 1500 619 1541 mus
697 1503 762 1543 ac
832 1489 990 1545 bonis
1051 1494 1304 1562 operibus
1373 1493 1605 1550 ﬁdeliter
1674 1492 2074 1550 conservemus.

498 1574 784 1645 Quoniam,
826 1580 967 1636 sicut
1015 1584 1187 1649 nosti,
1226 1582 1358 1638 ﬁdes
1414 1584 1530 1639 sine
1568 1585 1822 1656 operibus
1865 1592 2079 1641 mortua

496 1677 600 1723 est.
631 1668 743 1725 Hoc
778 1672 1027 1728 omnibus
1058 1684 1222 1743 patet.

2172 479 2378 533 stianus
2418 475 2711 541 derivatur,
2742 483 2799 530 et
2823 474 2943 530 ideo
2969 476 3095 530 dum
3132 474 3427 531 Christiani
3469 492 3767 545 vocamur,

2169 572 2384 645 Christi;
2408 587 2603 628 nomen
2655 580 2922 637 tenemus,
2950 580 3007 627 et
3051 572 3439 643 supplicamus,
3485 581 3549 628 ut
3589 589 3769 643 opera

2168 663 2373 720 Christi
2400 662 2577 718 facere
2619 662 2915 727 valeamus,
2962 669 3017 717 et
3058 677 3256 717 nomen
3285 678 3444 717 suum
3472 678 3575 733 per
3615 663 3772 719 bona

2169 769 2333 826 opera
2365 763 2551 811 nostra
2577 754 2631 809 in
2661 755 2818 810 nobis
2845 754 3233 810 sanetiﬁcetur.

2240 848 2410 904 Inter.
2449 848 2579 915 Quae
2610 857 2696 904 est
2732 847 2968 904 secunda
3015 848 3239 918 petitio?
3291 846 3449 919 Resp.
3498 848 3772 903 Adveniet

2172 964 2386 1018 regnum
2438 956 2605 1000 tuum.
2660 945 2827 1001 Inter.
2865 944 3005 1012 Quid
3049 943 3124 999 ibi
3174 943 3585 1015 intelligendum
3634 944 3772 999 est?

2173 1036 2332 1109 Resp.
2365 1036 2598 1092 Oramus
2625 1036 2789 1102 enim,
2823 1043 2883 1089 ut
2911 1034 3161 1091 Christus
3188 1042 3381 1104 regnet
3410 1033 3467 1087 in
3496 1032 3687 1097 nobis,
3716 1038 3775 1088 et

2174 1145 2283 1185 non
2312 1129 2593 1194 diabolus;
2626 1137 2683 1184 et
2710 1126 2950 1183 Ecclesia
2971 1124 3173 1181 Christi
3207 1139 3425 1194 semper
3452 1133 3697 1188 crescat,
3718 1125 3775 1179 in

2175 1236 2279 1291 qua
2310 1229 2503 1291 regnat
2530 1220 2703 1285 Deus;
2741 1226 2797 1273 et
2823 1218 2939 1273 dies
2962 1215 3152 1285 judicii
3181 1215 3455 1279 adveniat,
3482 1215 3613 1284 quia
3638 1223 3775 1270 tunc

2176 1311 2421 1368 diabolus
2448 1313 2503 1366 in
2530 1312 2731 1366 mundo
2750 1325 2980 1382 regnare
3008 1308 3254 1375 desistet,
3282 1315 3339 1364 et
3364 1306 3621 1363 Christus
3644 1322 3773 1362 cum

2179 1407 2383 1462 sanctis
2411 1406 2523 1460 suis
2554 1404 2802 1475 regnabit
2830 1405 2884 1458 in
2912 1410 3195 1458 aeternum.

2250 1498 2417 1553 Inter.
2458 1496 2587 1563 Qua:
2611 1505 2697 1553 est
2722 1495 2916 1551 tertia?
2946 1494 3103 1566 Resp.
3137 1492 3260 1548 Fiat
3287 1494 3532 1550 voluntas
3559 1504 3679 1561 tua,
3706 1495 3780 1549 si-

2180 1603 2266 1650 cut
2299 1596 2356 1650 in
2386 1592 2509 1648 caelo
2541 1601 2588 1648 et
2616 1593 2672 1647 in
2715 1601 2876 1647 terra.
2925 1591 3090 1647 Inter.
3128 1591 3408 1659 Quomodo
3434 1601 3521 1648 est
3567 1593 3776 1647 intelﬁo

2183 1688 2390 1759 genda?
2425 1685 2580 1757 Resp.
2629 1684 2783 1739 Sicut
2833 1682 3009 1752 angeli
3058 1683 3110 1737 in
3159 1682 3297 1738 casio
3343 1692 3451 1737 tua:
3496 1682 3776 1738 voluntati

569 1755 684 1812 Hoc
709 1767 795 1814 εει
831 1761 1156 1831 εγωυοιιιω,
1198 1765 1369 1821 frater
1391 1767 1486 1832 mi,
1519 1770 1660 1837 (μιοά
1687 1768 1781 1823 tibi
1808 1784 2078 1840 exponere
2107 1778 2154 1839 Β
2183 1755 2461 1844 obediunt,
2501 1755 2577 1832 ita
2621 1785 2677 1831 et
2706 1775 2846 1845 justi
2893 1774 2948 1829 in
2982 1782 3130 1828 terra
3161 1773 3381 1828 faciant.
3430 1773 3499 1828 Et
3525 1775 3675 1829 sicut
3720 1774 3773 1829 in

500 1852 806 1920 postulasti,
848 1854 998 1924 cujus
1022 1858 1320 1929 signaculo,
1361 1863 1502 1917 sicut
1525 1864 1726 1918 dictum
1758 1872 1862 1929 est,
1887 1864 1943 1918 in
1970 1864 2083 1936 pri-

501 1942 714 1997 mordio
742 1944 930 2001 ﬁdeles
962 1947 1031 2001 ab
1076 1949 1382 2006 inﬁdelibus
1427 1962 1805 2009 secernuntur.
1849 1953 1963 2010 Hoc
1998 1962 2083 2010 est

500 2036 826 2104 symbolum,
873 2038 1030 2110 cujus
1066 2047 1266 2099 veritas
1300 2061 1736 2117 unumquemque
1770 2048 2083 2103 credentem

499 2122 663 2179 elﬁcit
718 2126 1103 2189 Christianum.
1154 2132 1269 2188 Hoc
1309 2143 1391 2190 est
1449 2136 1783 2207 symbolum,
1843 2139 1987 2208 quod
2028 2146 2085 2193 et

499 2215 743 2272 viventes
773 2221 1097 2289 sanctiﬁcat,
1135 2232 1190 2278 et
1224 2234 1469 2280 mortuos
1512 2228 1722 2282 reducit
1771 2229 1838 2283 ad
1874 2230 2040 2284 vitam
2066 2272 2080 2297 ,

501 2302 570 2358 ad
593 2320 756 2373 quam
780 2308 869 2363 ille
919 2327 1017 2367 nos
1048 2313 1298 2384 dignetur
1326 2318 1639 2385 perducere,
1688 2320 1781 2388 qui
1816 2321 1986 2375 trinus
2029 2330 2084 2377 et

500 2409 642 2450 unus
674 2398 810 2455 vivit
838 2410 892 2456 et
931 2414 1122 2474 regnat
1154 2407 1209 2461 in
1247 2410 1442 2465 saecula
1472 2411 1810 2467 smeulorum.
1850 2412 2043 2470 Amen.

980 2520 1144 2594 uo
1184 2522 1410 2581 CAPUT
1446 2526 1559 2581 xu.

842 2628 1037 2668 INCIPIT
1075 2631 1138 2668 DE
1177 2631 1430 2671 DOMINICA
1464 2634 1751 2674 ORATIONE.

504 2726 509 2729 »
572 2698 738 2756 Inter.
779 2702 1033 2772 Exposita
1087 2706 1184 2760 tibi
1225 2705 1330 2762 ﬁde
1364 2718 1524 2778 prout
1562 2713 1728 2780 potui,
1772 2729 1916 2769 nunc
1958 2722 2083 2784 peto

498 2798 560 2845 ut
586 2791 735 2847 dicas
764 2794 919 2859 mihi,
964 2796 1010 2849 si
1053 2797 1161 2851 scis
1191 2795 1501 2854 Orationem
1532 2800 1890 2871 Dominicam,
1918 2820 2081 2875 quam

498 2880 758 2941 Dominus
788 2897 975 2943 noster
999 2888 1158 2945 Jesus
1181 2890 1433 2949 Christus
1455 2895 1747 2966 discipulos
1773 2913 1900 2953 suos
1923 2914 2085 2955 orare

498 2973 699 3033 docuit.
739 2977 897 3052 Resp.
932 2980 1076 3039 Scio.

568 3066 736 3123 Inter.
778 3070 909 3127 Peto
938 3074 1214 3132 humiliter
1254 3087 1315 3133 ut
1346 3080 1479 3136 mihi
1520 3082 1667 3137 illam
1704 3082 1871 3139 dicas.
1923 3083 2079 3158 Resp.

2184 1870 2405 1935 sanctis,
2465 1868 2539 1923 ita
2589 1875 2646 1922 et
2696 1866 2751 1920 in
2798 1864 3176 1937 peccatoribus
3226 1874 3319 1920 tua
3366 1864 3621 1920 voluntas
3673 1865 3775 1920 im-

2181 1962 2411 2034 pleatur.

2254 2054 2418 2109 Inter.
2453 2053 2589 2121 Quae,
2604 2061 2687 2109 est
2712 2053 2940 2123 quarta?
2963 2052 3117 2124 Resp.
3150 2050 3351 2107 Panem
3374 2060 3614 2107 nostrum
3638 2068 3773 2122 quo.

2183 2147 2441 2201 tidianum
2472 2146 2541 2199 da
2572 2145 2720 2199 nobis
2749 2144 2923 2199 hodie.
2952 2144 3118 2199 Inter.
3152 2143 3290 2211 Quid
3322 2144 3378 2198 in
3407 2159 3472 2198 ea
3505 2142 3770 2212 intelligi-

2184 2239 2308 2294 tur?
2337 2237 2493 2308 Resp.
2525 2235 2637 2292 Hoc
2661 2237 2778 2291 loco
2802 2236 2960 2305 panis
2988 2251 3088 2306 pro
3115 2235 3362 2291 omnibus
3390 2234 3525 2289 cibis
3563 2234 3769 2303 accipi-

2184 2337 2292 2395 tur,
2324 2330 2390 2384 de
2433 2328 2627 2398 quibus
2662 2328 2902 2398 quotidie
2928 2327 3112 2382 vivere
3151 2327 3431 2381 debemus.
3462 2325 3773 2389 Precamnr

2184 2424 2348 2478 etiam
2375 2437 2473 2493 pro
2501 2421 2871 2491 assumptione
2892 2418 3134 2488 corporis
3154 2417 3377 2473 Christi.
3408 2416 3656 2472 Petimus
3681 2417 3777 2472 de-

2184 2516 2367 2586 nique,
2394 2524 2454 2570 ut
2482 2515 2638 2569 nobis
2668 2514 2904 2583 seipsum
2934 2513 3157 2575 tribuat,
3182 2512 3275 2580 qui
3303 2519 3388 2565 est
3413 2512 3572 2581 panis
3592 2511 3773 2565 vivus.

2254 2606 2421 2661 Inter.
2462 2605 2590 2673 Quae
2614 2613 2698 2661 est
2720 2604 2945 2675 quinta?
2975 2601 3132 2672 Resp.
3164 2601 3234 2655 Et
3264 2602 3468 2655 dimitte
3497 2602 3646 2655 nobis
3680 2602 3776 2654 de-

2186 2699 2293 2753 bita
2319 2708 2518 2763 nostra,
2566 2698 2699 2751 sicut
2725 2704 2776 2750 et
2802 2711 2897 2749 nos
2941 2694 3252 2747 dimittimus
3302 2692 3625 2746 debitoribus
3671 2710 3774 2746 no-

2185 2792 2327 2846 stris.
2360 2790 2527 2846 Inter.
2560 2790 2700 2858 Quid
2730 2790 2782 2845 in
2812 2790 2898 2845 illa
2924 2790 3265 2845 sentiendum
3296 2790 3411 2845 est?
3440 2788 3599 2859 Resp.
3640 2788 3774 2844 Pre-

2185 2899 2377 2940 camur
2405 2884 2569 2949 enim,
2599 2891 2661 2939 ut
2704 2883 2783 2939 sic
2829 2883 3063 2938 dimittat
3093 2883 3251 2937 nobis
3288 2891 3515 2952 peccata
3545 2891 3772 2945 nostra,

2187 2976 2327 3032 sicut
2352 2983 2406 3031 et
2426 2991 2527 3031 nos
2549 2975 2871 3030 dimittimus
2900 2974 3237 3030 debitoribus
3260 2975 3485 3029 nostris.

2256 3066 2424 3122 Inter.
2466 3066 2597 3133 Quae
2624 3074 2707 3123 est
2734 3066 2923 3122 sexta?
2960 3064 3114 3139 Resp.
3148 3064 3218 3120 Et
3246 3082 3307 3121 ne
3334 3082 3429 3120 nos
3462 3065 3693 3120 inducas
3719 3066 3772 3119 in

487 3159 668 3218 Prout
691 3166 881 3222 eodem
909 3170 1136 3227 Domino
1163 3173 1453 3231 miserante
1481 3177 1651 3244 valeo,
1696 3179 1786 3247 qui
1817 3180 1964 3234 mam
1989 3154 2084 3236 δέ),
2110 3154 2157 3219 C
2189 3159 2550 3213 tentationem.
2579 3157 2746 3213 Inter.
2778 3157 3059 3224 Quomodo
3086 3157 3203 3213 haec
3222 3156 3581 3227 intelligitur?
3612 3157 3767 3229 Resp.

497 3253 631 3320 euit,
662 3254 880 3313 faciam.
928 3259 1086 3315 Pater
1112 3272 1308 3330 noster,
1339 3266 1427 3336 qui
1449 3284 1501 3321 es
1526 3269 1581 3321 in
1608 3268 1765 3335 caelis,
1794 3278 1849 3323 et
1875 3270 1971 3323 rel.

488 3386 489 3389 η
568 3342 737 3402 Inter.
778 3349 836 3403 In
866 3352 1053 3407 eadem
1104 3357 1348 3411 oratione
1399 3368 1529 3427 quot
1590 3361 1879 3429 petitiones
1932 3365 2081 3419 inve-

486 3434 754 3527 niuntur?
782 3437 934 3512 Resp.
970 3441 1207 3512 Septem.
1237 3445 1400 3503 Inter.
1428 3448 1556 3516 Quae
1584 3460 1667 3507 est
1690 3454 1895 3523 prima?
1920 3454 2075 3527 Resp.

484 3519 871 3595 .Sanctiﬁcetur
897 3547 1083 3587 nomen
1111 3544 1278 3590 tuum.

568 3616 738 3711 Inter.
779 3620 892 3679 Hoc
935 3628 1077 3695 quod
1107 3628 1162 3683 in
1211 3632 1387 3701 capite
1411 3633 1595 3691 dixisti
1624 3656 1635 3691 :
1676 3637 1841 3694 Pater
1870 3626 2071 3711 noster,

492 3710 584 3803 pui
613 3727 667 3766 es
694 3712 932 3803 incestis,
973 3722 1243 3788 quomodo
1266 3724 1618 3797 intelligitur?
1647 3730 1803 3803 Resp.
1831 3732 1909 3788 lbi
1931 3734 2077 3790 enim

494 3796 768 3893 invocatio
793 3803 1069 3873 dignitatis
1091 3819 1193 3876 est,
1219 3812 1344 3867 dum
1370 3796 1585 3871 Patrem
1609 3833 1709 3873 nos
1735 3796 1933 3875 habere
1955 3838 2079 3893 pro-

494 3884 711 3979 fitemur
755 3892 947 3960 Deum,
988 3899 1113 3968 quia
1163 3918 1354 3959 omnes
1400 3922 1499 3961 nos
1540 3906 1738 3965 fratres
1767 3884 1971 3979 sumus;
2020 3921 2076 3970 et

490 3976 661 4035 Deum
687 3981 901 4041 Patrem
929 3988 1188 4049 habemus
1213 3993 1267 4050 in
1293 3998 1464 4053 caelis.

562 4071 731 4132 Inter.
770 4078 827 4135 ln
858 4082 1034 4152 prima
1062 4089 1343 4157 petitione,
1387 4108 1548 4164 quam
1582 4098 1829 4167 superius
1856 4099 2072 4169 dixisti,

2190 3252 2306 3310 Non
2360 3253 2595 3323 petimus
2643 3259 2704 3307 ut
2730 3266 2840 3306 non
2890 3260 3183 3318 tentemur,
3230 3252 3357 3322 quia
3408 3252 3504 3321 qui
3548 3267 3663 3306 non
3692 3261 3774 3306 est

2187 3355 2445 3414 tentatus,
2477 3363 2585 3403 non
2615 3354 2698 3403 est
2722 3346 3002 3417 probatus.
3046 3344 3154 3401 Sed
3179 3359 3474 3417 precamur
3501 3353 3560 3399 ut
3586 3361 3653 3399 ne
3674 3360 3774 3400 nos

2187 3439 2408 3495 inducat
2441 3438 2496 3493 in
2529 3438 2903 3505 tentationem,
2950 3453 3116 3509 quam
3158 3434 3392 3494 sufferre
3434 3452 3547 3493 non
3578 3452 3769 3509 possu-

2185 3547 2327 3587 IDUS.

2255 3622 2423 3678 Inter.
2464 3622 2594 3691 Qua:
2642 3630 2727 3678 est
2774 3623 3038 3694 septima?
3085 3622 3235 3693 Resp.
3269 3620 3374 3678 Sed
3414 3622 3581 3678 libera
3607 3641 3700 3678 nos
3738 3639 3773 3677 α

2179 3713 2341 3767 malo.
2373 3713 2541 3768 Inter.
2566 3713 2845 3780 Quomodo
2869 3722 2951 3769 est
2978 3714 3326 3786 intelligenda
3342 3715 3368 3769 ?
3396 3714 3559 3785 Resp.
3585 3716 3643 3771 ld
3665 3725 3768 3781 est,

2178 3821 2209 3859 a
2248 3806 2478 3871 diabolo,
2513 3821 2543 3860 a
2571 3815 2798 3877 peccato
2828 3814 2883 3861 et
2909 3806 2979 3861 ab
3006 3807 3153 3862 omni
3180 3806 3323 3862 malo
3363 3814 3719 3861 tentamento.

2250 3897 2416 3953 Inter.
2449 3899 2630 3962 Amen,
2665 3902 2810 3970 quod
2840 3900 2895 3954 in
2924 3900 3030 3957 line
3067 3908 3172 3965 est,
3208 3900 3485 3970 quomodo
3514 3900 3773 3971 intelligi-

2182 3998 2289 4057 tur,
2321 3993 2402 4047 vel
2446 3992 2598 4062 cujus
2626 3993 2808 4065 lingua
2834 3994 3070 4050 dicitur?
3100 3993 3256 4065 Resp.
3285 3994 3459 4050 Amen
3502 3995 3773 4051 Hebraice

2179 4082 2400 4150 dicitur,
2434 4084 2577 4155 quod
2603 4085 2793 4141 Latine
2819 4100 2948 4141 vere
2973 4097 3027 4141 et
3052 4085 3288 4143 ﬁdeliter
3316 4086 3736 4159 interpretatur.

488 4217 3766 4269 .__.___________________________

1440 4357 2308 4439 PROPOSITIONES
2367 4367 2819 4444 ALCUINI

1269 4533 1687 4595 DOCTORIS
1740 4539 2352 4601 CAROLIMAGNI
2401 4504 3015 4603 IMPERATORI:

1596 4693 1705 4753 AD
1747 4693 2170 4760 ACUENDOS
2211 4700 2561 4764 JUVENES
2594 4708 2647 4780 ",

931 4873 1245 4933 MONITUM
1282 4876 1442 4934 ΡΒᾸΞ
1451 4878 1641 4936 VIUM.

567 4961 971 5044 Propositiones
1015 4978 1311 5044 sequentes
1344 4972 1637 5044 maximam
1665 4985 1877 5044 partem
1912 4978 2071 5034 editae

492 5044 709 5108 exstant
741 5037 881 5092 inter
908 5036 1245 5108 Opera'Ven.
1279 5039 1456 5107 Bedze,
1486 5052 1617 5098 tom.
1647 5036 1943 5103 l'editionis
1968 5049 2069 5103 Ba-

492 5106 755 5190 sileensis
792 5106 1154 5190 anniAlS‘GQ,“
1186 5126 1307 5190 pag.
1374 5114 1477 5167 155
1535 5130 1682 5190 seq._
1712 5116 2068 5190 (Patrologiaz

494 5185 640 5260 temo
668 5177 779 5260 XC,
796 5181 899 5260 co-l.
922 5178 1068 5260 6C7).
1098 5177 1229 5260 lllu'd
1255 5177 1433 5260 tamen
1461 5177 1778 5260 opusculum
1800 5204 1921 5243 cum
1951 5177 2069 5260 plu—

493 5248 643 5303 ribus
670 5250 792 5325 aliis
814 5248 1243 5325 ejusdemutnmi,
1265 5252 1422 5325 Beda:
1449 5248 1781 5325 suppositum
1804 5274 1922 5315 esse
1945 5248 2068 5315 cen-

492 5321 859 5391 senteruditi,
881 5323 1024 5391 quod
1054 5322 1195 5376 illius
1221 5322 1419 5377 nullam
1447 5321 1770 5382 mentionem
1801 5329 1990 5386 fecerit
2010 5333 2065 5387 in

491 5390 737 5466 catalogo
766 5390 1269 5466 suorum_0perum,
1299 5409 1459 5466 quem
1492 5397 1717 5466 ipsemet
1740 5401 1992 5457 confecit.

564 5460 755 5515 Exstat
780 5475 908 5515 vero
933 5460 1279 5537 subhomine
1316 5460 1527 5537 ᾈΙουίιιί
1558 5469 1611 5522 in
1644 5479 1952 5537 pervetusto
1974 5489 2065 5528 co-

492 5530 610 5610 dice
640 5547 739 5586 ms.
773 5533 1087 5610 monasterii
1111 5532 1298 5610 Augiae
1325 5535 1535 5610 Divitis,
1569 5530 1710 5594 unde
1736 5542 2065 5610 descriptum

493 5602 560 5669 ad
584 5617 682 5657 nos
712 5604 975 5671 pervenit.
1030 5600 1106 5659 De
1154 5600 1346 5663 eodem
1392 5600 1644 5664 fortassis
1691 5600 2068 5683 intelligendus

561 5750 585 5777 ι
609 5735 722 5793 Iste
746 5748 827 5795 est
852 5740 1037 5797 titulus
1063 5742 1116 5796 in
1139 5743 1258 5800 cod.
1294 5759 1393 5799 ms.
1424 5745 1606 5818 Augize
1636 5744 1845 5802 Divitis.

2101 4895 2155 4955 D
2175 4910 2458 4987 Alcuinus,
2485 4913 2615 4987 dum
2629 4915 2724 4987 _ad
2751 4909 3284 4987 CarolumgMaguum
3316 4915 3369 4970 in
3398 4916 3633 4985 epistola
3666 4915 3762 4971 101

2178 4984 2254 5057 ita
2280 4983 2468 5057 scribit
2493 5000 2505 5035 :
2544 5003 2562 5034 ι
2598 4984 2717 5040 Misi
2746 4984 3079 5057 excellentia:
3104 4983 3298 5040 vestrae
3325 4983 3591 5055 quasdam
3633 5003 3765 5057 spe—

2177 5054 2289 5108 cies
2316 5054 2610 5109 dictionum
2637 5056 2900 5124 exemplis
2921 5065 2977 5111 et
2997 5057 3248 5111 versibus
3267 5054 3565 5112 venerandi
3588 5054 3771 5111 Patris

2175 5124 2523 5197 conﬁrmatas
2556 5165 2571 5190 ,
2603 5135 2658 5180 et
2698 5125 2905 5197 aliquas
2927 5126 3129 5197 ﬁguras
3154 5127 3500 5181 arithmeticen
3546 5128 3767 5181 subtili-

2174 5195 2318 5267 tatis,
2348 5194 2544 5267 [milite
2574 5213 2736 5251 causa
2773 5194 2793 5248 ί
2829 5194 2935 5252 etc.
2970 5194 3047 5251 En
3080 5198 3345 5251 rationem
3373 5213 3497 5267 qum
3527 5214 3628 5253 nos
3672 5199 3766 5253 in-

2173 5266 2328 5320 duxit
2349 5272 2408 5318 ut
2433 5266 2637 5334 scripto
2664 5268 2789 5322 huic
2828 5267 2971 5323 inter
3001 5268 3165 5322 dubia
3212 5266 3424 5321 Alcuini
3459 5267 3637 5322 locum
3669 5269 3769 5322 da-

2176 5351 2377 5407 remus.
2410 5337 2747 5392 Contulimus
2790 5354 2917 5392 vero
2946 5338 3074 5392 illud
3103 5354 3224 5393 cum
3262 5339 3503 5393 editione.
3534 5338 3764 5407 pnefata

2177 5407 2309 5461 Ven.
2341 5406 2499 5462 Beda:
2534 5418 2588 5465 et
2635 5408 2903 5477 aliquibus
2934 5408 3065 5464 locis
3097 5409 3289 5463 menda
3326 5406 3549 5463 librarii
3575 5425 3766 5463 cmen-

2174 5477 2439 5549 davimus.
2477 5478 2719 5542 Modicze,
2756 5478 2953 5542 fateor,
2986 5480 3237 5534 utilitatis
3273 5481 3475 5535 habent
3500 5480 3761 5549 proposi-

2172 5548 2351 5602 tiones
2381 5549 2587 5612 isthmc,
2640 5559 2696 5603 et
2723 5565 2784 5604 ex
2817 5550 3157 5603 arithmetica
3204 5550 3362 5604 hodie
3388 5551 3534 5604 culta
3580 5548 3755 5605 multo

2174 5618 2384 5673 facilius
2413 5631 2467 5673 et
2491 5619 2687 5689 clarius
2711 5620 2906 5676 resolvi
2938 5629 3187 5690 possent;
3223 5631 3381 5675 erunt
3423 5631 3607 5675 tamen
3644 5619 3758 5674 for-
