4038 6354
311 283 451 344 ωε

1201 282 1353 341 ΟΡΡ.
1393 280 1621 341 DUBIA.
1662 311 1733 324 -
1769 279 2312 355 PROPOSITIONES
2347 281 2641 340 ALCUINL

3428 278 3568 347 1146

309 408 475 464 tassis
503 406 616 476 Qui,
660 404 726 459 ad
751 402 970 474 quasvis
1000 396 1339 476 antiquitatis
1366 398 1631 476 reliquias
1656 397 1882 476 attenti,
1913 396 1962 457 Α
1989 403 2204 448 centum
2229 395 2465 450 denariis
2486 411 2515 450 c
2536 410 2731 465 porcos
2756 409 2976 464 emere;
3017 397 3097 454 sic
3124 406 3305 455 tamen
3322 439 3337 462 ,
3364 408 3427 453 ut
3448 413 3568 453 vere

308 480 395 536 his
420 468 634 549 quoque
664 468 897 547 pretium
940 468 1203 535 statuant,
1235 480 1290 549 e_t
1320 471 1445 525 inde
1483 468 1740 524 nonnulla
1766 483 1886 537 qua:

308 552 377 607 ad
409 544 695 613 calculum,
730 559 1013 601 mensuras
1042 560 1106 598 ac
1130 544 1365 613 pondera
1390 550 1632 613 veterum
1664 553 1889 613 cognos-

305 622 477 677 cenda
527 609 832 681 conferunt,
887 630 1078 671 eruere
1104 609 1329 683 possint.
1364 612 1631 667 Nonnulla
1672 609 1887 683 quaefin

306 708 412 747 ms.
453 689 795 755 deﬁciebant,
827 681 1194 758 supplevimus
1216 700 1283 740 ex
1314 684 1449 739 Ven.
1480 682 1624 738 Beda
1660 681 1760 737 sub
1801 682 1888 737 his

307 762 326 835 [
402 762 421 835 ]
451 762 639 835 signis.
973 827 1133 901 Ml
1175 826 1198 881 Ι

766 936 1078 979 PBOI‘OSITIO
1107 936 1172 975 DE
1205 933 1421 973 LﬂlACl-Z.

374 1018 564 1075 Limax
586 1015 688 1093 fuit
712 1014 781 1070 ab
805 1013 1123 1070 hierundine
1160 1010 1313 1083 [Ms.,
1338 1009 1664 1081 harundine]
1692 1010 1890 1064 invita-

303 1120 392 1168 tus
419 1112 486 1165 ad
516 1109 805 1180 prandium
849 1107 990 1162 infra
1029 1106 1241 1160 leucam
1270 1118 1452 1157 unam.
1484 1101 1543 1155 In
1577 1101 1664 1155 die
1704 1108 1886 1155 autem

301 1220 408 1261 non
436 1204 612 1275 potuit
638 1201 757 1272 plus
782 1216 947 1271 quam
979 1215 1143 1254 unam
1172 1198 1385 1253 unciam
1407 1195 1558 1266 pedis
1587 1193 1882 1249 ambulare.

301 1298 474 1363 Dicat,
500 1297 591 1366 qui
620 1295 767 1360 velit,
810 1294 866 1348 in
908 1302 1039 1363 quot
1066 1291 1246 1364 [annis
1271 1289 1377 1363 vel]
1422 1289 1610 1345 diebus
1646 1287 1714 1343 ad
1744 1287 1886 1343 idem

297 1389 583 1459 prandium
615 1388 731 1458 ipse
755 1386 920 1440 limax
956 1382 1405 1454 perambulabat?

688 1477 940 1550 Sequitur
965 1475 1157 1531 solutio
1192 1476 1256 1529 de
1286 1475 1491 1530 limare.

368 1570 427 1625 In
456 1569 604 1626 leuca
631 1584 741 1624 una
766 1577 892 1623 sunt
916 1567 1062 1622 mille
1089 1568 1367 1638 quingenti
1392 1583 1617 1638 passus;
1640 1584 1716 1623 vn
1744 1585 1776 1622 υ
1797 1582 1888 1637 pe-

295 1666 413 1731 des,
440 1665 507 1721 ἦ
536 1664 728 1718 unciae.
762 1660 906 1728 Quot
927 1660 1120 1725 uncia},
1160 1668 1240 1714 tot
1271 1660 1387 1716 dies
1413 1658 1651 1727 fuerunt,
1683 1660 1776 1731 qui
1799 1661 1883 1716 fa-

295 1760 447 1815 ciunt
471 1774 641 1815 annos
666 1771 879 1822 ccxcvx,
907 1761 963 1810 et
989 1754 1106 1810 dies
1127 1768 1246 1808 ccx.

501 1957 528 1986 ⁸
558 1956 869 1999 Ριιονοειτιο
896 1955 964 1995 DE
988 1954 1115 1994 VIRO
1144 1954 1463 1995 AMBULANTE
1491 1954 1545 1994 IN
1572 1956 1682 1994 VIA.

366 2036 594 2104 Quidam
642 2036 727 2089 vir
771 2032 1054 2090 ambulans
1101 2045 1200 2101 per
1243 2032 1389 2086 viam
1421 2032 1555 2086 vidit
1601 2031 1703 2086 sibi
1749 2031 1884 2087 alios

291 2129 540 2186 homines
579 2126 890 2191 obviantes,
934 2133 991 2181 et
1027 2123 1163 2178 dixit
1199 2124 1315 2179 eis:
1357 2123 1634 2189 Volebam,
1666 2134 1725 2179 ut
1752 2123 1884 2179 fuis-

291 2221 423 2276 setis
463 2218 649 2291 [Bed.,
700 2220 909 2272 utinam
954 2214 1229 2287 fuissetis]
1276 2216 1366 2270 alii
1414 2225 1646 2283 tantum,
1693 2217 1881 2288 quanti

289 2315 459 2379 estis;
491 2321 545 2367 et
567 2312 829 2367 medietas
859 2310 1196 2372 medietatis;
1241 2318 1296 2363 et
1334 2310 1493 2379 hujus
1519 2309 1728 2364 numeri
1764 2324 1880 2365 me-

291 2407 464 2461 dietas
506 2403 583 2478 [et
619 2418 809 2458 rursus
834 2403 901 2457 de
931 2401 1222 2456 medietate
1252 2400 1536 2472 medietas]
1562 2418 1576 2467 ;
1622 2410 1749 2456 tunc
1773 2417 1880 2456 una

289 2511 502 2552 mecum
532 2512 561 2550 c
602 2494 860 2549 fuissetis.
906 2493 1081 2559 Dicat,
1125 2494 1218 2563 qui
1250 2493 1397 2559 velit,
1422 2493 1611 2564 quanti
1636 2492 1876 2560 fuerunt,

289 2587 383 2658 qui
405 2587 460 2642 in
485 2587 674 2657 primis
699 2585 768 2639 ab
798 2584 890 2640 illo
912 2585 1013 2639 visi
1036 2586 1203 2639 sunt?

649 2676 853 2733 Salutio
876 2677 940 2731 de
961 2678 1142 2731 eadem
1165 2679 1535 2748 propositione.

358 2770 464 2837 Qui
493 2769 757 2841 imprimis
779 2768 959 2824 abillo
984 2769 1082 2824 visi
1110 2778 1254 2833 sunt,
1294 2767 1515 2824 fuerunt
1550 2786 1738 2824 xxxvi.
1770 2770 1876 2826 Alii

286 2873 499 2918 tantum
540 2877 707 2916 Lxxn.
751 2859 1009 2915 Medietas
1050 2860 1355 2915 medietatis
1397 2876 1550 2915 xvm.
1601 2861 1670 2915 Et
1714 2861 1877 2930 hujus

285 2954 499 3011 numeri
544 2954 805 3009 medietas
851 2961 977 3009 sunt
1000 2968 1140 3006 vnn.
1188 2952 1285 3007 Dic
1324 2967 1453 3024 ergo
1484 2954 1601 3009 sic:
1644 2970 1791 3009 Lxxn
1820 2962 1876 3009 et

285 3064 420 3103 xvnt
451 3046 587 3103 ﬁunt
606 3063 693 3102 xc.
720 3046 872 3102 Adde
896 3061 1030 3113 vnn,
1061 3048 1196 3101 ﬁunt
1222 3060 1429 3101 xcvnn.
1468 3044 1617 3103 Adde
1650 3046 1873 3118 loquen-

283 3148 416 3208 tem,
444 3148 498 3195 et
521 3136 746 3195 habebis
778 3152 830 3194 c.
1038 3207 1105 3265 In

462 3304 491 3344 ιι
518 3319 829 3361 rnorosmo
853 3318 918 3358 ns
946 3316 1149 3358 nnonvs
1174 3316 1691 3361 morrcrscenrmus.

354 3394 473 3452 Duo
516 3396 764 3452 homines
808 3394 1142 3451 ambulantes
1183 3410 1282 3464 per
1318 3395 1481 3463 viam,
1520 3396 1875 3467 viilentesque

282 3486 543 3553 ciconias,
575 3486 829 3541 dixerunt
873 3486 1014 3540 inter
1054 3500 1146 3541 se:
1187 3486 1329 3552 Quot
1360 3487 1529 3540 sunt?
1566 3486 1666 3554 Qui
1691 3488 1876 3543 confe-

280 3587 471 3635 rentes
501 3592 786 3631 numerum
815 3576 1069 3630 dixerunt
1094 3593 1106 3628 :
1150 3575 1208 3630 Si
1236 3586 1421 3632 essent
1453 3577 1569 3632 alite
1598 3588 1792 3646 tanta};
1820 3590 1877 3636 et

280 3679 368 3725 ter
394 3667 573 3740 [Bed.,
596 3674 652 3722 et
674 3666 859 3739 etiam]
884 3675 1065 3732 tantm,
1087 3676 1142 3721 et
1168 3668 1428 3725 medietas
1454 3671 1617 3735 tertii,
1650 3670 1877 3740 adjectis

281 3763 513 3828 duobus,
538 3777 567 3816 c
596 3770 798 3817 essent.
832 3760 1004 3825 Dicat,
1036 3760 1127 3831 qui
1158 3769 1354 3830 potest,
1385 3771 1597 3832 quantae
1631 3762 1871 3832 fuerunt,

279 3870 405 3926 qua:
427 3853 692 3923 imprimis
718 3852 787 3907 ab
817 3851 920 3906 illis
939 3852 1068 3906 visae
1095 3852 1257 3906 sunt?

789 3941 995 3999 Salutio
1026 3944 1090 3997 de
1124 3944 1363 3999 ciconiis.

352 4051 525 4091 xxvnt
551 4042 608 4091 et
640 4041 874 4100 xvni,-et
901 4034 1060 4089 tertio
1087 4034 1201 4100 sic;
1238 4034 1374 4090 ﬁunt
1399 4052 1647 4092 cxxxnn.
1674 4037 1741 4093 Et
1765 4051 1875 4094 me-

280 4130 458 4187 dietas
487 4129 633 4184 tertii
670 4128 807 4183 ﬁunt
828 4144 968 4183 xnn.
1019 4126 1159 4183 Sunt
1188 4128 1243 4183 in
1273 4136 1447 4187 totum
1491 4146 1678 4187 xcvnt.
1706 4131 1876 4204 Adje-

280 4223 387 4281 ctis
413 4221 641 4290 duobus,
670 4239 700 4278 c
728 4228 1010 4293 apparent.

576 4418 600 4448 ο
638 4422 950 4465 PROPOSITIO
980 4425 1047 4463 DE
1071 4422 1273 4465 HOIINE
1302 4423 1373 4464 ΕΤ
1395 4424 1569 4473 εουιε.

351 4499 582 4570 Quidam
622 4500 783 4556 homo
823 4500 957 4555 vidit
992 4516 1160 4571 equos
1203 4510 1488 4572 pascentes
1538 4501 1593 4556 in
1641 4516 1867 4573 campo,
1898 4483 1958 4549 D

276 4593 487 4667 optavit
520 4592 745 4649 dicens:
792 4590 1013 4648 Utinam
1042 4593 1237 4649 essetis
1276 4594 1413 4659 mei,
1446 4602 1502 4649 et
1540 4593 1733 4649 essetis
1777 4594 1871 4649 alii

277 4696 512 4752 tantum,
538 4692 595 4740 et
618 4683 882 4740 medietas
920 4684 1267 4751 medietatis;
1305 4694 1453 4741 certe
1488 4684 1748 4756 gloriarer
1780 4702 1872 4742 su-

274 4791 376 4849 per
406 4790 576 4846 equos
606 4790 656 4830 c.
690 4774 996 4840 Discernat,
1029 4777 1122 4845 qui
1150 4776 1282 4842 vult,
1325 4785 1458 4848 quot
1482 4792 1652 4848 equos
1684 4778 1872 4850 impri-

274 4868 383 4925 mis
406 4867 539 4922 vidit
570 4866 660 4922 ille
695 4867 859 4922 homo
889 4870 1214 4936 pascentes?

839 4957 1045 5013 Salutio
1068 4959 1132 5014 de
1155 4962 1318 5031 equis.

349 5068 419 5109 χι.
458 5052 585 5125 equi
627 5060 801 5118 erant,
844 5053 936 5122 qui
979 5054 1293 5122 pascebant.
1342 5055 1447 5111 Alii
1490 5064 1702 5111 tantum
1734 5055 1872 5111 ﬁunt

274 5161 441 5203 xxxx.
476 5145 735 5202 Medietas
761 5143 1065 5201 medietatis
1096 5145 1274 5215 hujus,
1296 5147 1352 5203 id
1379 5155 1483 5211 est,
1506 5163 1599 5215 xx,
1629 5147 1676 5203 si
1708 5146 1873 5202 adda-

274 5247 387 5309 tur,
416 5239 551 5295 ﬁunt
574 5255 624 5295 c.

1049 5310 1113 5367 Υ.

498 5408 524 5448 ἀ
558 5424 871 5465 rnorosmo
903 5424 968 5462 ns
995 5421 1243 5464 surrecta
1274 5422 1638 5463 nssamonun.

346 5504 496 5559 Dixit
535 5504 757 5575 quidam
797 5510 1010 5574 emptor
1041 5501 1232 5573 [Bed.,
1263 5502 1563 5576 mercator]
1590 5522 1601 5557 :
1636 5502 1771 5559 Volo
1799 5501 1868 5557 de

348 5652 374 5679 α
407 5639 561 5710 Apud
597 5640 833 5696 Bedam:
882 5638 957 5693 De
1000 5637 1209 5692 homine
1250 5635 1382 5690 alios
1427 5637 1660 5693 homines
1700 5636 1753 5690 in
1785 5635 1867 5689 via

274 5710 377 5775 sibi
398 5711 744 5766 obviantibus.

352 5781 379 5822 ιι
410 5781 564 5850 Apud
590 5782 787 5837 Bedam
819 5782 1065 5839 additur:
1106 5781 1246 5836 Visis
1279 5781 1513 5835 ciconiis.

1807 5842 1855 5950 θ

1910 1757 1961 1819 Β

1903 3112 1950 3177 C

1987 502 2078 542 res
2111 504 2146 542 x
2188 488 2426 543 denariis
2472 496 2726 556 ematur;
2782 489 2958 544 scrofa
2998 499 3179 547 autem
3220 508 3255 547 v
3290 490 3567 558 denariis;

1989 579 2095 634 duo
2120 594 2249 635 vero
2281 580 2501 649 porcelli
2538 582 2763 637 denario
2783 598 2911 638 uno.
2952 583 3134 650 Dicat,
3160 584 3251 654 qui
3298 564 3567 653 intelligit,

1988 679 2120 740 quot
2141 685 2345 736 verres,
2378 679 2508 741 quot
2549 672 2769 739 scroﬁe,
2814 685 3012 744 quotve
3054 674 3275 746 porcelli
3310 690 3433 731 esse
3478 675 3570 730 dea

1987 763 2171 828 beant,
2201 772 2262 818 ut
2286 764 2341 819 in
2371 764 2577 821 neutris
2603 781 2862 823 numerus
2889 782 2989 823 nec
3024 766 3445 839 superabundet,
3471 780 3569 822 nec

1986 853 2263 908 minuatur
2278 854 2301 908 ?

2491 947 2696 1005 Salutio
2731 951 2796 1005 de
2829 960 3075 1023 emptore.

2057 1038 2167 1095 Fac
2193 1055 2310 1095 vnn
2342 1040 2548 1096 scrofas
2577 1050 2632 1096 et
2661 1058 2829 1097 unum
2854 1058 3067 1100 verrem
3098 1043 3154 1098 in
3183 1041 3568 1115 quinquaginta

1986 1131 2227 1201 quinque
2273 1131 2550 1196 denariis;
2590 1141 2646 1189 et
2690 1150 2831 1188 Lxxx
2880 1135 3146 1206 porcellos
3194 1136 3249 1190 in
3295 1153 3384 1191 xc.
3433 1135 3569 1191 Ecce

1985 1225 2136 1293 porci
2172 1239 2259 1279 xc.
2304 1224 2363 1278 ln
2404 1225 2635 1280 residuis
2661 1241 2694 1277 v
2733 1226 2993 1293 denariis,
3028 1226 3113 1282 fac
3144 1227 3409 1297 porcellos
3433 1244 3488 1296 x,
3518 1235 3567 1282 et

1986 1315 2212 1371 habebis
2238 1315 2611 1371 centenarium
2632 1331 2921 1371 numerum
2953 1317 3009 1371 in
3031 1317 3296 1389 utrisque.

2734 1428 2819 1485 VI.

2057 1535 2371 1577 PROPOSITIO
2395 1534 2462 1575 DE
2494 1536 2698 1577 DUOBUS
2733 1535 3199 1576 NECOTIATORIBUS
3227 1534 3257 1575 ϐ
3283 1534 3500 1575 εοιιυοθ

2605 1629 2956 1669 HABENTIBUS.

2055 1703 2299 1759 Fuerunt
2330 1705 2436 1761 duo
2458 1705 2841 1774 negotiatores,
2870 1705 3129 1762 habentes
3150 1722 3179 1762 c
3203 1706 3402 1762 solidos
3422 1719 3570 1761 com-

1991 1811 2202 1862 munes,
2234 1797 2429 1867 quibus
2467 1806 2713 1853 emerent
2755 1814 2969 1869 porcos.
3001 1799 3261 1854 Emerunt
3304 1807 3486 1853 autem
3517 1798 3570 1852 in

1989 1885 2176 1942 solidis
2202 1887 2409 1943 duobus
2431 1903 2626 1957 porcos
2656 1904 2709 1953 v,
2733 1888 2974 1945 volentes
2994 1904 3088 1944 eos
3114 1890 3385 1959 saginare,
3409 1897 3570 1957 atque

1987 1978 2185 2033 iterum
2207 1981 2539 2045 venundare,
2573 1987 2628 2035 et
2663 1980 2719 2033 in
2741 1980 2925 2035 solidis
2951 1980 3159 2034 lucrum
3184 1979 3382 2035 facere.
3410 1979 3569 2034 Cum-

1983 2088 2089 2143 que
2112 2073 2375 2129 vidissent
2405 2082 2615 2144 tempus
2641 2090 2749 2129 non
2773 2089 2896 2130 esse
2917 2074 2984 2129 ad
3006 2074 3330 2144 saginandos
3355 2088 3569 2144 porcos,

1982 2174 2038 2221 et
2070 2166 2171 2236 ipsi
2201 2182 2295 2221 eos
2321 2183 2427 2221 non
2451 2166 2749 2223 valuissent
2777 2178 3020 2239 tempore
3054 2167 3272 2222 hiemali
3312 2181 3570 2237 pascere,

1982 2265 2267 2313 tentavere
2294 2259 2672 2323 venundando,
2711 2259 2757 2312 si
2783 2259 3105 2329 potuissent,
3136 2258 3345 2313 lucrum
3368 2258 3568 2323 facere,

1982 2349 2078 2403 sed
2108 2364 2215 2403 non
2263 2357 2588 2418 potuerunt;
2628 2350 2755 2418 quia
2801 2366 2907 2404 non
2938 2349 3190 2404 valebant
3222 2365 3315 2404 eos
3344 2349 3572 2420 amplius

1979 2438 2310 2502 venundare,
2339 2439 2445 2492 nisi
2468 2446 2527 2491 ut
2548 2440 2715 2509 empti
2738 2438 2973 2505 fuerant,
3008 2439 3061 2494 id
3088 2448 3192 2504 est,
3224 2447 3286 2493 ut
3306 2439 3372 2495 de
3394 2455 3428 2494 v
3449 2454 3572 2509 por—

1979 2529 2060 2583 cis
2088 2528 2221 2583 duos
2251 2529 2452 2584 solidos
2482 2530 2809 2598 acciperent.
2848 2528 2981 2584 Cum
3014 2531 3116 2585 hoc
3140 2530 3572 2598 conspexissent,

1979 2619 2237 2675 dixerunt
2264 2619 2331 2674 ad
2359 2619 2619 2674 invicem:
2651 2620 2963 2676 Dividamus
3000 2634 3114 2675 eos.
3143 2618 3453 2695 Dividentes
3479 2634 3573 2673 au-

1978 2722 2091 2769 tem
2132 2722 2188 2769 et
2213 2713 2527 2779 vendentes,
2564 2713 2703 2768 sicut
2749 2720 3009 2776 emerant,
3065 2712 3310 2785 fecerunt
3338 2711 3572 2766 lucrum.

1980 2803 2172 2867 Dicat,
2220 2803 2310 2872 qui
2343 2802 2505 2866 valet,
2538 2802 2807 2872 imprimis
2848 2810 2979 2871 quot
3020 2800 3172 2872 porci
3220 2800 3481 2864 fuerunt;
3518 2806 3573 2854 et

1980 2897 2186 2953 dividat
2223 2912 2287 2950 ac
2312 2897 2511 2951 vendat
2536 2904 2590 2951 et
2624 2895 2834 2950 lucrum
2861 2894 3061 2961 faciat,
3110 2895 3256 2965 quod
3281 2893 3463 2951 facere
3506 2890 3574 2949 de

1981 2972 2141 3044 sim‘ul
2168 2988 2400 3043 venditis
2429 3003 2534 3043 non
2560 2986 2750 3041 valuit.

2522 3099 2729 3156 Salutio
2757 3098 2821 3153 de
2844 3098 3037 3169 porcis.
3247 3154 3251 3158 ,

2057 3193 2330 3265 Imprimis
2353 3208 2448 3248 CCL
2470 3192 2621 3262 porci
2644 3198 2822 3255 erant,
2838 3188 2931 3255 qui
2947 3204 2977 3243 c
3003 3186 3190 3244 solidis
3210 3195 3335 3244 sunt
3354 3200 3574 3257 compa-

1984 3288 2111 3353 rati,
2140 3288 2281 3343 sicut
2312 3301 2472 3356 supra
2498 3285 2700 3340 dictum
2729 3291 2833 3349 est,
2869 3282 2923 3336 in
2952 3281 3164 3336 duobus
3183 3280 3372 3336 solidis
3398 3294 3431 3332 v
3452 3293 3570 3349 por-

1983 3394 2113 3434 cos:
2153 3378 2280 3449 quia
2319 3377 2432 3431 sive
2478 3373 2837 3445 quinquagies
2864 3371 3082 3442 quinos,
3128 3371 3241 3426 sive
3287 3368 3574 3441 quinquies

1982 3488 2012 3524 1.
2038 3469 2262 3529 dixeris.
2292 3484 2386 3523 CCL
2427 3466 2756 3521 numerabis.
2806 3464 3015 3531 Quibus
3051 3462 3243 3517 divisis
3281 3476 3422 3515 unus
3449 3459 3575 3516 tulit

1981 3577 2150 3623 cxxv,
2184 3560 2321 3614 alter
2360 3557 2628 3612 similiter.
2676 3554 2828 3610 Unus
2866 3552 3111 3607 vendidit
3137 3550 3435 3605 deteriores
3463 3554 3578 3605 tres

1982 3667 2197 3721 semper
2227 3652 2280 3703 in
2308 3648 2480 3703 solido
2504 3664 2519 3713 ;
2556 3648 2693 3701 alter
2716 3645 2967 3700 meliores
3004 3642 3140 3697 duos
3169 3642 3222 3696 in
3251 3640 3440 3697 solido.
3480 3636 3577 3693 Sic

1982 3742 2181 3803 evenit,
2223 3748 2284 3793 ut
2327 3739 2373 3793 is
2413 3738 2505 3806 qui
2550 3736 2848 3791 deteriores
2874 3733 3139 3797 vendidit,
3168 3732 3232 3787 de
3259 3746 3365 3787 cxx
3394 3728 3576 3800 porcis

1981 3850 2049 3888 XL
2078 3831 2278 3887 solidos
2304 3838 2387 3883 est
2414 3837 2757 3883 consecutus.
2791 3826 2893 3893 Qui
2921 3839 3047 3880 vero
3077 3821 3352 3886 meliores,
3379 3834 3449 3874 Lx
3484 3832 3577 3873 so-

1983 3925 2123 3979 lidos
2145 3933 2229 3978 est
2254 3929 2577 3977 consecutus
2601 3937 2615 3987 ;
2658 3920 2783 3990 quia
2811 3919 2877 3974 de
2911 3916 3258 3971 inferioribus
3287 3928 3391 3967 xxx
3421 3926 3572 3967 sent-

1982 4034 2080 4090 per
2108 4017 2160 4071 in
2202 4033 2237 4071 x
2281 4015 2506 4079 solidis;
2550 4015 2613 4069 de
2639 4011 2953 4069 melioribus
2995 4008 3185 4081 viginti
3229 4016 3410 4062 autem
3441 4004 3498 4059 in
3536 4018 3576 4060 χ

1983 4106 2172 4163 solidis
2220 4114 2346 4160 sunt
2386 4103 2719 4160 venundati:
2753 4111 2808 4158 et
2851 4106 3230 4157 remanserunt
3262 4095 3507 4165 utrisque
3536 4107 3572 4147 ν

1980 4198 2153 4270 porci,
2182 4213 2246 4253 ex
2269 4197 2464 4268 quibus
2493 4196 2558 4251 ad
2582 4196 2793 4251 lucrum
2824 4210 2906 4250 nn
2936 4191 3139 4249 solidos
3167 4198 3223 4247 et
3244 4188 3383 4245 duos
3412 4186 3576 4241 dena-

1982 4290 2095 4346 rios
2118 4287 2301 4346 l‘acere
2328 4296 2644 4360 potuerunt.

2722 4378 2833 4436 Vl].
3272 4428 3277 4433 .

2145 4487 2457 4529 PBOPOSITIO
2488 4487 2555 4528 DE
2586 4484 2735 4528 DISCO
2762 4484 3033 4526 PENSANTE
3059 4483 3249 4525 LIBRAS
3272 4481 3405 4521 XXX.

2062 4577 2158 4633 Est
2179 4578 2359 4633 discus
2382 4575 2473 4646 qui
2505 4582 2695 4645 pensat
2721 4574 2888 4628 libras
2927 4587 3037 4627 xxx
3080 4570 3194 4626 sive
3224 4568 3426 4625 solidos
3472 4579 3573 4634 nc,

1989 4670 2197 4727 habens
2238 4670 2292 4724 in
2332 4684 2391 4724 se
2433 4684 2660 4733 aurum,
2709 4672 3025 4736 argentum,
3069 4660 3475 4726 aurichalcum,
3517 4666 3576 4714 et

1988 4772 2263 4819 stannum.
2289 4760 2559 4828 Quantum
2588 4759 2753 4813 habet
2779 4755 2921 4821 auri,
2945 4762 3028 4811 ter
3063 4760 3271 4809 tantum
3301 4751 3465 4807 habet
3488 4764 3577 4804 ar-

1989 4856 2154 4928 genti.
2173 4855 2444 4923 Quantum
2473 4850 2703 4923 argenti,
2721 4858 2803 4905 ter
2821 4855 3030 4902 tantum
3051 4843 3365 4901 aurichalci.
3399 4840 3580 4908 Quan-

1988 4960 2105 5007 tum
2134 4949 2450 5015 aurichalci,
2475 4958 2558 5003 ter
2579 4955 2788 5001 tantum
2823 4944 3024 5000 stanni.
3048 4943 3227 5009 Dicat,
3250 4941 3343 5011 qui
3371 4942 3573 5010 potest,

1987 5051 2250 5112 quantum
2296 5040 2349 5093 in
2400 5052 2723 5109 unaquaque
2772 5036 2951 5109 specie
2998 5034 3189 5109 [Bed.,
3236 5040 3576 5100 unaquaeque

1987 5129 2221 5203 species]
2246 5129 2478 5199 pensat?

2662 5218 2891 5275 Salutio.

2059 5318 2267 5373 Aurum
2296 5322 2490 5389 pensat
2527 5314 2717 5371 uncias
2762 5327 2995 5385 novem:
3037 5317 3320 5380 argentum
3354 5314 3441 5363 ter
3468 5319 3568 5360 un-

1991 5413 2105 5469 cias
2125 5410 2348 5491 vnngid
2374 5416 2477 5473 est,
2507 5408 2672 5462 libras
2697 5406 2829 5461 duas
2852 5414 2906 5458 et
2926 5413 3036 5457 tres
3058 5401 3267 5455 uncias.
3292 5392 3573 5452 Auricbak

1991 5520 2116 5561 cum
2137 5488 2330 5574 pensat
2360 5510 2440 5556 ter
2468 5499 2637 5554 libras
2665 5499 2801 5553 duas
2822 5505 2876 5551 et
2901 5491 3031 5567 [ter]
3060 5509 3117 5547 ιιι
3147 5490 3358 5554 uncias,
3386 5488 3441 5543 id
3462 5490 3577 5552 est,

2066 5655 2089 5681 ο
2122 5639 2278 5711 Apud
2301 5637 2504 5711 pedam
2534 5633 2751 5711 additur
2777 5649 2787 5683 :
2830 5630 2897 5685 In
2926 5644 3108 5711 campo
3135 5622 3486 5711 maceratione,

2064 5714 2089 5753 ά
2118 5699 2276 5782 Apud
2300 5708 2497 5765 Bedam
2527 5722 2542 5762 :
2580 5705 2655 5760 De
2676 5711 2903 5773 emptore
2932 5701 2985 5755 in
3012 5699 3242 5754 denariis
3274 5704 3502 5750 centum.
