4038 6354
284 287 424 345 Ηιθ

1001 412 1140 470 XVI.

314 504 630 554 PROPOSITIO
653 510 719 554 υε
744 514 945 559 DUOBUS
966 518 1253 563 "OMNIBUS
1278 524 1442 566 BOVES
1468 524 1815 568 DUCENTIBUS.

348 585 465 642 Duo
494 589 736 648 homines
765 594 1029 669 ducebant
1057 599 1223 658 boves
1255 619 1355 674 per
1393 605 1557 673 viam,
1590 622 1621 661 e
1661 607 1857 677 quibus

275 694 417 737 unus
449 684 603 740 alteri
630 687 802 745 dixit:
833 690 907 746 Da
930 692 1061 751 mihi
1093 698 1255 754 boves
1288 700 1450 767 duos;
1484 713 1537 758 et
1576 702 1749 759 habeo
1777 710 1857 759 tot

273 772 438 833 boves
481 786 614 849 quot
650 791 706 837 et
734 792 789 838 tu
826 786 1011 844 habes.
1042 788 1111 846 At
1141 792 1228 848 ille
1266 795 1380 851 ait:
1420 794 1495 851 Da
1526 798 1659 853 mihi
1701 807 1757 853 et
1798 806 1855 855 tu

274 861 409 921 duos
456 866 641 935 boves,
684 879 737 927 et
777 872 949 932 habeo
994 880 1210 952 duplum
1239 900 1401 955 quam
1445 894 1502 941 tu
1540 886 1724 943 habes.
1764 888 1854 945 Di-

270 966 381 1102 lc‘a:
408 959 501 1028 qui
525 961 658 1030 vult,
685 976 816 1035 quot
855 969 1020 1027 boves
1062 970 1297 1042 fuerunt,
1333 984 1464 1049 quot
1486 982 1854 1053 unusquisque

311 1063 342 1101 a
382 1048 479 1102 uit.
1110 1076 1113 1077 ν

311 1048 479 1103 abuit.
1110 1076 1113 1077 '

337 1225 516 1295 Prior,
546 1231 638 1302 qui
668 1231 783 1290 dari
823 1233 924 1294 sibi
944 1146 1379 1317 flbggtibgavit,
1414 1246 1582 1307 boves
1616 1249 1853 1312 habebat

267 1329 373 1371 tm.
420 1320 491 1374 At
536 1337 697 1391 vero,
740 1329 831 1398 qui
877 1334 1197 1403 rogabatur,
1250 1338 1483 1397 habebat
1527 1358 1646 1399 vm.
1695 1344 1879 1407 Dedit‘

267 1413 464 1484 quippe
485 1427 705 1489 rogatus
726 1425 1017 1493 postulanti
1046 1430 1201 1496 duos,
1222 1442 1276 1487 et
1296 1434 1601 1492 habuerunt
1621 1446 1850 1509 uterque

265 1514 382 1557 sex.
416 1505 517 1575 Qui
544 1511 687 1566 enim
730 1514 879 1584 prius
908 1530 1211 1591 acceperat,
1247 1526 1478 1581 reddidit
1522 1530 1655 1584 duos
1701 1505 1847 1583 danti

263 1595 453 1690 priori,
497 1601 587 1670 qui
616 1602 848 1661 habebat
874 1622 987 1675 sex,
1016 1620 1069 1667 et
1105 1613 1293 1671 habuit
1320 1634 1439 1683 vin,
1468 1621 1613 1690 quod
1640 1626 1721 1676 est
1748 1618 1845 1674 du-

1100 358 1103 361 .
1206 300 1357 358 OPP.
1400 302 1631 361 DUBIA.
1673 335 1743 347 —
1779 304 2326 381 PROPOSITIONES
2361 312 2657 373 ALCUINI.
2696 370 2699 375 .

1879 427 1931 485 Α
1960 438 2095 489 rem,
2145 424 2436 498 lupumque
2481 428 2832 486 transferrem
2878 446 2894 487 :

3410 328 3545 393 H50

2938 431 3174 507 lupoque
3207 434 3342 497 foris
3379 442 3538 500 misse

1958 531 2177 587 capram
2206 520 2329 574 navi
2366 530 2634 592 receptam
2672 523 2811 579 ultra
2850 526 3193 594 reducerem;
3219 546 3540 603 capramun

1956 604 2089 662 foris
2120 610 2340 664 missam
2362 613 2574 667 caulum
2606 616 3011 673 transveherem
3047 617 3218 686 ultra;
3252 632 3413 693 atque
3441 624 3537 683 ite-

1955 714 2075 753 rum
2103 701 2471 773 remigassem,
2498 717 3166 779 capramqueassumptam
3198 712 3337 769 ultra
3360 716 3536 771 duxis-

1955 808 2088 848 sem.
2136 793 2332 863 Sicque
2366 795 2612 854 faciendo
2646 799 2788 856 facta
2824 804 2928 857 erit
2961 805 3243 875 remigatio
3288 807 3534 877 salubris,

1956 885 2160 956 absque
2182 889 2441 959 voragine
2467 889 2813 949 lacerationis
3196 881 3200 887 ’

2679 980 2819 1038 XIX.
2850 1000 2855 1003 '

1955 1078 2264 1125 raorosrrto
2290 1078 2356 1131 ne
2385 1082 2511 1126 vnto
2534 1080 2603 1127 ετ
2636 1086 2869 1128 IIULIBRE
2892 1088 3324 1152 pompatsrtnus
3353 1076 3534 1152 [ruu-

2432 1157 2552 1196 s'rru
2591 1158 2791 1199 roseus
2828 1147 3061 1219 ONUSTI].

2023 1229 2099 1284 De
2128 1230 2246 1285 viro
2275 1236 2330 1287 et
2359 1232 2606 1299 muliere,
2637 1249 2867 1304 quorum
2891 1245 3119 1308 uterque
3138 1238 3351 1310 pondus
3381 1239 3533 1298 babe-

1950 1322 2044 1376 bat
2094 1318 2318 1391 plaustri
2364 1323 2569 1389 onusti»,
2631 1324 2765 1379 duos
2816 1326 3083 1397 habentes
3122 1328 3357 1385 infantes
3395 1332 3535 1387 inter

1951 1422 2209 1482 utrosque
2234 1414 2513 1483 plaustrali
2541 1417 2780 1485 pondere
2805 1429 3094 1487 pensantes
3115 1419 3333 1480 ﬂuvitun
3363 1431 3536 1478 trans.

1952 1504 2029 1559 ire
2079 1501 2400 1561 debuerunt.
2443 1506 2643 1563 Navem
2686 1510 3008 1566 invenerunt
3037 1514 3157 1582 qum
3182 1529 3289 1568 non
3324 1522 3533 1586 poterat

1950 1594 2092 1650 ferre
2136 1596 2255 1668 plus
2301 1599 2403 1653 nisi
2440 1616 2603 1655 unum
2644 1602 2854 1673 pondus
2884 1605 3128 1675 plaustri.
3172 1604 3535 1665 Transfretari

261 1682 408 1754 plum
431 1703 459 1742 a
486 1699 734 1761 quatuor,
754 1704 808 1750 et
830 1696 906 1753 illi
929 1714 1305 1760 remanserunt
1331 1679 1595 1781 tnl,quod
1617 1721 1701 1767 est
1723 1713 1847 1768 sim-
1874 1779 1907 1781 μ
1949 1679 2133 1752 fma"
2167 1687 2259 1759 qui
2288 1703 2347 1744 se
2372 1697 2526 1759 pum
2548 1706 2723 1781 P055",
2760 1708 2830 1749 ne
2864 1696 3019 1751 “Vis
3046 1706 3341 1770 mergam"

261 1775 412 1846 pium
436 1780 504 1836 ab
528 1797 645 1837 vm.

881 1880 1043 1957 443
1081 1885 1243 1942 xvu.

260 1978 577 2023 PBOPOSITIO
620 1985 685 2023 DE
740 1986 930 2027 TRIBUS
968 1990 1266 2036 FBATMBCS
1298 1998 1553 2041 SINGULAS
1599 2002 1850 2046 IABENTI‘

853 2060 954 2106 llis
983 2061 1232 2106 8030333.

331 2127 469 2224 Tres
491 2130 690 2191 fratres
718 2147 876 2193 erant
904 2142 995 2211 qui
1033 2145 1277 2215 singulas
1304 2162 1519 2207 sorores
1553 2150 1843 2224 habebant,

258 2227 316 2279 et
348 2218 569 2278 ﬂuvium
612 2228 844 2284 transire
887 2231 1155 2289 debebant
1192 2239 1335 2308 (erat
1375 2245 1518 2298 enim
1560 2218 1847 2317 unicuique

258 2309 474 2366 illorum
507 2317 945 2386 concupiscentia
977 2324 1031 2378 in
1064 2341 1250 2383 sorore
1286 2334 1517 2400 proximi
1558 2338 1706 2405 sui),
1751 2309 1844 2408 qui

258 2403 533 2461 venientes
576 2407 646 2461 ad
687 2407 909 2467 ﬂuvium
952 2429 1059 2470 non
1105 2417 1426 2477 invenerunt
1472 2425 1576 2480 nisi
1622 2403 1841 2497 parvam

255 2496 580 2587 naviculam,
618 2500 672 2557 in
717 2517 822 2573 qua
864 2521 971 2561 non
1003 2517 1293 2578 potuerunt
1330 2518 1560 2587 amplius
1597 2496 1699 2575 nisi
1736 2523 1842 2578 duo

253 2599 323 2649 ex
347 2585 455 2643 illis
491 2592 742 2648 transire.
778 2594 963 2662 Dicat,
993 2601 1085 2669 qui
1117 2612 1323 2672 potest,
1359 2585 1593 2676 qualiter
1617 2609 1839 2668 ﬂuvium

254 2677 614 2818 gausierunt,
647 2699 720 2743 ne
751 2700 861 2743 una
893 2689 1111 2757 quidem
1154 2709 1343 2753 earum
1377 2713 1445 2757 ex
1490 2700 1622 2771 ipsis
1658 2717 1841 2760 maeu-

308 2773 362 2818 ta
396 2768 499 2818 sit?
942 2794 943 2797 ‘

308 2773 362 2820 ta
396 2768 499 2823 sit?
942 2794 943 2797 η

935 2872 1161 2932 Sat-rio.

321 2949 507 3012 Primo
538 2959 779 3016 omnium
809 2975 913 3035 ego
950 2974 1005 3022 et
1035 2983 1195 3024 soror
1224 2986 1345 3029 mea
1378 2975 1756 3039 introissemus
1779 2983 1837 3041 in

253 3062 447 3103 navem
499 3058 554 3105 et
599 3054 1098 3118 transfretassemus
1146 3065 1324 3134 ultra;
1376 3069 1835 3146 transfretatoque

249 3135 416 3194 fluvio
444 3142 767 3205 dimisissem
804 3165 1049 3208 sororem
1080 3171 1257 3212 meam
1290 3159 1359 3214 de
1393 3175 1561 3230 nave,
1594 3174 1649 3222 et
1683 3135 1838 3223 redu-

251 3228 452 3286 xissem
480 3250 673 3293 navem
698 3240 767 3297 ad
792 3242 985 3312 ripam.
1012 3246 1162 3304 Tunc
1187 3264 1318 3305 vero
1344 3252 1661 3312 introissent
1688 3274 1837 3316 soro-

251 3332 345 3375 res
373 3321 599 3381 dnorum
624 3327 886 3397 virorum,
917 3334 1129 3391 illorum
1162 3340 1435 3409 videlicet,
1458 3347 1551 3416 qui
1584 3349 1651 3402 ad
1684 3349 1837 3407 littus

248 3422 644 3470 remanserant.
678 3416 786 3474 Illis
813 3422 973 3489 igitur
995 3424 1209 3495 feminis
1240 3434 1367 3486 navi
1397 3438 1651 3505 egressis,
1681 3454 1836 3498 soror

246 3518 365 3557 mea
407 3503 547 3576 [qum
572 3510 742 3577 prima
770 3517 1098 3590 transierat],
1133 3522 1384 3592 intraret,
1416 3544 1715 3602 navemque
1749 3551 1837 3590 re-

246 3593 470 3649 duceret
492 3597 560 3649 ad
598 3613 715 3653 nos.
752 3601 844 3655 illa
872 3608 1178 3674 egredietite
1215 3611 1378 3681 foras,
1410 3618 1515 3673 duo
1550 3621 1603 3674 in
1628 3593 1833 3680 -navem

244 3684 444 3741 fratres
470 3686 780 3757 intrassent,
815 3692 1062 3765 ultraque
1091 3702 1385 3759 venissent.
1418 3707 1569 3763 'l‘unc
1597 3724 1735 3767 unus
1765 3728 1832 3768 ex

244 3776 352 3849 illis
375 3792 485 3833 una
505 3794 626 3835 cum
653 3796 839 3838 sorore
858 3798 957 3843 sua
976 3804 1166 3846 navem
1202 3794 1431 3865 ingressi
1454 3800 1521 3853 ad
1544 3816 1644 3857 nos
1662 3810 1833 3859 trans-

241 3863 553 3943 fretassent.
579 3870 692 3943 Ego
716 3882 901 3937 autem
920 3886 975 3933 et
996 3878 1104 3946 ille,
1133 3884 1229 3953 qui
1250 3863 1615 3957 navigaverat,
1644 3906 1831 3951 sorore

242 3972 366 4013 mea
400 3975 715 4020 remanente
744 3964 921 4035 foras,
950 3970 1093 4029 ultra
1124 3978 1477 4037 venissemus.
1514 3983 1731 4055 Nosque
1761 3989 1830 4045 ad

241 4046 425 4142 littora
458 4063 663 4122 vectos,
700 4073 802 4114 una
839 4075 904 4115 ex
943 4062 1048 4119 illis
1075 4066 1282 4125 duabus
1306 4073 1558 4142 qualibet
1583 4046 1829 4134 mulieri-

239 4136 363 4205 bus,
400 4140 540 4201 ultra
577 4160 773 4203 navem
812 4151 1129 4222 reduceret,
1165 4136 1457 4231 sororeque
1492 4180 1612 4220 mea
1643 4182 1829 4225 secum

240 4242 471 4333 recepta.
490 4236 695 4305 pariter
721 4241 793 4296 ad
816 4257 918 4299 nos
941 4245 1082 4305 ultra
1118 4253 1409 4311 venissent.
1441 4256 1509 4311 Et
1534 4258 1641 4326 ille,
1673 4262 1826 4333 cujus

240 4336 398 4379 soror
420 4322 559 4379 ultra
584 4342 939 4401 remanserat,
966 4352 1155 4394 navem
1188 4341 1461 4413 ingressus
1487 4362 1604 4403 eam
1628 4322 1824 4407 secum

239 4414 538 4509 reduceret.
570 4416 637 4472 Et
676 4420 829 4479 ﬁeret
865 4426 1079 4497 expleta
1114 4436 1449 4509 transvectio
1470 4438 1823 4497 nullomacu-

237 4500 384 4558 laute
417 4510 666 4581 contagio
692 4523 738 4568 ι.

398 4704 707 4749 PROPOSITIO
743 4710 809 4750 DE
843 4713 1041 4755 BOHINE
1078 4719 1151 4759 ΕΤ
1187 4721 1358 4764 CAPBA
1390 4724 1461 4766 ΕΤ
1499 4727 1659 4769 ιυῐιο.

303 4780 480 4838 Homo
515 4786 731 4856 quidam
755 4789 983 4849 debebat
1002 4796 1142 4853 ultra
1171 4798 1390 4858 ﬂuvium
1418 4804 1713 4863 transferre
1734 4806 1815 4864 lu-

233 4884 381 4945 pum,
409 4891 644 4948 capram,
661 4889 715 4935 et
734 4880 1049 4945 fasciculum
1071 4892 1232 4948 cauli.
1249 4894 1315 4949 Et
1331 4912 1438 4952 non
1460 4900 1631 4969 potuit
1651 4900 1814 4957 aliam

208 4998 217 5057 al
232 4978 425 5019 navem
459 4966 727 5037 invenire,
754 4973 856 5029 nisi
884 4992 1003 5046 qua:
1033 4979 1169 5036 duos
1193 4990 1402 5040 tantum
1428 4966 1495 5041 es
1524 4987 1654 5057 ipsis
1674 4994 1818 5046 terre

206 5041 464 5111 'valebat.
503 5056 840 5132 Praeceptum
878 5041 1062 5138 itaque
1105 5070 1156 5126 ei
1188 5069 1365 5130 fuerat
1399 5084 1458 5130 ut
1490 5041 1670 5134 omnia
1702 5079 1815 5136 haec

231 5147 371 5204 ultra
413 5150 580 5208 illaesa
614 5157 835 5213 omnino
872 5159 1207 5218 transferret.
1252 5156 1435 5235 Dicat,
1483 5170 1574 5240 qui
1613 5178 1814 5242 potest,

230 5244 502 5310 quomodo
533 5245 611 5301 eis
634 5245 815 5303 illaesis
840 5251 1072 5305 transire
1095 5253 1303 5323 potuit?

909 5338 1135 5397 Salutio.
1312 5406 1313 5409 η

301 5425 478 5483 Simili
504 5444 734 5502 namque
759 5441 946 5488 tenore
974 5434 1224 5489 ducerem
1250 5434 1402 5506 prius
1425 5448 1641 5507 capram
1665 5446 1718 5494 et
1738 5441 1814 5496 di-

230 5517 505 5575 mitterem
537 5520 668 5577 foris
697 5522 877 5594 lupum
906 5532 967 5579 et
990 5525 1222 5579 cautum.
1263 5525 1399 5583 Tum
1432 5528 1625 5585 deinde
1664 5532 1809 5587 veni-

300 5660 328 5689 ι
359 5648 515 5728 ᾼρυᾶ
538 5650 785 5728 Bedam:
819 5652 935 5728 Tuli
964 5656 1127 5728 igitur
1152 5658 1328 5728 sicque
1357 5660 1667 5717 sollicitante
1695 5675 1806 5718 sm-

227 5718 322 5791 ῄὸο
351 5718 494 5791 faeta
534 5733 609 5777 est
636 5724 914 5796 navigatio,
953 5718 1097 5780 natio
1140 5718 1377 5797 fuscante
1426 5732 1802 5803 inquinationis

1871 1779 1922 1840 B

1846 4492 1902 4556 D

2624 1780 2847 1838 Salutio.

2022 1864 2224 1923 Eodem
2259 1882 2473 1941 quoque
2505 1871 2725 1939 ordine,
2756 1880 2815 1928 ut
2856 1876 3120 1947 superius.
3150 1876 3308 1935 Prius
3346 1879 3533 1938 intras-

1951 1967 2071 2013 sent
2092 1956 2197 2013 duo
2233 1958 2465 2017 infantes
2496 1972 2550 2019 et
2577 1964 2898 2019 transissent
2924 1984 2936 2019 :
2963 1980 3208 2039 unusque
3232 1982 3296 2024 ex
3320 1968 3427 2027 illis
3450 1984 3535 2029 re-

1950 2048 2169 2105 duceret
2208 2067 2419 2108 navem.
2451 2051 2602 2111 Tunc
2644 2065 2820 2113 mater
2860 2073 3050 2115 navem
3076 2061 3313 2135 ingressa
3353 2072 3533 2127 trauso

1947 2143 2098 2198 isset.
2162 2145 2365 2201 Deinde
2419 2146 2561 2203 ﬁlius
2630 2145 2747 2219 ejus
2806 2151 3090 2208 reduceret
3150 2166 3364 2209 navem.
3419 2153 3534 2222 Qita

1948 2242 2251 2291 transvecta
2292 2237 2462 2293 frater
2495 2238 2637 2295 illius
2668 2242 2849 2296 navim
2885 2242 3159 2313 ingressus
3196 2246 3355 2301 ambo
3392 2247 3534 2301 ultra

1945 2330 2287 2397 transissent,
2322 2346 2617 2402 rursusque
2641 2349 2781 2388 unus
2811 2350 2876 2389 ex
2907 2335 3013 2390 illis
3037 2337 3103 2391 ad
3130 2326 3336 2407 patrem
3374 2340 3533 2396 redu-

1944 2432 2091 2480 ceret
2128 2440 2340 2481 navem.
2383 2426 2497 2494 Qua
2536 2426 2791 2494 reducta,
2834 2426 2943 2484 lilio
2978 2428 3109 2486 foris
3140 2438 3348 2497 stante,
3378 2444 3533 2505 pater

1946 2517 2200 2572 transiret
2233 2537 2245 2572 :
2277 2532 2569 2589 rursusque
2600 2518 2770 2586 filius,
2810 2521 2901 2590 qui
2930 2530 3058 2577 ante
3096 2524 3416 2591 transierat,
3451 2526 3531 2580 in-

1944 2624 2160 2681 gressus
2190 2612 2366 2666 navim
2397 2627 2623 2683 eamque
2659 2615 2726 2667 ad
2762 2612 2984 2670 fratrem
3023 2616 3302 2672 reduceret
3345 2637 3357 2672 :
3386 2619 3529 2690 jam~

1942 2714 2049 2769 que
2084 2698 2361 2757 reductam
2391 2704 2758 2774 ingrediantur
2793 2704 2952 2759 ambo
2994 2714 3048 2760 et
3076 2714 3374 2762 transeant.
3410 2706 3527 2763 Tali

1942 2792 2340 2863 subremigante
2374 2794 2586 2866 ingenio
2619 2796 2721 2852 erit
2748 2797 2960 2868 expleta
2995 2798 3265 2858 navittatio
3298 2800 3526 2875 forsitan

1943 2881 2061 2937 sine
2086 2882 2392 2955 naufragio.

2665 2976 2785 3035 XX.

2113 3082 2424 3126 PROPCSITIO
2462 3084 2526 3125 ut:
2566 3084 2826 3129 HIRTlTllS
2863 3070 3044 3147 [Bed.,
3083 3073 3343 3147 marcus].

2011 3158 2085 3213 De
2126 3158 2351 3216 hirtitiis
2394 3162 2633 3219 masculo
2676 3174 2731 3221 et
2776 3163 2977 3224 femina
3026 3167 3349 3223 habentibus
3391 3166 3524 3225 duos

1938 3258 2095 3306 natos
2133 3251 2328 3307 libram
2357 3252 2809 3325 ponderantibus,
2846 3256 3046 3317 flumen
3080 3259 3312 3319 transire
3340 3256 3522 3317 volen-

1938 3343 2100 3399 tibus.

2612 3434 2838 3493 Salutio.

2007 3523 2290 3592 Similiter,
2315 3532 2377 3581 ut
2397 3529 2666 3597 superius,
2694 3530 3016 3586 transissent
3037 3530 3187 3602 prius
3214 3533 3320 3587 duo
3345 3529 3520 3587 infan-

1936 3620 2035 3677 tes,
2064 3620 2118 3667 et
2141 3630 2279 3667 unus
2306 3630 2373 3669 ex
2403 3616 2506 3671 illis
2530 3632 2721 3673 navem
2750 3621 3061 3685 reduceret;
3095 3622 3147 3675 in
3180 3637 3340 3692 quam
3366 3630 3516 3691 pater

1934 3702 2209 3773 ingressus
2243 3704 2383 3759 ultra
2425 3706 2739 3775 transisset;
2784 3716 2845 3787 et
2882 3708 2975 3766 ille
3006 3708 3209 3777 infans,
3250 3711 3339 3780 qui
3368 3712 3516 3787 prius

1933 3808 2055 3850 cum
2085 3794 2252 3851 fratre
2280 3798 2587 3865 transierat,
2618 3798 2798 3855 navim
2822 3786 2889 3857 ad
2915 3800 3088 3874 ripam
3114 3800 3428 3867 reduceret,
3461 3802 3515 3859 in

1931 3898 2092 3955 quam
2118 3885 2285 3942 frater
2311 3887 2450 3943 illius
2476 3904 2662 3944 rursus
2684 3890 2961 3962 ingressus
2986 3890 3151 3947 ambo
3177 3891 3316 3946 ultra
3338 3890 3511 3947 venis‘

1930 3987 2082 4043 sent;
2115 3994 2358 4050 unusque
2390 3988 2675 4052 propterea
2717 3996 2784 4037 ex
2820 3982 2926 4037 illis
2956 3982 3109 4038 foras
3138 3984 3419 4054 egressus;
3460 3989 3514 4037 et

1928 4068 2066 4123 alter
2090 4071 2157 4124 ad
2188 4080 2414 4126 matrem
2454 4073 2732 4128 reduceret
2772 4075 2953 4129 navim
2994 4092 3007 4128 :
3051 4075 3105 4130 in
3146 4089 3310 4145 quam
3342 4082 3513 4129 mater

1926 4156 2167 4226 ingressa
2197 4161 2332 4216 ultra
2373 4162 2647 4218 venisset:
2681 4179 2787 4236 qua
2828 4166 3133 4236 egrediente
3167 4164 3333 4231 foras,
3373 4165 3512 4222 filius

1925 4249 2061 4321 ejus,
2084 4253 2175 4322 qui
2198 4264 2324 4309 ante
2350 4269 2471 4310 cum
2503 4265 2657 4327 patre
2680 4258 2991 4325 transierat,
3016 4258 3192 4313 navim
3221 4272 3409 4314 rursus
3434 4258 3510 4320 in-,

1924 4358 2141 4413 gressus
2183 4360 2303 4400 eam
2347 4347 2413 4402 ad
2457 4345 2680 4404 fratrem
2724 4348 2863 4404 ultra
2896 4351 3202 4416 reduceret;
3249 4350 3300 4404 in
3347 4356 3510 4421 quam

1925 4439 2083 4495 ambo
2110 4441 2337 4511 ingressi
2361 4442 2501 4497 ultra
2521 4444 2814 4510 venissent,
2839 4452 2892 4500 et
2920 4443 3071 4505 ﬁeret
3095 4445 3307 4517 expleta
3334 4452 3508 4511 trans-

1924 4528 2101 4585 vectio
2124 4530 2269 4586 nullo
2291 4529 2615 4589 formidante
2642 4533 2939 4607 naufragio.

2636 4622 2777 4681 XX].

1994 4726 2302 4770 PROPOSITIO
2339 4729 2404 4770 DE
2442 4732 2616 4774 (ΞΛΜΡο
2651 4732 2721 4773 ΕΤ
2757 4730 2942 4773 ογωεε
2974 4728 3027 4772 ΙΝ
3058 4728 3127 4774 εο
3157 4732 3429 4781 ιοεΑΝυιε.

1991 4800 2087 4855 Est
2113 4819 2332 4874 campus
2370 4805 2460 4876 qui
2498 4806 2657 4861 habet
2685 4806 2739 4859 in
2776 4807 3106 4875 longitudine
3140 4808 3301 4878 pedes
3324 4822 3384 4864 cc
3405 4851 3419 4876 ,
3450 4814 3505 4866 et

1921 4891 1978 4946 in
2004 4892 2284 4950 latitudine
2320 4897 2482 4964 pedes
2507 4912 2556 4951 c.
2588 4895 2721 4952 Volo
2757 4898 2950 4953 ibidem
2978 4899 3193 4955 mittere
3227 4916 3384 4966 oves;
3424 4900 3502 4955 sic

1920 4992 2103 5039 tamen
2136 4996 2196 5039 ut
2220 5002 2552 5056 unaquaeque
2574 4988 2689 5042 ovis
2712 4986 2906 5044 habeat
2930 4989 2982 5043 in
3006 4989 3163 5062 longo
3186 4992 3348 5063 pedes
3368 5007 3420 5056 v,
3448 4999 3500 5047 et

1919 5071 1975 5127 in
2005 5073 2114 5128 lato
2145 5074 2310 5144 pedes
2333 5091 2406 5129 tv.
2451 5075 2634 5144 Dicat,
2674 5094 2834 5151 rogo,
2872 5080 2965 5152 qui
2994 5081 3165 5150 valet,
3204 5091 3335 5153 quot
3370 5098 3499 5138 oves

1916 5163 2119 5221 ibidem
2147 5165 2312 5221 locari
2339 5167 2584 5238 possint?

2600 5255 2824 5316 Solimo.

1986 5346 2103 5416 Ipse
2130 5362 2352 5418 campus
2381 5349 2543 5405 habet
2574 5351 2626 5406 in
2662 5352 2991 5426 longitudine
3026 5357 3191 5427 pedes
3223 5371 3304 5412 cc.
3339 5355 3408 5412 Et
3439 5357 3489 5413 in

1913 5431 2196 5491 latitudine
2229 5439 2391 5508 pedes
2416 5457 2465 5495 c.
2499 5439 2612 5498 Duc
2633 5443 2715 5500 bis
2739 5447 3073 5516 quinqttenos
3104 5446 3132 5487 δ
3160 5448 3225 5504 de
3245 5463 3326 5513 cc,
3358 5444 3486 5504 fiunt

1912 5544 2001 5587 ιι.
2018 5530 2093 5585 At
2112 5532 2303 5588 deinde
2326 5548 2355 5588 c
2374 5534 2552 5591 divide
2574 5552 2671 5606 per
2692 5554 2797 5593 tm.
2814 5541 3016 5605 Quarta
3041 5555 3169 5611 pars
3196 5541 3488 5601 centenarii

1910 5669 2169 5738 contagio.

1981 5739 2008 5779 ι)
2049 5739 2250 5810 Nempe
2281 5739 2569 5796 dividendo
2593 5756 2691 5811 per
2718 5758 2771 5795 v.
