4038 6354
538 286 701 394 "list
1367 330 1429 386 Β.
1470 329 1532 385 r.
1574 328 1802 386 nam
1841 278 1975 386 seu
2016 326 2616 388 ALCUINIOPERUM
2651 325 2833 389 mas
2873 328 3006 389 Vlll.
3069 293 3072 297 ’
3713 320 3863 381 tm

563 469 692 511 xxv.
720 451 845 507 Sive
867 462 1087 521 ergoxt.
1110 447 1274 503 vicies
1302 446 1619 517 quinquies;
1651 447 1763 501 sive
1782 460 1889 501 xxv
1913 444 2151 516 quadra-
2180 450 2229 507 Α
2256 446 2403 504 ditur
2443 449 2666 521 perticis
2695 457 2778 505 est
2807 464 2860 515 c,
2888 449 2989 504 bos
3016 446 3062 503 si
3094 462 3192 519 per
3221 448 3547 518 semetipsos
3579 442 3860 512 multipli-

562 549 677 621 gies
702 547 871 612 ducti,
902 543 1256 601 millenarium
1287 540 1510 611 implent
1546 557 1850 597 numerum.
1886 540 1989 597 Tot
2021 554 2153 612 ergo
2256 542 2488 608 caveris,
2535 543 2588 598 id
2634 551 2740 607 est,
2772 542 2819 595 si
2858 541 3066 597 centies
3108 539 3354 604 duxeris,
3405 554 3441 593 x
3476 536 3647 592 millia
3691 533 3856 601 ﬁunt,

546 618 762 695 ibidem
788 653 918 694 oves
945 635 1197 691 collocari
1224 642 1470 704 possunt.

574 718 577 719 ν
1152 782 1155 783 ,
1265 725 1430 782 XXII.

864 835 1177 875 PROPOSITIO
1213 836 1276 873 DE
1311 834 1484 874 ΕΔΜΡο
1522 833 1846 875 Γλετιειοεο.

627 909 723 965 Est
759 926 983 981 campus
1018 910 1363 982 fastigiosus,
1402 910 1501 981 qui
1544 911 1704 965 habet
1749 910 1802 964 in
1842 927 1950 966 uno
1978 910 2151 966 latere

553 1003 788 1074 perticas
810 1019 861 1068 c,
889 1013 942 1058 et
971 1004 1025 1059 in
1055 1004 1224 1059 altero
1252 1002 1421 1058 latere
1448 1003 1681 1073 perticas
1709 1018 1760 1067 c,
1798 1012 1853 1059 et
1887 1004 1939 1058 in
1973 1003 2150 1058 fronte

550 1093 788 1163 perticas
814 1112 864 1161 ι,
894 1102 947 1149 et
975 1095 1029 1151 in
1061 1094 1239 1149 medio
1260 1093 1498 1164 perticas
1528 1108 1617 1158 1.x,
1650 1094 1779 1148 etin
1809 1092 1979 1148 altera
2002 1092 2150 1148 fron-

540 1176 608 1241 te
655 1189 892 1258 perticas
941 1206 991 1243 ι..
1025 1188 1213 1254 Dicat,
1268 1186 1361 1257 qui
1401 1194 1611 1257 potest,
1636 1194 1768 1255 quot
1793 1186 2082 1242 arioennas
2118 1198 2145 1227 ι

555 1280 807 1340 claudere
829 1284 1023 1341 debet?
1612 1288 1623 1291 “
1910 1286 1942 1306 ⁶

1235 1354 1462 1411 Salutio.

617 1441 924 1513 Longitudo
971 1443 1130 1513 hujus
1178 1446 1353 1515 campi
1402 1461 1432 1499 c
1481 1445 1739 1516 perticis,
1773 1451 1831 1499 et
1860 1444 2145 1515 utriusque

547 1534 745 1590 frontis
773 1536 997 1592 latitudo
1024 1555 1075 1600 ι..
1100 1539 1361 1593 medietas
1389 1554 1519 1594 vero
1543 1556 1612 1594 Lx
1637 1537 1951 1594 includitur.
1973 1536 2145 1609 Iunge

547 1624 829 1696 utriusque
858 1626 1052 1683 frontis
1089 1645 1375 1685 numerum
1406 1646 1527 1685 cum
1557 1631 1881 1697 medietate,
1921 1639 1977 1686 et
2009 1630 2146 1685 ﬁunt

540 1714 667 1767 cu.
697 1714 776 1769 Ex
803 1715 934 1785 ipsis
961 1732 1179 1773 assume
1203 1720 1417 1774 tertiam
1445 1729 1684 1789 partem,
1711 1721 1764 1775 id
1790 1728 1905 1787 est,
1932 1736 2026 1776 un
2045 1762 2059 1786 ,
2089 1728 2147 1775 et

2252 635 2351 691 hos
2377 636 2431 690 in
2459 653 2533 691 xn
2572 645 2757 707 partes
2784 634 3026 691 dividere
3051 634 3250 699 debes;
3287 632 3491 688 etenim
3520 630 3588 685 de
3620 647 3656 685 χ
3682 628 3857 684 milli.

2250 727 2355 783 bus
2381 728 2697 783 duodecima
2719 736 2803 782 est
2829 742 3158 792 ncccxxxnt,
3182 740 3348 795 quam
3373 739 3497 779 cum
3524 722 3661 778 item
3690 722 3744 777 in
3774 737 3855 777 xu

2250 822 2482 891 partitus
2515 820 2704 885 fueris,
2751 819 2994 876 invenies
3019 835 3227 874 vann.
3261 817 3367 875 Tot
3393 817 3542 874 enim
3569 815 3857 888 aripennis

2251 910 2559 981 hujusmodi
2588 928 2813 984 campus
2842 912 3157 968 includitur.

2949 1003 3140 1061 XXVI.

2286 1110 2600 1153 PROPOSITIO
2636 1112 2702 1151 DE
2742 1112 2909 1151 CUBSU
2946 1111 3131 1151 CBNKS.
3173 1110 3256 1152 BC.
3296 1111 3453 1152 ΗΕΒ.
3494 1110 3738 1151 ιηιιιε
3764 1104 3815 1150 c.

2320 1188 2416 1242 Est
2444 1203 2667 1259 campus
2692 1190 2786 1259 qui
2814 1189 2978 1244 habet
3016 1189 3069 1243 in
3106 1188 3445 1259 longitudine
3467 1188 3640 1260 pedes
3668 1205 3756 1244 CL.
3794 1189 3850 1244 In

2246 1294 2357 1334 uno
2383 1280 2559 1350 capite
2586 1281 2765 1336 stabat
2796 1281 2967 1345 canis,
2990 1289 3046 1336 et
3071 1280 3126 1334 in
3155 1281 3262 1335 alio
3296 1281 3481 1336 stabat
3504 1281 3688 1352 lepus.
3720 1280 3850 1336 Pro-

2249 1371 2418 1426 movit
2449 1387 2682 1442 namque
2714 1373 2866 1427 canis
2897 1372 2983 1427 ille
3017 1381 3138 1443 post
3168 1372 3337 1437 illum,
3364 1374 3579 1428 scilicet
3603 1373 3849 1444 leporem

2248 1478 2489 1519 currere.
2514 1462 2615 1519 Ast
2640 1464 2729 1519 ubi
2755 1463 2843 1518 ille
2866 1464 3019 1519 canis
3044 1462 3278 1519 faciebat
3303 1464 3358 1518 in
3382 1481 3491 1520 uno
3512 1464 3658 1520 saltu
3686 1466 3849 1536 pedes

2246 1570 2389 1622 vnn,
2422 1554 2574 1625 lepus
2620 1556 3024 1611 transmittebat
3052 1572 3147 1611 vn.
3197 1556 3372 1623 Dicat,
3413 1557 3507 1628 qui
3532 1557 3693 1622 velit,
3721 1568 3849 1628 quot

2246 1649 2413 1719 pedes
2466 1657 2706 1719 quotque
2756 1648 2926 1704 saltus
2960 1648 3114 1704 canis
3146 1650 3548 1719 persequendo,
3586 1658 3647 1704 et
3696 1650 3845 1721 lepus

2247 1743 2524 1815 fugiendo,
2574 1744 2929 1814 quoadusque
2974 1743 3400 1815 comprehensus
3442 1751 3552 1810 est,
3596 1742 3845 1800 fecerunt

546 1801 842 1873 multiplica
882 1808 1117 1873 centies,
1154 1808 1291 1864 ﬁunt
1326 1812 1361 1865 V
1380 1824 1493 1865 ccc.
1531 1810 1720 1866 Divide
1761 1812 1815 1865 in
1846 1827 1921 1865 xn
1960 1827 2143 1882 aequas
2175 1819 2220 1881 Β
2251 1801 2429 1910 [ΕἶραἿ
2458 1801 2814 1912 οδηίὲοθιιίηε]

543 1904 746 1965 partes,
791 1907 847 1953 et
885 1901 1236 1957 inveniuntur
1275 1919 1491 1959 ccccxu
1531 1902 1707 1975 [Bed.,
1747 1902 1977 1976 cccxu].
2008 1904 2144 1959 Item

543 1990 760 2046 eosdem
790 1991 969 2049 divide
998 1996 1053 2049 in
1092 2012 1168 2050 xn
1205 2006 1387 2067 partes
1408 2038 1422 2063 ,
1457 2005 1514 2051 et
1553 1996 1903 2067 reperiuntur
1930 2011 2135 2052 xxxvn.

542 2078 647 2138 Tot
674 2092 800 2139 sunt
828 2086 885 2140 in
910 2086 1013 2144 hoc
1039 2103 1233 2159 campo
1262 2088 1532 2159 aripenni.
1635 2142 1638 2146 ,
1700 2137 1709 2155 ,

1135 2179 1301 2253 444
1340 2181 1532 2236 xxut.

807 2284 1119 2326 PROPOSITIO
1158 2288 1224 2325 ΒΕ
1262 2287 1437 2327 CAMPO
1471 2289 1878 2336 QUADRANGULO.

613 2356 710 2412 Est
733 2374 955 2430 campus
980 2362 1386 2433 quadrangulus
1411 2366 1502 2434 qui
1543 2365 1707 2421 habet
1740 2368 1798 2421 in
1829 2381 1935 2424 uno
1968 2366 2140 2425 latere

541 2449 780 2521 perticas
814 2465 951 2517 xxx,
990 2461 1043 2507 et
1074 2454 1129 2508 in
1162 2454 1267 2508 alio
1306 2456 1544 2524 perticas
1583 2471 1754 2523 xxxn,
1791 2468 1844 2514 et
1879 2460 1934 2513 in
1961 2458 2139 2517 fronte

524 2536 780 2612 perticas
805 2560 1021 2609 xxxnn,
1041 2554 1094 2601 et
1118 2547 1171 2601 in
1197 2547 1367 2603 altera
1394 2549 1629 2620 perticas
1643 2566 1816 2605 xxxn.
1846 2551 2021 2619 Dicat,
2045 2553 2139 2623 qui

539 2642 739 2703 potest,
769 2645 896 2704 quot
928 2637 1176 2708 aripenni
1209 2640 1260 2694 in
1295 2656 1361 2696 eo
1390 2642 1637 2697 concludi
1662 2643 1894 2698 debent?

1220 2731 1444 2787 Salutio.

610 2814 739 2873 Duae
766 2817 1007 2887 ejusdem
1042 2823 1215 2894 campi
1242 2823 1601 2896 longitudines
1630 2826 1832 2883 faciunt
1863 2846 1992 2885 an.
2023 2831 2137 2887 Duc

537 2906 813 2964 dimidiam
840 2927 972 2977 an,
998 2912 1134 2968 ﬁunt
1161 2931 1311 2970 xxxi.
1337 2916 1417 2972 Ac
1442 2918 1561 2973 duae
1582 2918 1823 2988 ejusdem
1857 2925 2033 2994 campi
2058 2924 2136 2978 la-

536 2997 796 3056 titudines
831 3001 1032 3071 juncta:
1075 3003 1209 3059 ﬁunt
1256 3023 1400 3061 var.
1451 3008 1565 3065 Due
1613 3026 1744 3066 vero
1789 3015 2020 3068 mediam
2069 3016 2135 3071 de

518 3102 683 3155 ‘vat,
717 3091 851 3146 ﬁunt
877 3110 1072 3150 xxxtn.
1121 3096 1237 3152 Duc
1282 3114 1414 3154 vero
1462 3103 1651 3157 terties
1691 3101 1869 3175 [Bed.,
1911 3104 2130 3178 trecies]

533 3181 723 3247 semel,
749 3181 885 3240 ﬁunt
908 3184 934 3240 ῑ
958 3202 1047 3241 xx.
1076 3187 1263 3244 Divide
1286 3205 1385 3260 per
1410 3192 1781 3249 duodecimam
1808 3204 2019 3265 partem
2049 3177 2134 3251 bis
2160 3177 2209 3241 δ

534 3273 679 3328 sicut
702 3277 967 3345 superius,
1002 3278 1105 3334 hoc
1138 3291 1241 3346 est,
1275 3281 1341 3336 de
1368 3283 1511 3338 mille
1541 3286 1751 3355 viginti,
1781 3288 1882 3344 duc
1906 3303 2006 3359 per
2030 3306 2130 3356 xn,

438 3368 447 3374 '
537 3361 677 3420 ﬁunt
713 3383 909 3431 Lxxxv,
956 3386 1254 3441 rursusque
1293 3388 1472 3428 Lxxxv
1506 3376 1687 3432 divide
1724 3394 1822 3449 per
1850 3396 1948 3445 xu,
1994 3380 2133 3438 ﬁunt

534 3476 633 3516 vn.
662 3462 801 3520 Sunt
833 3481 962 3538 ergo
988 3468 1044 3523 in
1074 3467 1178 3523 hoc
1206 3469 1453 3540 aripenni
1482 3486 1708 3529 numero
1732 3485 1956 3546 septem.

1233 3562 1423 3621 XXIV.

836 3666 1149 3709 PROPOSITIO
1187 3671 1252 3709 ΒΕ
1289 3670 1465 3711 (ΖΑὶίΡΟ
1502 3674 1823 3716 TRIANCULO.

604 3742 701 3799 Est
726 3760 945 3818 campus
975 3748 1276 3820 triangulus
1297 3751 1390 3820 qui
1415 3752 1576 3807 habet
1602 3755 1654 3808 in
1684 3770 1790 3808 uno
1812 3754 1981 3809 latere
2005 3767 2130 3825 per-

532 3832 672 3890 ticas
695 3852 823 3902 xxx,
854 3847 910 3893 et
930 3839 982 3893 in
1014 3838 1121 3895 alio
1148 3842 1383 3910 perticas
1416 3859 1546 3909 xxx,
1585 3855 1639 3900 et
1670 3846 1723 3900 in
1755 3843 1930 3902 fronte
1955 3847 2128 3916 perti-

531 3939 626 3982 cas
653 3942 806 3981 xvnt.
840 3928 1027 3996 Dicat,
1061 3932 1149 4000 qui
1177 3941 1386 4002 potest,
1428 3944 1561 4003 quot
1597 3936 1886 4005 aripennos
1915 3936 2130 3993 conclu-

532 4018 663 4076 dere
688 4020 893 4077 debet?

1217 4095 1446 4154 Salutio.

602 4179 776 4253 Iunge
804 4182 940 4241 duas
965 4183 1331 4257 longitudines
1368 4189 1525 4245 istius
1553 4189 1749 4262 campi,
1783 4200 1839 4247 et
1865 4190 2000 4248 ﬁunt
2033 4209 2123 4251 ιι.

528 4269 645 4328 Duc
674 4275 906 4330 mediam
934 4278 1000 4333 de
1024 4293 1110 4343 1.x,
1145 4277 1279 4335 ﬁunt
1310 4297 1441 4348 xxx,
1466 4292 1521 4338 et
1551 4284 1676 4355 quia
1708 4284 1761 4338 in
1791 4284 1970 4341 fronte
1996 4302 2123 4357 per-

528 4364 669 4421 ticas
696 4384 828 4423 xvnt
870 4368 1064 4436 habet,
1107 4372 1212 4427 duc
1238 4375 1471 4429 mediam
1509 4376 1574 4432 de
1603 4392 1734 4432 xvtn
1755 4418 1770 4443 ,
1813 4376 1949 4432 ﬁunt
1981 4394 2120 4433 vnn.

529 4457 651 4515 Duc
677 4476 808 4517 vero
833 4463 1022 4518 novies
1047 4463 1288 4532 triginta,
1317 4464 1452 4520 ﬁunt
1477 4482 1669 4521 ccxxx.
1693 4466 1804 4523 Fac
1823 4466 2018 4524 exinde
2039 4468 2123 4526 bis

526 4556 629 4617 χιι,
661 4551 713 4607 id
748 4562 852 4619 est,
880 4554 1060 4610 divide
1086 4569 1278 4621 cccxx,
1306 4573 1405 4626 per
1431 4559 1827 4627 duodecimam,
1853 4562 1988 4617 ﬁunt
2012 4580 2122 4619 xxu
2150 4539 2207 4602 θ

528 4647 587 4695 'et
608 4642 801 4709 semis;
830 4651 992 4714 atque
1016 4644 1213 4701 iterum
1237 4662 1345 4700 xxn
1367 4656 1422 4702 et
1444 4648 1609 4704 semis
1633 4665 1730 4719 per
1751 4652 2123 4712 duodecimam

516 4733 711 4789 divide
736 4744 1059 4806 partem.....
1094 4737 1121 4779 δ
1161 4736 1222 4794 ﬁt
1260 4737 1536 4811 aripennis
1562 4756 1700 4797 unus
1736 4752 1791 4798 et
1817 4746 2037 4812 perticae.
2063 4762 2120 4815 x,

528 4831 586 4878 et
612 4823 854 4882 dimidia.

1243 4900 1410 4958 XXV.

858 5006 1167 5049 PROPOSITIO
1204 5007 1271 5049 ΒΕ
1305 5009 1480 5050 (ΞΑΙΙΡΟ
1519 5011 1787 5055 ROTUNDO.

598 5080 696 5136 Est
733 5095 957 5154 campus
997 5087 1287 5152 rotundus,
1313 5089 1403 5157 qui
1428 5086 1593 5145 habet
1628 5091 1679 5145 in
1719 5107 1853 5163 gyro
1879 5094 2119 5164 perticas

524 5189 673 5233 cccc.
698 5175 796 5233 Dic
822 5187 955 5250 quot
978 5181 1267 5250 aripennos
1299 5197 1493 5252 capere
1521 5182 1717 5240 debet?

1209 5270 1431 5327 Salutio.

598 5360 801 5429 Quarta
835 5364 1051 5435 quidem
1079 5380 1207 5436 pars
1235 5363 1395 5434 hujus
1421 5368 1628 5439 campi,
1659 5369 1749 5442 qui
1787 5387 1912 5429 cccc
1941 5370 2115 5430 inelu-

569 5525 627 5600 ,ι
663 5513 816 5600 Ded,
849 5516 1159 5590 Aripennos.
1202 5519 1337 5574 Vide
1366 5519 1435 5575 du
1467 5520 1669 5595 Cange,
1709 5539 1845 5582 voce
1877 5529 2113 5600 Arapen-

526 5595 808 5741 :“l;
831 5657 1028 5741 Bedam
1055 5661 1143 5716 hic
1165 5661 1411 5741 defectps
1436 5662 1509 5716 ita
1539 5666 1818 5741 suppletur
1844 5687 1857 5724 :
1889 5668 1958 5725 Et
1976 5670 2111 5741 ﬁunt

525 5722 581 5788 2,
609 5733 656 5778 et
670 5722 953 5814 .fempnent
994 5731 1049 5795 5,
1093 5748 1210 5814 quia
1238 5742 1315 5814 θεέ
1343 5733 1377 5788 3
1396 5750 1521 5814 pars
1550 5722 1805 5814 lii-{Sunt
1839 5722 2109 5814 éiéb'ii'r'i:

523 5796 682 5868 panni
710 5796 764 5851 in
789 5797 886 5851 hoc
910 5796 1129 5858 numero
1152 5802 1186 5856 ἓ
1210 5813 1257 5861 et
1283 5803 1317 5860 5
1337 5796 1461 5874 pars
1486 5805 1551 5864 de
1572 5808 1849 5883 an’penno.

2929 1931 3159 1989 Salutio.

2317 2026 2618 2100 Longitudo
2664 2024 2825 2097 hujus
2866 2022 3120 2084 videlicet
3150 2028 3328 2100 campi
3355 2027 3522 2086 habet
3561 2031 3835 2102 pedes“.

2244 2117 2361 2174 Duc
2387 2120 2620 2175 mediam
2656 2120 2722 2175 de
2749 2137 2834 2185 οι,
2868 2118 3007 2175 ﬁunt
3039 2137 3203 2176 Lxxv.
3239 2121 3404 2178 Canis
3434 2140 3568 2181 vero
3603 2124 3838 2184 faciebat

2243 2211 2299 2284 in
2327 2224 2436 2265 uno
2480 2211 2625 2266 saltu
2667 2212 2835 2281 pedes
2876 2226 3018 2279 vnn,
3046 2214 3244 2284 quippe
3285 2230 3429 2271 Lxxv
3456 2217 3647 2273 novies
3694 2219 3838 2274 ducti

2243 2282 2382 2356 ﬁunt
2418 2317 2645 2367 ncnxxv,
2687 2312 2768 2358 tot
2789 2304 2954 2373 pedes
2997 2282 3237 2375 lepor—em
3269 2302 3653 2380 consequentia
3685 2311 3838 2368 canis

2243 2392 2504 2458 cucurrit,
2551 2395 2900 2465 quoadusque
2947 2410 3072 2451 eum
3105 2400 3517 2469 comprehendit
3567 2403 3734 2460 dente
3763 2414 3837 2462 te-

2242 2486 2386 2542 naci.
2428 2486 2499 2544 At
2523 2500 2673 2552 vero,
2704 2487 2832 2557 quia
2876 2488 3028 2560 lepus
3057 2489 3291 2547 faciebat
3320 2494 3484 2564 pedes
3510 2510 3611 2560 vn,
3644 2498 3701 2551 in
3728 2513 3835 2554 uno

2243 2577 2407 2642 saltu,
2441 2577 2546 2633 duc
2579 2578 2727 2647 ipsos
2758 2595 2898 2635 Lxxv
2933 2583 3153 2652 septies.
3208 2584 3312 2639 Tot
3336 2600 3467 2641 vero
3489 2588 3656 2658 pedes
3680 2588 3834 2661 lepus

2220 2666 2496 2741 fugiendo
2520 2672 2752 2742 peregit,
2777 2672 2949 2729 donec
2983 2687 3305 2734 consecutus
3337 2686 3439 2734 est.

2932 2768 3143 2826 XXVII.

2457 2871 2772 2915 PROPOSITIO
2808 2877 2874 2914 ΒΕ
2910 2876 3163 2918 CIVITATE
3200 2880 3610 2929 QUADRANGULA.

2309 2945 2407 3002 Est
2437 2946 2627 3004 civitas
2662 2950 3035 3024 quadrangula
3065 2969 3184 3024 quae
3219 2956 3383 3014 habet
3422 2961 3479 3016 in
3517 2978 3627 3019 uno
3658 2963 3829 3023 latere

2237 3040 2404 3107 pedes
2438 3040 2585 3095 mille
2623 3051 2872 3111 centum;
2927 3052 2982 3102 et
3025 3047 3079 3101 in
3109 3048 3217 3103 alio
3245 3050 3413 3108 latere
3454 3056 3617 3125 pedes
3643 3058 3823 3126 mille;

2240 3138 2296 3184 et
2333 3131 2387 3186 in
2439 3130 2619 3189 fronte
2661 3136 2828 3204 pedes
2859 3152 2945 3203 nc,
2991 3146 3048 3192 et
3091 3138 3144 3193 in
3175 3140 3345 3198 altera
3386 3148 3550 3215 pedes
3578 3165 3659 3204 nc.
3696 3151 3827 3207 Volo

2239 3222 2440 3280 ibidem
2473 3233 2612 3279 tecta
2656 3227 2940 3282 domorum
2966 3243 3191 3300 ponere,
3216 3233 3315 3300 sic,
3355 3244 3416 3291 ut
3456 3237 3653 3295 habeat
3692 3257 3829 3298 nna-

2236 3328 2465 3385 quaeque
2494 3330 2622 3371 casa
2664 3317 2717 3372 in
2755 3318 3090 3390 longitudine
3124 3324 3290 3393 pedes
3328 3342 3418 3392 xc,
3453 3337 3509 3384 et
3548 3330 3603 3386 in
3642 3332 3826 3390 latitu-

2236 3405 2360 3461 dine
2389 3408 2556 3476 pedes
2586 3424 2713 3464 xxx.
2749 3409 2929 3479 Dicat,
2963 3413 3059 3485 qui
3081 3415 3233 3484 velit,
3264 3428 3398 3490 quot
3431 3435 3590 3480 casas
3631 3439 3827 3499 capere

2911 3596 3145 3656 Salutio.
3222 3638 3225 3639 ν

2304 3680 2363 3738 Si
2393 3680 2598 3739 fuerint
2624 3685 2744 3741 dua:
2765 3686 2929 3758 hujus
2950 3689 3190 3746 civitatis
3211 3695 3578 3764 .ongttudines
3597 3686 3821 3766 juncta,

2233 3772 2438 3830 facient
2458 3775 2498 3830 fi
2526 3793 2577 3833 c.
2604 3777 2868 3836 Similiter
2887 3778 3026 3847 duae,
3056 3783 3102 3838 si
3134 3782 3335 3841 fuerint
3366 3787 3689 3846 latitudines
3699 3789 3827 3860 jun—

2232 3877 2357 3933 ctae,
2384 3867 2589 3925 faciunt
2617 3870 2640 3925 ἰ
2664 3888 2746 3928 cc.
2780 3874 2924 3945 Ergo
2951 3875 3056 3931 duc
3085 3877 3320 3933 mediam
3348 3879 3415 3935 de
3447 3878 3469 3935 Ῑ
3500 3896 3584 3949 cc,
3623 3881 3828 3939 faciunt

2230 3974 2319 4023 nc,
2348 3976 2644 4031 rursusque
2674 3963 2778 4020 duc
2803 3967 3034 4023 mediam
3065 3969 3133 4025 de
3157 3970 3199 4024 ﬁ
3227 3985 3279 4033 c,
3308 3970 3490 4026 ﬁunti
3519 3990 3571 4028 ι..
3603 3974 3672 4029 Et
3700 3976 3827 4046 quia

2230 4065 2569 4122 unaquaeque
2613 4055 2806 4114 domus
2839 4058 2999 4115 habet
3047 4060 3102 4116 in
3148 4060 3485 4135 longitudine
3530 4067 3701 4136 pedes
3735 4083 3827 4135 ιι.

2229 4154 2285 4201 et
2330 4145 2384 4199 in
2428 4146 2538 4201 lato
2588 4164 2695 4203 xxx
2724 4166 2738 4204 :
2766 4150 2939 4208 deduc
2984 4155 3458 4227 quadragesimam
3504 4168 3723 4227 partem
3762 4160 3828 4217 de

2230 4237 2374 4294 mille
2400 4256 2451 4304 ι,
2478 4238 2613 4294 ﬁunt
2639 4257 2789 4298 xxvr.
2814 4244 2992 4315 Atque
3016 4246 3214 4302 iterum
3242 4262 3464 4303 assume
3486 4250 3828 4308 trieesimam

2227 4329 2295 4385 de
2321 4346 2408 4395 nc,
2439 4330 2577 4387 ﬁunt
2610 4349 2702 4388 xx.
2754 4335 2933 4392 Yicies
2978 4352 3110 4411 ergo
3137 4355 3267 4395 xxvi
3304 4340 3477 4410 ducti,
3510 4341 3655 4401 ﬁunt
3694 4360 3827 4402 axx.

2228 4421 2333 4477 Tot
2361 4423 2554 4481 domus
2587 4425 2862 4495 capienda:
2890 4437 3035 4485 sunt.

2894 4544 3131 4603 XXVIII.

2478 4646 2794 4690 PROPOSITIO
2830 4650 2897 4690 ΒΕ
2935 4648 3190 4692 οινιτλτε
3230 4654 3559 4697 τιιιιιιςσσιλ.

2296 4719 2392 4777 Est
2424 4722 2614 4780 civitas
2644 4724 2914 4798 triangula
2941 4742 3061 4798 quae
3090 4726 3146 4783 in
3174 4744 3283 4785 uno
3314 4732 3479 4786 habet
3526 4733 3706 4791 latere
3734 4751 3831 4807 pe-

2223 4811 2319 4867 des
2356 4828 2409 4878 c,
2440 4822 2497 4869 et
2524 4815 2577 4870 in
2615 4816 2721 4872 alio
2760 4817 2928 4873 latere
2964 4817 3133 4889 pedes
3156 4836 3210 4887 c,
3241 4830 3299 4876 et
3340 4821 3397 4877 in
3441 4821 3630 4882 fronte
3654 4829 3832 4898 pedes

2221 4918 2310 4970 xc,
2335 4905 2457 4961 volo
2486 4908 2631 4963 enim
2676 4908 2873 4965 ibidem
2898 4911 3127 4968 aediﬁcia
3154 4914 3440 4978 domorum
3473 4928 3827 4987 construere,

2222 4998 2302 5053 sic
2334 5005 2537 5066 tamen,
2561 5008 2621 5054 ut
2650 5016 2988 5079 unaquzeque
3012 5005 3210 5063 domus
3241 5006 3442 5063 habeat
3486 5010 3542 5065 in
3572 5010 3827 5084 longius.

2220 5090 2345 5147 dine
2373 5093 2539 5162 pedes
2565 5109 2659 5161 xx,
2691 5104 2745 5150 et
2783 5096 2837 5151 in
2885 5096 3167 5155 latitudine
3198 5102 3361 5171 pedes
3388 5118 3442 5158 x.
3499 5102 3687 5175 Dicat,
3723 5106 3823 5179 qui

2218 5194 2418 5256 potest,
2451 5195 2582 5258 quot
2610 5188 2804 5245 domus
2831 5192 2950 5263 capi
2981 5192 3216 5250 debent?

2894 5292 3122 5350 Salutio.

2286 5381 2404 5439 Duo
2432 5383 2600 5455 igitur
2638 5383 2797 5455 hujus
2842 5385 3080 5445 civitatis
3123 5386 3296 5445 latera
3332 5389 3526 5460 juncta
3550 5395 3702 5453 ﬁunt
3726 5414 3823 5468 cc.

2287 5551 2309 5623 ε
2342 5538 2651 5623 Legendum
2681 5558 2693 5595 :
2726 5541 2801 5598 De
2823 5560 2978 5623 c__ursu
3006 5546 3154 5623 cauis
3183 5564 3245 5623 ac
3271 5547 3400 5621 fuga
3423 5544 3639 5623 leporis.
3668 5554 3823 5611 Sub-

2213 5611 2486 5687 stituendo
2528 5616 2952 5687 consonantibus
2994 5611 3314 5687 quibusdam
3334 5611 3561 5680 'voca'les
3604 5624 3822 5683 imme-

2212 5682 2355 5811 diqitg
2402 5684 2802 5743 antecedentes.
2856 5682 3029 5754 Quod
3059 5687 3397 5761 frequentius
3450 5696 3707 5755 occurrit

2210 5768 2277 5811 co
2353 5794 2367 5809 .
2398 5770 2531 5812 mss.

4020 219 4025 463 l
