4038 6354
230 313 394 377 1153

248 441 416 502 atque
444 410 550 484 duc
576 422 810 481 mediam
845 419 913 480 de
937 435 1022 489 cc,
1046 419 1185 477 fiunt
1204 437 1253 477 c.
1288 418 1397 475 Sed
1427 418 1552 490 quia
1581 416 1636 472 iu
1666 390 1844 471 fronte
1873 389 1937 474 Al
1976 391 1985 394 ᾖ

248 521 416 578 habet
441 516 609 589 pedes
657 502 748 581 xc,
793 515 898 570 duc
941 513 1178 569 mediam
1210 512 1276 567 de
1310 527 1400 576 xc,
1431 510 1569 564 ﬁunt
1600 522 1723 563 χιχ.
1772 505 1841 561 Et

249 613 379 685 quia
404 609 686 683 longitudo
709 607 1136 678 uniuscujusque
1158 605 1351 660 domus
1374 604 1535 658 habet
1556 601 1721 673 pedes
1742 615 1837 664 xx,

249 711 305 760 et
333 702 565 757 latitudo
609 700 851 773 ipsarum
897 699 1064 771 pedes
1092 715 1149 765 x,
1198 697 1303 753 duc
1329 713 1401 751 xx
1432 704 1643 767 partem
1687 692 1742 747 in
1785 706 1836 758 c,

247 795 388 852 ﬁunt
416 772 472 848 ί.
517 791 586 848 Et
626 807 753 863 pars
778 790 989 847 decima
1024 786 1440 862 quadragenarii
1468 802 1521 842 IV
1549 792 1692 841 sunt.
1726 783 1841 839 Duc

248 880 434 954 itaque
457 882 745 954 quinquies
768 897 871 949 ιιιι,
903 880 1042 937 ﬁunt
1063 896 1154 936 xx.
1188 878 1293 936 Tot
1316 880 1505 935 domos
1531 872 1841 947 hujusmodi

246 982 480 1047 captura
516 981 601 1030 est
634 973 845 1029 civitas.

914 1060 1177 1119 XXVIIII.

532 1169 845 1212 PROPOSITIO
881 1170 949 1209 DE
987 1167 1247 1211 εινιτΑτε
1286 1165 1555 1207 ROTUNDA.

320 1245 425 1303 Est
444 1243 637 1301 civitas
665 1243 899 1301 rotunda
934 1259 1055 1316 quae
1098 1244 1264 1299 habet
1299 1242 1354 1296 in
1381 1240 1612 1298 circuitu
1640 1238 1841 1311 pedum

248 1352 349 1395 vn!
375 1335 563 1392 millia.
608 1335 784 1401 Dicat,
834 1335 928 1405 qui
974 1342 1176 1406 potest,
1228 1341 1361 1404 quot
1411 1331 1604 1387 domos
1639 1343 1839 1401 capere

250 1428 433 1495 debet,
465 1427 541 1482 ita
565 1435 625 1481 ut
650 1441 983 1497 unaquaeque
1009 1427 1211 1481 habeat
1236 1423 1293 1479 in
1318 1421 1652 1495 longitudine
1674 1420 1842 1494 pedes

229 1510 382 1587 'xxx,
410 1528 467 1574 et
494 1519 549 1575 in
573 1518 861 1575 latitudine
886 1519 1054 1591 pedes
1083 1518 1200 1574 xx?

228 1598 231 1603 ’
931 1610 1165 1668 Salutio.

317 1704 379 1761 In
410 1704 572 1777 hujus
601 1703 838 1761 civitatis
864 1705 1073 1760 ambitu
1096 1719 1194 1759 VIII
1224 1702 1392 1759 millia
1414 1700 1613 1774 pedum
1644 1715 1841 1758 nume-

1164 302 1313 362 OPP.
1350 301 1582 363 DUBIA.
1620 328 1695 342 —-
1732 291 2283 354 PROPOSITIONES
2319 294 2619 355 ALCUINI.
2684 352 2687 353 ν

3388 301 3532 374 ΗΜ

2631 410 2847 470 XXXII.
3370 410 3371 413 “

2157 522 2472 564 rnorosmo
2511 496 2577 562 ne
2617 524 2827 572 ouonxu
2868 522 3311 567 enarramus.

2014 597 2243 666 Quidam
2275 600 2663 671 paterfamilias
2692 600 2881 655 habuit
2922 599 3155 657 familias
3184 617 3277 657 xx.
3322 600 3393 657 Et
3410 600 3529 673 jus-

1943 690 2017 745 sit
2047 690 2127 745 eis
2153 688 2283 744 dare
2306 691 2373 745 de
2398 707 2612 745 annona
2642 691 2854 747 modios
2878 707 2969 747 xx.
3010 690 3103 747 Sic
3125 689 3309 759 jussit,
3337 699 3399 747 ut
3424 693 3528 749 viri

1942 783 2249 853 acciperent
2294 783 2503 840 modios
2549 793 2752 850 ternos,
2790 792 2845 841 et
2874 784 3130 841 mulieres
3153 785 3327 851 binos,
3369 793 3427 842 et
3452 787 3529 844 in-

1943 873 2119 929 fantes
2147 873 2355 945 singula
2388 876 2646 930 seniodia.
2681 876 2855 942 Dicat,
2886 876 2977 947 qui
3004 883 3199 947 potest,
3232 883 3362 947 quot
3398 876 3527 946 viri,

1941 974 2035 1022 aut
2064 975 2195 1037 quot
2223 966 2499 1033 mulieres,
2528 968 2612 1023 vel
2635 977 2766 1039 quot
2795 969 3031 1025 infantes
3050 985 3171 1026 esse
3192 968 3424 1025 debent?

2627 1058 2856 1115 Salutio.

2011 1151 2129 1209 Duc
2162 1151 2328 1209 semel
2359 1159 2564 1217 ternos,
2599 1151 2734 1206 ﬁunt
2776 1168 2859 1218 ιιι,
2898 1154 3002 1208 hoc
3026 1161 3129 1218 est,
3172 1167 3314 1207 unus
3351 1151 3439 1206 vir
3464 1166 3527 1208 ιιι

1940 1246 2152 1302 modios
2177 1244 2405 1316 accepit.
2458 1242 2722 1298 Similiter
2750 1252 2806 1298 et
2829 1244 3118 1314 quinquies
3136 1243 3271 1307 bini,
3305 1241 3442 1296 ﬁunt
3467 1257 3526 1308 x,

1941 1337 2047 1394 hoc
2075 1345 2178 1402 est,
2206 1336 2448 1406 quinque
2475 1334 2731 1390 mulieres
2762 1344 3089 1404 acceperunt
3117 1334 3298 1388 modia
3327 1348 3383 1386 x.
3416 1331 3531 1388 Duc

1940 1446 2072 1487 vero
2112 1431 2312 1502 septies
2338 1430 2521 1495 binos,
2547 1428 2687 1485 ﬁunt
2721 1445 2863 1494 χιιιι,
2895 1430 2998 1485 hoc
3024 1436 3109 1484 est
3135 1444 3252 1482 χιιιι
3297 1426 3532 1483 infantes

1942 1532 2268 1593 acceperunt
2312 1521 2520 1577 modios
2558 1537 2655 1576 vn.
2705 1520 2879 1591 Junge
2920 1536 3095 1593 ergot
3144 1528 3201 1576 et
3235 1536 3268 1573 v
3298 1528 3354 1576 et
3386 1535 3528 1586 χιιιι,

1943 1612 2082 1669 ﬁunt
2103 1630 2195 1669 xx.
2226 1612 2321 1668 lite
2344 1621 2469 1669 sunt
2493 1611 2711 1667 familia:
2733 1630 2825 1668 xx.
2873 1612 2953 1669 Ac
2977 1612 3168 1668 deinde
3186 1610 3354 1683 juuge
3382 1626 3443 1666 ιιι
3477 1616 3534 1665 et

1941 1721 2017 1762 vn
2043 1715 2099 1762 et
2122 1723 2178 1772 x,
2205 1705 2343 1761 ﬁunt
2379 1722 2472 1771 xx,
2502 1707 2618 1762 haec
2644 1714 2770 1760 sunt
2797 1706 2983 1761 modia
3003 1721 3096 1761 xx.
3133 1703 3273 1761 Sunt
3306 1718 3435 1775 ergo
3460 1701 3533 1761 si-

245 1804 461 1862 rantur,
497 1798 590 1867 qui
646 1795 1003 1867 scsquialtera
1048 1797 1398 1867 proportione
1436 1795 1751 1851 dividuntur
1786 1795 1841 1850 in
1872 1797 1922 1862 Β
1946 1796 2059 1852 mul
2088 1795 2306 1851 familiae
2334 1811 2427 1863 xx,
2455 1804 2511 1851 et
2532 1796 2710 1851 modia
2737 1812 2829 1850 xx.

244 1886 333 1947 ῖιῒι
364 1905 513 1955 nccc,
541 1897 599 1945 et
631 1890 687 1944 in
712 1886 778 1945 ᾖ
799 1905 881 1946 cc.
912 1888 971 1945 In
1000 1888 1107 1946 illis
1135 1897 1315 1945 autem
1346 1888 1626 1960 longitudo
1655 1889 1842 1945 domo-

244 1998 404 2048 rum;
438 1981 494 2037 in
533 1982 655 2039 istis
694 1981 921 2038 latitudo
944 1990 1211 2038 versatur.
1260 1980 1533 2037 Subtrahe
1568 1982 1751 2052 itaque
1776 1982 1843 2038 de

243 2080 480 2141 utraque
508 2086 721 2126 summa
749 2072 1120 2137 medietatem,
1154 2080 1211 2127 et
1240 2081 1526 2128 remanent
1553 2073 1619 2127 de
1647 2071 1842 2140 majori

248 2172 289 2219 ιι
312 2176 437 2218 cccc
468 2177 481 2214 :
512 2161 579 2216 de
626 2162 837 2218 minore
864 2176 995 2217 vero
1020 2167 1145 2217 inc.
1178 2161 1289 2217 Hos
1319 2162 1486 2236 igitur
1517 2168 1538 2218 i
1568 2178 1633 2219 nc
1664 2163 1843 2219 divide

243 2255 305 2312 in
333 2253 553 2309 vicenos
583 2262 639 2308 et
674 2253 920 2309 invenies
952 2253 1231 2326 octoagies
1268 2255 1484 2326 viginti,
1515 2269 1843 2325 rursumque

228 2342 423 2414 'maj’or
460 2360 692 2412 summa,
724 2345 779 2401 id
808 2352 915 2412 est,
939 2345 983 2399 ῑῐ
1008 2360 1153 2410 cccc,
1211 2345 1267 2399 in
1306 2361 1416 2400 xxx
1453 2346 1662 2417 partiti,
1692 2354 1844 2401 octo-

224 2430 397 2508 ‘agies
434 2435 658 2507 triginta
706 2434 1140 2490 dinumerantur.
1190 2434 1354 2508 445
1405 2435 1520 2491 Duc
1564 2436 1843 2507 octoagies

232 2541 414 2593 'Lxxx,
440 2534 495 2581 et
529 2526 665 2581 ﬁunt
691 2540 745 2581 v1
772 2525 939 2582 millia
962 2542 1108 2583 cccc.
1144 2525 1250 2581 Tot
1282 2527 1337 2581 in
1366 2526 1678 2597 hujusmodi
1708 2526 1843 2583 civi-

229 2626 362 2675 ‘tate
380 2618 587 2683 domus,
608 2617 904 2673 secundum
925 2618 1352 2690 propositionem
1368 2633 1534 2690 supra
1559 2619 1840 2690 scriptam,

249 2711 493 2769 construi
518 2719 769 2783 possunt.
1180 2718 1181 2721 ‘

965 2802 1138 2859 XXX.

678 2911 995 2953 PROPOSITIO
1044 2912 1111 2951 DE
1150 2910 1413 2953 BASILICA.

228 2984 233 2993 ’
318 2989 419 3046 Est
441 2986 665 3044 basilica
688 3003 809 3059 quae
841 2988 1005 3044 habet
1030 2987 1085 3042 in
1120 2987 1456 3060 longitudine
1490 2985 1657 3059 pedes
1686 3001 1841 3054 cch,

250 3091 309 3139 et
340 3083 397 3138 in
427 3082 538 3137 lato
562 3082 730 3153 pedes
763 3097 888 3137 cxx.
938 3080 1209 3137 Laterculi
1234 3095 1361 3137 vero
1390 3090 1577 3137 stratre
1602 3080 1844 3153 ejusdem

232 3191 393 3231 unus
435 3174 729 3231 laterculus
775 3174 941 3232 habet
982 3175 1038 3230 in
1078 3173 1416 3247 longitudine
1457 3174 1647 3230 uncias
1680 3190 1839 3241 xxm,
1865 3157 1917 3225 C

224 3266 358 3326 hoc
386 3278 489 3335 est,
515 3268 706 3339 pedem
734 3283 900 3324 unum
926 3277 983 3325 et
1009 3284 1067 3324 x1
1117 3268 1325 3324 uncias.
1372 3266 1441 3324 Et
1481 3268 1538 3324 in
1562 3267 1845 3324 latitudine

248 3362 442 3418 uncias
469 3377 568 3428 xu,
599 3361 704 3418 hoc
730 3370 833 3428 est,
866 3360 1058 3433 pedem
1094 3376 1134 3416 ι.
1197 3360 1374 3425 Dicat,
1417 3359 1512 3431 qui
1536 3359 1687 3428 velit,
1712 3368 1846 3432 quot

222 3451 500 3511 'Iaterculi
530 3453 776 3507 eamdem
803 3453 1000 3507 debent
1028 3451 1290 3522 implere?

935 3544 1162 3599 Salutio.

323 3656 428 3698 cxi.
474 3638 637 3711 pedes
684 3634 1038 3709 longitudinis
1085 3635 1312 3706 implent
1353 3649 1513 3691 cxva
1563 3633 1842 3701 laterculi;

249 3716 311 3791 et
335 3748 441 3790 cxx
468 3731 634 3803 pedes
652 3727 952 3784 latitudinis
978 3742 1085 3782 cxx
1106 3725 1382 3792 laterculi;
1408 3725 1536 3796 quia
1558 3724 1847 3795 unusquis-
1940 3760 1949 3770 κ

218 3892 222 3897 ,
252 3842 361 3899 que
391 3822 684 3880 laterculus
722 3822 776 3877 in
808 3820 1092 3875 latitudine
1134 3817 1289 3891 pedis
1328 3832 1639 3874 mensuram
1661 3817 1844 3872 habet.

252 3918 550 3991 Multiplica
602 3916 789 3987 itaque
836 3922 1056 3971 centum
1106 3912 1277 3969 vicies
1324 3928 1509 3977 cxxvi,
1548 3911 1603 3967 in
1637 3909 1709 3967 i—v
1742 3924 1847 3966 cxx

254 4018 469 4066 summa
493 4006 813 4065 concrescit.
862 4005 965 4062 Tot
1006 4004 1171 4077 igitur
1200 4004 1253 4059 in
1290 4002 1602 4075 hujusmodi
1624 4002 1848 4060 basilica

254 4101 502 4159 laterculi
526 4101 894 4173 pavimentum
924 4108 1211 4170 contegere
1243 4106 1485 4169 possunt.

226 4202 231 4206 ‘
954 4188 1147 4245 XXXI.

684 4300 999 4344 PROPOSITIO
1035 4300 1101 4339 DE
1141 4299 1347 4339 CANAVA
1377 4294 1426 4337 ⁸.

256 4364 259 4365 ν
306 4375 650 4442 Ἐεῑοιιιιειγιι
675 4396 795 4453 quae
821 4380 985 4435 habet
1031 4379 1087 4434 in
1134 4377 1469 4448 longitudine
1516 4377 1684 4449 pedes
1713 4392 1764 4443 c,
1793 4385 1850 4434 et

184 4480 192 4486 ’
258 4479 319 4535 in
365 4469 648 4531 latitudine
683 4471 849 4543 pedes
892 4485 1067 4525 thnt.
1112 4466 1293 4534 Dicat,
1331 4468 1425 4540 qui
1470 4477 1670 4539 potest,
1716 4477 1849 4540 quot

259 4581 427 4641 cupas
455 4579 650 4637 capere
681 4564 880 4621 debet?
916 4564 994 4619 ita
1028 4570 1231 4630 tamen,
1268 4571 1329 4618 ut
1350 4579 1688 4635 unaquaeque
1708 4580 1846 4637 cupa

258 4661 460 4717 habeat
500 4658 556 4714 in
591 4655 924 4729 longitudine
966 4656 1131 4728 pedes
1164 4672 1266 4722 vn,
1293 4663 1350 4711 et
1388 4655 1442 4710 in
1480 4655 1609 4722 lato,
1640 4655 1743 4712 hoc
1767 4665 1851 4713 est

254 4754 320 4810 in
354 4751 534 4809 medio
561 4750 727 4822 pedes
756 4765 862 4817 ιιιι,
893 4757 947 4806 et
989 4750 1208 4820 pervius
1237 4750 1266 4791 b
1296 4765 1438 4806 unus
1464 4750 1662 4806 habeat
1682 4750 1849 4822 pedes

224 4870 231 4875 ’
256 4861 369 4905 IIII.

252 4934 255 4941 ’
942 4934 1172 4992 Salutio.

332 5032 390 5087 ln
414 5038 633 5087 centum
662 5037 841 5084 autem
867 5029 1243 5099 quaterdecies
1270 5045 1349 5086 vu
1385 5039 1758 5097 numerantur,
1792 5030 1850 5086 in

259 5140 419 5184 Lxutt
456 5139 588 5179 vero
633 5121 877 5178 sedecies
916 5122 1165 5192 quaterni
1219 5123 1584 5188 continentur,
1624 5139 1692 5179 ex
1730 5124 1851 5193 qui-

258 5219 364 5274 bus
398 5231 483 5274 ιιιι
521 5214 590 5270 ad
622 5212 869 5286 pervium
918 5220 1258 5283 reputantur,
1291 5215 1434 5284 quod
1468 5215 1523 5269 in
1562 5214 1851 5286 longitudi-

259 5326 390 5371 nem
434 5309 604 5383 ipsius
640 5319 861 5363 canavze
902 5304 1134 5361 ducitur.
1181 5305 1315 5374 Quia
1345 5320 1474 5379 ergo
1511 5308 1565 5363 in
1596 5324 1663 5363 ιχ
1694 5308 1850 5379 quiu-

232 5405 447 5481 qdecies
493 5398 745 5473 quaterni
796 5406 958 5465 sunt;
1016 5407 1073 5455 et
1116 5398 1171 5454 in
1222 5406 1437 5454 centum
1478 5400 1850 5470 quaterdecies

252 5494 507 5570 septeni;
545 5493 650 5550 duc
694 5490 1010 5563 quindecies
1057 5506 1200 5557 xmt,
1229 5488 1365 5545 ﬁunt
1400 5505 1520 5548 ccx.
1570 5490 1671 5547 Tot
1698 5506 1850 5563 cupa:

255 5592 418 5664 juxta
463 5584 888 5658 suprascriptam
948 5582 1375 5656 magnitudinem
1437 5584 1492 5641 in
1543 5581 1846 5654 huiusmodi

260 5696 471 5741 canava
497 5676 763 5736 contineri
788 5685 1032 5747 possunt.

338 5809 368 5840 ι
400 5794 559 5863 Bed.,
583 5811 804 5865 οαυαηα,
829 5792 963 5850 cella
992 5791 1219 5855 uinaria.

2614 1905 2855 1962 XXXIII.

1981 2016 2296 2060 PROPOSITIO
2332 2017 2399 2057 DE
2437 2014 2563 2057 ALIO
2602 2013 3027 2056 PATREFANILIAS
3064 2011 3344 2053 EIIOGAKTE
3381 2010 3499 2065 8118¹

2469 2086 2702 2127 ΡΔΙῙῌΑΞ
2740 2084 3011 2126 ΑΝΝΟΝΑΜ.

2017 2163 2249 2232 Quidam
2279 2158 2669 2235 paterfamilias
2699 2161 2889 2218 habuit
2915 2158 3147 2216 familias
3174 2175 3303 2226 xxx,
3337 2157 3535 2231 quibus

1938 2252 2104 2324 jussit
2132 2256 2249 2311 dari
2282 2256 2350 2311 de
2387 2269 2603 2310 annona
2633 2254 2842 2308 modios
2882 2269 3011 2307 xxx.
3055 2250 3148 2307 Sic
3178 2265 3307 2306 vero
3345 2248 3534 2319 jussit,

1944 2358 2005 2406 ut
2028 2347 2131 2404 viri
2164 2346 2471 2417 acciperent
2508 2345 2717 2401 modios
2754 2353 2961 2408 ternos,
2989 2352 3046 2399 et
3075 2341 3330 2398 mulieres
3353 2341 3534 2408 binos,

1943 2449 2002 2498 et
2054 2438 2291 2496 infantes
2345 2437 2557 2510 singula
2607 2436 2867 2493 semodia.
2922 2434 3138 2501 Solvat,
3188 2432 3281 2504 qui
3331 2439 3533 2504 potest,

1943 2540 2078 2607 quot
2111 2531 2237 2599 viri,
2276 2538 2371 2586 aut
2408 2536 2542 2601 quot
2582 2529 2859 2594 mulieres,
2900 2535 3097 2599 quotve
3137 2522 3374 2581 infantes
3414 2523 3534 2582 fue-

1944 2625 2115 2681 runt?
2658 2684 2667 2688 -

2622 2716 2857 2774 Salutio.

2017 2811 2077 2868 Si
2120 2810 2342 2869 duxeris
2387 2817 2577 2867 ternos
2605 2818 2712 2877 ter,
2752 2811 2890 2866 ﬁunt
2916 2825 3056 2866 vim.
3108 2809 3181 2866 Et
3224 2809 3271 2867 si
3315 2810 3537 2869 duxeris

1945 2905 2234 2977 quinquies
2254 2904 2432 2970 binos,
2458 2902 2595 2959 ﬁunt
2621 2920 2676 2970 x,
2708 2917 2773 2958 ac
2798 2902 2993 2958 deinde
3019 2901 3123 2957 duc
3146 2902 3315 2958 vicies
3340 2902 3425 2959 bis
3454 2918 3538 2962 se-

1944 2998 2072 3063 mis,
2097 2995 2234 3051 ﬁunt
2256 3011 2334 3062 xl,
2360 2996 2464 3050 hoc
2487 3003 2591 3061 est,
2616 2994 2721 3050 viri
2747 3010 2806 3049 ιιι
2834 3001 3159 3066 acceperunt
3187 2994 3364 3050 modia
3394 3010 3534 3062 γιιιι,

1947 3098 2004 3146 et
2032 3090 2271 3160 quinque
2300 3082 2557 3144 mulieres
2584 3097 2910 3159 acceperunt
2935 3104 2991 3154 x,
3042 3095 3097 3143 et
3138 3104 3253 3143 χχιι
3302 3087 3537 3145 infantes

1947 3190 2277 3253 acceperunt
2304 3197 2360 3236 χι
2404 3180 2603 3237 modia.
2644 3179 2815 3236 Simul
2855 3180 3033 3249 juncti
3073 3196 3133 3235 ιιι
3181 3189 3310 3245 etv,
3342 3190 3398 3236 et
3422 3197 3535 3239 χχιι

1945 3270 2155 3328 faciunt
2195 3269 2427 3325 familias
2453 3286 2584 3325 xxx.
2635 3271 2952 3342 Rursusque
2975 3286 3093 3326 vim
3121 3278 3177 3326 et
3197 3286 3273 3338 χι,
3302 3279 3357 3328 et
3387 3287 3442 3330 χ.
3470 3273 3538 3329 si-

1946 3362 2061 3419 mul
2093 3359 2270 3430 juncti
2312 3360 2520 3416 faciunt
2547 3361 2726 3418 modia
2753 3378 2883 3417 xxx.
2914 3361 3070 3431 Quod
3104 3369 3231 3418 sunt
3258 3361 3419 3420 simul
3460 3360 3539 3419 fa-

1947 3454 2109 3511 miliae
2134 3470 2264 3521 xxx,
2293 3461 2349 3508 et
2372 3453 2536 3509 modii
2569 3470 2699 3508 xxx.

2616 3543 2860 3599 XXXIV.

2002 3649 2319 3692 PROPOSITIO
2355 3651 2569 3692 Αιτειιλ
2605 3651 2672 3690 DE
2711 3651 3138 3691 PATREFAIIILIAS
3176 3651 3481 3694 ΡΑΙΠΊΕΝΤΕ

2398 3741 2631 3783 ΈΔΙΙΙᾸᾹΞ
2671 3741 2782 3783 ευιε
2823 3742 3091 3783 ΔΝΝΟΝΔΠ.

2021 3821 2249 3892 Quidam
2292 3819 2684 3893 paterfamilias
2730 3820 2921 3877 habuit
2968 3819 3201 3878 familias
3243 3837 3293 3888 c,
3343 3821 3538 3893 quibus

1947 3916 2207 3987 praecepit
2236 3913 2369 3969 dare
2404 3913 2471 3967 de
2499 3927 2714 3968 annona
2748 3913 2959 3969 modios
2984 3928 3037 3980 c,
3067 3928 3132 3969 eo
3160 3928 3291 3970 vero
3328 3923 3534 3980 tenore.

1948 4018 2010 4063 ut
2031 4008 2131 4064 viri
2162 4009 2471 4078 acciperent
2507 4005 2717 4061 modios
2758 4014 2963 4072 ternos,
2993 4006 3249 4063 mulieres
3278 4008 3451 4074 binos,
3483 3996 3537 4066 et

1947 4101 2183 4159 infantes
2208 4101 2419 4174 singula
2444 4101 2703 4159 semodia.
2744 4101 2900 4157 Dicat
2921 4116 3068 4173 ergo,
3094 4104 3182 4174 qui
3209 4103 3372 4170 valet,
3405 4113 3538 4175 quot

1947 4195 2073 4263 viri,
2098 4203 2232 4267 quot
2253 4193 2528 4261 mulieres,
2558 4202 2650 4249 aut
2672 4204 2805 4265 quot
2832 4193 3068 4250 infantes
3089 4194 3341 4253 fuerunt?
3420 4250 3423 4255 ,

2635 4283 2859 4341 Salutio.
3230 4296 3233 4299 '

2020 4379 2284 4438 Undecim
2332 4378 2471 4434 terni
2517 4375 2653 4431 ﬁunt
2677 4391 2872 4432 χχχιιι.
2899 4376 2986 4433 'Et
3013 4394 3083 4433 xv
3110 4376 3194 4434 bis
3227 4378 3373 4435 ducti
3401 4379 3537 4438 ﬁunt

1949 4490 2080 4540 xxx,
2106 4473 2161 4527 id
2182 4480 2285 4537 est,
2315 4486 2372 4527 χι
2398 4470 2501 4525 viri
2537 4477 2863 4540 acceperunt
2897 4484 3070 4524 χχχιιι
3113 4470 3348 4533 modios;
3379 4479 3434 4528 et
3464 4487 3534 4527 xv

1951 4564 2205 4621 mulieres
2236 4568 2563 4633 acceperunt
2591 4576 2700 4615 xxx
2733 4567 2791 4616 et
2817 4575 3004 4615 ιχχιιιι
3044 4559 3279 4618 infantes
3312 4577 3536 4635 accepeo

1948 4667 2076 4715 runt
2116 4673 2327 4722 xxxvn,
2372 4656 2464 4727 qui
2506 4653 2670 4710 simul
2712 4652 2912 4724 juncti,
2956 4655 3008 4709 id
3038 4664 3140 4722 est,
3184 4672 3239 4712 χι
3270 4667 3325 4712 et
3360 4674 3449 4725 xv,
3480 4668 3536 4716 et

1947 4764 2141 4807 Lxxuu
2174 4748 2311 4803 ﬁunt
2335 4764 2386 4815 c,
2428 4762 2550 4819 quae
2594 4753 2721 4801 sunt
2748 4746 2965 4801 familia:
2992 4763 3041 4804 c.
3077 4746 3340 4805 Similiter
3368 4747 3535 4823 juuge

1948 4858 2143 4907 xxxm,
2165 4851 2218 4898 et
2246 4858 2356 4897 xxx
2386 4848 2441 4896 et
2468 4855 2656 4894 xxxvn
2686 4837 2889 4894 faciunt
2911 4854 2962 4905 c,
3004 4840 3099 4910 qui
3140 4850 3267 4897 sunt
3294 4842 3459 4897 modii
3479 4857 3531 4899 c.

1950 4936 2048 4995 His
2076 4933 2389 5008 ergo‘simul
2412 4932 2617 5004 junctis
2644 4931 2813 4987 habes
2833 4931 3066 4990 familias
3097 4950 3127 4991 c
3160 4944 3215 4990 et
3243 4934 3450 4991 modios
3478 4948 3530 4991 c.

2643 5043 2863 5101 XXXV.

2042 5132 2357 5178 PBOPOSITIO
2392 5132 2459 5173 DE
2495 5133 2656 5176 OBITU
2687 5132 2951 5173 CUJUSDAI
2987 5134 3442 5176 PATRISFAIILIAS.

2024 5214 2252 5283 Quidam
2281 5212 2671 5285 paterfamilias
2695 5212 2935 5269 moriens
2956 5211 3178 5283 reliquit
3201 5210 3455 5279 infantes,
3479 5220 3537 5269 et

1952 5308 2007 5364 in
2034 5305 2290 5362 facultate
2314 5321 2430 5371 sua,
2464 5304 2757 5361 solidorum
2801 5320 3035 5362 nccccsx
3074 5303 3251 5377 [Bed.,
3283 5308 3531 5381 ncccnx],

1954 5408 2012 5456 et
2042 5413 2265 5456 uxorem
2291 5405 2680 5471 praegnantem.
2708 5397 2811 5467 Qui
2829 5395 2994 5468 jussit
3021 5405 3084 5452 ut
3114 5397 3162 5452 si
3186 5397 3237 5453 ei
3265 5399 3540 5456 masculus

1955 5500 2291 5559 nasceretur,
2324 5491 2594 5563 acciperet
2633 5492 2701 5547 de
2738 5489 2887 5546 omni
2931 5503 3112 5545 massa
3148 5489 3403 5558 dodrans,
3432 5492 3537 5550 hoc

1953 5595 2058 5655 est,
2080 5584 2270 5642 uncias
2290 5600 2427 5640 vnit.
2461 5583 2529 5639 Et
2552 5592 2726 5638 mater
2752 5581 2921 5653 ipsius
2946 5581 3216 5651 acciperet
3237 5583 3534 5653 quadrans,

1956 5680 2062 5737 hoc
2086 5685 2193 5744 est,
2216 5676 2407 5733 uncias
2444 5691 2525 5731 ιιι.
2580 5672 2638 5730 Si
2673 5681 2856 5729 autem
2889 5670 3001 5727 ﬁlia
3039 5681 3165 5728 nata
3193 5681 3360 5742 esset,
3398 5676 3515 5733 acci

2027 5792 2057 5834 ι’
2093 5790 2217 5861 Via,
2243 5790 2478 5865 spatium
2502 5788 2647 5847 inter
2670 5802 2841 5860 cupas
2867 5802 2966 5846 seu
2986 5804 3118 5847 vasa
3142 5789 3373 5853 vinaria.
3441 5866 3445 5870 _
3486 5848 3489 5853 λ
