4038 6354
554 348 691 419 ηδε
1335 348 1395 409 n.
1436 346 1497 402 F.
1533 345 1760 403 ALBINI
1798 338 1932 403 seu
1966 345 2241 413 ALCUINI
2288 346 2569 409 OPERUM
2605 347 2784 409 rans
2818 324 2953 407 vm.
3670 361 3812 417 “se

547 475 700 542 peret
741 474 991 539 septunx,
1020 464 1126 525 hoc
1147 472 1248 531 est,
1279 479 1353 521 vn
1394 463 1571 536 [Bed.,
1596 463 1651 535 ν]
1690 464 1896 531 uncias,
1924 470 1978 517 et
2007 477 2112 516 ma-

2222 468 2406 534 partes
2429 476 2504 523 xl,
2532 470 2614 519 ter
2638 461 2884 521 undecim
2912 462 3047 523 ﬁunt
3066 477 3259 531 xxxnt,
3286 463 3414 525 tolle
3439 464 3558 529 illas
3587 469 3811 543 triginta

534 570 636 627 ,κιο
685 561 859 630 ipsi“;
900 559 1169 627 acciperet
1220 556 1511 626 quincunx,
1557 556 1660 615 hoc
1699 563 1802 619 est,
1848 570 1882 608 γ
1912 554 2117 609 uncias.
2221 560 2424 629 partes,
2454 552 2632 611 divide
2657 567 2748 609 eas
2778 554 2918 613 inter
2949 557 3238 627 magistros
3268 574 3321 619 γ.
3355 558 3661 631 Quinquies
3694 565 3812 621 seni

544 653 786 725 θοηιίςίι
826 659 1009 711 “item
1042 658 1102 709 ut
1130 649 1372 720 geminos
1410 648 1725 717 parturiret,
1769 647 1820 702 id
1845 655 1949 713 est,
1992 661 2123 718 pne.-
2223 638 2356 699 ﬁunt
2379 657 2505 699 xxx.
2550 640 2818 701 Accidunt
2862 659 2989 717 ergo
3014 648 3304 721 unicuique
3334 652 3595 723 magistro
3624 664 3811 723 partes

542 761 667 810 um
694 753 750 805 et
769 743 1020 814 puellam.
1047 740 1250 809 Solvat,
1278 740 1371 812 qui
1403 748 1598 810 potest,
1625 746 1887 809 quantum
1916 738 2112 809 accepit

2220 744 2295 795 γι.
2322 731 2470 788 Tolle
2502 743 2625 797 tres,
2657 744 2856 804 partes,
2892 752 3013 812 qua:
3053 755 3216 810 super
3257 757 3362 801 xxx
3405 755 3813 819 remanserunt,

544 844 741 901 natet.
770 842 824 895 et
849 842 1111 904 quantum
1139 832 1298 899 ﬁlius,
1329 840 1660 903 quantumve
1689 829 1835 887 ﬁlia?

1226 922 1451 976 Sdmw.

2220 825 2364 903 αυοά
2392 834 2477 885 est
2504 826 2766 887 medicus
2796 830 3015 895 senarii,
3049 839 3105 885 et
3129 831 3199 886 da
3234 833 3517 909 discipulo.

2866 918 3153 976 XXXVIII.

1226 922 1451 978 Sdmw.

2866 922 3153 977 XXXVIII.

4 976 19 1529 Ψ

612 1016 782 1087 Junge
815 1031 942 1087 ergo
969 1030 1087 1069 vnn
1113 1021 1168 1068 et
1195 1028 1278 1078 ιιι,
1304 1011 1437 1067 ﬁunt
1458 1027 1554 1077 xu,
1578 1026 1656 1065 ιιι
1686 1024 1917 1079 namque
1945 1009 2121 1065 uncia:
2176 1046 2181 1047 κ

536 1107 733 1173 libram
774 1107 999 1175 faciunt.
1051 1106 1368 1173 Rursusque
1396 1104 1560 1175 iunge
1594 1102 1845 1175 similiter
1875 1118 1949 1156 vn
1986 1113 2116 1166 etv,

532 1198 675 1265 ﬁunt
698 1200 893 1259 iterum
920 1214 1014 1255 xu.
1038 1197 1282 1265 Ideoque
1312 1195 1394 1251 bis
1420 1211 1493 1255 xu
1527 1194 1733 1251 faciunt
1756 1210 1929 1261 xxnn,
1962 1210 2117 1253 xxuu

539 1298 719 1351 autem
774 1288 981 1347 faciunt
1013 1288 1149 1343 duas
1202 1286 1401 1350 libras,
1454 1286 1508 1341 id
1557 1294 1673 1353 est,
1724 1286 1923 1341 solidos
1973 1303 2037 1343 xt.
2068 1299 2113 1341 α.

538 1378 745 1441 Deinde
785 1393 915 1449 ergo
951 1375 1098 1450 [duc]
1149 1391 1247 1446 per
1272 1377 1585 1432 vicesimam
1628 1388 1876 1449 quartam
1909 1386 2118 1447 partem

536 1484 769 1531 nocch
798 1468 1017 1539 solidos,
1042 1475 1095 1523 et
1122 1469 1374 1523 vicesima
1405 1478 1598 1541 quarta
1622 1484 1750 1539 pars
1773 1485 1959 1529 eorum
1985 1470 2118 1531 ﬁunt

536 1575 625 1619 ιι.
667 1560 870 1617 Deinde
912 1561 1035 1626 due,
1074 1560 1201 1631 quia
1244 1560 1373 1621 facit
1421 1562 1657 1621 dodrans
1702 1562 1817 1619 sive
1859 1564 2113 1635 dodrans,

528 1665 602 1717 ιι
633 1652 691 1713 in
718 1667 917 1709 nonam
951 1660 1178 1723 partem,
1216 1652 1337 1707 ideo
1366 1655 1552 1711 novies
1583 1671 1652 1709 xi.
1700 1655 1908 1731 accepit
1952 1653 2115 1719 ﬁlius.

535 1741 638 1797 hoc
679 1752 793 1809 est,
840 1759 973 1797 xvm
1017 1743 1215 1809 libras,
1261 1760 1382 1817 quae
1432 1745 1640 1809 faciunt
1684 1746 1883 1805 solidos
1927 1762 2112 1807 coetx.

2311 1022 2623 1064 PBOPOSITIO
2660 1023 2727 1064 DE
2764 1026 2981 1091 ρυοιιωι
3016 1030 3265 1071 ευντοιιε
3304 1031 3360 1070 IN
3396 1033 3723 1075 ANIHALIBUS

2536 1150 2537 1155 η
2898 1119 3136 1173 censu.

2290 1190 2474 1277 Voluit
2503 1192 2721 1269 quidam
2743 1192 2904 1257 homo
2943 1209 3122 1255 emere
3158 1196 3412 1259 animalia
3435 1202 3750 1271 promiscua
3779 1221 3808 1261 c

2217 1278 2284 1339 de
2313 1279 2495 1337 solidis
2529 1298 2581 1349 c,
2616 1283 2692 1337 ita
2729 1291 2787 1337 ut
2828 1300 2999 1354 equus
3042 1286 3217 1347 tribus
3260 1288 3446 1345 solidis
3493 1305 3807 1367 emeretur;

2216 1372 2314 1437 bos
2344 1387 2472 1428 vero
2514 1375 2569 1433 in
2609 1374 2779 1430 solido
2806 1391 2843 1441 ι,
2872 1385 2927 1433 et
2966 1394 3123 1439 xxnu
3155 1394 3284 1439 oves
3316 1381 3374 1439 in
3406 1382 3507 1439 sol.
3546 1400 3587 1438 ι.
3630 1386 3807 1461 Dicat,

2218 1465 2309 1533 qui
2336 1464 2493 1529 valet,
2528 1474 2658 1534 quot
2687 1467 2903 1537 caballi,
2944 1469 3029 1531 vel
3065 1481 3201 1549 quot
3227 1471 3415 1551 boves,
3447 1484 3649 1552 quotve
3690 1477 3806 1539 (ne,

2218 1565 2345 1611 runt
2370 1559 2542 1613 oves?
3436 1592 3447 1597 -

2900 1649 3123 1715 Salutio.

2287 1739 2399 1801 Duc
2423 1747 2505 1797 ter
2526 1740 2696 1809 vicies
2718 1742 2821 1807 tria
2848 1741 2921 1817 [1.
2961 1762 3032 1810 e.,
3061 1754 3145 1802 ter
3173 1746 3333 1821 χχιιι]
3360 1763 3399 1814 ι,
3428 1748 3566 1809 ﬁunt
3588 1768 3803 1813 Lxmu.

534 1833 601 1887 Et
624 1835 749 1903 quia
778 1843 951 1889 mater
976 1836 1191 1889 tertiam
1226 1845 1436 1906 partem
1469 1845 1656 1891 contra
1694 1837 1859 1890 ﬁlium
1886 1839 2112 1907 accepit,
2145 1828 2194 1893 Β
2219 1832 2287 1889 Ει
2321 1833 2423 1891 duc
2465 1834 2548 1889 bis
2584 1835 2749 1905 vieies
2793 1846 3025 1909 quatuor
3072 1837 3126 1911 [Ι
3132 1878 3145 1892 .
3179 1855 3250 1906 e.,
3292 1840 3377 1894 bis
3412 1842 3616 1917 xxnn],
3668 1844 3806 1905 ﬁunt

533 1932 587 1993 et
618 1924 860 1997 quintam
905 1933 1094 1979 contra
1134 1925 1322 1991 ﬁliam,
1355 1942 1414 1979 ιιι
1451 1934 1505 1980 et
1535 1943 1585 1992 v,
1620 1926 1754 1991 ﬁunt
1780 1943 1896 1981 vm.
1929 1927 2116 1998 Itaque

535 2010 660 2080 duc,
704 2015 829 2085 quia
882 2013 1096 2087 legitur,
1142 2017 1287 2087 quod
1320 2016 1487 2074 faciat
1516 2017 1599 2073 bis
1645 2034 1740 2073 seu
1778 2018 1921 2073 bisse
1957 2036 2023 2073 xi.
2061 2019 2115 2073 in

520 2118 680 2185 parte
710 2114 936 2173 octava;
974 2107 1146 2165 octies
1170 2124 1298 2182 ergo
1320 2126 1389 2171 χι.
1414 2110 1620 2179 accepit
1650 2119 1843 2174 mater.
1878 2112 1980 2171 hoc
2008 2119 2111 2175 est,

532 2198 701 2263 libras
731 2215 841 2264 xvi,
867 2215 989 2269 quia
1031 2198 1235 2259 faciunt
1277 2202 1474 2263 solidos
1514 2218 1703 2259 cccxx.
1749 2202 1949 2259 Deinde
1991 2202 2110 2270 duc,

529 2290 658 2367 quia
700 2290 918 2367 legitur,
963 2292 1105 2361 quod
1147 2282 1311 2346 faciat
1345 2301 1597 2369 septunx,
1631 2310 1697 2353 xi.
1743 2294 1797 2349 in
1829 2310 1900 2357 vn
1949 2296 2115 2369 parti-

528 2380 631 2443 bus
668 2398 681 2435 :
738 2389 927 2448 postea
963 2380 1066 2441 duc
1097 2382 1299 2449 septies
1333 2398 1421 2447 ιιι,
1469 2383 1603 2443 ﬁunt
1636 2399 1756 2439 xum
1796 2383 1967 2449 librae,
1995 2400 2115 2454 qum

518 2466 736 2532 faciunt
769 2468 971 2547 solidos
1006 2485 1233 2537 ccuxx,
1261 2472 1366 2533 lion
1396 2471 1503 2531 ﬁlia
1534 2473 1759 2545 accepit.
1786 2470 1955 2547 Junge
1986 2490 2114 2547 ergo

529 2577 695 2618 ccccx
736 2572 792 2618 et
836 2546 1007 2619 cchx
1043 2573 1098 2620 et
1125 2580 1329 2621 ccaxxx
1353 2606 1367 2631 ,
1417 2566 1553 2621 ﬁunt
1590 2582 1821 2622 nccccu
1873 2567 2026 2631 solidi
2059 2576 2114 2625 et

536 2667 703 2708 xum
736 2654 903 2708 librae.

516 2816 521 2821 1
1097 2744 1263 2829 446
1299 2746 1536 2811 xxxw.
2026 2800 2027 2803 χ

596 2851 910 2901 ριιοροεηιο
947 2852 1013 2899 Di
1051 2853 1421 2903 SALUTATIONE
1471 2855 1749 2907 cumsuam
1785 2855 1931 2907 SENIS
1969 2858 2037 2907 an

1187 2944 1417 2995 annuum.

597 3012 821 3085 Quidam
872 3016 1054 3079 senior
1106 3017 1361 3073 salutavit
1405 3034 1654 3097 puerum,
1701 3021 1789 3077 cui
1843 3034 1897 3081 et
1940 3027 2106 3095 dixit:

525 3102 709 3171 Yivas,
742 3106 843 3173 ﬁli,
866 3108 1047 3174 vivas,
1087 3108 1289 3189 inquit,
1327 3120 1587 3180 quantum
1632 3113 1839 3181 vixisti,
1882 3126 1939 3172 et
1968 3118 2110 3173 aliud

2218 1941 2405 1987 nvm.
2451 1925 2588 1981 Sunt
2622 1942 2748 2000 ergo
2779 1928 2970 1991 caballi
3003 1945 3160 1995 xxiii,
3195 1936 3251 1991 et
3283 1930 3441 1991 solidi
3473 1950 3686 1989 unm.
3740 1936 3806 1999 Et

2216 2033 2347 2081 oves
2384 2034 2571 2085 vam,
2604 2029 2660 2075 et
2685 2020 2838 2087 solidi
2863 2038 2921 2085 ιι.
2975 2021 3041 2085 Et
3083 2021 3246 2079 boves
3270 2040 3487 2089 xxvnu,
3532 2026 3587 2087 in
3611 2027 3803 2087 solidis

2217 2126 2431 2175 xxvun.
2457 2110 2627 2189 .lunge
2652 2128 2781 2185 ergo
2802 2130 2936 2173 χχιιι
2953 2123 3010 2171 et
3025 2132 3190 2171 XLVIII
3217 2127 3272 2177 et
3293 2134 3504 2184 xxvttu,
3530 2120 3667 2176 ﬁunt
3682 2125 3801 2178 ani-

2216 2205 2375 2261 malia
2400 2221 2448 2261 c.
2477 2205 2553 2259 Ac
2576 2206 2767 2269 deinde
2794 2206 2960 2285 iunge
2988 2226 3175 2271 vaint
3197 2221 3254 2275 et
3276 2228 3315 2277 ιι
3340 2224 3396 2269 et
3420 2231 3637 2281 ιιι-ιω,
3660 2216 3804 2277 ﬁunt

2210 2295 2371 2361 solidi
2395 2314 2444 2357 ς.
2472 2296 2608 2361 Sunt
2623 2315 2751 2370 ergo
2766 2300 2927 2357 simul
2942 2302 3126 2368 juncta
3152 2306 3406 2369 animalia
3419 2324 3470 2375 c,
3494 2317 3551 2369 et
3571 2310 3796 2373 solidis.

2690 2374 2697 2379 ’
2848 2392 3154 2455 xxxvnu.

2334 2495 2646 2541 morosum
2685 2497 2751 2536 ne
2789 2498 3001 2557 Quonw
3039 2501 3286 2551 ευρτοιιε
3323 2502 3378 2545 IN
3416 2504 3669 2549 οιιειιτε.

2285 2569 2514 2649 Quidam
2549 2574 2711 2635 homo
2741 2574 2911 2635 voluit
2940 2577 3007 2639 de
3033 2594 3063 2634 ο
3318 2579 3573 2647 animalia
3594 2584 3801 2657 proni,

2214 2678 2341 2719 seua
2377 2680 2559 2720 emere
2592 2683 2622 2721 c
2654 2667 2708 2721 in
2740 2669 2984 2734 oriente;
3019 2664 3115 2739 qui
3146 2669 3313 2745 jussit
3352 2670 3712 2741 tantulam.
3742 2684 3801 2739 ut

2213 2756 2478 2810 camelum
2526 2774 2559 2811 v
2603 2758 2789 2813 solidis
2843 2761 3140 2839 acciperet;
3188 2763 3397 2817 asinum
3448 2763 3694 2819 solidet.
3726 2782 3798 2822 n

2212 2860 2340 2901 oves
2392 2847 2446 2899 in
2496 2847 2666 2903 solido
2704 2836 3069 2927 compararet,
3121 2851 3296 2919 Dicat,
3343 2856 3433 2931 qui
3479 2855 3616 2919 vult,
3666 2864 3801 2924 quot

2210 2938 2422 3004 cameli.
2455 2939 2543 3003 vel
2576 2940 2735 3019 asini,
2763 2943 2883 3011 sive
2918 2959 3057 3009 oves
3090 2945 3149 3013 in
3188 2948 3400 3027 negotio
3434 2964 3465 3011 α
3492 2949 3796 3013 solidorum

2209 3027 2435 3097 fuerunt
2450 3030 2473 3084 ?

2887 3124 3118 3184 Salutio.

524 3170 755 3261 tantum,
780 3170 839 3263 et
867 3208 949 3263 ter
973 3170 1201 3253 tantum.
1233 3170 1515 3271 Adii-atrum
1551 3203 1648 3257 tibi
1674 3170 2007 3265 Deuslunum
2041 3208 2107 3271 de
2134 3170 2185 3236 α
2284 3213 2343 3273 Si
2368 3213 2587 3281 duxeris
2623 3232 2660 3281 κ
2688 3218 2897 3281 novies,
2929 3216 3027 3291 [et]
3058 3234 3090 3283 ν
3124 3217 3262 3285 ﬁunt
3278 3235 3400 3287 xcv.
3422 3220 3527 3283 hoc
3561 3230 3670 3287 est,
3702 3237 3795 3285 ea,

529 3288 685 3351 annis
721 3288 873 3361 meis,
918 3299 974 3344 et
1016 3289 1237 3360 impleas
1281 3306 1451 3345 annos
1494 3302 1731 3355 centum,
1786 3294 1987 3362 Solvat,
2016 3298 2108 3369 qui

526 3387 720 3449 potest,
759 3387 891 3448 quot
924 3395 1188 3435 annorum
1222 3389 1347 3435 tunc
1377 3392 1617 3453 tempore
1638 3401 1774 3459 puer
1808 3388 1966 3441 erat?

1199 3470 1426 3535 Salutio.

593 3560 651 3614 In
686 3576 751 3615 eo
799 3577 951 3627 vero,
980 3563 1124 3635 quod
1168 3562 1327 3639 dixit,
1380 3566 1549 3637 vivas,
1599 3576 1860 3637 quantum
1896 3570 2105 3638 vixisti,

522 3650 731 3705 νίχει-ιιι
778 3660 902 3706 ante
948 3668 1121 3707 annos
1157 3670 1251 3707 VIII
1297 3663 1351 3709 ει
1395 3671 1608 3710 1116115οὸ
1655 3666 1765 3712 lI'CS
1816 3678 1828 3712 ζ
1874 3667 1927 3714 CI
1962 3660 2107 3716 aliud

524 3749 736 3803 tantum
768 3740 902 3794 ﬁunt
934 3743 1059 3803 anui
1100 3758 1187 3797 xvi
1225 3752 1279 3797 et
1301 3760 1512 3805 menses
1539 3763 1613 3812 VI,
1640 3757 1694 3802 et
1723 3750 1953 3813 alterum
1990 3760 2108 3806 tan-

522 3838 636 3885 tum
664 3833 798 3886 ﬁunt
830 3834 954 3888 anni
983 3848 1176 3900 xxxiii,
1210 3836 1299 3904 qui
1329 3845 1410 3890 ter
1441 3838 1779 3913 multiplicati
1808 3841 1942 3903 ﬁunt
1980 3846 2108 3921 anni

521 3938 729 3990 xcvmt,
761 3940 929 3979 unum
960 3925 1091 3994 ipsis
1124 3926 1364 3980 additum
1396 3928 1599 3984 ﬁuntc.

1178 4017 1438 4073 XXXVII.

552 4122 863 4163 PROPOSITIO
901 4123 965 4161 BE
1004 4124 1219 4172 ρυοωιιι
1260 4127 1459 4167 HOMINE
1498 4115 1742 4170 VDLENTB
1783 4130 2083 4171 EDIFICARE

1215 4218 1417 4269 nomen.

592 4288 763 4344 Homo
800 4291 1048 4359 quidam,
1086 4294 1275 4357 volens
1312 4296 1579 4354 aediﬁcare
1617 4300 1865 4367 domum,
1908 4300 2106 4356 locavit

521 4380 759 4437 artiﬁces
780 4398 854 4446 vr,
888 4399 955 4437 ex
984 4386 1179 4454 quibus
1204 4402 1236 4439 v
1259 4390 1501 4459 magistri
1538 4400 1592 4445 et
1633 4408 1772 4447 unus
1810 4394 2103 4463 discipulus

522 4480 661 4534 erat,
699 4480 753 4524 et
788 4474 1037 4525 convenit
1076 4474 1218 4529 inter
1263 4493 1405 4543 eum,
1436 4482 1527 4549 qui
1570 4482 1840 4538 aediﬁcare
1870 4484 2100 4550 volebat,

523 4552 581 4619 et
607 4563 864 4627 artiﬁces,
908 4572 967 4617 ut
1010 4578 1107 4634 per
1142 4566 1376 4638 singulos
1394 4542 1517 4626 dies
1546 4588 1652 4627 xxv
1681 4572 1887 4630 denarii
1936 4576 2015 4630 eis
2048 4542 2099 4631 in
2130 4542 2180 4602 θ

520 4653 770 4709 mercede
800 4652 1079 4721 darentur,
1116 4656 1194 4711 sic
1230 4666 1428 4725 tamen,
1465 4670 1523 4716 ut
1564 4664 1855 4735 discipulus
1901 4672 2104 4725 medie—

444 4734 455 4741 ’
519 4748 687 4797 tatem
718 4742 784 4796 de
812 4757 896 4806 eo,
922 4746 1063 4815 quod
1086 4763 1225 4803 unus
1261 4765 1323 4803 ex
1353 4754 1626 4823 magistris
1653 4758 1976 4826 accipiebat,
2009 4777 2101 4816 ae-

518 4833 741 4901 eiperet.
783 4833 955 4898 Dicat,
986 4837 1078 4906 qui
1116 4849 1312 4921 potest,
1346 4854 1606 4917 quantum
1633 4846 2003 4921 unusquisque
2034 4852 2101 4907 de

518 4923 624 4979 illis
652 4939 747 4995 per
770 4940 1207 4999 unamquamque
1231 4916 1381 4986 diem,
1401 4937 1641 5006 accepit?
1798 4916 1830 4936 θ’

1191 5021 1419 5079 Salutio.

591 5107 740 5162 Tolle
785 5108 1020 5178 primum
1061 5127 1177 5166 xm
1220 5112 1475 5170 denarios
1512 5125 1567 5171 et
1612 5118 1788 5175 divide
1826 5135 1920 5176 eos
1960 5123 2014 5178 in
2041 5140 2096 5180 v1

516 5205 719 5270 partes.
778 5197 873 5253 Sic
928 5202 1222 5273 unicuique
1269 5205 1335 5257 de
1382 5209 1675 5279 magistris,
1726 5213 1818 5281 qui
1862 5216 2099 5285 quinque

518 5296 662 5351 sunt,
699 5304 780 5343 ml
810 5290 1091 5357 denarios;
1131 5310 1256 5348 nam
1278 5298 1565 5367 quinquies
1585 5311 1819 5371 quatuor
1851 5323 1919 5360 xx
1950 5294 2093 5363 sunt.

519 5378 683 5444 Duos,
710 5380 802 5449 qui
850 5394 1245 5449 remarisorunt,
1278 5374 1404 5456 qua
1433 5399 1516 5444 est
1558 5394 1817 5451 medietas
1857 5398 1925 5452 de
1968 5414 2096 5465 uno,

520 5467 647 5527 tollo
676 5478 733 5525 et
764 5471 831 5525 de
855 5474 1149 5545 discipulo;
1184 5484 1243 5530 et
1270 5487 1395 5532 sunt
1427 5482 1601 5537 adhuc
1637 5499 1697 5538 ιιι
1723 5486 1929 5541 denarii
1968 5489 2102 5544 resi-

515 5562 642 5632 dui;
682 5579 819 5634 quos
847 5567 925 5621 sic
950 5568 1254 5627 distribues.
1285 5569 1394 5625 Fac
1421 5573 1487 5626 de
1523 5591 1848 5645 unoquoque
1876 5580 2100 5637 denario

2208 3304 2336 3369 ωεξιί
2363 3320 2515 3371 xviiii
2542 3316 2667 3373 sunt
2690 3309 2856 3387 empti
2886 3309 2939 3369 in
2967 3309 3153 3369 solidis
3176 3326 3296 3375 xcv.
3336 3311 3488 3375 Adde
3513 3328 3637 3368 cum
3662 3313 3793 3383 ipsis

2210 3407 2397 3457 unum,
2424 3394 2525 3449 hoc
2554 3404 2653 3457 est,
2693 3396 2745 3450 in
2777 3396 2946 3461 solido
2982 3414 2999 3451 ι
3042 3399 3256 3465 asinum
3292 3416 3331 3465 ι,
3357 3399 3503 3473 ,Ιὶιιηι
3534 3419 3679 3458 xcvr.
3712 3404 3796 3467 Ae

2212 3482 2405 3539 deinde
2454 3486 2556 3540 duc
2584 3487 2753 3541 vicies
2794 3497 3007 3557 quater,
3058 3489 3192 3544 ﬁunt
3236 3508 3401 3553 Lxxx,
3452 3491 3552 3547 hoc
3588 3502 3689 3557 est,
3736 3494 3792 3548 in

2208 3583 2439 3653 quatuor
2465 3576 2653 3645 solidis
2686 3594 2813 3643 oves
2843 3596 3002 3645 xxxx.
3028 3578 3198 3659 Iunge
3227 3599 3358 3659 ergo
3386 3600 3539 3638 xvnu
3581 3593 3637 3638 et
3678 3602 3695 3640 ι
3738 3596 3796 3641 α

2209 3682 2372 3732 Lxxx,
2405 3665 2538 3731 ﬁunt
2572 3683 2620 3735 c.
2660 3667 2785 3735 Hace
2830 3680 2956 3725 sunt
2995 3672 3268 3737 animalia.
3312 3672 3392 3730 Ae
3418 3674 3611 3729 deinde
3628 3674 3795 3750 iunge

2208 3772 2330 3831 xcv,
2362 3765 2415 3817 et
2438 3773 2453 3810 ι
2479 3766 2533 3811 et
2558 3775 2658 3827 un,
2689 3759 2821 3823 ﬁunt
2847 3762 3001 3816 solid.
3028 3780 3076 3819 c.
3133 3763 3307 3823 Simul
3349 3781 3478 3847 ergo
3504 3765 3683 3841 juncti
3713 3769 3795 3823 fa-

2212 3847 2365 3916 ciunt
2384 3864 2582 3931 pecora
2609 3868 2656 3917 c,
2684 3862 2738 3907 et
2762 3854 2961 3919 solidos
2984 3873 3033 3911 c.

2939 3946 3053 4003 XL.

2209 4044 2521 4087 PROPOSITIO
2558 4051 2623 4088 DE
2661 4050 2859 4092 HOXINE
2906 4055 2975 4093 ΕΤ
3018 4056 3207 4097 ονιιιιιε
3242 4056 3297 4098 IN
3334 4059 3519 4101 ΙΟΝΤΕ.
3564 4063 3799 4103 PASCEN-

2558 4126 2563 4132 ’
2782 4146 2788 4151 ’
2921 4145 3091 4187 unus.

2279 4213 2507 4281 Quidam
2553 4218 2715 4274 homo
2741 4220 2874 4275 vidit
2912 4222 2978 4277 de
3003 4232 3186 4278 monte
3228 4240 3357 4281 oves
3395 4238 3706 4297 pascentes,
3741 4242 3803 4289 et

2208 4302 2363 4369 dixit,
2417 4306 2623 4367 utinam
2652 4308 2903 4363 haberem
2956 4319 3184 4379 tantum,
3217 4324 3272 4369 et
3311 4316 3452 4371 aliud
3501 4326 3711 4376 tantum
3743 4331 3803 4379 et

2207 4396 2545 4451 medietatem
2574 4399 2639 4455 de
2670 4402 2979 4470 medietate,
3005 4412 3058 4459 et
3085 4406 3148 4460 de
3177 4407 3279 4462 bac
3308 4410 3600 4467 medietate
3632 4416 3800 4477 aliam

2208 4488 2569 4554 medietatem,
2596 4502 2757 4571 atque
2786 4509 2883 4566 ego
2912 4500 3241 4563 centesimus
3268 4517 3371 4556 una
3401 4518 3522 4557 cum
3555 4505 3688 4575 ipsis
3718 4508 3804 4561 in-

2206 4578 2459 4659 grederer
2506 4568 2680 4649 meam
2727 4586 2964 4643 domum.
3025 4590 3237 4661 Solvat,
3290 4594 3382 4673 qui
3419 4568 3621 4667 potest,
3661 4609 3801 4673 quot

2205 4684 2334 4724 oves
2364 4672 2494 4725 vidit
2521 4673 2719 4742 ibidem
2750 4681 3080 4747 pascentes?

2880 4768 3109 4827 Salutio.

2274 4853 2330 4907 In
2362 4854 2463 4911 hoc
2492 4871 2640 4928 ergo,
2673 4860 2815 4928 quod
2849 4862 3011 4931 dixit;
3059 4866 3312 4923 haberem
3344 4876 3587 4936 tantum;
3624 4887 3802 4932 XXXVI

2203 4961 2331 5001 oves
2353 4948 2586 5016 primum
2617 4950 2684 5004 ab
2710 4951 2798 5006 illo
2827 4954 2954 5008 visae
2983 4966 3127 5011 sunt.
3160 4958 3229 5012 Et
3250 4961 3398 5015 aliud
3422 4971 3633 5017 tantum
3659 4964 3804 5021 ﬁunt
3843 4958 3851 4999 ¹

2205 5055 2374 5103 Lxxn,
2400 5051 2559 5110 atque
2581 5043 2839 5099 medietas
2864 5047 2929 5101 de
2951 5049 3051 5103 hac
3075 5050 3324 5107 videlicet
3348 5054 3664 5119 medietate,
3688 5057 3803 5113 hoc

2205 5140 2305 5195 est,
2334 5132 2398 5186 de
2436 5150 2623 5198 xxxvi,
2651 5135 2785 5190 ﬁunt
2811 5155 2844 5191 x
2878 5147 2931 5193 et
2956 5156 3073 5197 vm.
3125 5142 3442 5214 Rursusque
3458 5131 3537 5202 de
3562 5148 3668 5205 hac
3702 5166 3803 5206 se-

2207 5223 2379 5276 cunda
2418 5225 2621 5280 scilicet
2655 5230 2943 5284 medietate
2978 5242 3254 5303 assumpta
3288 5237 3569 5300 medietas,
3599 5239 3652 5293 id
3682 5251 3799 5307 est,

2207 5311 2273 5366 de
2302 5330 2431 5368 xw"
2470 5315 2603 5370 ﬁunt
2634 5334 2770 5374 me
2808 5320 2978 5393 Junge
3015 5340 3141 5395 ergo
3166 5342 3327 5380 xxxvi
3358 5337 3412 5381 et
3438 5344 3627 5393 xxxn,
3654 5329 3802 5387 ﬁunt

2207 5418 2371 5457 Lxxn.
2402 5405 2552 5460 Adde
2579 5422 2700 5461 cum
2726 5410 2853 5478 ipsis
2885 5428 3037 5479 xvm,
3066 5412 3197 5468 ﬁunt
3222 5432 3305 5469 xc.
3333 5414 3487 5473 Adde
3518 5434 3648 5474 vero
3667 5428 3817 5473 mn‘

2203 5510 2324 5549 cum
2358 5512 2444 5561 xc,
2476 5500 2607 5553 ﬁunt
2634 5516 2837 5554 xcvun.
2876 5502 2995 5582 ipse
3020 5519 3149 5579 vero
3174 5506 3337 5561 homo
3359 5523 3485 5562 cum
3532 5509 3665 5581 ipsis
3690 5510 3802 5567 ad-

2188 5585 2346 5640 ditus
2380 5588 2485 5642 erit
2509 5592 2856 5658 centesimus.

518 5688 519 5693 “
590 5713 618 5742 ι
654 5696 942 5787 ﬂuensque
983 5705 1276 5761 solutiones
1335 5706 1388 5761 in
1428 5709 1584 5791 Bcdae
1634 5710 1925 5791 Operibus;
1962 5717 2207 5807 quamvis
2244 5722 2639 5791 prouositiones
2698 5724 2768 5779 ibi
2818 5726 3019 5811 absque
3068 5731 3422 5793 solutionibus
3468 5739 3797 5817 continuet).

523 5776 634 5817 mf-
656 5770 1202 5817 διηγωηιιαιιιιιιοή
1219 5778 1333 5817 md-
1366 5794 1455 5817 nm

523 5776 635 5827 tur.
656 5770 799 5842 Quo
812 5770 1202 5846 adquirunt-et
1219 5778 1339 5835 eod.
1366 5790 1466 5835 me:
