4032 6354
438 298 575 361 116³

434 414 536 469 llic
564 406 753 464 humili
782 404 999 458 Patrem
1028 394 1340 454 Ricuulfum
1368 406 1395 434 ι
1425 372 1559 447 voce
1589 376 1765 445 saluta
1794 404 1806 451 ;

432 504 531 558 Die
557 518 572 554 :
601 497 717 553 Tua
746 495 863 549 laus
890 506 1104 547 mecum
1136 486 1373 556 semper,
1392 483 1619 545 'dil'e'Cte,
1652 478 1913 534 manebit.

435 593 575 649 Hinc
604 587 827 646 castella
855 586 884 626 ι)
914 593 1069 654 petes
1098 577 1341 635 currenti
1362 589 1501 631 nave
1533 588 1635 644 per
1662 571 1837 629 undas
1867 609 1881 635 ,

435 687 620 741 Donec
653 683 719 737 ad
750 685 949 749 optatae
977 673 1257 746 pcrtingas
1285 668 1473 727 flustra
1506 665 1759 725 Mosellaz.

436 775 689 846 Remigio
718 778 1005 843 postquam
1034 765 1268 837 spatium
1294 757 1592 817 sulcaveris
1626 767 1843 810 amnem
1869 792 1883 815 ,

440 871 543 927 llic
574 878 703 923 tunc
728 865 863 920 siste
890 870 1090 925 ratem,
1130 856 1326 929 puppis
1358 852 1602 926 potiatur
1624 860 1813 910 arena,

434 962 505 1019 Et
530 967 653 1033 pete
674 952 974 1013 Wilbrordi
1006 962 1029 991 α
1054 948 1235 1005 Patris
1262 946 1381 1000 loca
1417 948 1602 997 sancta
1636 937 1888 1033 pedester
1915 949 1930 998 ;

437 1031 616 1126 Atque
644 1046 947 1107 sacerdotis
986 1039 1299 1100 Samuhelis
1324 1036 1353 1076 ἀ
1378 1044 1525 1090 tecta
1555 1031 1773 1101 require
1799 1068 1814 1094 ,

436 1143 722 1203 Castalido
750 1146 939 1212 portas
964 1136 1173 1208 plectro
1199 1131 1417 1202 pulsare
1439 1129 1711 1179 memento

436 1236 765 1294 Constanter
789 1244 957 1303 puero
983 1226 1164 1297 pitbca
1190 1222 1277 1277 die
1300 1234 1433 1273 voce
1462 1214 1715 1269 ministro
1747 1226 1759 1262 :

435 1325 663 1384 Publius
685 1320 916 1375 Albinus
939 1330 1026 1371 me
1054 1313 1206 1368 misit
1226 1311 1295 1366 ab
1321 1308 1453 1363 orbe
1476 1304 1738 1357 Britanno
1755 1338 1771 1365 ,

436 1415 705 1477 Przcdulci
736 1412 948 1469 dulcem
976 1407 1126 1464 Patri
1154 1402 1397 1476 perferre
1428 1396 1679 1453 salutem.

439 1510 499 1566 Si
531 1508 628 1564 tibi
656 1502 944 1576 praesentis
974 1497 1139 1553 fuerit
1171 1496 1296 1548 data
1327 1490 1482 1561 copia
1510 1483 1662 1539 verbi

436 1600 582 1658 Fusa
621 1600 739 1654 solo
768 1593 989 1667 supplex
1015 1590 1231 1662 plantas
1254 1594 1310 1639 tu
1336 1582 1513 1636 lambe
1543 1580 1787 1631 sacratas
1808 1612 1822 1636 ,

437 1660 887 1763 Dicque:Valeto
911 1660 1113 1755 parcns
1141 1674 1431 1739 Samuhel;
1462 1669 1728 1763 die:V_ive
1758 1660 2032 1718 sacerdos.

440 1761 643 1853 Detege
666 1780 777 1852 jam
813 1775 1101 1850 gremium,
1132 1779 1318 1842 patres
1347 1774 1401 1820 et
1423 1762 1605 1835 profer
1630 1761 1892 1853 honestos

439 1850 806 1935 Priscianum,
836 1868 1038 1924 Focam
1066 1876 1113 1930 ο,
1149 1862 1348 1931 talique
1374 1871 1598 1911 munere
1627 1850 1863 1924 gaudet,

443 1969 500 2024 Si
527 1983 632 2021 non
660 1966 940 2035 Neptunus
968 1957 1160 2029 pelago
1190 1950 1514 2009 demerserit
1541 1946 1682 2001 illos.

442 2059 501 2115 Si
543 2068 594 2112 te.
634 2031 775 2111 forte
801 2052 930 2105 velit
958 2048 1103 2119 regis
1127 2045 1396 2101 deducere
1420 2040 1489 2093 ad
1519 2037 1700 2092 aulam
1737 2031 1785 2099 ί,

442 2149 542 2203 Hic
571 2160 846 2218 proceres,
865 2152 1069 2211 patres,
1088 2137 1286 2190 fratres
1311 2143 1590 2202 percurre,
1624 2125 1818 2181 saluta.

441 2240 584 2294 Ante
609 2235 774 2306 pedes
798 2232 943 2302 regis
967 2239 1113 2282 totas
1138 2223 1387 2295 expande
1418 2232 1695 2275 cammnas

443 2328 621 2384 Dicito
647 2322 925 2378 multoties
950 2338 961 2371 :
990 2318 1173 2379 Salve,
1204 2329 1297 2369 rex
1329 2313 1554 2380 optime,
1579 2306 1727 2362 salve
1760 2324 1773 2359 :

444 2420 526 2476 Tu
553 2419 682 2472 mihi
708 2421 1008 2486 protector,
1038 2418 1203 2472 tutor,
1234 2405 1486 2461 defensor
1509 2402 1717 2464 adesto,

444 2513 625 2569 Invida
652 2525 719 2564 ne
749 2507 931 2562 valeat
960 2520 1046 2558 me
1072 2514 1299 2571 carpere
1326 2498 1509 2566 lingua
1534 2491 1783 2549 nocendo
1810 2530 1829 2557 ,

443 2602 677 2666 Paulini,
704 2600 873 2663 Petri,
900 2594 1126 2659 Albrici,
1164 2589 1497 2652 Samnbelis,
1522 2588 1664 2641 lonxe
1695 2588 1744 2650 ὅ,

448 2695 541 2751 Vel
570 2694 880 2765 quicunque
907 2688 1042 2744 velit
1064 2700 1184 2741 mea
1207 2684 1399 2739 rodere
1426 2682 1636 2735 viscera
1665 2694 1849 2734 morsu
1880 2717 1898 2744 ,

444 2787 523 2845 Te
547 2794 785 2843 terrente
812 2780 1000 2854 procul
1030 2779 1217 2850 fugiat,
1242 2774 1489 2831 discedat
1520 2772 1715 2827 inanis.

446 2882 714 2938 Murmcte
749 2880 837 2933 dic
864 2876 1035 2931 tacito
1066 2892 1078 2927 :
1114 2871 1401 2941 Cathegita
1430 2868 1589 2922 Petre
1626 2865 1837 2929 valeto,

448 2973 716 3030 Herculeo
753 2984 929 3025 saevus
955 2969 1112 3021 clavo
1142 2964 1269 3020 ferit
1290 2962 1402 3027 ille,
1427 2969 1639 3017 caveto.

449 3064 659 3121 Paulini
688 3061 931 3133 gaudens
951 3056 1316 3126 complectere
1345 3056 1483 3108 dona
1510 3050 1758 3121 magistri
1782 3089 1797 3113 ,

447 3156 642 3217 Oscula
671 3151 963 3224 melligeris
987 3150 1168 3205 decies
1200 3148 1267 3202 da
1293 3146 1489 3201 blanda
1519 3145 1751 3200 labellis.

449 3248 782 3311 Ricuulfum,
810 3245 1039 3316 Raafgot,
1075 3241 1356 3297 Radonein
1381 3239 1485 3293 rite
1513 3238 1685 3293 saluta
1711 3276 1727 3303 ,

453 3339 738 3399 Auriculas
767 3338 960 3392 horum
988 3333 1319 3405 pedetentim
1347 3342 1505 3401 tange
1528 3329 1792 3385 canendo.

452 3435 588 3489 Dic:
622 3431 788 3495 Socii,
820 3428 1017 3482 fratres
1053 3426 1160 3481 lazti
1195 3425 1423 3487 salvete,
1454 3422 1648 3476 valete.

454 3524 737 3597 Egregiam
764 3521 950 3576 forsan
979 3519 1167 3575 venies
1208 3515 1476 3587 Magensis
1502 3514 1568 3568 ad
1599 3514 1789 3568 urbem

455 3618 887 3688 Perpetuumque
910 3614 1031 3669 vale
1056 3612 1264 3667 doctori
1292 3610 1457 3665 dicito
1485 3608 1637 3663 Lullo
1657 3609 1685 3649 ιι
1718 3626 1731 3661 :

455 3708 714 3766 Ecclesiae
743 3706 1040 3779 specimen,
1068 3703 1274 3775 sophia:
1310 3702 1565 3774 splendor
1596 3700 1828 3756 habetur
1856 3740 1871 3764 ,

456 3801 695 3859 ﬂoribus
725 3812 780 3857 et
804 3800 919 3857 vita
942 3808 1096 3855 tanto
1118 3797 1420 3867 condignus
1448 3797 1671 3850 honore.

457 3893 501 3952 0
537 3894 762 3950 Bassine
797 3893 843 3959 ί,
870 3892 1028 3946 bona:
1057 3888 1335 3960 Spirensis
1364 3886 1534 3958 gloria
1566 3885 1762 3955 plebis,

528 4021 554 4050 ιι
584 4004 907 4075 Ricuulfum.
952 4002 1004 4059 ls
1050 4001 1294 4075 fortasse
1324 4002 1415 4071 qui
1467 4009 1654 4075 postea
1689 4039 1704 4064 ,
1761 4014 1906 4053 anno
1947 3997 2051 4054 786

453 4077 609 4137 Lullo
635 4078 686 4132 in
717 4072 933 4198 cpiscop
952 4083 1028 4128 stu
1058 4073 1373 4139 Moguntino
1404 4072 1686 4126 successit.

528 4150 557 4191 δ
587 4146 737 4198 Cum
763 4149 833 4198 la.
870 4147 942 4198 De
972 4144 1205 4198 Castello
1233 4145 1337 4198 sito
1367 4159 1530 4198 suoer
1554 4139 1686 4195 conn

528 4150 557 4191 δ
587 4139 833 4205 Custeila.
870 4139 942 4200 De
972 4144 1205 4199 Castello
1233 4145 1337 4199 sito
1367 4159 1530 4212 super
1554 4139 1913 4195 conﬂuentem
1939 4140 2053 4195 Mo-

456 4220 605 4277 sella:
650 4228 703 4271 et
752 4217 922 4271 Rheni
969 4216 1171 4269 mentio
1203 4215 1261 4268 ﬁt
1288 4233 1315 4267 a
1352 4213 1741 4265 Wandclkerto
1781 4212 2051 4267 monacho

458 4288 760 4346 Prumiensi
801 4289 867 4341 de
919 4287 1191 4341 Miraciilis
1219 4284 1277 4339 S.
1312 4284 1506 4339 Gnaris
1535 4284 1681 4337 ennf.

533 4372 555 4397 ε
589 4357 878 4411 ινὶέϋνονάὶ
907 4356 1019 4408 loca
1049 4367 1249 4408 sancta.
1302 4354 1403 4408 Ubi
1452 4354 1707 4407 nimirum
1743 4369 1942 4423 corpus
1987 4353 2054 4408 il-

460 4431 565 4484 lius
590 4427 908 4495 requiescit,
949 4426 1001 4495 in
1036 4425 1363 4478 monasterio
1414 4439 1605 4495 nempe
1637 4425 2049 4495 Epternacensi.

460 4493 687 4557 Mabilh,
719 4498 809 4550 lib.
844 4511 937 4565 xxi
973 4494 1191 4565 Anual.,
1223 4510 1370 4548 num.
1402 4493 1489 4558 (ivi,
1520 4510 1641 4565 pig.
1678 4493 1796 4550 HS.

417 4596 431 4609 κ
528 4570 556 4610 τι
584 4567 880 4623 Sacerdotis
909 4564 1223 4620 Sumit/telis.
1259 4564 1614 4627 Mabillonius,
1642 4566 1731 4620 lib.
1768 4584 1911 4621 xxv"
1942 4566 2049 4620 An-

458 4641 596 4705 nal.,
625 4654 747 4709 pag.
766 4637 921 4709 £360,
972 4654 1120 4692 num.
1174 4637 1253 4702 l5,
1304 4638 1445 4709 inter
1500 4637 1793 4709 discipulos
1832 4637 2048 4695 Alcuini

462 4714 516 4768 in
545 4706 723 4767 schola
754 4707 1053 4762 Turonensi
1084 4717 1330 4779 numerat
1364 4706 1669 4762 Sanincleut
1714 4718 1900 4777 postea
1930 4710 2049 4779 cpi-

461 4797 682 4854 scopum
704 4779 1169 4834 Wormatieusetn.
1200 4778 1306 4834 Sed
1336 4780 1476 4834 hunc
1505 4779 1627 4854 illo,
1645 4794 1752 4848 quo
1785 4778 2048 4854 scriptum

460 4850 580 4911 esse
614 4854 716 4907 hoc
744 4866 964 4905 carmen
1005 4866 1308 4913 censanus,
1360 4865 1505 4904 anno
1533 4850 1635 4903 780
1660 4891 1672 4911 .
1732 4867 1839 4904 non
1874 4852 2046 4905 hono-

462 4932 638 4982 rasset
672 4922 849 4977 Patris
887 4922 1103 4976 nomine
1140 4941 1150 4973 :
1182 4931 1234 4975 et
1276 4923 1451 4975 serius
1499 4921 1761 4975 Alcuinus
1808 4923 2048 4976 scholam

463 4994 695 5050 Tmonis
746 4993 975 5063 aperuit.
1022 4991 1320 5048 Censemus
1375 5008 1504 5063 ergo
1556 4992 1699 5047 hunc
1742 4990 2049 5063 Samnelem

461 5065 629 5120 fuisse
675 5064 754 5117 vel
786 5065 1036 5119 abbatem
1078 5062 1556 5133 Epternacensem,
1584 5064 1667 5117 vel
1694 5064 1919 5117 alterius
1947 5062 2050 5118 loci

463 5135 768 5206 Epternaco
799 5134 956 5206 vicini
999 5135 1317 5196 antistitem,
1359 5142 1451 5206 aut
1482 5134 1657 5206 virum
1700 5134 1935 5203 aliquem
1961 5150 2051 5206 ce-

462 5202 666 5261 lebrem
690 5207 897 5275 sibique
926 5204 1252 5261 familiarem
1274 5244 1290 5271 ,
1318 5204 1417 5258 sub
1448 5204 1665 5259 nomine
1687 5202 1925 5260 aseititio
1953 5202 2053 5259 Sa-

463 5276 696 5333 mubelis
726 5276 999 5331 latentem.

540 5360 563 5389 ο
587 5347 821 5419 Pbocam
838 5418 841 5419 ν
861 5345 1301 5419 grammaticum.

542 5419 561 5459 τ
593 5417 749 5491 Regis
776 5418 844 5471 ad
865 5415 1075 5491 ﬁniam.
1122 5415 1392 5491 Fortassis
1433 5416 1791 5491 Aquisgrani,
1828 5418 1913 5473 vel
1962 5418 2049 5491 ln-

465 5488 740 5564 gelheimii
766 5497 860 5564 a_ut
904 5488 1221 5564 Wormatige
1261 5488 1710 5564 commorantem.
1747 5488 1861 5545 Hoc
1906 5489 2050 5544 enim

468 5558 611 5617 anno
647 5577 742 5617 rex
770 5559 998 5617 Carolus
1027 5559 1094 5614 ad
1128 5559 1375 5614 Rhenum
1406 5558 1526 5613 fuit.

541 5634 567 5672 ι
608 5627 848 5698 Paulini,
867 5629 1038 5697 Petri,
1055 5640 1161 5687 etc.
1180 5629 1290 5684 llos
1318 5644 1508 5684 omnes
1531 5637 1660 5685 tunc
1673 5628 1854 5687 aulam
1869 5628 2049 5686 Caroli

470 5701 647 5784 ﬂagiti
678 5712 889 5784 secutos
910 5716 1030 5758 esse
1060 5702 1188 5784 hinc
1208 5700 1397 5784 colligi
1425 5707 1621 5784 potest.
1641 5771 1675 5784 Α

542 5770 581 5816 ἶ
602 5770 774 5827 Lullo.
804 5772 957 5828 Tunc
982 5770 1392 5844 archiepiscopo
1442 5770 1727 5843 Elegantia
1755 5811 1770 5839 ,
1800 5788 1928 5841 seu,
1960 5788 2052 5846 ap-

1246 279 1307 338 B.
1347 281 1409 336 F.
1446 273 1676 341 ALBINI
1716 269 1847 329 SEU
1891 262 2167 325 ALCUINI
2216 260 2501 321 OPERUM
2540 258 2721 341 PARS
2759 257 2889 314 Vlll.

2046 390 2098 448 Α
2127 380 2227 445 Me,
2258 395 2412 449 rogo,
2445 375 2765 432 commenda
2794 373 2986 439 Paulo,
3015 372 3178 426 Pater
3214 370 3375 433 alme,
3408 374 3646 438 patrono
3674 405 3696 432 ,

2124 471 2373 539 Cujus'et
2394 469 2539 523 alma
2563 469 2756 524 domus
2776 466 2976 521 fratres
2994 480 3097 519 nos
3124 463 3329 517 fecerat
3348 459 3561 515 arabes.

3580 248 3734 312 ιιω

2129 564 2285 634 Quis,
2312 562 2579 617 Fulcrade
2607 560 2619 611 i
2662 562 2807 631 pius,
2831 560 3005 630 lyrico
3028 567 3080 613 te
3106 566 3328 624 tangere
3348 553 3559 625 plectro

2132 657 2400 715 Audebit?
2423 658 2636 713 meritis
2658 670 2941 713 musarum
2973 652 3216 709 carmina
3241 650 3433 706 vincis.

2131 750 2297 823 450
2326 750 2477 806 Nunc
2510 758 2688 804 tamen
2712 749 2853 803 hanc
2883 746 3144 802 hederam
3179 744 3408 807 circum,
3442 741 3562 797 sine
3584 750 3743 797 rtem-

3050 855 3183 910 pora
3209 852 3364 893 serva
3396 834 3515 909 [F.,
3549 834 3739 909 sacra]

2135 939 2367 1010 Serpere
2395 979 2410 1005 ,
2458 952 2667 993 summe
2720 932 2906 1001 Pater,
2949 932 3161 987 tibimet
3196 930 3460 987 bonitatis
3493 938 3672 985 sueta:

3258 1022 3528 1095 [bonitate
3551 1017 3743 1093 sueta]

2136 1121 2234 1177 Vel
2261 1121 2487 1177 demitte
2514 1118 2681 1176 semel
2708 1125 2908 1173 memet
2939 1115 3035 1171 tibi
3062 1116 3246 1171 dicere
3274 1114 3444 1170 Salve.

2136 1212 2257 1283 Eia,
2290 1229 2411 1286 age,
2442 1220 2594 1269 casta
2631 1208 2867 1284 [charta]
2909 1209 3018 1265 cito
3070 1222 3263 1263 navem
3305 1204 3623 1262 conscende
3652 1221 3747 1276 pa-

3485 1300 3698 1375 [ratam
3726 1316 3745 1365 ;

2138 1401 2414 1458 Oceanum
2442 1400 2692 1457 Rhenum
2717 1401 2819 1457 sub
2845 1409 2899 1456 te
2928 1408 3081 1456 natet
3108 1413 3246 1454 unca
3269 1398 3476 1453 carina.

2142 1494 2398 1550 Materies
2436 1494 2553 1549 auri
2594 1509 2700 1548 non
2736 1503 2811 1559 te,
2843 1508 2992 1564 rogo,
3023 1491 3166 1547 fulva
3194 1493 3471 1555 retardet,

2140 1589 2339 1643 Accola
2369 1603 2531 1658 quam
2566 1586 2741 1642 fessus
2774 1585 2981 1658 profert
3008 1584 3074 1639 de
3101 1584 3308 1639 viscere
3337 1594 3499 1639 terra:
3530 1603 3545 1635 :

2142 1681 2257 1737 Non
2288 1680 2536 1745 castella,
2564 1680 2775 1743 domus,
2809 1681 2993 1745 urbes,
3026 1693 3127 1734 nec
3158 1674 3344 1732 florida
3375 1693 3505 1731 rura

2067 1773 2114 1835 B
2141 1775 2429 1829 Detineant
2455 1772 2726 1843 stupidam
2756 1772 2933 1842 spatio
2961 1786 3061 1825 nec
3091 1770 3251 1823 unius
3280 1770 3459 1833 horae;

2145 1868 2251 1923 Sed
2280 1868 2423 1939 fuge,
2457 1883 2649 1938 rumpe
2678 1882 2880 1931 moras,
2910 1881 3167 1938 propera,
3202 1880 3463 1937 percurre
3480 1863 3741 1928 volando,

2142 1958 2468 2024 Incolumes,
2495 1974 2678 2023 sanos,
2710 1959 3008 2031 gaudentes
3036 1967 3199 2027 atque
3230 1959 3476 2029 vigentes

2142 2052 2390 2107 Invenies
2422 2052 2631 2107 utinam
2663 2062 2880 2109 nostros
2902 2060 3186 2122 gratanter
3222 2053 3447 2107 amicos.

2144 2146 2245 2201 Det
2266 2145 2407 2199 Deus
2433 2146 2776 2216 omnipotens
2800 2145 2905 2200 illis
2935 2159 3034 2216 per
3070 2144 3235 2201 saecla
3266 2146 3524 2207 salutem,

2144 2234 2338 2291 Postea
2370 2236 2653 2291 caelestem
2685 2236 2836 2292 laetos
2863 2237 3094 2292 deducat
3124 2237 3177 2291 in
3204 2225 3405 2291 aulam.

2146 2325 2411 2382 Omnibus
2447 2327 2533 2381 bis
2564 2326 2701 2382 actis
2727 2326 2962 2398 patriam
2994 2335 3047 2381 tu
3076 2338 3227 2383 certa
3260 2337 3489 2391 reverte,

2146 2417 2211 2473 Et
2242 2427 2376 2488 quot
2408 2419 2639 2489 quisque
2667 2420 2763 2474 tibi
2790 2419 2954 2483 dicat,
2987 2436 3213 2475 narrare
3243 2434 3520 2478 memento
3547 2442 3562 2487 ;

2145 2508 2214 2563 Et
2249 2524 2370 2563 cum
2402 2525 2529 2564 vere
2561 2511 2849 2565 ωηιξη...
2882 2510 2947 2565 de
2968 2512 3172 2567 cortice
3195 2529 3422 2584 gemmae

2146 2601 2467 2673 Erumpant,
2504 2603 2707 2657 nostris
2728 2603 2950 2657 videant
2978 2612 3029 2658 te
3059 2603 3243 2660 ludere
3269 2606 3428 2660 tectis
3456 2647 3471 2670 ,

2146 2695 2323 2765 Atque
2354 2710 2523 2749 novas
2551 2696 2746 2749 iterum
2774 2696 2927 2750 nobis
2952 2695 3168 2752 adferre
3192 2714 3490 2754 camwnas.

2149 2787 2286 2843 Tum
2329 2788 2425 2842 tibi
2454 2797 2596 2841 serta
2625 2788 2779 2842 novis
2809 2788 2875 2843 de
2899 2788 3123 2845 floribus
3153 2806 3317 2845 aurea
3347 2790 3549 2862 ﬁngam

2150 2879 2217 2935 Et
2246 2878 2451 2935 sociata
2481 2878 2612 2934 mihi
2640 2879 2815 2950 pratis
2844 2882 3101 2950 pausabis
3131 2882 3378 2938 ammnis.

2904 2992 2992 3049 ΙΙΙ.

2440 3103 2673 3160 POEMA
2714 3105 2801 3160 DE
2840 3104 3117 3162 CAROLO
3157 3103 3395 3162 MAGNO
3424 3146 3441 3171 .

2362 3215 2433 3254 ετ
2475 3212 2664 3254 ιεοΝιε
2700 3214 2847 3255 ΡΑΡΕ
2889 3215 2956 3253 Αἰ)
2996 3214 3213 3255 ιῑωιιιειι
3252 3214 3518 3254 Αυγειιτιι.

2222 3311 2449 3367 Carmen
2502 3310 2599 3364 hoc
2633 3308 2823 3365 videsis
2872 3310 3009 3365 inter
3055 3310 3378 3381 Appendices
3434 3312 3502 3364 ad
3561 3310 3744 3365 Caroli

2154 3403 2337 3475 Magni
2386 3402 2559 3474 Opera
2590 3443 2605 3469 ,
2649 3401 2870 3473 hujusce
2916 3401 3239 3473 Patrologia:
3264 3412 3403 3456 anno
3438 3400 3533 3456 XC
3552 3400 3692 3456 VH!
3724 3444 3741 3465 ,

2151 3495 2251 3551 col.
2284 3496 2439 3551 M53.

2902 3564 2991 3621 IV.

2183 3683 2347 3756 553
2384 3681 2662 3737 vensus
2702 3680 2791 3736 DE
2830 3666 3055 3736 CELLAL
3095 3678 3614 3736 conmarcsnsn
3658 3680 3710 3731 ι.

2152 3795 2196 3851 O
2218 3809 2338 3850 mea
2365 3794 2521 3861 cella,
2552 3794 2685 3850 mihi
2713 3794 2979 3850 habitatio
3006 3792 3182 3849 dulcis
3211 3802 3389 3849 amata
3412 3834 3429 3858 ,

2226 3888 2452 3959 Semper
2476 3889 2530 3943 in
2557 3896 2843 3954 aeternum,
2871 3903 2905 3943 o
2940 3902 3058 3943 mea
3089 3886 3225 3942 cella
3258 3886 3415 3942 vale!

2153 4001 2441 4072 pellatione
2469 4002 2665 4072 veteri,
2687 4000 2838 4055 urbis
2870 3999 3159 4072 Magensis.

2232 4070 2327 4143 i0
2362 4070 2600 4125 Bassine.
2656 4071 2753 4127 Hic
2801 4081 2887 4127 est
2934 4071 3169 4127 Basiuus
3218 4070 3505 4143 episcopus
3532 4070 3755 4129 Nemeti

2154 4158 2247 4215 seu
2299 4141 2625 4215 Spinecum
2678 4143 2828 4198 Lullo
2875 4141 3283 4215 archiepiscopo
3322 4153 3377 4215 et
3408 4141 3757 4215 Megiugodo

2154 4214 2411 4285 episcopo
2438 4212 2749 4285 Wirzburgi
2781 4212 3073 4285 annoig768’
3104 4230 3135 4268 a
3178 4212 3375 4270 Carolo
3404 4212 3631 4269 missus
3656 4232 3757 4285 pro

2155 4283 2525 4342 consecranda
2554 4283 2782 4340 ecclesia
2816 4284 2872 4339 S.
2909 4283 3103 4340 Guar-is
3155 4285 3223 4341 ab
3271 4286 3512 4340 Assuero
3551 4283 3761 4341 abbate

2158 4364 2490 4479 constrgeta.
2544 4355 2771 4422 lllabill.,
2814 4355 2907 4411 lib.
2956 4372 3087 4410 xxxv
3134 4356 3333 4411 Annal.
3364 4398 3377 4419 ,
3432 4371 3559 4427 pag.
3604 4357 3755 4423 Siti,

2158 4444 2308 4479 num.
2423 4466 2434 4479 .

2158 4444 2308 4483 ιιιιιιι.
2348 4444 2434 4479 ΖΙ.

2080 4506 2129 4566 ι)
2231 4498 2244 4547 i
2283 4496 2566 4550 Fulcrade.
2599 4496 2760 4552 Forte
2790 4497 3057 4553 Fulradus
3085 4497 3252 4552 abbas
3277 4495 3335 4551 S.
3370 4497 3633 4567 Dionysii,
3656 4499 3758 4568 qui

2154 4585 2298 4623 anno
2325 4568 2427 4623 784
2450 4568 2602 4633 obiit,
2634 4577 2689 4623 et
2732 4570 2798 4622 ab
2838 4569 3068 4624 Alcuino
3109 4568 3445 4638 epitaphium
3493 4568 3757 4633 obtinuit,

2153 4641 2296 4710 quod
2328 4640 2447 4692 vide
2476 4640 2620 4694 inter
2640 4640 2879 4694 carmina
2905 4641 3158 4709 genuina,
3178 4655 3361 4709 supra,
3383 4657 3434 4694 n.
3461 4638 3587 4694 266.
3621 4641 3759 4695 Vide

2153 4713 2317 4766 etiam
2362 4710 2578 4773 illabill.,
2612 4719 2740 4766 tom.
2775 4710 2814 4764 ll
2842 4711 3034 4765 Annal.
3060 4711 3282 4780 passim.

2225 4782 2251 4821 ιι
2296 4781 2405 4835 Hoc
2432 4797 2650 4837 carmen
2696 4783 2836 4851 apud
2885 4783 3285 4849 Quercetanum
3319 4794 3632 4835 connexum
3667 4792 3760 4836 est

2153 4852 2313 4906 alteri
2344 4868 2397 4905 n.
2426 4851 2531 4905 22%
2555 4851 2721 4924 (nunc
2742 4853 2867 4915 :29)
2891 4870 2919 4906 a
2942 4868 3050 4924 quo
3073 4870 3101 4907 a
3133 4852 3290 4924 nobis
3319 4860 3633 4924 separatum
3659 4861 3761 4924 est

2152 4924 2223 4979 ob
2271 4923 2571 4993 argumenti
2634 4921 3022 4980 diversitatem.
3078 4922 3423 4985 Mabillonio,
3469 4921 3589 4977 Act.
3641 4922 3752 4976 SS.

2154 5010 2279 5049 szec.
2325 5009 2406 5056 1v,
2428 5003 2590 5065 part.
2633 5011 2649 5048 ι
2679 5034 2694 5058 ,
2736 5010 2858 5065 pag.
2893 4996 2994 5048 I76
3020 5037 3032 5054 .
3074 4994 3293 5065 videtur
3320 4993 3447 5048 illud
3462 5010 3588 5065 _non
3622 5007 3757 5065 esse

2152 5064 2363 5119 Alcuini
2389 5063 2458 5118 ob
2482 5066 2579 5119 bos
2606 5062 2829 5129 versus,
2849 5067 3045 5134 quibus
3075 5067 3128 5119 in
3173 5080 3239 5118 eo
3284 5064 3403 5119 loco
3461 5062 3572 5118 Vox
3600 5063 3757 5117 alma

2153 5135 2393 5204 magistri
2426 5136 2689 5204 quondam
2715 5141 2949 5191 sonuisse
2980 5145 3035 5190 et
3068 5152 3156 5190 ore
3190 5152 3341 5189 sacro
3372 5136 3615 5204 sophiant
3666 5134 3757 5187 di-

2155 5216 2330 5260 ctasse
2379 5206 2711 5273 perhibetur.
2762 5208 2893 5262 illud
2949 5216 3130 5261 tamen
3174 5206 3239 5260 de
3279 5206 3414 5261 cella
3463 5204 3757 5258 Cormario

2154 5276 2302 5332 censi
2356 5275 2761 5347 intelligendum
2820 5293 2939 5333 esse
2995 5278 3138 5332 idem
3206 5286 3412 5339 censet,
3472 5276 3617 5330 sicut
3696 5285 3758 5330 et

2154 5346 2789 5421 alterumpoemaUlOG
2840 5348 2999 5421 (alias
3034 5348 3187 5421 ίξδβ)ᾗ
3225 5347 3388 5421 Addit
3440 5357 3623 5400 tamen
3658 5346 3757 5421 rir

2155 5417 2589 5492 celeberrimus,
2638 5416 2858 5492 ibidem'
2889 5436 3014 5492 pag.
3082 5417 3210 5492 λίῖῖ,
3240 5419 3382 5473 [ἔξω
3413 5432 3635 5492 carmen
3670 5416 3759 5492 in-

2154 5488 2319 5559 telligi
2348 5503 2508 5556 posse
2535 5490 2602 5544 de
2628 5490 2761 5545 cella
2809 5491 2866 5546 S.
2890 5486 3118 5545 Iludoci.
3160 5489 3353 5545 Postea
3405 5502 3536 5542 vero
3570 5487 3647 5559 in_
3688 5486 3759 5544 li-

2153 5559 2253 5613 bro
2276 5557 2403 5633 :1va
2430 5559 2649 5633 Annal.,
2680 5578 2802 5633 pag.
2836 5562 2941 5616 546
2965 5604 2978 5624 ,
3034 5563 3353 5633 ὴοεᾲνθηιιε
3380 5560 3559 5633 potius
3607 5557 3759 5613 Cor-

2153 5630 2446 5686 maricensi
2508 5630 3008 5700 quam'Jndocensi
3061 5631 3213 5687 cella:
3249 5632 3564 5686 tribuendos
3613 5643 3757 5700 esse

2151 5701 2506 5767 existimavit,
2531 5699 2676 5772 quod
2718 5703 2772 5758 id
2810 5704 3035 5760 suadeat
3060 5703 3184 5758 emli
3217 5712 3271 5756 et
3298 5702 3395 5758 soli
3425 5699 3755 5769 animine,

2152 5772 2597 5848 quaemagisilli
2640 5773 3291 5847 quanhaiceonveniﬂ.
