4032 6354
273 353 423 424 ,σιω

279 471 532 542 Undique
566 482 620 528 te
646 472 814 545 cingit
835 474 1005 528 ramis
1025 472 1412 529 resonantibus
1433 471 1600 526 arbos
1619 510 1632 534 ,

353 565 560 621 Silvula
589 563 854 638 ﬂorigeris
885 582 1100 636 semper
1124 574 1320 622 onusta
1350 565 1541 622 comis.

280 657 444 713 Prata
480 657 775 714 salutiferis
808 657 1077 714 ﬂorebunt
1113 658 1294 714 omnia
1324 666 1379 714 et
1415 656 1598 712 herbis
1626 695 1640 719 ,

355 749 505 817 ρυλε
531 749 728 808 medici
759 749 952 819 quaerit
978 751 1170 805 dextra
1199 749 1389 804 salutis
1421 764 1520 819 ope
1546 746 1701 820 [Ed.,
1728 743 1868 816 ore].

280 839 532 898 Flumina
559 850 614 898 te
639 843 862 914 cingunt
885 841 1200 898 ﬂorentibus
1223 844 1460 912 undique
1488 841 1620 912 ripis
1642 880 1658 905 ,

357 933 515 990 Retia
540 935 780 1004 piscator
808 950 916 1004 qua
948 951 1044 990 sua
1081 935 1257 990 tendit
1293 949 1484 990 ovans.

279 1019 568 1083 Pomiferis
594 1027 841 1083 redolent
871 1028 1038 1083 ramis
1069 1036 1160 1084 tua
1187 1027 1423 1090 claustra
1445 1042 1544 1096 per
1571 1026 1760 1082 hortos
1787 1063 1803 1088 ,

295 1113 300 1118 ’
352 1117 487 1174 Lilia
519 1134 642 1174 cum
675 1120 872 1174 rosulis
898 1119 1126 1175 candida
1158 1119 1328 1174 mixta
1368 1118 1566 1172 rubris.

282 1210 456 1268 Omne
485 1225 654 1282 genus
684 1211 964 1266 volucrum
997 1211 1290 1266 matutinas
1313 1217 1571 1281 personat
1592 1208 1726 1266 edas
1752 1247 1767 1273 ,

358 1303 536 1373 Atque
562 1301 878 1358 Creatorem
907 1301 1091 1358 laudat
1121 1304 1174 1357 in
1201 1318 1296 1358 ore
1323 1302 1515 1356 Deum.

280 1394 342 1453 In
376 1406 426 1450 te
455 1395 736 1465 personuit
775 1395 1050 1465 quondam
1087 1410 1185 1449 vox
1218 1394 1359 1450 alma
1388 1392 1631 1465 magistri

356 1487 486 1556 Quae
511 1502 668 1542 sacro
696 1486 899 1556 SOphitB
931 1486 1154 1542 tradidit
1189 1501 1285 1541 ore
1312 1485 1501 1540 libros.

282 1581 342 1637 ln
374 1587 426 1633 te
453 1578 788 1648 temporibus
813 1578 980 1634 certis
1016 1577 1135 1632 laus
1173 1585 1359 1632 sancta
1386 1573 1626 1630 tonantis

354 1671 606 1728 Pacificis
649 1669 803 1741 [Εά.
840 1667 1144 1741 pacificos}
1189 1669 1369 1724 sonuit
1415 1666 1638 1722 vocibus
1687 1672 1877 1734 atque'

1618 1755 1640 1829 [
1659 1754 1876 1811 animis.

287 1853 365 1912 Te
387 1869 509 1909 mea
541 1854 675 1910 cella
704 1851 862 1910 modo
898 1852 1219 1924 lacrymosis
1242 1852 1440 1925 plango
1463 1852 1726 1908 cammnis
1753 1891 1768 1920 ,

360 1945 538 2016 Atque
565 1961 790 2018 gemens
829 1961 990 2002 casus
1020 1955 1238 2014 pectore
1263 1945 1456 2016 plango
1485 1954 1625 1999 tuos.

289 2036 372 2093 Tu
403 2037 584 2094 subito
625 2042 885 2108 quoniam
928 2037 1112 2109 fugisti
1159 2040 1402 2092 carmina
1456 2046 1640 2090 vatum
1683 2033 1876 2102 [Edit.,

1165 2129 1363 2202 [fatum
1386 2145 1400 2194 ;
1433 2128 1666 2196 Mabill.,
1705 2127 1838 2200 fato]
1863 2170 1878 2194 ,

359 2221 534 2292 Atque
559 2223 743 2294 ignota
776 2238 969 2278 manus
1004 2230 1056 2278 te
1085 2222 1246 2286 modo
1274 2231 1382 2278 tota
1417 2232 1564 2278 tenet
1589 2235 1635 2274 ο.

291 2317 369 2374 Te
394 2319 554 2374 modo
585 2333 686 2374 nec
707 2317 965 2382 Flaccus,
1005 2332 1108 2372 nec
1133 2317 1270 2372 vatis
1302 2315 1430 2389 [εει.
1456 2357 1471 2383 ,
1505 2315 1652 2388 fatis]
1679 2316 1880 2370 Home-

1475 2408 1593 2480 [rus
1619 2407 1840 2464 habebit
1865 2446 1881 2471 ,

362 2501 471 2557 Nec
506 2517 655 2572 pueri
693 2516 878 2558 musas
903 2516 1001 2572 per
1028 2508 1120 2556 tua
1151 2495 1292 2557 tecta
1321 2511 1546 2556 canunt.

293 2591 536 2649 Vertitur
559 2609 719 2649 omne
747 2595 913 2650 decus
935 2593 1080 2650 szccli
1107 2595 1187 2650 sic
1215 2610 1447 2665 namque
1475 2603 1700 2664 repente
1723 2635 1737 2659 ,

365 2685 557 2742 Omnia
589 2697 871 2742 mut-antur
894 2687 1182 2743 ordinibus
1207 2688 1396 2743 variis.

296 2776 381 2834 Nil
407 2788 589 2834 manet
616 2787 901 2843 aeternum,
945 2779 1080 2834 nihil
1105 2779 1440 2834 immutabile
1466 2796 1595 2836 vere
1621 2791 1707 2838 est
1729 2821 1744 2844 ,

366 2866 632 2923 Obscurat
657 2883 872 2923 sacrum
903 2885 1013 2923 nox
1047 2869 1335 2924 tenebrosa
1361 2869 1528 2924 diem.

297 2959 512 3016 Decmit
540 2969 595 3015 et
625 2959 785 3014 ﬂores
808 2960 990 3014 subito
1022 2961 1195 3015 hiems
1222 2960 1412 3031 frigida
1436 2961 1690 3032 pulchros
1714 3003 1727 3026 ,

369 3053 658 3107 Perturbat
680 3051 949 3121 placidum
973 3060 1028 3104 et
1046 3051 1254 3106 tristior
1278 3068 1410 3106 aura
1441 3068 1610 3106 mare.

253 3197 256 3200 .
298 3143 428 3212 Quae
451 3145 658 3215 campis
681 3159 873 3199 cervos
899 3143 1138 3216 agitabat
1159 3159 1310 3198 sacra
1331 3141 1590 3212 juventus
1608 3187 1623 3210 ,

369 3242 631 3298 .ncumbit
657 3240 834 3296 fessus
862 3255 1004 3295 nunc
1033 3239 1225 3295 baculo
1253 3240 1458 3295 senior.

297 3333 408 3391 Nos
433 3333 615 3389 miseri
641 3335 654 3387 !
692 3349 790 3388 cur
826 3340 876 3387 te
914 3332 1220 3403 fugitivum,
1248 3333 1500 3398 mundus,
1525 3335 1816 3389 amamus?

369 3426 449 3482 Tu
476 3425 614 3498 fugis
647 3442 678 3479 a
714 3424 870 3479 nobis
896 3441 1113 3495 semper
1136 3426 1334 3493 ubique
1363 3441 1544 3480 ruens.

298 3517 379 3574 Tu
403 3517 617 3589 fugiens
644 3516 818 3586 fugias
838 3555 853 3579 ,
880 3516 1156 3570 Christum
1185 3532 1284 3569 nos
1313 3532 1528 3585 semper
1563 3531 1807 3573 amemus
1837 3559 1852 3585 ,

371 3609 598 3679 Semper
619 3621 772 3660 amor
792 3613 973 3660 teneat
992 3615 1210 3676 pectora
1244 3615 1430 3660 nostra
1460 3605 1574 3660 Dei.

297 3699 390 3756 Ille
417 3699 538 3771 pius
575 3696 805 3752 famulus
837 3693 953 3770 [Ρη
983 3697 1102 3768 pios
1126 3697 1375 3770 famulos]
1403 3699 1520 3754 diro
1545 3698 1799 3756 defendat
1821 3703 1890 3760 ab

1556 3787 1737 3862 [hoste
1768 3832 1783 3856 ,

371 3881 455 3937 Ad
482 3879 678 3936 coelum
702 3879 920 3950 rapiens
945 3885 1164 3950 pectora
1190 3886 1374 3933 nostra
1415 3894 1545 3935 suos
1575 3897 1588 3945 ;

302 3971 531 4030 Pectore
562 3985 724 4041 quem
750 3970 955 4040 pariter
978 3977 1092 4025 toto
1118 3969 1414 4032 laudemus,
1442 3985 1686 4026 amemus
1712 3987 1725 4035 ;

376 4064 571 4120 Nostra
595 4071 682 4120 est
711 4062 800 4117 ille
820 4063 941 4133 pius
965 4061 1158 4133 gloria,
1184 4062 1316 4126 vita,
1346 4061 1511 4117 salus.

1075 4175 1119 4229 V

770 4268 799 4308 1)
840 4214 1430 4322 νΕΒευέἈιαυιΝῐ

306 4360 375 4418 In
405 4361 578 4430 fronte
605 4360 799 4414 codicis
857 4359 943 4412 isti
984 4375 1158 4430 versus
1190 4358 1484 4412 scribentur
1509 4401 1521 4418 ,
1580 4359 1665 4412 ubi
1716 4359 1889 4430 imago

423 4431 576 4485 hristi
600 4440 648 4485 et
685 4441 912 4501 quatuor
946 4428 1382 4499 evangelisturum
1419 4439 1468 4483 et
1503 4440 1731 4500 quatuor
1774 4428 1894 4500 pro-

377 4504 648 4574 phetarum
677 4502 928 4572 imagines
964 4501 1314 4554 continentur.

309 4596 514 4653 Ordine
539 4595 807 4665 quadrato
841 4592 1006 4645 variis
1036 4591 1249 4661 depicta
1280 4590 1465 4662 figuris

382 4722 408 4750 ο
439 4707 628 4778 Ignota
657 4716 928 4778 manusﬂtc
957 4705 1111 4778 modo
1141 4713 1248 4778 tota
1273 4714 1429 4778 tenet.
1462 4703 1622 4778 Forte
1649 4704 1748 4760 hos
1772 4720 1891 4760 ver-

309 4796 403 4836 sus
427 4775 544 4848 post
574 4788 803 4832 mortem
832 4776 1014 4848 Flaciu-i
1047 4792 1144 4848 seu
1181 4775 1393 4848 Alcuiui
1419 4817 1432 4838 ,
1471 4784 1524 4848 et
1553 4776 1768 4831 llmneri
1795 4792 1889 4848 seu

306 4846 606 4920 Angilberti
632 4848 911 4920 scripserit
933 4847 1247 4920 [“l'lilllngUS
1277 4847 1443 4900 abbas
1463 4847 1800 4920 Turonensis
1830 4846 1886 4900 S.

311 4918 548 4984 Martini,
578 4934 858 4973 successor
882 4918 1118 4983 Alcuiui,
1147 4918 1238 4986 qui
1269 4932 1392 4971 cum
1423 4918 1630 4971 videret
1662 4918 1890 4972 Corma-

309 4992 484 5047 ricum
517 4990 738 5062 proprio
760 4988 873 5062 jam
922 4993 1158 5062 gaudere
1185 4988 1402 5052 abbate,
1433 5003 1626 5062 nempe
1648 4987 1850 5062 Iacobo
1875 5029 1890 5054 ,

309 5063 451 5117 hanc
481 5058 673 5116 céllain
715 5061 868 5130 quasi
908 5058 1010 5113 sibi
1051 5058 1384 5130 subtractam
1433 5061 1714 5130 quagritur.
1761 5060 1895 5130 (Ma-

309 5133 452 5196 bll|.,
479 5131 697 5194 Annal.,
735 5126 771 5184 Ι.
805 5131 925 5201 eit.)
959 5130 1015 5201 Si
1039 5129 1257 5201 verorde
1282 5129 1414 5183 cella
1520 5126 1703 5185 Jodoci
1733 5126 1896 5186 hocce

309 5204 640 5273 epigramma
668 5200 1238 5273 interpretarinmalis,
1282 5200 1526 5273 quaeretis
1555 5203 1896 5273 occasionem

309 5270 554 5342 phébere
597 5273 770 5344 potuit
815 5270 1141 5344 quodiillius
1179 5270 1449 5344 possessio
1509 5279 1629 5340 post
1684 5271 1895 5344 Alcuiui

308 5341 519 5398 obitum
570 5341 828 5397 translata
867 5343 937 5396 sit
976 5343 1026 5394 in
1074 5341 1418 5394 Ferrariense
1467 5343 1854 5396 monasterium
1881 5383 1894 5406 ,

315 5422 428 5468 tum
462 5417 515 5468 in
547 5430 742 5468 manus
762 5414 937 5468 Odulli
965 5412 1200 5467 comitis.
1225 5411 1342 5478 Qua
1364 5412 1427 5464 de
1458 5426 1516 5464 re
1537 5413 1741 5481 passim
1773 5429 1900 5467 con—

312 5485 562 5555 queritur
587 5486 770 5555 Lupus
800 5485 966 5539 abbas
987 5483 1368 5538 Ferrariensis.
1395 5481 1517 5552 (ld.,
1534 5484 1650 5536 Act.
1706 5482 1838 5548 SS.,
1861 5482 1896 5536 Ι.

313 5557 456 5611 cit.l.

386 5555 568 5682 9.110s
596 5641 785 5684 versus
809 5627 910 5682 sub
933 5625 1150 5681 nomine
1193 5623 1405 5678 Alcuiui
1447 5639 1514 5679 ex
1545 5625 1730 5680 codice
1760 5624 1900 5679 4167

315 5696 447 5752 bibl.
469 5698 794 5755 Colbertinre
813 5698 984 5754 edidit
1005 5696 1390 5753 celeberrimus
1412 5695 1665 5752 Baluzius
1691 5697 1828 5752 libro
1850 5713 1901 5752 tv

317 5765 568 5844 _ll_iscel_l.,
595 5785 716 5844 pag.
747 5769 870 5844 550.
894 5769 990 5844 An
1019 5769 1086 5825 ad
1115 5766 1399 5824 Alcuinum
1427 5769 1735 5844 pertineant
1759 5811 1772 5832 ,
1799 5769 1901 5844 du-

318 5839 468 5897 bium
499 5839 700 5907 movet,
724 5839 868 5912 quod
892 5841 1054 5896 iidem
1084 5854 1307 5905 versus,
1339 5839 1609 5896 nonnullis
1639 5840 1860 5898 mutatis
1886 5880 1902 5908 ,

1227 347 1378 413 ore.
1418 353 1648 413 DUBIA.
1688 381 1759 396 -.
1797 348 2044 409 εριετ..
2081 345 2413 414 causam,
2455 323 2608 404 sic.

1897 469 1942 526 Α
1973 460 2202 530 Agmina
2227 468 2542 516 sanctorum
2570 459 2766 530 gaudia
2799 472 2995 529 magna
3033 456 3240 514 vident.

1973 551 2050 605 Ex
2079 551 2275 620 quibus
2303 553 2472 616 Isaias
2500 551 2757 622 praecelso
2785 551 3038 623 dogmate
3061 550 3234 606 fretus
3258 588 3276 620 ,

1973 643 2243 700 Jeremias
2274 648 2478 715 pariter
2514 647 2728 701 Domini
2765 644 3024 700 miracula
3058 643 3331 715 psallunt;

1973 736 2244 792 Jezechiel
2275 740 2566 809 sedemque
2595 739 2692 794 Dei
2720 739 2980 795 describit
3003 747 3059 794 et
3089 737 3190 794 ista

1976 830 2044 884 Et
2071 829 2258 883 Daniel
2285 829 2560 884 Christum
2588 839 2774 884 narrat
2801 831 2867 884 de
2896 839 3078 884 monte
3105 827 3360 884 recisum.

1979 919 2000 994 [
2025 933 2045 958 ο
2081 921 2388 976 Humanum
2417 921 2614 976 Christi
2641 922 2897 978 describit
2926 920 3210 976 Matthaaus
3235 928 3414 976 ortum
3440 936 3455 986 ;

1979 1011 2125 1065 More
2154 1011 2282 1065 boat
2317 1011 2527 1065 Marcus
2559 1010 2862 1066 frendentis
2896 1025 3029 1066 voce
3059 1009 3252 1065 leonis.

1911 3184 1964 3253 ϐ

3423 329 3563 409 uti!

1980 1101 2145 1173 Mugit
2182 1118 2368 1158 amore
2396 1103 2486 1172 pio
2515 1103 2690 1157 Lucas
2721 1103 2775 1157 in
2807 1103 3048 1158 carmine
3078 1103 3298 1160 Christi.

1981 1192 2281 1249 Scribendo
2310 1201 2564 1266 penetras
2589 1193 2787 1248 C(elum
2819 1201 2874 1248 tu
2905 1203 3086 1248 mente
3107 1191 3391 1264 Joannes].

1983 1306 2083 1362 Isti
2121 1308 2177 1360 in
2207 1305 2376 1360 altera
2409 1306 2602 1376 pagina
2630 1346 2644 1368 ,
2676 1305 2764 1359 ubi
2817 1319 2985 1373 agnus
3021 1304 3190 1373 pictus
3219 1313 3265 1356 et
3299 1315 3458 1357 mm
3487 1317 3571 1356 se-

2432 1378 2601 1430 niores
2627 1386 2675 1430 et
2701 1386 2842 1429 terra
2879 1384 2926 1428 et
2957 1391 3122 1428 mare.

1983 1489 2175 1546 Omnia
2203 1504 2324 1560 quae
2351 1503 2589 1559 praesens
2616 1487 2774 1543 tellus
2805 1486 3054 1558 producit
3075 1485 3268 1541 alendo
3291 1523 3304 1546 .

1983 1585 2050 1639 Et
2076 1583 2242 1639 maris
2275 1583 2390 1638 haec
2426 1582 2594 1636 facies
2617 1581 2782 1636 limbo
2813 1580 3172 1637 circumvenit
3194 1577 3390 1648 amplo.

1983 1675 2133 1744 Agne
2174 1673 2342 1727 Deum
2381 1671 2516 1727 solio
2550 1687 2763 1741 semper
2786 1678 3120 1726 venerantur
3149 1669 3202 1724 in
3227 1668 3338 1724 alto
3360 1707 3377 1734 ,

1987 1764 2259 1835 Sanguine
2291 1765 2382 1832 qui
2410 1763 2530 1818 fuso
2552 1763 2755 1818 tet-sisti
2772 1763 3001 1817 crimina
3027 1762 3170 1818 saecli

1907 1827 1954 1888 Β
1981 1827 2142 1928 45ἦ
2181 1856 2238 1911 In
2264 1827 2444 1920 cruce,
2473 1864 2527 1908 tu
2559 1853 2736 1910 Caroli
2762 1855 3013 1926 detergas
3034 1854 3260 1909 vulnera
3289 1853 3451 1926 regis.

1985 1947 2052 2019 [ἀ
2082 1945 2226 2001 Cana
2253 1955 2474 2002 caterva
2499 1945 2686 2000 eluens
2709 1952 2892 1998 vatum
2921 1953 2976 2000 et
3003 1943 3329 2000 venerabilis
3362 1944 3496 2000 ordo
3519 1981 3536 2007 ,

1982 2037 2168 2092 C(Ptus
2202 2037 2532 2106 apostolicus
2557 2036 2720 2091 sertis
2740 2034 3054 2090 ctelestibus
3081 2035 3290 2089 instans

1983 2129 2212 2195 Laudat,
2237 2130 2450 2194 adorat,
2483 2139 2650 2194 amat,
2682 2129 2877 2184 devoto
2898 2136 3118 2198 pectore
3148 2127 3322 2181 timet.

1984 2222 2051 2276 Et
2078 2223 2332 2292 princeps
2350 2221 2576 2276 Carolus
2596 2220 2748 2274 vultu
2769 2219 3082 2290 speculatur
3113 2224 3304 2287 aperto
3335 2257 3349 2280 ,

1983 2313 2179 2379 Orans,
2206 2323 2264 2368 ut
2290 2323 2469 2368 tecum
2498 2313 2644 2366 vivat
2669 2311 2944 2380 longaevus
2968 2309 3021 2364 in
3052 2324 3226 2364 ravum
3245 2306 3286 2380 ].

2129 2402 2196 2458 In
2228 2403 2333 2457 alio
2364 2402 2477 2457 loco
2511 2403 2597 2456 ubi
2625 2417 2792 2472 agnus
2820 2401 2966 2454 solus
2989 2401 3161 2469 pictus
3193 2397 3438 2454 habetur.
3481 2455 3484 2457 _

1985 2496 2141 2552 Hunc
2167 2495 2377 2565 Moyses
2405 2511 2602 2566 agnum
2631 2493 2958 2550 monstravit
2977 2493 3091 2563 lege
3122 2491 3365 2548 futurum
3387 2529 3404 2560 ,
3505 2547 3513 2551 _

1985 2587 2208 2642 Cunctis
2237 2601 2337 2656 pro
2366 2585 2576 2658 pupulis
2607 2584 2835 2654 perferri
2861 2583 3086 2638 vulnera
3114 2583 3326 2638 mortis.

2349 2676 2447 2732 Ubi
2482 2677 2697 2732 dextera
2728 2677 2924 2730 Clu-isti
2955 2685 3031 2730 est
3052 2674 3213 2750 picta.

1989 2771 2222 2826 Dextera
2256 2783 2377 2840 qua:
2404 2766 2582 2822 Patris
2609 2767 2868 2822 mundum
2897 2766 3101 2822 ditione
3125 2764 3393 2836 gubernat
3415 2804 3433 2831 ,
3477 2815 3482 2821 .

1989 2872 2055 2926 Et
2083 2880 2270 2926 natum
2305 2869 2475 2925 cmlos
2506 2868 2785 2939 proprium
2811 2868 3112 2924 transvexit
3134 2867 3189 2922 in
3212 2866 3370 2923 altos.

2364 2961 2434 3017 In
2457 2961 2563 3031 [ine
2592 2961 2818 3016 Joannis
2845 2959 3194 3030 euangelista.

1989 3057 2056 3111 Et
2078 3057 2331 3127 princeps
2352 3056 2599 3121 Carolus,
2629 3063 2820 3111 sancto
2841 3055 2933 3126 qui
2965 3069 3119 3110 more
3138 3054 3404 3127 benignus
3418 3095 3433 3122 ,

2061 3145 2208 3200 lllius
2233 3146 2322 3201 hic
2351 3145 2518 3200 codex
2552 3145 2722 3200 enitet
2744 3153 2902 3202 actus
2926 3159 3048 3215 ope.

2290 3235 2357 3290 In
2387 3236 2491 3305 ﬁne
2523 3235 2644 3290 libri
2674 3235 2962 3306 loquuntur
2987 3234 3288 3306 scriptores.

1993 3325 2266 3382 Hactenus
2288 3328 2340 3381 in
2369 3336 2616 3383 sanctum
2641 3325 2899 3382 sulcando
2923 3327 3190 3381 movimus
3220 3339 3406 3398 aequor

2060 3420 2284 3476 Littoris
2307 3421 2376 3475 ad
2399 3419 2562 3475 finem
2595 3427 2782 3476 nostra
2823 3419 3009 3474 carina
3045 3418 3214 3474 venit.

2741 3538 2828 3594 Vl.

2158 3665 2183 3693 ο
2209 3653 2301 3707 AD
2334 3649 2690 3707 CANDlDUM
2726 3647 2975 3705 ROMAM
3014 3646 3415 3706 ABEUNTEM.

1995 3767 2071 3823 Te
2097 3783 2218 3822 mea
2245 3783 2399 3822 mens
2425 3767 2690 3836 sequitur,
2719 3763 3041 3821 charissima
3065 3763 3327 3831 Candide,
3359 3764 3577 3836 tristis;

2069 3859 2152 3913 Me
2177 3868 2266 3914 tua
2296 3874 2449 3914 mens
2475 3873 2658 3914 secum
2690 3865 2870 3928 portet
2894 3857 3092 3925 ubique
3126 3871 3341 3928 precor.

1996 3950 2100 4006 Per
2134 3950 2252 4004 loca
2279 3957 2477 4004 cuncta
2508 3948 2601 4003 Dei
2626 3947 2831 4002 Christi
2857 3947 3150 4002 comitetur
3171 3957 3386 4008 euntem

2064 4041 2251 4096 Gratia
2277 4049 2349 4106 te,
2379 4049 2503 4095 nate
2529 4039 2723 4104 dulcis,
2747 4037 2815 4092 ab
2839 4052 2964 4092 arce
2985 4037 3114 4108 poli.

1994 4135 2061 4191 Et
2089 4135 2182 4189 tibi
2213 4151 2309 4206 per
2330 4143 2524 4200 terras,
2553 4133 2718 4188 silvas
2746 4141 2800 4187 et
2831 4131 3072 4199 ﬂumina,
3105 4116 3360 4203 montes,
3422 4181 3425 4184 .

2064 4227 2227 4282 Felici
2257 4237 2462 4282 rectum
2491 4229 2710 4283 tramite
2736 4229 2898 4282 donet
2935 4228 3056 4282 iter.

1995 4319 2066 4374 Ut
2091 4331 2142 4374 te
2165 4328 2348 4389 Optata
2371 4320 2487 4375 dies
2505 4320 2616 4390 jam
2645 4329 2832 4374 cernat
2855 4321 2906 4374 in
2931 4319 3149 4376 arcibus
3181 4318 3344 4377 Urbis

2065 4408 2306 4479 Egregize
2324 4450 2338 4473 ,
2373 4409 2427 4462 in
2457 4424 2562 4479 qua
2587 4417 2713 4463 sunt
2738 4407 2925 4462 limina
2950 4416 3137 4464 sancta
3161 4408 3338 4476 Petri,

1995 4503 2212 4570 Qui-tua
2245 4511 2369 4556 vota
2403 4502 2544 4557 ferat
2573 4501 2790 4557 Christo
2825 4517 2988 4573 super
3025 4504 3190 4558 ardua
3225 4500 3351 4560 omit

2062 4593 2330 4657 Culmina,
2365 4593 2664 4647 clementer
2695 4594 2903 4663 primus
2935 4595 2988 4648 in
3019 4594 3150 4649 orbe
3177 4594 3356 4660 Pater,

1992 4713 2207 4760 exstent
2230 4705 2282 4759 in
2313 4705 2497 4760 codice
2520 4705 2699 4760 Aureo
2731 4703 3143 4774 Evangeliorum
3176 4706 3228 4760 in
3258 4705 3490 4764 ecclesia
3515 4709 3582 4770 ,S.

1993 4777 2322 4831 Emnn-rami
2355 4776 2661 4829 llatisbouae
2685 4777 2975 4840 custodito,
3006 4786 3059 4829 et
3105 4777 3305 4840 scripto
3340 4795 3446 4834 non
3486 4781 3588 4836 sub

1995 4795 2322 4831 mnino-rami
2355 4795 2661 4829 mitisnome
2685 4795 2975 4840 cusronito,
3006 4795 3059 4829 et
3105 4795 3207 4831 εει-ι
3253 4795 3305 4832 to
3340 4795 3446 4834 non
3486 4795 3584 4836 sun

1995 4847 2184 4901 Carolo
2218 4846 2412 4916 Magno
2445 4847 2539 4918 sed
2573 4848 2672 4901 sub
2695 4843 2898 4918 Calvo:
2936 4848 3182 4916 quamvis
3205 4795 3320 4902 geri
3345 4850 3584 4918 potuerit

1994 4927 2054 4973 ut
2080 4915 2375 4987 scriptores
2406 4915 2566 4982 hujus
2610 4916 2812 4971 codicis
2850 4915 3040 4973 verstis
3066 4919 3276 4972 Alcuiui
3304 4915 3369 4973 es
3406 4930 3589 4974 vetus-

1997 4991 2119 5043 tiori
2167 4987 2877 5060 exemplari,quihusdam
2921 5003 3020 5060 pro
3049 4989 3585 5046 circumstantiarum

1997 5061 2206 5114 ratione
2233 5058 2474 5120 mutatis,
2504 5057 2910 5130 descripseriut.

2071 5142 2093 5168 ο
2147 5130 2391 5200 Quatuor
2461 5144 2650 5200 versus
2687 5127 3040 5199 sequentes,
3101 5131 3240 5200 apud
3306 5127 3585 5184 Baluzium

1997 5201 2207 5271 omissi,
2241 5199 2327 5253 hic
2353 5215 2420 5254 ex
2446 5199 2671 5270 praefato
2703 5200 2890 5256 codice
2929 5201 3110 5256 Aureo
3132 5199 3474 5271 supplentur.

2069 5270 2096 5341 (ξ
2133 5271 2381 5339 Quinque
2436 5281 2724 5341 sequentes
2776 5287 2968 5327 versus
3005 5270 3489 5328 rursus’addimus
3517 5285 3586 5328 ex

1998 5339 2187 5396 eodem
2211 5345 2329 5395 co:l.
2363 5357 2464 5396 ms.

2064 5424 2086 5450 ε
2105 5412 2214 5466 Hoc
2228 5429 2445 5466 carmen
2465 5414 2726 5469 hactenus
2742 5414 2999 5468 ineditum
3017 5412 3274 5482 descripsi
3292 5429 3357 5468 ex
3373 5421 3589 5469 vetusto

2003 5483 2192 5556 codice
2207 5483 2618 5556 Salisburgensi
2650 5501 2796 5539 num.
2815 5485 2902 5556 7|,
2933 5483 3021 5537 ubi
3046 5481 3390 5556 subjungitur
3417 5484 3590 5542 tribus

2005 5554 2247 5627 epistolis
2273 5554 2597 5627 Angilberti,
2623 5572 2756 5626 quas
2782 5556 2833 5610 in
2855 5555 3164 5627 Appendice
3193 5554 3456 5611 dabimus.
3504 5556 3588 5627 An

2006 5624 2165 5694 ltujus
2193 5627 2282 5692 sit,
2307 5624 2610 5683 anAlcuini
2641 5624 2760 5681 non
2800 5624 3090 5696 admodum
3133 5627 3321 5696 liquet.
3368 5628 3472 5682 Pro
3499 5626 3563 5682 Al

2004 5699 2166 5754 cuino
2204 5699 2556 5782 pronuntiare
2596 5697 2768 5762 libet,
2807 5696 2950 5780 quod
2979 5695 3270 5778 Candidus,
3301 5713 3474 5782 quem
3501 5697 3591 5754 hic

2005 5779 2190 5824 natum
2244 5769 2520 5839 liliumque
2561 5777 2745 5833 vocat,
2791 5766 2952 5824 fuerit
2997 5767 3222 5827 dilectus
3265 5783 3383 5840 eius
3424 5768 3590 5826 discl-

2262 5786 2520 5839 uiumque
2561 5786 2745 5833 vocat,
2791 5786 2952 5824 luem
2997 5786 3222 5827 allectus
3265 5786 3383 5839 ejus
3424 5786 3590 5826 atsct-

2003 5840 2182 5914 palus.
