4032 6354
491 315 630 376 tm
1315 321 1371 375 Β.
1416 320 1477 376 r.
1518 320 1743 378 suum
1783 319 1915 381 seu
1955 320 2234 381 ALCUlNl
2273 304 2558 380 orsauu
2592 306 2772 378 imus
2812 319 2946 378 vm.

487 435 622 505 Quae
652 434 749 491 tibi
775 448 899 490 cum
927 433 1205 505 lacrymis,
1246 443 1521 505 prostrato
1546 449 1776 508 corpore
1807 436 1969 493 terris

559 529 702 585 Ante
740 527 909 584 altare
946 528 1065 594 Dei,
1100 529 1280 585 cordis
1310 532 1378 586 ab
1408 546 1503 586 ore
1527 530 1718 588 ﬂuant.

488 619 618 677 lude
639 636 739 692 per
762 635 950 677 aereas
986 621 1210 676 ruituris
1240 623 1511 679 mtenibus
1535 639 1691 681 arces

561 713 645 769 Ad
675 712 823 767 Pauli
847 714 1072 770 veniens
1100 720 1239 770 tecta
1266 725 1478 771 sacrata
1512 717 1611 787 pii,

488 804 549 862 In
574 805 754 862 crucis
782 814 1060 872 extensus,
1098 808 1437 878 gemebundo
1460 816 1699 879 pectore,
1739 808 1946 881 signum
1976 850 1988 869 .

563 898 678 966 Qua
708 900 881 970 patris
915 908 971 955 et
994 900 1106 954 nati
1141 900 1368 955 crimina
1394 902 1585 973 plunge
1622 901 1799 957 simul.

490 989 723 1061 Moxque
748 1006 845 1062 per
879 992 1139 1048 ecclesias
1168 993 1394 1047 devotus
1424 1010 1582 1048 curre
1607 994 1785 1048 viator

565 1080 909 1148 Sanctorum,
943 1082 1171 1140 laudans
1197 1100 1411 1155 semper
1444 1085 1498 1140 in
1530 1100 1625 1139 ore
1652 1084 1841 1149 Demn,

491 1170 596 1239 Qui
627 1171 830 1227 mundo
858 1171 993 1228 tales
1019 1174 1288 1228 concessit
1319 1174 1519 1229 habere
1549 1184 1828 1245 patronos,

561 1262 703 1319 Ante
730 1264 837 1336 poli
876 1272 1084 1320 stantes
1118 1264 1296 1319 Patris
1327 1265 1382 1319 in
1415 1281 1541 1321 arce
1566 1267 1817 1321 thronum
1851 1308 1865 1331 ,
1928 1326 1931 1327 ν

493 1353 772 1428 Sanguine
798 1355 890 1427 qui
914 1370 1073 1411 roseo
1097 1357 1349 1410 vicerunt
1374 1373 1537 1428 regna
1575 1372 1671 1426 per
1706 1357 1891 1411 orbem
1923 1398 1935 1421 ,

566 1448 854 1505 Portantes
884 1447 1087 1504 Christi
1122 1465 1220 1520 per
1251 1449 1337 1518 pia
1369 1449 1503 1504 colla
1531 1465 1768 1505 crucem.

489 1540 601 1597 Hos
632 1541 830 1597 iterum
856 1548 1020 1613 atque
1052 1541 1247 1596 iterum
1273 1542 1468 1597 devoto
1501 1552 1719 1612 pectore
1748 1559 1908 1613 posce
1937 1585 1950 1607 ,

559 1631 871 1688 Clementer
900 1632 1153 1702 precibus
1188 1648 1403 1703 semper
1426 1634 1617 1688 adesse
1652 1633 1776 1687 tuis.

490 1720 631 1778 Ante
666 1723 785 1794 pios
815 1724 1027 1779 cineres
1056 1724 1422 1795 lacrymarum
1461 1725 1614 1796 signa
1649 1734 1863 1779 tuarum

562 1818 621 1874 ln
647 1820 818 1875 sacris
845 1820 1040 1876 sistant
1063 1835 1280 1891 semper
1316 1820 1520 1890 ubique
1548 1821 1738 1891 petris.

492 1911 570 1973 Te
601 1928 815 1983 quoque
844 1914 1072 1970 sacratis
1105 1915 1346 1971 studiosa
1382 1926 1563 1970 mente
1586 1930 1685 1986 per
1710 1915 1897 1971 urbem

562 2005 875 2074 Ordinibus,
906 2008 1079 2074 festis,
1115 2010 1257 2064 inter
1283 2019 1337 2064 et
1365 2025 1487 2066 esse
1513 2026 1724 2082 precor.

491 2097 629 2166 Quid
666 2102 753 2156 cui
785 2104 1073 2157 conveniat
1104 2118 1354 2173 personae
1383 2112 1439 2159 et
1471 2112 1713 2175 tempore
1734 2120 1895 2161 cerne
1921 2146 1934 2171 ,

559 2186 632 2243 Ut
667 2188 815 2244 Patri
854 2191 1035 2246 valeas
1073 2201 1269 2247 cuncta
1294 2193 1500 2249 referre
1528 2210 1773 2260 memor;

488 2278 558 2332 Et
581 2281 842 2350 prodesse
872 2283 979 2337 tuis
1008 2286 1228 2339 monitis
1253 2294 1308 2340 et
1344 2287 1585 2341 moribus
1612 2288 1787 2353 almis,

555 2371 664 2427 Per
694 2381 748 2427 te
783 2383 973 2430 sancta
999 2377 1092 2431 Dei
1125 2384 1184 2430 ut
1221 2377 1413 2433 ﬂoreat
1458 2380 1718 2436 Ecclesia.

488 2461 548 2517 Si
575 2470 627 2519 te
650 2466 947 2534 pneveniat
969 2466 1252 2525 clementis
1282 2472 1455 2542 gratia
1482 2471 1685 2529 Christi

558 2551 701 2610 Ante
723 2556 912 2611 oculos
937 2573 1122 2614 saeros
1147 2559 1323 2616 Patris
1353 2563 1655 2634 apostolici,

486 2640 655 2700 Posce
690 2644 913 2713 Patrum
950 2649 1180 2718 cineres,
1210 2660 1411 2719 vestes,
1446 2655 1529 2711 vel
1567 2656 1707 2713 forte
1731 2658 1955 2730 capillos

560 2730 912 2806 Sanctorum,
949 2758 1118 2798 sacrae
1147 2753 1241 2799 aut
1274 2747 1466 2817 gaudia
1498 2764 1691 2821 magna
1721 2752 1918 2808 crucis.

490 2825 561 2882 Ut
584 2827 656 2882 sit
678 2828 979 2886 subsidium
1014 2843 1214 2889 nostra
1242 2851 1341 2905 per
1372 2838 1568 2893 szccula
1599 2840 1725 2895 vitm
1744 2882 1759 2907 ,

555 2919 624 2975 Et
652 2923 855 2978 nostris
886 2925 1109 2994 pariter.
1144 2942 1359 3013 semper
1389 2932 1588 3002 ubique
1612 2934 1783 3003 pium.

483 3010 749 3069 Omnibus
776 3014 861 3069 his
883 3017 1009 3082 rite,
1041 3017 1257 3075 Christo
1281 3010 1612 3089 miserante,
1638 3029 1876 3096 peractis
1904 3069 1917 3093 ,

550 3103 633 3158 Ad
660 3103 877 3161 Patrem
903 3108 1121 3165 rediens
1153 3126 1437 3183 prospere,
1467 3131 1631 3187 perge
1655 3119 1786 3174 cito.

484 3194 601 3250 Non
628 3203 680 3251 te
710 3206 1029 3267 pausantem
1058 3201 1241 3257 videat
1262 3203 1374 3273 jam
1408 3206 1644 3264 thbus
1672 3211 1725 3265 in
1753 3212 1910 3277 Aula,

555 3285 664 3342 Sed
689 3304 812 3343 cum
841 3288 1089 3347 Lucifero
1118 3309 1299 3366 surge,
1333 3298 1509 3354 viator
1539 3316 1726 3357 ovans.

483 3377 600 3435 Non
633 3381 713 3436 sol
738 3381 1117 3453 flammivolus,
1145 3398 1362 3457 ventus,
1388 3408 1494 3447 non
1523 3394 1750 3467 frigora,
1784 3399 1949 3454 nimbi
1980 3442 1995 3467 ,

549 3473 631 3530 Ad
662 3474 877 3533 Patrem
915 3481 1090 3536 tardet
1112 3480 1228 3552 jam
1258 3490 1603 3558 properantis
1632 3491 1755 3547 iter.

478 3565 671 3623 Omnia
694 3569 863 3625 vincit
884 3588 1058 3640 amor,
1091 3577 1318 3646 pedibus
1341 3582 1577 3638 velocior
1598 3584 1741 3643 Euro

549 3659 770 3719 Festine
796 3681 983 3738 perge,
1016 3684 1197 3735 curre,
1225 3672 1366 3737 vola,
1394 3692 1646 3748 propera.

478 3748 548 3808 Ut
576 3752 733 3811 laetus
763 3757 943 3813 videat
968 3760 1138 3817 Jacob
1156 3761 1270 3831 jam
1294 3764 1494 3838 Joseph
1518 3771 1722 3839 ocellis,

545 3845 688 3903 Ante
723 3848 867 3904 diem
899 3851 1031 3907 dira:
1058 3857 1271 3922 mortis,
1306 3857 1358 3913 in
1390 3861 1523 3917 urbe
1557 3880 1676 3918 sua.

476 3937 616 4006 Quid
646 3938 742 3995 tibi
769 3940 922 4013 plura
944 3958 1135 4000 canam
1163 3948 1185 4001 ?
1217 3946 1343 4003 felix
1380 3951 1609 4009 feliciter
1630 3971 1818 4015 omnes
1844 3999 1856 4022 .

547 4028 705 4098 Nate,
729 4034 846 4091 vias
869 4037 1003 4093 vade
1026 4056 1194 4105 nunc,
1233 4045 1528 4102 miserante
1565 4048 1691 4105 Deo.

474 4122 741 4199 Prospera
776 4132 1039 4188 concedat
1064 4137 1250 4192 mundi
1278 4138 1372 4194 tibi
1398 4152 1592 4197 cuncta
1627 4142 1875 4202 Creator.

546 4219 728 4278 Dulcis
749 4233 930 4281 amate.
958 4236 1074 4292 tuo,
1100 4238 1249 4298 uate,
1276 4232 1450 4289 valeto
1472 4234 1641 4291 Patri.

1228 4365 1339 4420 VII.

555 4471 584 4508 α
616 4457 847 4517 ALBINI
884 4462 1278 4521 ORATIONES
1321 4468 1416 4524 AD
1464 4471 1657 4531 DEUM
1710 4476 1799 4534 ET
1832 4478 1995 4539 APO—

1111 4553 1400 4615 STOLOS.

469 4664 725 4738 Auctoris
748 4684 933 4741 mundi
968 4687 1228 4755 maxima,
1263 4690 1620 4763 deprecamur
1643 4698 1895 4775 suffragia
1927 4747 1942 4771 ,

468 4770 570 4840 Qui
599 4789 725 4831 cum
760 4786 907 4833 esset
944 4779 998 4834 in
1031 4781 1198 4852 gloria
1224 4824 1240 4849 ,
1273 4800 1495 4843 carnem
1526 4792 1756 4864 sumpsit
1776 4770 1843 4850 ex
1869 4796 2056 4854 Maria.

467 4864 570 4932 Qui
594 4866 930 4926 descendens
950 4873 1186 4942 cmlitus,
1221 4878 1453 4936 donator
1482 4884 1605 4940 vita:
1633 4887 1843 4945 vividus
1870 4933 1883 4956 ,

466 4953 696 5013 Crucem
724 4974 915 5029 passus
938 4979 1036 5034 pro
1053 4968 1326 5036 omnibus,
1360 4974 1507 5029 dedit
1531 4978 1671 5033 dona
1700 4981 2009 5041 hominibus
2038 5023 2055 5054 ς

466 5045 768 5122 Legislator
788 5053 1150 5127 largissimus,
1181 5061 1322 5120 Deus
1347 5077 1403 5120 et
1434 5066 1525 5125 Dei
1564 5070 1753 5129 Filius.

3635 313 3783 384 ita:

2104 438 2156 500 Α
2182 435 2452 492 Bar-Jona
2474 436 2581 493 alta
2608 437 2881 504 columna,
2915 436 3024 509 poli
3051 439 3316 495 scandens
3343 439 3616 507 sublimia,

2179 529 2374 587 Petrus
2403 533 2468 587 de
2488 542 2640 603 petra
2665 534 2833 589 solida
2859 548 3093 604 sequens
3122 533 3322 590 Christi
3352 537 3598 608 vestigia.

2178 622 2321 679 Puro
2343 624 2585 696 perfecto
2609 626 2814 691 labore,
2841 626 3045 698 absque
3071 627 3230 683 lzetali
3261 644 3492 686 merore.

2182 715 2367 773 Roma:
2396 729 2588 789 pausat
2611 721 2663 775 in
2698 721 2926 786 honore,
2950 738 3167 777 crucem
3191 740 3386 795 passus
3418 726 3521 781 sub
3543 726 3785 786 Nerone.

2181 806 2346 877 Cujus
2380 810 2639 867 virtutum
2665 812 2866 883 fulgida
2892 813 3154 869 refulsere
3179 815 3459 871 miracula.

2254 900 2475 959 Cunctis
2498 903 2691 960 claruit
2713 906 2963 975 gentibus
2990 906 3310 977 praedicator
3339 912 3591 982 egregius
3614 953 3631 977 ,

2184 994 2419 1053 Refulsit
2442 1014 2546 1053 non
2577 997 2887 1055 videntibus
2914 998 3096 1054 clarus
3128 1016 3227 1056 ceu
3256 1000 3430 1073 fulgor
3463 1002 3706 1063 Phtebus
3741 1047 3757 1071 ,

2185 1086 2416 1143 Sanctus
2441 1089 2637 1145 Paulus
2665 1092 2942 1162 apostolus
2970 1093 3176 1148 electus
3210 1110 3317 1151 non
3356 1097 3691 1155 hominibus.

2186 1181 2371 1238 Sancti
2398 1183 2633 1255 Spiritus
2659 1185 2922 1242 fructibus
2950 1189 3189 1259 repletus
3214 1191 3603 1264 dignabilibus.

2184 1272 2391 1343 Raptus
2422 1277 2489 1330 ad
2527 1276 2723 1331 coelum
2752 1279 2993 1345 tertium,
3017 1282 3270 1353 dignatus
3296 1285 3489 1341 doctor
3510 1287 3763 1359 gentium

2188 1360 2463 1418 Solidator
2489 1365 2769 1432 inertium,
2806 1370 3116 1427 consolator
3141 1370 3461 1443 lugentium.

2187 1454 2312 1526 Igne
2338 1456 2593 1526 probatus
2621 1460 2888 1515 vario.....
2920 1462 3211 1533 triumpho.

2183 1541 2348 1613 Cujus
2387 1548 2817 1618 inexplicabilem
2864 1562 3063 1608 sonant
3099 1555 3297 1611 saecula
3334 1559 3606 1629 sophiam.

2254 1637 2461 1709 Dignus
2496 1640 2653 1699 valde
2676 1641 2933 1715 fulgidus,
2973 1648 3166 1704 doctor
3189 1651 3373 1707 docuit
3398 1655 3679 1725 gentibus.

2187 1729 2426 1786 Sanctus
2463 1732 2709 1790 Andreas
2736 1737 2993 1805 optimus,
3032 1738 3237 1797 Christi
3272 1745 3415 1817 regis
3447 1750 3755 1819 apostolus.

2109 1815 2157 1875 B
2188 1819 2464 1892 Organum
2506 1826 2680 1880 sancti
2718 1825 2952 1897 Spiritus
2971 1871 2986 1893 ,
3015 1841 3241 1887 ornatus
3272 1815 3717 1897 charismatibus.

2186 1911 2382 1969 Frater
2410 1913 2557 1970 Petri
2589 1919 2845 1988 apostoli,
2880 1920 3113 1979 dictator
3139 1924 3273 1997 legis
3304 1926 3541 1988 Domini.

2188 2004 2365 2061 Mente
2400 2015 2457 2062 et
2484 2009 2632 2064 vultu
2660 2011 2837 2077 herili,
2869 2015 3033 2070 decus
3070 2017 3121 2071 in
3157 2028 3300 2075 statu
3328 2023 3469 2078 virili
3499 2044 3513 2079 :

2187 2096 2498 2155 Przedicans
2522 2101 2574 2155 in
2602 2102 2830 2172 Achaja,
2854 2120 3073 2162 erucem
3096 2124 3289 2179 passus
3310 2114 3411 2169 sub
3440 2116 3606 2189 Egea.

2188 2187 2346 2245 Modo
2371 2201 2564 2263 regnat
2586 2194 2639 2247 in
2671 2195 2839 2266 gloria
2862 2239 2876 2263 ,
2916 2200 3066 2271 regni
3092 2200 3287 2258 habilis
3312 2203 3486 2262 Helia.

2187 2281 2358 2350 Quem
2396 2283 2539 2338 Deus
2565 2278 2633 2339 de
2663 2285 2937 2343 laboribus
2968 2291 3092 2346 vita:
3128 2294 3361 2351 reddidit
3389 2296 3617 2357 floribus

2255 2375 2422 2448 458
2458 2376 2677 2433 Electus
2701 2380 2753 2434 in
2788 2384 3070 2440 cacumine
3105 2387 3329 2445 honoris
3367 2396 3671 2464 apostolice
3698 2440 3712 2456 .

2187 2468 2347 2526 Claro
2371 2468 2545 2525 illuxit
2572 2470 2776 2528 lumine
2798 2475 3059 2531 doctrina:
3085 2482 3410 2553 evangelica:
3438 2526 3454 2549 ,

2185 2561 2421 2620 Jacobus
2448 2566 2832 2624 excelsissima:
2865 2569 3065 2629 Christi
3095 2589 3356 2635 ascensor
3380 2580 3585 2652 gloriae,

2189 2654 2395 2712 Summi
2424 2657 2587 2731 Regis
2612 2661 2843 2733 egregia:
2863 2677 3271 2725 consummator
3295 2673 3556 2731 victoria).

2185 2747 2381 2805 Frater
2399 2747 2625 2807 Joannis
2659 2752 2829 2825 Agtuc,
2863 2759 3245 2833 praeclarasque
3280 2771 3580 2825 memoriae.

2186 2838 2534 2912 Decapitatus
2556 2842 2757 2915 gladio,
2798 2861 3091 2909 coronatus
3122 2858 3385 2928 martyrio
3416 2859 3445 2900 ι’

2908 2965 3039 3021 Vlll.

2332 3082 2355 3111 ο
2396 3071 2823 3135 EPITAPIIIUM
2864 3078 2922 3136 S.
2968 3082 3270 3141 RICHARII
3307 3086 3642 3156 ABBATIS.

2107 3211 2157 3277 ϐ
2185 3178 2281 3218 εευ
2328 3179 2526 3221 VERSUS
2574 3184 2796 3226 HETRICI
2849 3188 3000 3230 JUSSU
3046 3193 3240 3235 CAROLI
3287 3198 3452 3239 κλωπ
3499 3200 3554 3240 IN
3605 3201 3775 3242 ελυει

2254 3251 2408 3277 ΓΔΙῚΕΔ
2444 3254 2606 3277 ΔΙῐΙὶΙῗι
2640 3257 2692 3277 ιν
2713 3258 2854 3277 nan“
2882 3261 3180 3277 ιιυπιΛι-ι-πι-
3209 3269 3331 3277 --..-
3363 3270 3555 3277 _-____-
3596 3272 3775 3277 -A..-_-

2254 3251 2414 3291 CAPSA
2439 3254 2612 3293 AUREA
2639 3257 2692 3295 IN
2713 3258 2854 3305 QUAM
2882 3261 3180 3304 REPOSITU)!
3209 3269 3331 3308 FUIT
3357 3270 3560 3312 ςοιιιιυε
3594 3272 3776 3314 SASC‘"

2257 3321 2517 3375 BICHARII,
2555 3326 2809 3369 LITTERIS
2842 3332 3034 3374 AUREIS
3071 3336 3311 3380 SCULP'II.

2700 3428 2768 3484 In
2798 3432 2971 3501 fronte
3000 3440 3249 3508 sepulcri.

2180 3516 2361 3575 Aurea
2396 3521 2674 3579 cmlestem
2709 3526 3025 3587 thesaurum
3050 3538 3289 3609 contegit
3309 3556 3443 3597 urna
3464 3582 3480 3606 .

2251 3607 2523 3667 Cultorem
2553 3613 2789 3682 Domini,
2816 3622 3034 3679 nomine
3069 3607 3386 3688 liiebarium

2183 3702 2481 3760 Stemmate
2508 3708 2768 3777 praecelsa
2790 3727 2951 3781 quem
2974 3715 3202 3775 Centula
3228 3724 3452 3793 protulit
3480 3726 3585 3784 ista
3604 3768 3622 3795 .

2251 3794 2463 3866 Quique
2486 3796 2591 3854 loci
2613 3810 2801 3872 pastor
2822 3803 3005 3863 floruit
3029 3813 3298 3885 egregius.

2694 3915 2760 3973 In
2800 3920 3013 3977 dextero
3048 3925 3231 3985 latere.

2176 3998 2485 4073 Postposito
2506 4008 2693 4064 mundi
2716 4026 2826 4081 quo
2852 4017 3040 4085 grandi
3064 4018 3214 4077 fulsit
3246 4023 3455 4083 honore

2246 4093 2467 4167 Amplas
2488 4098 2709 4159 divitias
2738 4108 2941 4177 sprevit
2964 4125 3151 4169 amore
3181 4114 3294 4173 Dei.

2177 4180 2276 4239 Hic
2297 4199 2494 4258 corpus
2516 4193 2794 4264 proprium
2818 4196 3075 4272 frangens
3097 4210 3399 4268 certamine
3425 4215 3566 4273 duro
3593 4257 3610 4283 ,

2247 4274 2344 4333 Vir
2368 4279 2489 4350 pius
2514 4291 2569 4338 et
2604 4300 2830 4357 magnus
2852 4304 3071 4364 semper
3095 4300 3147 4352 lu
3176 4301 3309 4357 orbe
3332 4303 3484 4362 eluit.

2581 4396 2648 4452 In
2678 4400 2905 4459 culmine
2935 4423 3076 4465 arat-
3105 4415 3347 4484 desuper.

2174 4479 2271 4538 llic
2303 4482 2467 4540 vitam
2496 4487 2696 4547 functis
2735 4500 3008 4566 reparavit
3034 4544 3049 4566 ,
3086 4479 3290 4563 lumina
3317 4512 3478 4568 caecis

2096 4595 2149 4658 Β
2242 4572 2604 4650 Leprosisque
2636 4583 2782 4641 salus
2810 4587 2914 4643 hoc
2939 4592 3218 4652 refovente
3252 4601 3412 4657 red-it.

2171 4663 2369 4723 Plenus
2406 4673 2717 4740 apostolicis
2748 4678 3038 4740 virtutibus
3074 4695 3237 4759 atque
3266 4691 3495 4763 loquelis

2241 4755 2504 4818 Caelestes
2535 4766 2709 4822 tenuit
2741 4784 2955 4842 semper
2984 4775 3037 4830 in
3069 4755 3167 4835 ore
3197 4755 3381 4854 dapes.

2704 4879 2771 4934 In
2793 4882 3006 4941 sinistro
3030 4886 3213 4946 latere.

2166 4960 2301 5017 Huic
2326 4964 2551 5023 Carolus
2576 4971 2829 5044 princeps
2863 4980 3194 5050 condignum
3223 4996 3407 5044 mente
3431 4988 3665 5065 benigna

2234 5059 2527 5118 Perficiens
2554 5068 2809 5137 templum
2841 5072 3082 5129 cortdi'fit
3109 5117 3123 5140 ,
3158 5086 3213 5132 et
3240 5081 3507 5139 tumulum

468 5139 569 5229 Qui
602 5153 725 5214 post
753 5159 1005 5217 peractos
1029 5154 1180 5235 agios
1207 5156 1382 5213 victor
1406 5165 1708 5221 ascendens
1733 5169 2026 5241 triumphos

2169 5149 2287 5207 Post
2319 5168 2621 5226 sexagenos
2652 5167 2708 5214 et
2737 5171 2957 5219 centum
2984 5167 3208 5224 circiter
3232 5187 3409 5230 annos

465 5224 631 5290 Binos
662 5237 940 5310 bisquinos
963 5224 1244 5312 candidos,
1290 5265 1418 5307 mun
1443 5253 1493 5308 lo
1529 5256 1677 5311 misit
1699 5224 1982 5329 Apostolos
2007 5304 2023 5329 ,

468 5322 707 5415 Quorum
739 5330 1001 5391 immensa
1033 5337 1201 5409 gloria
1232 5343 1515 5415 refulgebit
1539 5347 1592 5402 in
1624 5322 1838 5407 saecula.

535 5414 862 5479 Benedictus
896 5427 1149 5495 primitus
1177 5430 1350 5488 hreres
1370 5414 1574 5493 Christi
1606 5442 1876 5510 vicarius,

466 5504 699 5569 Sanctus
720 5512 913 5575 Petrus
943 5523 1220 5592 apostolus
1255 5528 1429 5583 sancti
1459 5534 1637 5603 gregis
1668 5537 1979 5606 primarius.

538 5645 668 5739 gfx
715 5652 833 5708 eod.
885 5668 985 5711 ms.
1046 5655 1307 5718 Vaticano
1349 5661 1491 5722 3850
1542 5682 1665 5727 swc.
1724 5687 1814 5739 x1,
1858 5674 1949 5733 fol.
1984 5678 2052 5738 45

467 5724 643 5785 verso.
690 5782 695 5785 η

538 5784 565 5825 δ
604 5784 755 5845 Finis
777 5789 829 5849 in
857 5794 975 5853 cod.
1009 5802 1109 5856 ms.

2227 5244 2362 5299 Cum
2389 5245 2600 5305 Domini
2626 5250 2859 5311 famulus
2886 5256 3094 5329 integer
3117 5272 3297 5319 exstat
3322 5266 3517 5325 adhuc.

2708 5365 2775 5420 In
2805 5368 2978 5437 fronte
2999 5374 3212 5443 pedum.

2156 5448 2331 5520 Ipsius
2354 5460 2413 5507 ut
2446 5456 2658 5511 meritis
2684 5461 2861 5530 capiat
2896 5465 3138 5521 C(Blestia
3169 5485 3335 5543 regna
3365 5514 3380 5535 .

2228 5543 2522 5618 Regnaque
2548 5547 2881 5610 Francorum
2905 5573 3044 5629 pace
3073 5562 3292 5632 quietus
3318 5576 3462 5639 agat.

2230 5690 2258 5776 ξ
2453 5683 3201 5776 hlabti‘ll.,§cta_sanctorum,
3399 5718 3459 5767 tt,
3502 5714 3701 5776 pauet
3736 5744 3758 5774 .

2310 5753 2440 5898 1338
2442 5756 2661 5884 etaggt);
2692 5760 3037 5837 Spieilegium
3060 5753 3356 5839 d‘Ac'herii,
3381 5753 3585 5831 ὦῶ.τῆ

2270 5861 2309 5892 .,
2445 5866 2455 5879 .
2595 5864 2607 5882 .

2270 5861 2309 5892 0’
2334 5861 2455 5892 Μ.
2485 5861 2607 5884 νυσι
