4032 6354
304 324 448 387 H89

1044 435 1128 491 ΙΧ.

517 568 814 628 ALBINUS
850 568 939 625 DE
979 566 1253 622 SEPTEM
1288 563 1573 623 SlGlLLlS
1601 578 1649 619 ι.

374 705 614 762 Primum
631 704 885 775 sigillum,
900 703 1172 758 nativitas.
1192 702 1518 765 Secundum,
1534 700 1876 770 baptismum.

303 794 570 859 Tertium,
599 809 749 848 crux.
781 793 1042 863 Quartum
1064 835 1079 856 ,
1124 792 1446 864 sepulcrum.
1486 790 1765 857 Quintum,
1796 804 1882 842 re-

305 888 592 943 surrectio.
627 884 873 949 Sextum,
912 885 1176 939 ascensio.
1224 883 1559 953 Septimum,
1596 879 1879 950 judicium.

303 978 429 1033 llmc
466 984 592 1031 sunt
615 991 689 1029 vn
715 975 853 1029 dona
890 974 1124 1045 Spiritus
1159 974 1350 1028 sancti.
1391 973 1630 1027 Primum
1659 970 1758 1024 fuit
1797 984 1883 1023 sa-

302 1069 529 1140 pientia,
558 1075 620 1121 ut
646 1065 894 1120 Christus
920 1066 985 1121 de
1014 1065 1232 1137 Virgine
1255 1071 1570 1120 nasceretur
1594 1062 1712 1117 sine
1740 1058 1883 1114 virili

303 1158 529 1213 semine.
565 1155 869 1212 Secundum
901 1156 1120 1227 spiritus
1162 1155 1465 1210 intellectus
1513 1152 1613 1207 fuit
1648 1194 1664 1217 ,
1721 1160 1781 1206 ut
1828 1151 1883 1205 in

300 1249 571 1319 baptismo
607 1263 703 1318 per
733 1247 853 1302 illas
903 1257 1012 1302 tres
1044 1248 1215 1302 undas
1262 1246 1661 1301 dimitterentur
1693 1258 1883 1314 pecca-

302 1350 380 1406 ta,
417 1349 479 1395 ut
509 1340 707 1395 dicitur
738 1358 751 1393 :
790 1338 1156 1409 Exspoliantes
1203 1349 1424 1392 veterem
1474 1337 1756 1400 hominem,
1796 1335 1881 1389 in-

302 1431 517 1486 duentes
543 1448 727 1485 novum
757 1430 893 1501 (Col.
921 1444 980 1483 ιιι
1004 1470 1019 1494 ,
1055 1430 1132 1496 9).
1174 1429 1414 1483 Tertium
1451 1428 1659 1483 consilii
1686 1427 1807 1491 fuit,
1825 1434 1884 1480 ut
1944 1492 1951 1495 Α

304 1524 536 1595 Caiphas
561 1523 638 1578 ait
664 1542 678 1578 ι
710 1522 899 1578 Melius
934 1532 1008 1577 est
1037 1531 1088 1575 ut
1114 1539 1247 1575 unus
1274 1523 1532 1575 moriatur
1553 1521 1706 1574 homo
1725 1536 1882 1590 quam

301 1623 411 1667 tota
456 1630 580 1681 gens
631 1622 806 1684 pereat
841 1612 1022 1682 (Joan.
1075 1627 1161 1677 xl,
1209 1611 1320 1681 50).
1372 1610 1631 1677 Quartum
1664 1608 1885 1679 spiritus

302 1700 636 1756 fortitudinis
672 1700 773 1755 fuit
798 1742 813 1764 ,
872 1702 997 1770 quia
1032 1715 1228 1769 corpus
1261 1700 1312 1754 in
1348 1699 1596 1768 sepulcro
1634 1698 1732 1753 fuit
1760 1741 1774 1764 ,
1829 1707 1886 1755 et

1374 318 1521 376 OPP.
1567 314 1964 375 SUPPOSlTA.
2001 341 2070 354 -
2107 311 2493 368 ΡΒτΕΕΑΤΙΟ.

1896 430 1948 487 Δ
1974 424 2093 478 bam
2113 423 2327 479 dissolvi
2361 432 2409 479 et
2444 439 2560 478 cum
2589 420 2796 477 Christo
2830 437 2941 475 esse
2975 418 3142 491 (Phil.
3168 436 3209 483 ι,
3235 417 3348 489 23).
3382 415 3565 489 Septi‘

3422 306 3561 363 H70

1982 530 2128 571 mum
2176 515 2397 584 spiritus
2444 515 2651 569 timoris
2685 512 2822 579 fuit,
2868 511 2993 582 quia
3041 509 3260 580 quando
3298 507 3563 587 Christus

1984 612 2243 659 venturus
2274 606 2378 659 erit
2406 606 2472 659 ad
2500 603 2761 674 judicium
2782 644 2797 668 ,
2847 609 3293 657 remuneraturus
3340 597 3519 669 justos
3546 641 3562 665 ,

1982 694 2203 765 grandis
2235 694 2396 771 timor
2425 695 2801 766 peccatoribus
2830 693 2933 749 erit
2959 734 2976 757 ,
3010 701 3069 746 ut
3116 692 3312 747 dicitur
3341 709 3354 745 :
3384 690 3565 746 Disce-

1983 783 2089 837 dite
2117 802 2149 837 a
2187 800 2287 849 me,
2312 784 2597 843 maledicti.
2632 785 2688 838 in
2712 784 2882 854 ignem
2910 791 3161 837 veternum
3185 781 3201 837 l
3210 779 3401 835 Matth.
3428 795 3556 846 xxv,

1982 874 2094 945 41).
2134 873 2201 927 Et
2232 874 2457 943 reliqua.

2054 965 2160 1020 lsta
2188 978 2395 1035 septem
2414 965 2556 1020 dona
2577 964 2812 1036 Spiritus
2835 965 3006 1021 sancti
3030 964 3246 1019 luerunt
3277 963 3329 1018 in
3355 971 3565 1034 septem

1982 1056 2325 1127 patriarchis.
2367 1054 2642 1128 Sapientia
2677 1057 2731 1111 in
2758 1057 2960 1121 Adam,
2987 1057 3111 1126 quia
3148 1057 3215 1110 ad
3249 1069 3438 1109 omnes
3488 1049 3567 1109 fe-

1983 1164 2096 1213 ras,
2135 1147 2218 1202 vel
2268 1146 2468 1202 bestias
2500 1187 2514 1212 ,
2561 1156 2615 1201 et
2659 1147 2899 1203 volatilia
2944 1148 3100 1214 caeli,
3125 1157 3180 1202 et
3200 1149 3373 1217 pisces
3400 1146 3568 1202 maris

1983 1238 2163 1310 posuit
2193 1238 2431 1302 nomina,
2469 1247 2529 1292 et
2562 1238 2768 1308 primus
2794 1239 3056 1310 propheta
3092 1238 3194 1292 fuit
3218 1280 3233 1304 ,
3282 1246 3342 1292 ut
3385 1237 3562 1293 dixit:
3622 1234 3623 1237 “

1984 1328 2100 1384 Hoc
2136 1345 2273 1382 nunc
2309 1345 2366 1381 os
2400 1344 2463 1382 ea:
2499 1328 2699 1382 ossibus
2730 1329 2886 1394 meis,
2916 1338 2965 1382 et
2994 1346 3117 1383 caro
3163 1329 3227 1383 de
3262 1345 3420 1383 carne
3449 1343 3573 1383 mea

1988 1417 2142 1493 (Gen.
2181 1436 2242 1485 ιι,
2275 1420 2387 1490 25).
2423 1420 2732 1475 Intellectus
2758 1421 2813 1474 in
2845 1419 2976 1485 Noe,
3005 1419 3098 1488 qui
3126 1434 3308 1474 arcam
3336 1418 3571 1473 fabrica-

1986 1512 2067 1566 vit
2093 1511 2147 1566 in
2174 1511 2373 1566 diluvio
2406 1521 2460 1565 et
2488 1511 2817 1583 gubernavit.
2848 1511 3142 1567 Consilium
3194 1511 3248 1565 in
3302 1510 3568 1565 Abraham

1987 1610 2045 1655 ut
2073 1602 2268 1657 dicitur
2299 1619 2311 1656 :
2346 1599 2452 1656 Exi
2486 1601 2549 1656 de
2573 1613 2711 1658 terra
2749 1586 2839 1657 tua
2874 1613 2921 1657 et
2958 1604 3021 1657 de
3044 1602 3350 1674 cognatione
3371 1611 3487 1666 tua,
3514 1610 3565 1656 et

1987 1692 2051 1746 de
2087 1693 2240 1747 domo
2267 1689 2448 1765 PaLris
2476 1694 2554 1745 tui
2586 1690 2737 1765 (Gen.
2764 1709 2861 1759 xn,
2893 1693 2969 1765 1).
3000 1692 3283 1763 Fortitudo
3313 1691 3366 1746 in
3393 1689 3565 1755 Isaac,

300 1790 552 1848 Christus
576 1792 812 1863 alligavit
838 1792 1108 1846 diabolum
1144 1793 1198 1845 in
1250 1790 1459 1845 inferno
1488 1832 1502 1856 ,
1536 1800 1591 1845 et
1621 1791 1742 1846 illas
1769 1792 1887 1846 ani-
1915 1782 1963 1843 Β
1987 1785 2115 1855 quia
2145 1782 2393 1839 inimiccﬂ
2421 1783 2627 1838 dilexit.
2663 1784 2900 1838 Scientia
2942 1784 2996 1839 in
3025 1783 3211 1848 Jacob,
3241 1784 3367 1853 quia
3397 1782 3565 1838 bene-

302 1897 423 1937 mas
452 1899 571 1953 qum
593 1883 664 1937 ibi
690 1883 886 1953 injuste
900 1884 1299 1948 detinebantur,
1314 1883 1529 1937 reduxit
1547 1884 1614 1938 ad
1636 1899 1882 1955 regnum,

302 1981 357 2028 et
388 1971 648 2028 Dominus
680 1975 969 2029 momordit
1017 1973 1303 2028 infernum.
1362 1973 1618 2040 Quintum
1662 1976 1884 2045 spiritus

302 2063 543 2119 scientiae
571 2064 689 2129 fuit,
719 2066 843 2134 quia
876 2080 999 2119 cum
1027 2066 1411 2119 resurrexisset
1432 2079 1463 2118 a
1495 2066 1745 2129 mortuis,
1785 2082 1881 2121 nos

303 2152 431 2209 fecit
460 2156 682 2209 credere
717 2165 771 2210 et
799 2171 1102 2227 resurgere,
1136 2156 1260 2226 quia
1294 2170 1484 2211 omnes
1514 2171 1879 2227 resurgemus,

302 2252 363 2297 ut
391 2244 592 2297 dicitur
616 2261 632 2299 :
667 2244 928 2315 Exsurge,
953 2246 1171 2301 Domine
1196 2287 1210 2310 ,
1243 2256 1299 2300 tu
1329 2257 1376 2300 et
1404 2265 1528 2301 arca
1578 2247 1880 2316 sanctiﬁca-

304 2332 460 2385 tionis
490 2342 595 2387 tua:
620 2332 793 2404 (Psal.
827 2350 1015 2400 cum,
1040 2338 1115 2407 8).
1158 2336 1385 2391 Sextum
1423 2338 1643 2407 spiritus
1666 2336 1884 2407 pietatis

304 2419 565 2491 l'uit,qnia
590 2438 713 2478 cum
738 2423 987 2479 Christus
1014 2425 1255 2480 ascendit
1289 2427 1356 2480 ad
1378 2427 1596 2491 coelum,
1614 2435 1667 2480 et
1690 2427 1883 2481 animas

300 2511 566 2580 justorum
599 2515 898 2571 ascendunt
925 2517 990 2569 ad
1014 2529 1159 2582 eum,
1189 2527 1246 2572 ut
1276 2516 1474 2571 Paulus
1504 2517 1634 2572 dicit
1671 2534 1683 2570 :
1719 2516 1883 2589 Opta-

1988 1874 2127 1930 dixit
2163 1890 2287 1929 eum
2316 1874 2537 1945 angelus
2564 1874 2805 1940 Domini,
2835 1882 2891 1928 et
2915 1872 3048 1928 dixit
3076 1873 3126 1927 ei
3160 1886 3174 1925 :
3206 1871 3329 1925 Non
3354 1870 3569 1925 vocabe-

1988 1967 2062 2020 ris
2076 1964 2216 2019 ultra
2231 1963 2421 2030 Iacob,
2435 1964 2525 2018 sed
2542 1963 2714 2018 Israel
2729 1965 2825 2018 erit
2850 1980 3034 2023 nomen
3055 1973 3199 2017 tuum
3216 1960 3369 2033 (Gen.
3391 1975 3566 2025 xxxu,

1987 2056 2098 2129 28).
2132 2056 2311 2111 Pietas
2341 2056 2394 2111 in
2424 2055 2640 2128 Moysen
2666 2098 2682 2123 ,
2706 2057 2831 2125 quia
2877 2056 3015 2110 dixit
3041 2074 3054 2108 :
3086 2053 3214 2108 Dele
3239 2070 3319 2107 me
3348 2054 3413 2108 de
3436 2053 3569 2108 libro

1986 2150 2265 2205 viventium
2297 2148 2495 2221 (Exod.
2516 2148 2813 2219 xxxn,52),
2841 2147 2931 2202 ubi
2964 2162 3049 2203 me
3077 2145 3361 2216 scripsisti.
3384 2144 3573 2198 Timor

1987 2246 2043 2300 in
2080 2244 2269 2311 David,
2319 2245 2445 2314 quia
2497 2245 2675 2298 timuit
2705 2243 2875 2298 Deum
2899 2284 2913 2308 ,
2963 2240 3177 2313 quando
3204 2238 3333 2295 Saul
3369 2240 3421 2295 in
3449 2253 3572 2310 spe-

1983 2335 2199 2391 luncam
2246 2336 2491 2391 introivit
2546 2344 2793 2390 ventrem
2839 2349 3098 2405 purgare,
3139 2341 3194 2388 et
3238 2331 3352 2402 ipse
3391 2330 3565 2385 dixit:

1986 2428 2174 2493 Absit,
2204 2437 2261 2481 ut
2291 2429 2495 2482 mittam
2536 2444 2750 2483 manum
2784 2442 2957 2482 meum
3005 2426 3063 2480 in
3105 2432 3321 2479 unctum
3357 2421 3570 2479 Domini

1986 2518 2039 2590 (Ι
2070 2518 2198 2591 Reg.
2224 2534 2372 2587 xxvx,
2402 2519 2509 2591 ll).

379 2645 507 2701 “Ex
535 2647 654 2703 cod.
682 2662 782 2703 ms.
834 2646 953 2703 Vat.
1008 2664 1129 2703 saec.
1186 2663 1240 2703 xi
1265 2690 1280 2715 ,
1325 2664 1474 2703 num.
1522 2647 1695 2715 5096,
1725 2648 1817 2704 fol.
1849 2650 1884 2704 5
1920 2664 2102 2707 verso.

318 2781 3566 2827 Μ

927 2926 1508 3039 unum
1584 2856 2229 3042 nunc:
2305 2926 2961 3040 annm:

1862 3139 1993 3198 SEU

1474 3325 2399 3487 ALCUINI

1319 3591 1658 3655 CAROLI
1722 3593 2019 3657 MAGNI
2075 3594 2529 3659 MAGISTRI

726 3788 1019 3946 rus
1124 3786 1461 3945 NONll.
1543 3855 1662 3883 -
1759 3724 2343 3945 trusum
2450 3791 3107 3953 SUPPlSIl‘A.
3204 3696 3263 3714 ”

1550 4125 1715 4199 [‘59
1772 4142 2330 4222 PRIEFATIO.

1783 4282 2103 4299 (—

383 4339 498 4395 Non
528 4336 854 4419 intendimus
879 4338 1055 4419 omnia
1082 4339 1171 4419 illa
1200 4340 1456 4419 0pnseu_la
1485 4342 1591 4419 huc
1615 4342 1881 4409 conferre,

309 4427 429 4481 qua:
460 4424 489 4463 a
519 4409 835 4481 quibusdam
873 4409 1257 4481 scriptoribus,
1298 4428 1363 4465 ex
1402 4412 1606 4468 levibus
1638 4429 1885 4468 nonnun-

311 4478 473 4551 quam
521 4478 844 4547 eonjecturis
870 4520 884 4543 ,
933 4478 1089 4553 beato
1126 4480 1352 4536 Alenino
1392 4493 1651 4553 tanquam
1682 4484 1887 4538 auctori

312 4550 545 4612 tributa;
593 4559 685 4603 aut
714 4565 832 4620 quae
869 4552 920 4604 in
960 4550 1277 4621 quibusdam
1314 4550 1591 4608 codicibus
1632 4570 1759 4609 mss.
1795 4570 1888 4609 seu

312 4638 379 4695 exi
420 4621 708 4695 imperitia,
749 4636 846 4695 seu
880 4636 945 4675 ex
985 4622 1242 4695 precipiti
1275 4623 1477 4695 judicio
1509 4624 1885 4689 librariorum,

311 4694 453 4747 illius
490 4691 705 4745 nomine
741 4692 1000 4762 insignita
1032 4692 1180 4747 fuere
1203 4735 1217 4759 ,
1266 4691 1409 4750 nunc
1455 4711 1583 4749 vero
1618 4696 1888 4751 communi

310 4763 646 4837 eruditorum
672 4761 960 4837 ealcuload
984 4762 1114 4817 alios
1139 4765 1433 4835 scriptores
1457 4766 1726 4837 pertinere
1748 4782 1890 4821 com-

311 4835 643 4905 probantur.
692 4833 833 4905 Inter
877 4834 991 4887 haec
1022 4833 1373 4905 recensennus
1418 4833 1591 4905 primo
1636 4837 1889 4891 Humilia-

312 4902 490 4979 rjum,
538 4902 1063 4979 multnt_ie5_s:eeulis
1093 4917 1355 4979 xyetxvt
1404 4902 1545 4978 typis
1591 4908 1883 4979 vulgatum.

312 4973 443 5029 Illud
479 4975 621 5028 enim
658 4989 689 5028 a
719 4972 883 5027 Paulo
910 4973 1241 5031 Warnefridi
1276 4972 1501 5032 diacono
1533 4986 1586 5032 et
1622 4972 1888 5033 monacho

313 5045 626 5100 Cassinensi
660 5047 893 5114 primum
917 5045 1258 5114 compilatum
1296 5045 1459 5102 fuisse
1487 5064 1551 5103 ex
1576 5047 1748 5103 Caroli
1782 5048 1889 5101 Ma-

302 5117 405 5193 gni
444 5115 666 5193 epistola
691 5156 706 5179 ,
751 5114 1213 5193 et_i_p.s_ius__Panl‘i
1248 5117 1491 5193 versibus
1542 5119 1887 5193 inueditione

312 5184 619 5258 Coloniensi
656 5186 782 5240 anni
816 5184 958 5258 1551
994 5185 1337 5258 (Patrologia:
1374 5188 1701 5255 tomoXCV)
1750 5204 1887 5258 prae-

314 5254 524 5326 ﬁxisin
557 5265 741 5326 aperto
770 5264 870 5310 est.
916 5254 1287 5310 Homiliarium
1322 5272 1467 5321 vero,
1499 5254 1640 5326 quod
1672 5254 1889 5312 beatum

312 5325 602 5382 Alcuinum
648 5326 850 5395 pariter
898 5327 1107 5381 duobus
1150 5325 1522 5380 voluminibus
1558 5342 1623 5380 ex
1669 5326 1889 5380 Patrum

315 5397 533 5466 scriptis
562 5396 841 5467 collegisse
875 5396 1120 5451 meminit
1145 5395 1277 5450 Vita:
1315 5396 1456 5450 illius
1500 5398 1748 5467 scriptor,
1796 5406 1888 5450 aut

316 5468 372 5523 in
405 5467 600 5537 [luteis
632 5466 927 5537 etiamnum
951 5466 1235 5531 delitescit,
1251 5476 1342 5520 aut
1362 5471 1580 5521 omnino
1602 5466 1777 5537 periit,
1797 5476 1890 5521 aut

315 5536 625 5607 nunquam,
672 5538 813 5608 quod
841 5536 986 5591 salva
1018 5537 1120 5591 title
1152 5537 1360 5607 praefati
1391 5536 1669 5608 scriptoris
1702 5538 1887 5606 opina-

316 5606 463 5669 mur,
508 5606 736 5679 pennam
788 5609 929 5662 beati
974 5608 1183 5679 Aleuini
1231 5608 1532 5679 occupavit.
1585 5626 1604 5659 ι
1637 5606 1827 5671 Certe,
1862 5628 1880 5661 ι

318 5678 591 5750 inquit’D.
626 5678 820 5744 Rivet.,
849 5688 978 5750 tom.
1003 5678 1069 5733 ιν
1100 5678 1234 5735 Hist.
1265 5679 1344 5734 lit.
1372 5678 1634 5745 Francia},
1658 5694 1711 5750 p.
1739 5679 1877 5744 557,

325 5767 345 5800 ι
378 5748 641 5805 industria
674 5750 765 5806 illa
794 5761 916 5819 post
944 5748 1092 5805 Pauli
1124 5750 1335 5806 diaconi
1359 5748 1761 5818 Collectionem,
1788 5750 1881 5823 qui

1915 4348 1961 4409 c
1992 4344 2149 4398 beato
2183 4339 2409 4419 alcuino
2443 4347 2944 4419 contemporaneus
2996 4342 3097 4398 fuit
3118 4385 3137 4419 ,_
3184 4353 3342 4419 plane
3377 4361 3568 4419 super-

1989 4428 2158 4485 val-ua
2184 4410 2394 4485 fuisset.
2416 4429 2444 4485 _i
2483 4407 2886 4485 Neque'similis
2914 4422 3091 4485 exstat
3116 4407 3289 4485 jussio
3316 4431 3347 4471 a
3375 4407 3570 4475 Ca'rolo

1992 4483 2182 4559 Magno
2207 4481 2346 4535 facta
2369 4479 2613 4543 Alcuino,
2640 4480 2816 4559 qualis
2842 4491 3018 4559 exstat
3044 4479 3184 4559 facta
3212 4486 3394 4559 Paulo,
3419 4488 3571 4559 cujus

1990 4550 2349 4627 fragmentum
2376 4567 2467 4627 __ex
2516 4550 2806 4627 veterrima
2860 4555 3045 4627 codice
3096 4556 3351 4627 Augiensi
3382 4550 3569 4627 Vedi'uit

1991 4620 2512 4692 Mabilloniusulibro
2558 4636 2683 4692 sxw
2715 4620 2906 4692 Annal.
2939 4620 3253 4692 Bened.,'n.
3282 4628 3369 4683 62.
3423 4626 3569 4684 Fieri

2027 4694 2163 4767 otuit
2211 4701 2270 4746 ut
2321 4690 2416 4767 illa
2454 4690 2603 4745 Pauli
2637 4691 2893 4767 Collectio
2930 4690 3181 4767 deinceps
3227 4697 3295 4753 ab
3336 4696 3570 4755 Alcuiuo

2014 4765 2153 4819 'uerit
2204 4762 2512 4836 recognita,
2570 4772 2663 4814 aut
2697 4763 2764 4815 ad
2799 4763 3057 4836 quosdam
3091 4762 3294 4824 amicos
3322 4770 3525 4824 directa
3549 4810 3565 4836 ,

1990 4836 2170 4890 addita
2202 4849 2297 4889 sua
2326 4830 2583 4906 epistola;
2628 4847 2747 4906 quae
2777 4834 3001 4906 posthac
3028 4838 3276 4906 scriptori
3309 4839 3444 4893 Vita:
3477 4830 3568 4894 oc;

1990 4907 2259 4978 casionem
2292 4903 2532 4972 prtebere
2560 4902 2750 4978 potuit,
2778 4911 2835 4955 ut
2868 4902 3155 4978 immaturo
3182 4909 3385 4978 judicio
3420 4907 3565 4962 illam

1990 4976 2217 5045 Alcuino
2247 4971 2524 5045 tanquam
2585 4971 2760 5040 primo
2819 4974 3151 5043 compilatori
3182 4971 3563 5045 'adjudicaret.

1990 5043 2261 5114 Quidquid
2286 5057 2415 5123 vero
2444 5042 2516 5123 sit
2537 5082 2552 5106 ,
2589 5056 2776 5123 operae
2808 5042 3039 5123 pretium
3070 5045 3209 5123 haud
3239 5042 3353 5100 fore
3382 5046 3569 5101 existi-

1992 5111 2233 5185 ruamus,
2288 5112 2435 5166 hisee
2480 5112 2624 5166 beati
2672 5111 2880 5185 Aleuini
2930 5113 3191 5185 Operibus
3239 5131 3303 5169 ea
3351 5130 3566 5185 quoque

1990 5184 2294 5309 ambigiscere
2332 5197 2452 5251 quae
2494 5196 2602 5235 non
2648 5182 2753 5237 nisi
2785 5182 3017 5253 aliquem
3054 5186 3297 5240 ordinem
3336 5182 3566 5242 Κιευὶηο

2026 5270 2055 5308 e
2128 5261 2205 5308 nt.

2026 5261 2205 5308 ebent.

2060 5323 2205 5394 Idem
2232 5321 2518 5394 dicendum
2552 5321 2827 5394 dehLibro,
2865 5339 3025 5394 quem
3060 5335 3282 5390 vocant,
3322 5324 3562 5393 Comitis,

1990 5393 2258 5467 Epistolas
2301 5402 2355 5447 et
2396 5392 2683 5467 Evangelia
2723 5410 2821 5464 per
2850 5392 3053 5467 annum
3082 5396 3147 5467 in
3172 5395 3409 5467 singulos
3448 5392 3566 5467 dies

1991 5464 2277 5519 distributa
2301 5465 2628 5534 continente,
2654 5479 2812 5533 quem
2837 5465 3051 5534 quidem
3080 5481 3110 5519 a
3136 5464 3293 5520 beato
3313 5465 3562 5533 Alcuino,

1983 5536 2138 5605 jussu
2154 5534 2341 5605 Caroli
2354 5532 2526 5603 Magni
2550 5532 2883 5605 emendatum
2903 5533 3086 5601 fuisse,
3108 5551 3216 5590 non
3238 5532 3565 5605 veroprimo

1989 5603 2292 5678 confectum
2331 5604 2525 5675 legitur
2551 5605 2608 5678 in
2639 5605 2825 5678 codige
2852 5603 3172 5678 carnulensi
3202 5608 3342 5678 apud
3378 5603 3567 5661 litabil-

1989 5677 2191 5734 lonium
2220 5675 2359 5731 libro
2385 5674 2510 5731 xxv:
2535 5674 2725 5729 Annal.
2756 5674 2978 5741 Bened.,
3007 5693 3153 5732 num.
3187 5674 3275 5733 δί.

2057 5745 2424 5804 Omittendum
2476 5746 2681 5815 pariter
2733 5744 2786 5797 in
2842 5744 2942 5799 hac
2997 5748 3229 5804 editione
3277 5763 3563 5808 censemus
