4032 6354
307 297 447 356 1178

1072 252 1082 264 ”
1117 301 1265 358 ora.
1305 265 1704 360 sbrrosm.
1745 327 1819 346 -
1851 301 1980 360 ιω.
2020 300 2110 360 nr.
2143 299 2396 360 DlVlle
2429 302 2734 363 ornans.

3421 271 3570 364 itit-

615 430 737 472 οπο
770 430 1098 498 anonymum
1138 415 1368 498 Aleuin
1406 417 1874 498 antiquioremaet
1902 419 1956 482 Α
1977 416 2048 471 ad
2081 415 2337 498 Carolum
2369 416 2618 498 Magnum
2640 419 3554 498 imperatoremheumquibusdam

305 486 374 559 ab
398 485 542 559 illius
573 495 830 544 consueto
855 485 995 558 ston
1023 486 1182 559 plane
1212 485 1628 558 discrepantem.
1661 487 1757 544 Cui
1791 485 1876 559 ju-

307 556 450 630 dic_i_o
470 565 726 630 gnostrum
756 556 970 628 quoque
1004 556 1303 630 atljicimus.

377 625 480 699 Hic
511 627 676 698 igitur
709 625 852 683 inter
882 625 1225 699 supposititia
1265 625 1478 683 Alcuini
1509 625 1768 699 opuscula
1812 643 1878 683 ea

303 697 647 769 potissimum
677 697 1017 769 exhibemus,
1033 715 1162 769 quae
1183 698 1251 752 cl.
1282 697 1655 766 Quercetahus
1689 698 1880 768 prima:

302 767 526 822 editioni
548 769 785 838 Operum
809 770 952 824 beati
975 767 1185 824 Alcuini
1212 769 1378 824 variis
1399 769 1532 824 locis
1553 767 1799 831 inseruit,
1823 776 1878 823 et

303 851 423 906 quae
454 854 484 892 a
531 839 664 894 viris
706 840 930 894 eruditis
966 841 1128 894 etiam
1165 839 1219 894 in
1266 839 1368 895 hac
1419 849 1600 895 nostra
1643 839 1877 894 editione

301 917 523 1034 sussciri
571 909 883 964 desiderari.
931 907 1173 993 Primum
1221 911 1338 998 erit,
1393 907 1632 992 liber_de
1680 909 1877 989 divinis

351 975 544 1034 fﬂctts:
578 980 828 1034 alterum.
859 981 1087 1034 emstola
1129 983 1196 1034 de
1236 981 1587 1034 Caeremonns
1616 978 1877 1034 Banttsml

351 975 544 1045 (liciis;
578 980 828 1047 alterum,
859 981 1087 1052 epistola
1129 983 1196 1035 de
1236 980 1587 1036 Caeremoniis
1616 978 1878 1050 Baptisml

1979 491 2240 544 connexis
2261 487 2480 560 noviter
2494 487 2752 560 repertis;
2780 489 3022 560 tertium,
3053 489 3177 560 Vita
3201 487 3554 560 Antichristi;

1979 563 2258 629 quartum,
2292 559 2527 614 homiliae
2553 559 2618 629 de
2641 559 2922 629 nativitate
2952 559 3185 623 Domini,
3211 561 3277 614 de
3303 559 3559 629 puriﬁca-

1978 629 2126 682 tione
2153 628 2213 682 Β.
2246 629 2310 684 γ.
2340 629 2407 684 Μ.
2441 631 2508 684 de
2543 628 2837 684 Nativitate
2863 627 3104 698 ejusdem
3130 638 3184 684 et
3210 629 3284 684 de
3304 627 3558 684 omnibus

1978 698 2218 764 sanctis;
2256 701 2530 768 quintum,
2564 699 2816 754 Carmina
2862 702 3108 768 quaedam
3157 715 3294 769 quae,
3329 700 3418 754 ubi
3444 700 3560 756 ﬁeri

1981 769 2174 838 potuit,
2195 770 2277 839 ad
2308 785 2435 823 suos
2465 779 2714 825 auctores
2735 769 3060 824 referuntur.
3089 770 3171 825 Ad
3207 769 3416 839 singula
3444 772 3558 825 haec

1981 838 2242 910 opuscula
2289 839 2585 910 addemus,
2603 856 2752 894 more
2793 850 2997 903 nostro,
3027 841 3227 894 monita
3253 838 3352 910 pro
3378 839 3558 894 erudi-

1983 907 2129 990 tione
2164 919 2258 963 aut
2300 907 2517 990 illorum
2553 908 2912 967 illustratione
2957 907 3271 966 servientiai
3307 909 3391 965 Sit
3429 924 3561 981 ergo

1984 988 2201 1033 intttnm
2229 995 2258 1033 a
2288 988 2485 1050 primo.

827 1283 1022 1482 DE
1120 1201 1718 1417 DIVINIS
1813 1279 2482 1412 OFFICIIS
2574 1285 3088 1415 LIBER.

620 1615 779 1688 461
829 1614 1146 1672 MONITUM
1191 1613 1549 1672 PREVIUM.

365 1725 472 1784 iste
492 1725 558 1782 de
584 1725 778 1782 divinis
819 1725 1024 1784 Ofﬁciis
1057 1729 1197 1783 liber
1217 1727 1394 1798 primo
1419 1729 1518 1784 sub
1542 1726 1752 1782 Alcuini
1779 1743 1878 1784 no-

293 1799 464 1863 mine,
489 1799 630 1853 inter
664 1798 765 1852 alia
785 1798 1024 1865 ejusdem
1053 1799 1265 1868 generis
1291 1800 1491 1867 scripta
1509 1799 1754 1868 vulgatus
1777 1800 1878 1858 fuit

297 1868 534 1940 Colonia
561 1883 706 1940 annq
733 1868 870 1924 1568
901 1885 1028 1924 cura
1063 1869 1367 1925 Melchioris
1389 1869 1685 1940 Historpii;
1715 1886 1876 1940 quem

295 1939 550 2012 deinceps
563 1937 637 2012 _I_).
670 1937 1038 2012 Quercetanus
1067 1940 1188 2012 inde
1210 1941 1534 2012 descriptum
1574 1937 1820 2012 collectis
1843 1959 1874 1997 a

293 2025 356 2064 se
379 2007 519 2064 beati
549 2007 758 2063 Alcuini
797 2007 1060 2080 Operibus
1111 2011 1358 2076 inseruit,
1383 2007 1578 2066 additis
1607 2011 1876 2068 nonnullis

293 2081 730 2153 correctionibus
754 2089 812 2134 et
829 2081 1358 2153 integrisgduodecim
1387 2082 1659 2153 capitulis,
1686 2084 1754 2137 ad
1783 2099 1876 2138 ve-

292 2149 426 2205 tusti
448 2151 655 2206 codicis
679 2167 781 2208 ms.
813 2149 993 2208 ﬁdem.
1046 2151 1272 2207 Fatetur
1311 2149 1555 2209 vero'cl.
1607 2154 1784 2208 editor
1816 2155 1874 2210 in

292 2217 616 2292 Praefatione
661 2237 777 2292 sua,
811 2239 958 2278 num.
1009 2224 1071 2276 l7
1117 2227 1260 2279 circa
1293 2222 1485 2288 ﬁnem,
1527 2223 1871 2292 conjecturas

294 2291 394 2345 sibi
425 2291 682 2360 quasdam
719 2289 944 2358 haerere,
975 2293 1116 2347 hunc
1148 2293 1341 2347 librum
1374 2295 1442 2347 ab
1480 2289 1704 2348 Alcuino
1734 2310 1870 2349 nun-

293 2377 452 2432 quam
485 2361 650 2417 fttlsse
694 2363 1083 2431 conscriptum;
1121 2381 1137 2412 ε
1171 2364 1530 2418 Auctorenim
1559 2364 1700 2419 illius
1723 2404 1737 2430 ,
1781 2366 1868 2419 in-

291 2434 428 2505 quit,
463 2433 712 2505 quisquis
734 2435 828 2498 sit,
853 2433 1037 2505 Galliae
1082 2434 1356 2502 Bracwtge
1387 2434 1616 2505 incolam
1646 2450 1704 2488 se
1751 2450 1870 2505 pro-

291 2504 475 2576 ﬁtetur
494 2504 631 2575 (cap.
649 2504 747 2576 Δ58)
758 2504 1152 2576 exemplarque
1170 2513 1382 2560 vetusto
1407 2504 1544 2576 stylo
1561 2504 1863 2574 exaratum,

292 2570 445 2640 cujus
466 2570 598 2646 ope
630 2570 912 2646 duodecim
927 2570 1190 2646 _capitula
1245 2570 1826 2646 integra'restituimus
1849 2570 1864 2644 ,

288 2643 640 2714 questionem
670 2643 1036 2715 deﬁatalitiis
1062 2643 1381 2700 sanctorum
1399 2661 1516 2715 cap.
1553 2647 1618 2700 18
1644 2643 1868 2715 subjun-

289 2722 430 2787 ctam
467 2715 690 2787 ascribit
730 2714 970 2786 Εἰρενίεο
1009 2717 1299 2779 monacho,
1330 2717 1422 2786 qui
1465 2714 1622 2787 juxta
1653 2714 1868 2772 Trithe-

287 2784 458 2857 {nium
482 2783 662 2857 ﬂoruit
701 2783 842 2841 anno
881 2786 1036 2840 1040.
1070 2787 1136 2842 Et
1175 2783 1390 2842 demum
1421 2783 1484 2841 in'
1517 2803 1605 2853 eo,
1639 2802 1757 2857 cap.
1795 2788 1868 2842 32

288 2851 599 2911 festivitatis
647 2858 888 2910 omnium
927 2867 1234 2912 sanctorum
1297 2857 1564 2913 institutio
1591 2851 1864 2914 Kalendis

288 2919 682 2998 Novembribus
712 2935 1042 2981 memoratur
1065 2969 1080 2991 ,
1111 2943 1217 2997 quo
1246 2928 1330 2998 die
1352 2937 1527 2983 tamen
1559 2944 1680 2983 eam
1708 2929 1862 2998 longe

285 3004 409 3066 post
439 2996 650 3051 Alcuini
672 2999 874 3052 obitum
909 3000 961 3052 in
992 2996 1164 3053 Gallia
1193 3007 1248 3054 et
1272 2997 1559 3053 Germania
1597 2996 1859 3054 celebrari

1905 1597 1955 1657 Β
1981 1591 2218 1648 cundum
2261 1590 2396 1646 alios
2429 1606 2576 1658 vero,
2607 1607 2750 1650 anno
2777 1594 3068 1666 quinquies
3108 1596 3419 1664 millesimo.
3441 1615 3567 1659 cen-

1983 1680 2177 1734 tesimo
2212 1679 2562 1759 nonagesimo
2620 1695 2799 1744 nono,
2861 1683 2953 1752 qui
3001 1692 3085 1739 est
3135 1701 3308 1742 anuus
3349 1686 3564 1759 imperii

1978 1766 2259 1824 Octaviani
2281 1749 2508 1823 CQsaris
2531 1767 2756 1837 Augusti
2782 1749 3228 1844 quadragesimus
3270 1749 3562 1846 secundus,

1975 1875 2082 1932 quo
2113 1859 2442 1929 compressis
2462 1867 2780 1914 cunctarum
2811 1877 2908 1930 per
2931 1863 3117 1919 orbem
3146 1874 3303 1920 terrm
3321 1869 3562 1938 gentium

1978 1952 2234 2016 motibus,
2265 1951 2632 2006 ﬁrmissimam
2663 1967 2875 2022 pacem,
2905 1955 3187 2011 ordinante
3219 1958 3328 2013 Deo
3357 1957 3516 2014 Patre
3545 2001 3558 2026 ,

1972 2045 2130 2102 Iesus
2158 2045 2406 2102 Christus
2428 2053 2636 2099 sextam
2671 2045 2852 2100 mttndi
2879 2053 3093 2102 aetatem
3149 2063 3249 2102 suo
3277 2062 3562 2106 consecra-

1974 2137 2052 2192 vit
2077 2137 2333 2192 adventu.
2379 2134 2645 2203 Quocirca
2673 2151 2969 2208 congruum
2990 2147 3128 2202 erat,
3157 2148 3218 2194 ut
3235 2156 3337 2210 pax
3363 2155 3459 2211 per
3480 2149 3564 2197 to-

1973 2236 2088 2283 tum
2121 2226 2311 2282 orbem
2340 2227 2636 2282 constituta
2670 2236 2836 2293 esset,
2867 2236 2922 2283 et
2967 2230 3212 2285 homines
3259 2231 3563 2303 perduelles

1971 2326 2248 2374 cessarent
2273 2333 2304 2372 a
2331 2317 2489 2372 bellis
2515 2327 2569 2372 et
2599 2318 2916 2374 inimicitiis.
2938 2320 3048 2376 Vite
3072 2336 3288 2392 quoque
3309 2321 3553 2392 publica

1969 2418 2100 2466 tunc
2137 2418 2265 2465 tuta:
2295 2409 2412 2464 ﬁeri
2437 2417 2561 2464 sunt
2582 2408 2769 2477 jussaa,
2806 2411 2933 2480 quia
2962 2411 3244 2467 verissima
3292 2411 3376 2467 via
3405 2413 3564 2469 debe-

1967 2503 2062 2560 bat
2087 2503 2237 2560 nasci
2265 2523 2278 2558 :
2308 2512 2364 2559 et
2391 2513 2449 2558 ut
2469 2505 2537 2560 ab
2561 2505 2812 2560 omnibus
2853 2507 3118 2576 potuisset
3136 2507 3375 2578 agnosci,
3398 2507 3562 2563 homo

1968 2596 2088 2652 ﬁeri
2119 2597 2369 2668 dignatus
2404 2606 2504 2652 est.
2554 2597 2624 2656 Ut
2654 2600 2799 2654 enim
2832 2599 2952 2656 illos
3007 2599 3394 2670 alloqueretur,
3429 2600 3562 2658 Ver-

1965 2687 2096 2744 bum
2124 2703 2254 2744 caro
2277 2687 2482 2744 factum
2514 2703 2615 2745 est.
2645 2688 2750 2746 Sed
2775 2699 3064 2760 antequam
3102 2708 3169 2758 ex
3199 2693 3406 2764 virgine
3433 2706 3560 2748 nas-

1967 2789 2205 2845 ceretur,
2236 2787 2486 2849 portenta
2510 2789 2565 2834 et
2594 2780 2746 2852 signa
2775 2781 2827 2834 in
2858 2781 2999 2836 coelo
3025 2789 3080 2837 et
3103 2782 3156 2835 in
3187 2790 3331 2837 terra
3369 2791 3560 2853 patue-

1969 2877 2117 2924 runt.
2145 2867 2391 2936 Quadam
2428 2885 2658 2940 namque
2682 2869 2768 2924 die
2796 2885 2918 2924 cum
2949 2867 3130 2924 Caesar
3172 2867 3447 2942 Augustus
3468 2886 3561 2925 ur-

1966 2962 2090 3017 bem
2117 2961 2346 3016 Romam
2379 2962 2773 3033 ingrederetur,
2801 2965 2935 3018 hora
2973 2964 3191 3018 circiter
3215 2963 3320 3018 diei
3353 2963 3510 3018 tertia
3542 3002 3560 3030 ,

287 3050 536 3140 ὶωρξεεε,
569 3050 778 3140 spinea
794 3050 960 3140 '35.“;
986 3050 1860 3140 έεεῖζχὲίᾷέβέίςῖδξ(ῥηίέδίζ
1891 3050 1936 3113 C
1966 3063 2188 3125 repente
2209 3054 2414 3125 liquido
2437 3070 2502 3108 ac
2530 3069 2725 3136 sereno
2754 3055 2894 3110 ccelo
2937 3055 3110 3109 instar
3133 3071 3294 3110 arcus
3315 3055 3556 3112 caelestis

286 3139 473 3211 scitur.
511 3158 529 3190 ι
574 3138 679 3211 Sed
704 3141 818 3211 tunc
845 3139 1030 3211 ultima
1061 3141 1198 3195 ratio
1227 3138 1437 3196 inlirma
1463 3149 1743 3211 cst,prout
1767 3157 1862 3197 no-

287 3210 522 3281 tavimus
549 3209 614 3281 ad
645 3209 801 3281 epist.
834 3209 892 3264 9i
911 3252 923 3274 ,
951 3211 1014 3266 ad
1040 3211 1332 3265 Arndnem.

356 3280 617 3335 Convenit
649 3280 780 3336 vero
817 3297 960 3335 nunc
1009 3283 1158 3336 inter.
1184 3282 1426 3338 eruditos
1461 3281 1660 3337 librum
1715 3283 1860 3339 hunc

285 3350 568 3425 dediVinis
595 3350 788 3425 officiis
826 3351 994 3425 fetum
1040 3369 1146 3408 non
1172 3368 1294 3425 esse
1351 3353 1605 3418 Alcuini,
1659 3356 1861 3425 partim

283 3422 427 3495 quod
457 3422 622 3495 multa
649 3423 723 3478 ibi
762 3423 1103 3495 reperiantur
1129 3423 1356 3495 Alcuino
1391 3426 1629 3495 indigna,
1660 3422 1858 3495 partim

283 3491 427 3562 quod
447 3491 643 3562 scripta
692 3491 934 3561 quasdam
982 3493 1182 3547 inserta
1231 3491 1532 3549 habeantur
1578 3491 1858 3550 auctorum

280 3563 753 3634 gzvhposterioris.
803 3575 821 3612 ι
859 3563 973 3634 Est
998 3563 1258 3634 ergoihic
1307 3571 1570 3618 tractatus
1604 3583 1650 3629 ι,
1679 3565 1860 3633 judice

280 3631 351 3704 _D.
383 3631 700 3704 biahillonio
733 3633 844 3704 'tct.
877 3631 999 3704 VSS.
1039 3631 1102 3688 Ο.
1136 3633 1191 3687 S.
1233 3633 1317 3698 B.,
1349 3649 1474 3689 saec.
1516 3650 1588 3699 tv,
1622 3631 1774 3704 parte
1802 3653 1816 3690 I
1840 3675 1858 3702 ,

282 3702 339 3757 in
381 3702 530 3776 Elog.
563 3701 1141 3776 beattiAlcuitti,_num.
1177 3704 1404 3776 16,pag.
1434 3706 1555 3769 185,
1593 3701 1860 3776 {farrago

282 3788 350 3826 ex
379 3769 607 3846 diversis
639 3774 806 3846 ipsius
828 3769 1038 3846 Alcuini
1069 3769 1401 3846 alioruque
1433 3785 1715 3831 auctorum
1743 3769 1858 3846 ipso

281 3845 644 3916 posteriorum
682 3843 897 3916 scriptis
915 3844 1166 3916 collecta.
1200 3843 1334 3898 Nam
1357 3855 1519 3916 caput
1543 3847 1612 3899 40
1638 3857 1720 3900 est
1753 3843 1858 3900 tra-

282 3911 462 3986 ctatus
499 3913 726 3986 Remigii
751 3911 1210 3986 Autissiodurensis
1253 3911 1499 3970 monachi
1529 3916 1598 3971 de
1635 3918 1858 3986 Exposi-

286 3984 431 4040 tione
461 3983 671 4057 missae;
696 3994 750 4057 et
776 3985 829 4038 in
845 4000 966 4055 cap.
994 3986 1324 4057 lSrrrefertur
1350 3987 1574 4057 epistola
1594 3983 1862 4056 Helperici

281 4055 556 4120 monachi,
585 4055 678 4124 qui
703 4056 912 4110 videtur
938 4072 1057 4111 esse
1074 4056 1374 4124 Hilpericus
1385 4055 1574 4113 sancti
1590 4055 1725 4114 Galli
1745 4074 1859 4113 mo-

281 4127 490 4201 naclms
539 4140 663 4180 sec.
721 4141 809 4190 xt,
863 4128 1005 4201 quod
1054 4135 1106 4201 e_t
1139 4127 1510 4201 Quercetanus
1553 4129 1668 4201 jatn'
1699 4138 1855 4182 nota-

278 4195 377 4250 vit.
413 4196 590 4269 »Porro
616 4195 892 4269 tractatus
939 4196 1026 4251 ille
1077 4199 1255 4269 inepta
1291 4195 1638 4268 quaedam'et
1679 4207 1858 4254 errata

279 4267 522 4340 continet
567 4266 792 4340 Alcuino
839 4268 1082 4340 indigna;
1131 4266 1290 4338 quale
1311 4266 1402 4324 est
1447 4269 1579 4324 illud
1607 4271 1748 4340 quad
1805 4271 1858 4325 in

279 4352 400 4418 cap.
433 4337 1330 4422 llegitur,Christttutnpominum
1363 4349 1548 4422 patum
1590 4337 1861 4422 esse_.Sul-

1963 3143 2151 3198 orbem
2180 3142 2310 3198 solis
2351 3142 2560 3197 ambire
2587 3145 2736 3198 visus
2770 3151 2894 3197 est:
2933 3142 3085 3197 illum
3129 3159 3322 3214 nempe
3364 3158 3560 3214 praesa-

1962 3235 2135 3306 giens,
2171 3235 2263 3306 qui
2287 3235 2466 3305 ipsum
2503 3234 2674 3289 solem
2708 3233 3075 3304 mundumque
3117 3243 3287 3289 totum
3319 3243 3372 3289 ct
3399 3231 3561 3291 fecis-

1962 3335 2048 3382 set
2072 3335 2129 3381 et
2156 3333 2389 3397 regeret.
2424 3324 2498 3380 Ea
2525 3325 2792 3394 siquidem
2844 3333 3160 3395 tempestate
3185 3325 3404 3390 triginta
3429 3323 3556 3380 util-

1960 3417 2032 3474 lia
2067 3428 2350 3474 servorum
2387 3417 2620 3472 dominis
2666 3416 2940 3472 reddidit:
2969 3416 3098 3472 Tria
3150 3417 3314 3471 millia
3345 3417 3509 3472 etiam
3537 3460 3551 3483 ,

1959 3526 2190 3580 quorum
2205 3509 2412 3565 domini
2432 3526 2538 3566 non
2562 3511 2872 3575 exstabant,
2889 3510 2942 3564 in
2957 3525 3173 3564 crucem
3198 3509 3328 3580 egit.
3349 3509 3556 3565 Deinde

1959 3617 2129 3658 ovans
2182 3603 2371 3658 urbem
2402 3602 2701 3672 ingressus,
2735 3601 2915 3655 omnia
2957 3600 3137 3671 populi
3187 3601 3417 3657 Romani
3468 3602 3557 3655 de-

1961 3694 2074 3750 bita
2105 3694 2344 3759 donavit,
2376 3692 2594 3748 abolitis
2620 3693 2832 3748 litteris.
2866 3693 2970 3747 Per
3011 3693 3151 3748 idem
3188 3701 3403 3764 tempus
3437 3691 3559 3750 fons

1958 3782 2064 3839 olei
2099 3783 2437 3854 largissimus
2462 3783 2528 3837 tle
2550 3783 2777 3838 taberna
2821 3784 3098 3838 meritoria
3129 3799 3227 3855 per
3265 3792 3434 3838 totum
3457 3781 3558 3841 llu-

1961 3875 2040 3930 xit
2065 3875 2247 3942 diem,
2307 3874 2562 3930 nimirum
2592 3875 2791 3930 Christi
2842 3877 3074 3946 gratiam
3125 3876 3438 3948 signiﬁcans
3484 3892 3554 3933 ex

1959 3967 2149 4023 eadem
2185 3967 2430 4030 taberna,
2459 3967 2562 4020 hoc
2589 3967 2697 4030 est,
2722 3966 2872 4037 larga
2895 3967 3158 4032 Ecclesia,
3195 3982 3363 4023 novos
3389 3983 3554 4039 popu-

1959 4057 2040 4112 los
2072 4073 2140 4112 ex
2171 4057 2426 4134 gentibus
2449 4072 2821 4128 processuros.
2851 4059 2909 4114 In
2946 4059 3130 4115 multis
3155 4059 3354 4115 etenim
3385 4060 3554 4131 signis

1958 4147 2187 4220 Augusti
2237 4147 2508 4214 Caesaris,
2565 4147 2828 4204 adventus
2895 4151 3094 4205 Christi
3149 4149 3549 4222 designabatur.

1963 4237 2118 4295 Unde
2147 4239 2285 4293 bene
2309 4237 2492 4292 Caesar
2515 4239 2790 4308 possessio
2825 4241 3153 4310 principalis,
3180 4241 3451 4313 Augustus
3472 4255 3552 4297 so-

1960 4329 2214 4384 lemniter
2239 4337 2392 4384 stans
2439 4329 2846 4401 interpretatur.
2890 4331 3143 4399 Quinimo
3167 4331 3440 4389 Christum
3463 4348 3554 4389 ex-

278 4407 800 4498 picjgfffgmeripp
837 4409 1165 4498 399517599138.
1189 4409 1337 4498 (ιχρᾴ
1364 4409 1858 4498 [διδιξιῐξλεδξηιῳιιι
1889 4415 1940 4476 D
1962 4423 2225 4495 primens,
2257 4424 2351 4494 qui
2385 4424 2568 4478 omnia
2623 4425 2936 4482 solemnitcr
2962 4429 3221 4498 possidet,
3254 4442 3550 4498 omnesque

279 4477 613 4547 baptizatum
651 4493 789 4532 anno
837 4479 1026 4534 Tiberii
1054 4477 1120 4534 i3
1147 4521 1160 4545 ,
1207 4477 1496 4535 Valeriano
1533 4485 1580 4534 et
1623 4481 1854 4535 Asiatico

279 4549 582 4602 consulibus
609 4562 628 4600 :
658 4559 780 4604 cum
813 4551 998 4604 dicere
1043 4549 1339 4616 debuisset,
1387 4549 1594 4605 Valerio
1623 4553 1858 4606 Asiatico

277 4628 328 4672 et
361 4618 588 4690 Messala
627 4619 948 4690 consulibus,
967 4621 1062 4690 qui
1101 4630 1278 4677 tamen
1299 4621 1548 4677 consules
1574 4637 1682 4678 non
1703 4631 1860 4678 erant

279 4703 424 4762 anno
447 4689 644 4744 Tiberii
684 4690 763 4744 l5.
792 4689 1012 4762 Accedit
1059 4692 1202 4762 quod
1243 4692 1475 4762 scriptor
1521 4691 1624 4748 iste
1652 4691 1858 4762 Pascha

280 4757 524 4834 Graecam
557 4773 740 4834 vocem
763 4775 882 4834 esse
909 4757 1286 4834 mean—contra
1312 4757 1629 4834 expressam
1646 4761 1858 4834 Alcuini

280 4830 603 4902 sententlam
635 4830 728 4885 lib.
772 4845 822 4884 vr
861 4833 914 4886 in
957 4829 1138 4896 Joan.,
1169 4847 1288 4902 cap.
1327 4829 1416 4896 δῖ,
1446 4834 1536 4888 ubi
1587 4833 1699 4888 ait:
1732 4833 1861 4890 Pas‘

279 4901 408 4965 clta,
449 4901 664 4966 lintres,
688 4916 797 4972 non
829 4903 968 4958 sicut
989 4904 1208 4972 quidam
1237 4901 1574 4969 existimant,
1611 4903 1860 4960 Graecum

281 4986 480 5047 nomen
508 4981 612 5036 est,
641 4971 732 5026 sed
759 4971 1186 5047 Heln-reum,et_c.
1221 4994 1240 5027 ι
1287 4975 1478 5032 Merito
1499 4975 1667 5047 igitur
1687 4985 1858 5031 totum

282 5055 419 5110 opus
449 5041 590 5096 inter
619 5043 959 5113 supposititia
988 5041 1249 5112 rejicitur.

870 5150 1271 5167 ,Ψ

684 5221 844 5296 462
875 5221 1102 5279 CAPUT
1141 5223 1428 5280 PRIMUM.

541 5351 642 5392 ουκ
681 5353 970 5412 ΝΑΤΗΊΙΤΔΒ
1006 5353 1190 5393 DOMINI
1230 5352 1600 5394 CELEBRETUR.

355 5428 736 5484 SaCratissitna
790 5427 951 5498 hujus
1001 5429 1106 5484 diei
1155 5429 1412 5484 nativitas
1455 5428 1576 5482 ideo
1627 5429 1862 5496 dicitur,

283 5519 428 5590 quod
457 5521 512 5576 in
535 5535 599 5576 ea
623 5531 783 5576 natus
817 5529 900 5577 est
923 5520 1194 5589 Christus,
1224 5537 1366 5576 anno
1416 5521 1666 5576 videlicet
1709 5520 1867 5590 juxta

279 5609 604 5682 llebraicam
635 5612 917 5668 veritatem
941 5653 956 5676 ,
997 5629 1026 5668 a
1059 5611 1368 5686 conditione
1396 5613 1581 5668 mundi
1632 5621 1716 5667 ter
1746 5612 1862 5666 mil-

284 5700 502 5768 lesimo,
531 5701 939 5773 nongenteSimo
972 5704 1418 5779 quinquagesimo
1469 5703 1736 5771 secundo;
1787 5719 1868 5760 se-

1965 4515 2301 4586 principatus
2325 4516 2694 4592 potentialiter
2715 4517 2942 4574 obtinet.
2969 4519 3200 4591 Cyrinus
3215 4535 3432 4591 praises,
3458 4520 3552 4590 qui

1965 4606 2140 4660 haeres
2165 4606 2574 4678 interpretatur,
2603 4608 2874 4680 signiﬁcat
2926 4609 3170 4677 Petrum,
3195 4612 3283 4667 cui
3323 4610 3552 4666 hzeredi-

1966 4703 2050 4750 tas
2070 4695 2326 4752 Ecclesiae
2344 4713 2374 4750 a
2398 4697 2626 4753 Domino
2655 4698 2848 4769 largita
2877 4709 2979 4754 est.
3007 4699 3194 4770 Itaque
3238 4716 3360 4758 cum
3404 4701 3552 4756 exis-

1966 4793 2050 4842 set
2078 4786 2312 4842 edictum
2351 4803 2382 4842 a
2415 4787 2641 4858 praefato
2668 4788 2900 4853 Caesare,
2926 4798 2984 4844 ut
3011 4791 3411 4848 describeretur
3434 4791 3553 4846 uni-

1965 4889 2154 4931 versus
2185 4875 2351 4938 orbis,
2383 4876 2676 4946 praedictus
2714 4875 2945 4947 Cyrinus
2975 4879 3043 4933 ad
3069 4877 3308 4934 Judaeam
3355 4880 3550 4934 missus

1964 4979 2068 5037 est,
2102 4985 2298 5027 census
2338 4968 2618 5026 hominum
2662 4972 3136 5044 possessionesque
3163 4972 3546 5043 descripturus.

1966 5062 2024 5121 1n
2047 5077 2152 5132 qua
2177 5059 2535 5130 descriptione
2564 5060 2780 5114 inventa
2809 5071 2932 5116 sunt
2964 5064 3160 5118 civium
3187 5064 3548 5118 Romanorum

1967 5151 2293 5226 quadragies
2317 5149 2486 5205 semel
2515 5159 2760 5217 centena,
2787 5162 2841 5208 et
2871 5155 3149 5225 sexaginta
3171 5160 3404 5224 quatuor
3428 5151 3550 5209 mil-

1965 5244 2038 5299 lia
2062 5242 2285 5299 coloniae
2307 5241 2568 5297 deductae.
2614 5241 2745 5298 Nam
2773 5254 2930 5300 antea
2955 5245 3096 5299 idem
3140 5243 3321 5300 Ctesar
3374 5245 3550 5302 omni-

1966 5337 2070 5392 bus
2092 5335 2458 5405 prohibuerat,
2481 5342 2540 5389 ut
2558 5351 2716 5390 nemo
2745 5337 2895 5392 illum
2930 5336 3207 5392 dominum
3229 5351 3393 5392 ausus
3417 5335 3550 5392 fuis-

1967 5434 2051 5482 set
2070 5426 2338 5497 appellare
2363 5427 2433 5482 ob
2451 5425 2527 5492 id,
2549 5428 2675 5498 quia
2694 5444 2759 5482 eo
2787 5429 3086 5500 imperante
3130 5430 3279 5485 nasci
3321 5429 3546 5486 deberet

1968 5518 2059 5574 ille
2079 5519 2395 5575 verissimus
2444 5519 2703 5575 Dominus
2728 5520 2932 5592 pariter
2961 5527 3014 5574 et
3037 5520 3351 5590 imperator.
3411 5517 3549 5584 Con-

1969 5620 2156 5681 ceptus
2180 5625 2413 5680 namque
2448 5612 2682 5666 traditur
2705 5619 2896 5667 octavo
2918 5607 3143 5665 Kalend.
3171 5611 3364 5682 April.,
3389 5627 3419 5666 a
3440 5623 3572 5682 quO?

1969 5703 2323 5777 supputantur
2367 5705 2484 5760 dies
2527 5705 2743 5760 ducenti
2791 5705 3130 5776 septuaginta
3155 5720 3290 5772 sex,
3341 5705 3393 5761 id
3419 5714 3543 5770 est,
