4032 6354
457 246 601 350 ..π

1294 288 1354 345 Β.
1394 288 1456 344 F.
1495 284 1723 344 ALBlNl
1762 285 1897 344 SEU
1932 283 2210 345 ALCUINI
2261 282 2552 343 OPERUM
2584 282 2768 342 PARS
2801 283 2895 341 IX.

3570 285 3719 345 M76

450 427 668 469 menses
696 424 917 477 novem,
968 416 1023 464 et
1072 406 1188 462 dies
1235 413 1438 475 septem
1473 419 1644 474 usque
1687 403 1757 459 ad
1783 410 2034 459 octavum
2062 405 2115 467 Α
2139 404 2333 468 noctis,
2371 411 2422 458 et
2458 410 2661 459 canunt
2682 401 3075 469 invitatoriam,
3110 411 3165 459 et
3192 410 3598 475 prosequuntur
3622 419 3720 461 or-

451 504 678 562 Kalend.
730 501 1015 558 Januarias
1039 540 1054 564 ,
1107 497 1320 567 quando
1341 496 1580 551 creditur
1602 502 1759 549 natus
1804 493 2033 562 Sulpitio
2131 496 2309 550 dinem
2339 494 2713 565 Antiphonarii
2741 512 2753 549 :
2783 495 2923 551 unde
2943 496 3107 551 etiam
3138 496 3300 567 dupla
3320 495 3498 553 cilicia
3524 497 3581 552 in
3600 495 3715 555 Bo-

454 606 511 652 et
537 590 823 652 Camerino
849 606 872 633 ι
899 607 1048 648 cons.
1085 588 1444 659 Aptissimum
1473 602 1705 658 namque
1722 594 1862 652 erat,
1888 593 1948 640 ut
1968 599 2034 639 eo
2132 598 2416 640 manorum
2437 583 2840 655 Antiphonariis
2870 585 2971 640 hac
3001 594 3161 643 nocte
3182 586 3582 644 describuntur.

457 693 699 755 tempore
727 692 869 737 esset
902 688 1213 748 conceptus,
1242 693 1350 748 quo
1374 678 1605 732 mundus
1630 692 1729 748 per
1752 678 1924 745 ipsum
1948 674 2035 729 fa-

461 784 583 831 ctus
604 783 705 839 est,
736 781 791 828 et
814 771 869 825 in
899 785 1006 841 quo
1046 769 1254 823 fructus
1280 780 1435 822 terra:
1464 767 1873 837 signiﬁcantur:
1904 774 1960 818 et
1980 764 2035 818 in

460 867 650 923 eodem
676 873 852 926 natus,
885 877 993 933 quo
1031 862 1245 917 crescit
1267 858 1543 931 longitudo
1595 858 1720 924 diei,
1756 863 1812 913 et
1865 855 2038 914 noctis

463 959 699 1014 tenebrae
724 957 1115 1011 diminuuntur.

536 1048 643 1104 Sed
662 1050 1005 1119 quaerendum
1036 1054 1141 1109 est,
1172 1061 1294 1102 cum
1320 1046 1374 1099 in
1407 1051 1563 1100 nocte
1600 1042 1811 1098 dicatur
1849 1048 2038 1105 natus,

464 1158 561 1199 cur
596 1126 818 1213 angelus
866 1139 1172 1211 pastoribus
1221 1134 1646 1208 evangelizabat,
1672 1133 1900 1188 dicens:
1927 1128 2044 1185 Na-

465 1249 549 1294 tus
577 1248 652 1293 est
678 1236 817 1292 vobis
834 1236 987 1290 hodie
1018 1233 1263 1290 Salvator
1286 1230 1437 1300 (Luc.
1468 1246 1527 1294 ιι,
1555 1229 1681 1299 ll)?
1710 1227 1878 1282 Hodie
1898 1225 2044 1281 enim

466 1332 622 1396 dixit,
654 1331 755 1386 hoc
775 1337 877 1393 est,
902 1328 956 1383 in
984 1327 1071 1383 die
1094 1324 1225 1380 Novi
1249 1322 1598 1387 Testamenti,
1627 1320 1843 1390 quando
1882 1317 2043 1373 ﬁnem

468 1423 782 1495 ignorantia:
804 1419 1041 1475 tenebris
1085 1416 1252 1480 dedit,
1288 1424 1342 1470 et
1366 1412 1577 1468 initium
1632 1409 1872 1467 scientia:
1911 1407 2046 1462 lucis

468 1514 666 1584 posuit.
692 1511 797 1567 Sed
822 1519 877 1565 et
897 1511 1001 1564 hoc
1022 1506 1393 1568 conveniebat,
1424 1511 1484 1557 ut
1514 1503 1658 1558 circa
1689 1499 1832 1556 illam
1857 1500 2047 1554 horam

470 1604 643 1659 noctis
678 1608 990 1657 nasceretur
1014 1640 1030 1665 ,
1084 1612 1187 1667 qua
1218 1612 1247 1649 a
1276 1594 1502 1650 mortuis
1538 1590 1854 1647 resurrexit.
1895 1588 2050 1645 Unde

471 1694 726 1749 Salomon
754 1712 766 1747 :
796 1693 933 1746 Dum
968 1689 1194 1744 medium
1221 1686 1482 1741 silentium
1520 1691 1748 1777 tenergtt
1775 1679 1971 1748 omnia,
1994 1687 2049 1735 et

469 1787 677 1857 reliqua
702 1784 849 1857 (Sap.
877 1798 995 1849 vni,
1026 1780 1135 1853 ll).

542 1874 899 1945 Quaerendum
947 1872 1113 1927 etiam
1160 1886 1256 1925 cur
1296 1870 1412 1925 haec
1445 1863 1709 1922 festivitas
1734 1876 1838 1917 non
1884 1860 2051 1916 habet

469 1969 715 2027 eamdem
754 1968 1070 2023 varietatem
1093 2003 1110 2030 ,
1168 1976 1329 2033 quam
1376 1958 1581 2014 Pascha
1615 1952 2043 2011 etPentecoste:

469 2062 698 2127 scilicet,
734 2068 791 2114 ut
817 2058 1206 2114 mandarentur
1244 2054 1359 2109 dies
1402 2049 1735 2121 septimame,
1759 2059 1896 2115 quas
1940 2056 2052 2097 ma-

469 2154 673 2211 culavit
708 2161 986 2224 pecoatum
1015 2150 1161 2204 Adae.
1192 2147 1342 2204 Unde
1366 2144 1698 2214 Augustinus
1723 2140 1751 2181 δ
1778 2156 1792 2193 :
1828 2156 1847 2190 ι
1879 2135 2051 2193 Nosse

468 2254 683 2318 oportet
710 2246 852 2300 diem
903 2241 1137 2297 natalem
1190 2237 1401 2294 Domini
1453 2251 1561 2290 non
1597 2234 1652 2288 in
1710 2234 2051 2286 sacramento

470 2337 758 2401 celebrari,
781 2336 874 2390 sed
899 2342 1107 2389 tantum
1142 2333 1208 2387 ad
1259 2329 1572 2385 memoriam
1618 2338 1874 2380 revocare
1906 2319 2052 2393 quod

473 2439 633 2483 natus
659 2427 748 2491 sit,
771 2439 834 2479 ac
875 2439 972 2494 per
993 2423 1097 2476 hoc
1134 2420 1268 2476 nihil
1291 2435 1426 2489 opus
1455 2426 1591 2480 erat,
1620 2414 1720 2469 nisi
1750 2410 2051 2468 revolutum

470 2519 613 2575 diem
644 2517 792 2581 anni,
817 2531 923 2587 quo
952 2514 1066 2584 ipsa
1096 2527 1183 2568 res
1203 2511 1343 2565 facta
1371 2516 1477 2572 est,
1516 2506 1649 2562 l‘esta
1680 2503 1962 2559 devotione
1979 2499 2055 2556 si-

471 2613 644 2693 gnari.
674 2610 880 2665 Pascha
910 2622 1037 2663 vero
1065 2614 1119 2661 et
1137 2605 1455 2660 Pentecoste
1477 2615 1583 2656 non
1605 2597 1777 2654 solum
1796 2593 1939 2665 quod
1974 2591 2055 2647 fa-

470 2687 615 2761 ctum
640 2710 747 2768 est,
768 2702 835 2756 ad
860 2699 1173 2755 memoriam
1198 2708 1532 2757 revocamus,
1548 2691 1716 2754 idest,
1741 2687 1881 2758 quod
1907 2700 2055 2742 mor-

471 2804 596 2852 tuus
626 2803 708 2849 est
732 2809 797 2848 ac
823 2790 1138 2854 resurrexit,
1169 2786 1261 2843 sed
1292 2786 1401 2849 illa,
1428 2798 1547 2855 qua:
1570 2782 1715 2838 circa
1746 2794 1871 2835 eum
1901 2785 2053 2848 gesta

471 2902 592 2944 esse
607 2894 895 2947 testantur,
924 2883 991 2938 ad
1017 2887 1476 2938 sacramentorum
1503 2870 1952 2945 signiﬁcationem
1978 2868 2057 2923 in-

470 2979 782 3049 telligimus.
815 2998 833 3029 ι
861 2974 1068 3045 Vigilia:
1091 2988 1221 3028 vero
1244 2987 1364 3042 qua:
1390 2985 1419 3023 a
1440 2965 1747 3039 pastoribus
1770 2966 1871 3020 hac
1898 2969 2058 3017 nocte

474 3070 933 3131 custodiebantur,
971 3067 1023 3119 in
1052 3073 1284 3135 quatuor
1327 3059 1656 3121 dividuntur,
1682 3054 1888 3111 scilicet
1910 3051 2056 3121 leges

473 3172 703 3233 quatuor
728 3158 1112 3231 signiﬁcantes,
1143 3157 1373 3227 primam
1409 3149 1730 3213 naturalem,
1759 3146 2050 3203 secundam
2080 3129 2126 3193 C

474 3252 788 3316 Mosaicam,
825 3250 1038 3304 tertiam
1064 3245 1469 3318 prOphetarum,
1497 3247 1747 3311 quartam
1780 3235 1912 3292 Novi
1950 3234 2052 3289 Te—

475 3343 749 3399 stamenti.
802 3340 859 3395 In
894 3355 1000 3410 qua
1036 3336 1362 3411 pastoribus,
1396 3334 1448 3388 id
1498 3339 1617 3395 est,
1674 3326 2053 3384 ecclesiasticis

476 3432 789 3490 doctoribus
810 3429 1077 3501 apparuit.
1112 3427 1180 3482 Et
1207 3441 1306 3482 nos
1334 3438 1455 3480 cum
1484 3420 1791 3494 pastoribus
1836 3417 2056 3489 vigilare

480 3522 758 3586 debemus,
793 3530 852 3576 ut
880 3533 1186 3575 mereamur
1222 3517 1349 3572 illud
1377 3514 1755 3570 suavissimum
1782 3510 2057 3569 harmoni-

477 3628 624 3678 cum,
656 3612 799 3684 quod
826 3612 927 3666 hac
957 3619 1115 3665 nocte
1154 3608 1329 3679 primo
1366 3613 1641 3660 cantatum
1669 3612 1785 3669 est,
1829 3600 2052 3656 audire:

477 3702 658 3759 Gloria
694 3704 748 3757 in
768 3701 984 3758 excelsis
1015 3700 1145 3765 Deo,
1176 3708 1231 3754 et
1277 3697 1507 3767 reliqua.
1552 3694 1706 3751 Unde
1738 3694 1902 3749 etiam
1932 3705 2059 3748 san-

474 3806 597 3852 ctus
620 3794 979 3866 Telesphorus
1007 3808 1144 3863 papa
1180 3788 1467 3862 pervigiles
1510 3803 1609 3843 nos
1662 3786 1873 3842 malens
1899 3785 2056 3851 fore,

476 3888 668 3943 missas
692 3883 876 3958 [Forte
906 3883 1031 3955 leg.,
1068 3894 1179 3937 tres
1226 3879 1443 3964 missas]
1471 3879 1750 3935 celebrare
1776 3876 1926 3941 fecit,
1954 3875 2060 3932 sci-

477 3980 605 4036 licet
634 3980 685 4034 in
723 3976 1152 4034 recordationem
1180 3972 1481 4028 nativitatis
1511 3969 1713 4026 Christi
1738 4009 1756 4035 ,
1807 3984 1903 4025 seu
1930 3983 2061 4023 con-

476 4080 668 4128 centus
687 4069 916 4142 angelici
945 4085 958 4132 ;
1002 4066 1105 4122 alia
1135 4080 1265 4121 vero
1309 4066 1511 4131 missa,
1548 4078 1667 4134 quae
1693 4061 1955 4133 sequitur,
1986 4060 2061 4116 si-

477 4170 606 4234 gnat
656 4175 847 4215 novam
897 4158 1071 4212 lucem
1129 4153 1442 4226 Evangelii,
1500 4168 1606 4221 qua
1662 4164 1759 4221 per
1794 4147 2059 4204 incarnati

487 4254 639 4309 Verbi
676 4252 991 4324 mysterium
1019 4248 1424 4322 perfundimur;
1466 4262 1562 4302 seu
1612 4254 1832 4317 propter
1873 4243 2061 4298 visita-

480 4343 680 4398 tionem
700 4350 977 4413 pastorum
1008 4342 1075 4394 ad
1106 4353 1346 4410 praesepe
1389 4336 1633 4401 Domini,
1681 4334 1736 4389 in
1764 4349 1872 4404 quo
1914 4334 2061 4387 inve-

478 4442 676 4489 nerunt
711 4447 904 4502 panem
932 4432 1138 4495 vivum,
1162 4431 1253 4500 qui
1289 4428 1529 4499 quotidie
1566 4443 1598 4482 a
1628 4426 1873 4482 ﬁdelibus
1905 4440 2059 4479 man-

478 4526 641 4581 ditur.
668 4492 895 4578 Romani
931 4523 1069 4578 hanc
1097 4492 1323 4577 noctem.
1341 4522 1414 4575 ita
1438 4520 1747 4575 celebrant:
1776 4517 1970 4589 pridie,
2002 4517 2056 4573 id
2083 4492 2132 4553 D

479 4625 584 4681 est,
606 4614 785 4687 vigilia
812 4613 1010 4669 natalis
1039 4612 1250 4667 Domini
1281 4612 1411 4666 hora
1442 4625 1583 4665 nona
1613 4618 1813 4665 canunt
1834 4608 2054 4663 missam

478 4708 544 4763 ad
567 4706 822 4761 Sanctam
854 4705 1096 4759 Mariam.
1132 4702 1247 4771 Qua
1302 4701 1538 4773 expleta,
1569 4708 1771 4757 canunt
1794 4699 2057 4769 vesperti-

479 4798 654 4854 nalem
682 4797 929 4869 synaxin.
964 4795 1167 4850 Dehinc
1193 4792 1396 4849 vadunt
1430 4793 1497 4848 ad
1522 4792 1721 4849 cibum.
1749 4791 1807 4846 In
1837 4805 2057 4861 crepus-

479 4891 600 4947 culo
624 4890 801 4947 noctis
833 4889 1001 4944 intrat
1029 4885 1354 4957 apostolicus
1379 4885 1447 4940 ad
1484 4884 1724 4957 vigiliam
1754 4884 1809 4939 in
1861 4883 2056 4955 praefa-

479 4992 587 5038 tam
615 4981 934 5046 Ecclesiam,
952 4987 1129 5034 tamen
1157 4993 1265 5034 non
1292 4986 1513 5034 cantant
1538 4976 1609 5031 ibi
1643 4975 1941 5040 introitum,
1963 4973 2058 5030 sed

477 5076 705 5147 expletis
720 5073 917 5145 vigiliis
930 5081 987 5129 et
997 5071 1296 5136 matutinis,
1314 5071 1455 5127 sicut
1468 5071 1520 5125 in
1532 5067 1925 5138 Antiphonario
1935 5081 2058 5123 con-

480 5168 736 5231 tinentur,
768 5164 968 5221 ibidem
1006 5171 1229 5219 cantant
1260 5163 1488 5231 primam
1521 5160 1739 5215 missam
1772 5158 1826 5213 in
1853 5164 2011 5213 nocte
2039 5174 2051 5211 :

478 5269 584 5326 qua
611 5256 821 5326 expleta
874 5254 1077 5310 vadunt
1104 5253 1171 5307 ad
1208 5252 1462 5307 Sanctam
1484 5249 1826 5304 Anastasiam
1864 5262 2058 5303 canere

480 5345 641 5402 aliam
677 5346 896 5401 missam
926 5348 1198 5415 denocte.
1229 5342 1431 5398 Dehinc
1450 5348 1677 5412 pergunt
1700 5341 1768 5395 ad
1795 5338 2051 5394 Sanctum

481 5438 727 5504 Petrum,
750 5448 810 5494 ut
830 5439 905 5494 ibi
931 5438 1145 5511 vigilias
1172 5434 1479 5500 celebrent,
1530 5432 1597 5487 ab
1623 5447 1689 5489 eo
1713 5432 1830 5487 loco
1858 5431 1946 5487 ubi
1973 5431 2054 5486 in-

481 5534 728 5589 venerint
783 5546 877 5587 eos
914 5530 1144 5602 psallere
1175 5570 1191 5596 ,
1236 5529 1328 5600 qui
1366 5528 1563 5584 ibidem
1614 5526 1921 5581 excubant:
1955 5524 2053 5594 ipsi

484 5625 627 5679 enim
655 5624 861 5679 intrant
890 5624 959 5678 ad
984 5621 1192 5694 vigilias
1243 5620 1401 5677 solito
1426 5630 1669 5691 tempore
1719 5620 1773 5675 in
1801 5631 2055 5689 processu

556 5753 584 5783 ι
620 5735 741 5798 Vid.
767 5740 1026 5798 Monitum
1044 5741 1319 5814 przevium.

2654 697 2814 771 5.63
2853 698 3079 755 carm
3116 700 3182 755 ιι.

2662 786 2726 823 οε
2764 785 3161 828 ειιιεωιειειοκε

2208 858 2333 916 Haec
2354 861 2695 916 circumcisio
2737 862 2868 918 nihil
2895 863 3039 918 aliud
3087 872 3189 927 est,
3221 865 3323 920 nisi
3355 865 3623 921 abscissio
3668 867 3725 922 in

2138 964 2301 1005 carne
2345 952 2613 1021 prteputii,
2637 950 2778 1021 quod
2834 953 2963 1007 solis
3000 952 3200 1009 ludatis
3254 956 3578 1025 imperatum
3606 965 3722 1013 est:

2140 1042 2283 1098 unde
2308 1042 2469 1098 etiam
2501 1045 2567 1097 ab
2618 1043 2887 1099 Abraham
2914 1047 3143 1115 sumpsit
3175 1047 3411 1113 initium,
3439 1049 3586 1119 quod
3616 1050 3669 1103 ei
3700 1064 3733 1103 a

2141 1132 2373 1189 Domino
2394 1146 2720 1206 praeceptum
2746 1145 2831 1191 est
2855 1155 2868 1191 :
2904 1135 3319 1193 Circumcidetur
3339 1157 3403 1194 ea:
3421 1140 3564 1195 vobis
3580 1156 3735 1194 omne

2143 1223 2513 1290 masculinum,
2538 1237 2587 1279 et
2617 1226 2793 1295 infans
2831 1238 2945 1282 octo
2991 1228 3194 1283 dierum
3225 1232 3639 1286 circumcidetur
3678 1233 3733 1285 in

2146 1315 2285 1369 vobfs
2324 1313 2474 1387 (Gen.
2532 1332 2667 1383 xv",
2694 1316 2781 1383 10,
2819 1317 2945 1387 12);
2982 1326 3041 1372 ut
3083 1329 3227 1375 esset
3259 1320 3473 1391 signum
3512 1320 3741 1377 ﬁnieris

2148 1406 2290 1461 inter
2324 1407 2511 1473 Deum,
2552 1407 2901 1480 hominesque
2927 1410 3130 1465 ﬁdeles.
3172 1410 3241 1467 Ut
3269 1422 3640 1483 purgarentur
3668 1413 3739 1468 ab

2148 1499 2295 1554 omni
2321 1498 2729 1569 inquinamento
2757 1502 2939 1557 carnis
2967 1510 3022 1556 et
3055 1503 3297 1571 spiritus,
3317 1502 3466 1572 iussa
3500 1514 3587 1560 est
3607 1521 3740 1560 cam

2151 1599 2466 1655 circumcidi
2498 1618 2510 1653 :
2539 1608 2593 1655 et
2621 1600 2763 1671 quod
2801 1600 2962 1655 hodie
2996 1601 3153 1655 nobis
3198 1600 3251 1655 in
3281 1599 3387 1657 ﬁde
3435 1602 3742 1672 baptismus

2153 1689 2379 1756 Christi,
2404 1690 2507 1747 hoc
2533 1690 2824 1762 prasstabat
2846 1690 2951 1747 illis
2975 1692 3316 1747 circumcisio
3337 1692 3392 1747 in
3411 1692 3499 1747 die
3519 1702 3740 1758 octava,

2078 1765 2127 1826 Β
2152 1798 2259 1855 qua
2293 1783 2589 1838 resurrexit
2609 1798 2639 1838 a
2659 1783 2886 1838 mortuis
2912 1824 2926 1847 ,
2957 1792 3183 1853 excepto
3231 1783 3372 1852 quod
3402 1783 3747 1840 circumcisis

2149 1876 2377 1932 necdum
2396 1877 2546 1947 regni
2571 1876 2749 1932 ctelest
2762 1876 2806 1931 is
2830 1877 3047 1947 patebat
3076 1878 3372 1945 ingressus.
3398 1875 3507 1933 Sel
3535 1880 3740 1947 queri-

2149 1976 2259 2031 tur,
2290 1981 2411 2023 cum
2440 1965 2697 2021 Dominus
2744 1966 2798 2021 in
2824 1964 3005 2022 Veteri
3049 1966 3398 2024 Testamento
3436 1968 3605 2040 jussit
3632 1970 3743 2024 cir-

2150 2058 2475 2121 cumcidere,
2498 2066 2552 2113 et
2575 2057 2759 2128 ipsein
2789 2074 2928 2113 novo
2976 2060 3331 2116 circumcisus
3366 2070 3474 2125 est,
3512 2075 3613 2116 cur
3646 2060 3742 2118 de-

2152 2166 2260 2206 nuo
2289 2152 2581 2207 cessaverit
2621 2152 2989 2208 circumcisio?
3016 2152 3135 2223 Ipse
3162 2170 3267 2209 non
3293 2164 3521 2210 venerat
3562 2154 3738 2225 legem

2153 2242 2395 2307 solvere,
2433 2242 2527 2298 sed
2568 2243 2900 2314 adimplere:
2932 2260 3107 2315 neque
3133 2254 3194 2299 ut
3217 2245 3497 2301 dissimilis
3532 2246 3586 2301 vi
3609 2247 3743 2300 ’ere-

2154 2344 2243 2391 tur
2267 2336 2513 2405 patribus
2561 2335 2763 2391 sanctis
2788 2346 2843 2391 et
2870 2337 3169 2407 prophetis.
3187 2353 3256 2393 ex
3287 2352 3521 2408 quorum
3552 2352 3739 2407 prosa-

2152 2428 2241 2498 pia
2268 2426 2561 2483 secundum
2590 2442 2807 2483 carnem
2837 2429 2982 2483 nasci
3008 2430 3257 2500 dignatus
3279 2440 3384 2485 est.
3421 2427 3634 2485 llcirco
3656 2446 3742 2486 vo-

2154 2517 2254 2572 luit
2277 2518 2610 2582 circumcidi,
2649 2518 2762 2573 sive
2792 2528 2850 2574 ut
2895 2521 3298 2577 excusationem
3354 2521 3599 2577 auferret
3645 2521 3739 2576 Ju-

2154 2610 2285 2666 dazis
2312 2610 2522 2665 dicendi
2554 2625 2568 2664 :
2599 2610 2884 2665 Dissimilis
2912 2626 2970 2666 es
3004 2612 3270 2682 patribus,
3324 2612 3447 2668 ideo
3490 2612 3744 2669 nolumus

2155 2699 2377 2756 credere
2406 2700 2457 2754 in
2486 2708 2557 2754 te.
2592 2699 2698 2754 Sed
2718 2701 2843 2771 quia
2868 2710 3048 2756 vetera
3081 2702 3417 2758 transierunt
3440 2744 3457 2766 ,
3507 2712 3567 2758 et
3614 2719 3741 2760 ecce

2155 2788 2299 2847 facta
2330 2799 2450 2846 sunt
2474 2792 2651 2846 omnia
2686 2806 2842 2853 nova,
2875 2801 3087 2862 oportet
3118 2808 3217 2848 nos
3262 2793 3609 2859 circumcili,
3637 2810 3741 2850 non

2157 2899 2357 2948 carne,
2400 2883 2493 2939 sed
2522 2884 2735 2954 spiritu.
2768 2884 3016 2940 Christus
3063 2886 3207 2941 enim
3254 2886 3393 2940 sicut
3442 2902 3544 2957 pro
3595 2887 3745 2943 nobis

2157 2986 2389 3031 mortem
2414 2976 2673 3047 suscepit,
2698 2976 2770 3030 ita
2800 2976 3269 3032 circumcisionem
3298 2992 3405 3031 non
3439 2979 3676 3048 respuit,
3690 2991 3748 3033 ut

2159 3086 2256 3125 nos
2298 3070 2352 3125 in
2403 3070 2594 3139 spiritu
2624 3069 3136 3125 circumcideremur
3166 3088 3178 3123 :
3210 3070 3472 3140 quoniam
3503 3071 3746 3127 circum-

2155 3160 2359 3216 cisione
2389 3159 2567 3214 cordis
2592 3158 2886 3216 delectatur
2913 3200 2928 3224 ,
2980 3160 3137 3216 sicuti
3161 3159 3432 3229 Propheta
3487 3161 3747 3231 astipula-

2155 3261 2243 3308 tur
2266 3271 2278 3307 :
2309 3251 2364 3307 ln
2386 3251 2692 3309 novissimis
2705 3252 3050 3308 circumcidet
3075 3253 3329 3308 Dominus
3346 3256 3517 3309 corda
3542 3265 3744 3319 vestra,

2153 3353 2209 3400 et
2236 3359 2342 3399 non
2368 3357 2614 3413 corpora.
2650 3341 2774 3398 Haec
2813 3352 2897 3399 est
2930 3358 3059 3399 vera
3087 3344 3431 3400 circumcisio
3457 3346 3662 3409 cordis,
3689 3356 3747 3400 ut

2154 3437 2474 3506 deponamus
2508 3444 2724 3489 veterem
2750 3434 3010 3490 hominem
3040 3453 3158 3490 cum
3189 3436 3391 3492 actibus
3417 3437 3555 3501 suis,
3583 3447 3632 3493 et
3668 3438 3747 3491 in-

2155 3524 2378 3579 duamus
2408 3540 2595 3579 norum
2624 3525 2907 3591 hominem,
2926 3526 3015 3599 qui
3035 3527 3322 3582 secundum
3341 3525 3517 3583 Deam
3538 3539 3743 3583 creatus

2155 3627 2229 3672 est
2261 3614 2398 3675 (Col.
2432 3632 2515 3682 ιιι,
2549 3616 2606 3683 9,
2636 3617 2747 3691 10).

2761 3708 2988 3767 CAPUT
3023 3710 3109 3767 IIl.

2673 3819 2738 3859 DE
2780 3818 2985 3860 οετΑνΑ
3023 3819 3228 3861 υοξηιιι.

2226 3893 2283 3949 ln
2304 3894 2410 3949 hac
2435 3901 2626 3951 octava
2653 3894 2739 3951 die
2760 3896 3113 3952 circumcisus
3123 3905 3227 3954 est.
3248 3894 3357 3953 lste
3383 3896 3502 3953 dies
3522 3907 3748 3956 octavus

2156 3996 2369 4039 omnem
2396 3983 2786 4053 plenitudinem
2817 3986 2872 4040 in
2904 4000 2963 4042 se
2983 3986 3229 4052 obtinet,
3278 3995 3334 4042 et
3354 3996 3441 4043 est
3470 3987 3746 4059 perlectus

2157 4089 2430 4129 numerus.
2459 4072 2578 4144 Ipse
2604 4084 2688 4129 est
2717 4076 2860 4131 enim
2888 4076 3003 4131 dies
3038 4076 3348 4133 Dominicus
3372 4118 3387 4142 ,
3429 4087 3488 4134 et
3508 4079 3630 4135 dies
3657 4095 3744 4135 re-

2159 4166 2508 4221 surrectionis
2538 4165 2769 4220 Domini.
2822 4164 2975 4223 Unde
3001 4182 3131 4223 vero
3154 4168 3369 4225 initium
3419 4170 3745 4237 summerit,

2160 4256 2296 4312 liber
2315 4256 2588 4313 Leviticus
2616 4258 2835 4328 pandit:
2867 4258 3013 4327 Dies,
3047 4261 3245 4331 inquit,
3275 4271 3491 4317 octavus
3515 4264 3616 4317 erit
3665 4281 3747 4319 ce-

2160 4347 2465 4404 leberrimus
2506 4359 2662 4422 atque
2704 4352 3066 4405 sanctissimus
3120 4349 3266 4423 (Leo.
3320 4368 3483 4417 nm,
3517 4353 3631 4425 36).
3680 4355 3749 4411 Et

2160 4437 2603 4512 Paralipomenon
2629 4460 2641 4497 :
2676 4439 2846 4497 Porro
2873 4439 3161 4497 Hatathias
3192 4459 3310 4498 cum
3361 4441 3556 4500 Levitis
3585 4447 3642 4499 in
3676 4449 3751 4500 cio

2157 4531 2320 4586 thuris
2344 4548 2438 4602 pro
2469 4541 2651 4587 octava
2679 4530 2931 4587 canebant
2949 4532 3208 4603 epinicion
3230 4532 3283 4607 (I
3301 4533 3489 4589 Parui.
3518 4550 3614 4599 xv,
3632 4535 3743 4604 Si),

2157 4621 2299 4691 quod
2327 4621 2593 4691 epinicion
2639 4621 2905 4695 signiﬁcat
2936 4623 3268 4694 triumphum
3296 4622 3533 4680 Domini.
3564 4623 3633 4681 Et
3686 4627 3752 4680 tio

2145 4711 2252 4767 tuli
2279 4712 2469 4785 psalmi
2498 4714 2638 4770 sexti
2672 4724 2728 4770 et
2754 4714 3045 4781 undecimi,
3070 4730 3171 4788 pro
3215 4723 3407 4773 octava
3437 4717 3748 4773 inscribun-

2156 4810 2266 4858 tur.
2294 4802 2536 4874 Namque
2567 4804 2683 4860 hzec
2701 4814 2892 4861 octava
2949 4805 3065 4862 dies
3098 4806 3167 4862 ad
3194 4815 3457 4863 aeternam
3510 4808 3749 4878 pertinet

2157 4895 2418 4966 requiem.
2454 4894 2606 4951 Unde
2639 4911 2670 4950 a
2700 4896 2857 4953 nobis
2883 4895 3143 4968 singulari
3170 4912 3402 4953 numero
3436 4898 3707 4969 accipitur
3728 4937 3745 4961 ,

2161 4985 2253 5056 qui
2302 4986 2447 5042 nullo
2501 4987 2824 5044 succedente
2876 4996 3138 5043 mutatur.
3196 4988 3296 5043 llic
3334 5003 3467 5043 vero
3515 4987 3750 5044 mundus

2160 5072 2179 5147 [
2185 5074 2365 5142 Forte,
2393 5075 2673 5149 numerus]
2720 5092 2828 5132 non
2860 5078 3050 5149 recipit
3094 5078 3239 5134 hunc
3283 5086 3538 5134 octavum
3566 5080 3706 5135 diem
3729 5122 3746 5144 ,

2157 5168 2249 5238 qui
2275 5175 2359 5223 est
2384 5167 2695 5239 singularis,
2725 5169 2819 5225 sed
2873 5168 2996 5225 illos
3018 5185 3153 5241 quos
3183 5185 3440 5226 vocamus
3491 5182 3744 5237 octavos,

2157 5272 2222 5314 eo
2242 5259 2386 5327 quod
2407 5258 2559 5313 ﬁnito
2590 5260 2818 5330 septimo
2841 5258 2981 5314 redit
3004 5274 3219 5331 semper
3243 5260 3310 5314 ad
3326 5261 3584 5330 primum.
3610 5258 3749 5316 Non-

2156 5349 2284 5405 nulli
2316 5366 2412 5421 per
2439 5352 2579 5406 hanc
2605 5360 2853 5407 octavam
2898 5352 3186 5408 adventum
3210 5351 3423 5407 Domini
3448 5352 3745 5408 secundum

2154 5449 2345 5511 putant
2368 5441 2680 5509 signiﬁcari.
2722 5441 2877 5498 Unde
2911 5442 3076 5498 Amos
3099 5444 3395 5513 propheta:
3435 5440 3530 5497 γαν
3555 5459 3748 5496 concu-

2156 5536 2469 5607 piscentibus
2495 5536 2632 5589 diem
2661 5534 2876 5591 Domini
2897 5550 2915 5587 :
2939 5538 3048 5605 ipse
3076 5538 3213 5591 enim
3256 5545 3332 5591 est
3357 5536 3469 5591 dies
3498 5535 3743 5602 tenebrat,

2156 5638 2204 5684 et
2233 5644 2337 5683 non
2358 5625 2489 5681 lucis
2520 5625 2696 5699 (Amos
2721 5641 2754 5681 v
2774 5666 2791 5692 ,
2842 5626 2950 5699 l8).
2996 5626 3064 5682 Et
3109 5626 3451 5700 Sophonias:
3494 5623 3612 5683 Vo:
3636 5624 3747 5681 diei

2234 5741 2262 5783 b
2299 5739 2435 5813 Aug.
2464 5738 2621 5812 epist.
2645 5737 2736 5809 55,
2766 5754 2914 5795 num.
2945 5738 3001 5795 Ξ.
