4032 6354
261 256 399 318 1171

1084 252 1236 310 ΟΡΡ.
1278 252 1680 312 SUPPOSITA.
1710 284 1783 297 —
1808 253 1936 310 LIB.
1978 252 2066 311 DE
2106 253 2353 312 DIVlNlS
2389 253 2687 317 OFFICIIS.

3382 250 3521 313 1178

265 372 478 432 Domini
499 389 683 429 amara
714 380 764 428 et
810 373 964 437 dura,
984 369 1328 427 tribulabitnr
1372 370 1440 425 ibi
1475 371 1626 441 {ortis
1652 368 1841 443 (Soph.
1869 374 1918 434 Α
1947 370 2364 428 hzecalidelibus
2378 370 2656 442 pronihilo
2670 370 2955 436 habentur,
2975 370 3521 441 licetquantulazcun-

266 483 304 533 ι,
334 467 449 537 14).
474 462 553 521 llli
582 480 711 520 vero
736 464 827 534 qui
854 464 1016 518 istum
1039 462 1178 516 diem
1203 477 1232 515 a
1255 462 1637 517 constitutione
1663 460 1845 516 mundi

267 561 602 615 arbitrantur
646 563 766 626 post
792 571 887 611 sex
919 554 1084 608 millia
1115 569 1378 609 annorum
1402 552 1515 608 fore
1537 560 1841 619 venturum,

269 668 334 709 eo
359 651 502 722 quod
522 650 752 721 septimo
779 647 866 703 die
893 646 1149 701 Dominus
1194 644 1262 700 ab
1304 660 1467 715 Opere
1517 659 1614 699 suo
1654 643 1848 714 legitur

268 756 532 805 cessasse,
562 739 709 795 mille
744 737 951 793 scilicet
970 751 1139 790 annos
1163 751 1261 806 per
1285 735 1400 790 dies
1426 734 1663 806 singulos
1701 749 1849 789 com-

264 845 545 910 putantes,
569 834 695 903 quia
744 831 972 903 legitur:
998 828 1043 883 A
1071 835 1359 897 conspectu
1408 827 1525 897 ejus
1553 825 1695 880 mille
1722 826 1848 879 anni

267 928 403 982 sicut
422 926 533 979 dies
583 939 724 988 una;
758 936 866 977 non
911 920 1045 975 satis
1096 918 1377 973 attendunt
1404 918 1546 987 quod
1591 916 1848 970 Dominus

270 1020 322 1075 in
350 1015 639 1087 Evangelio
688 1015 833 1071 hunc
875 1014 1016 1068 diem
1047 1026 1147 1066 nec
1192 1009 1358 1063 lilium
1408 1007 1642 1064 hominis
1689 1020 1849 1061 nosse

268 1108 607 1179 astipulatur.
636 1104 789 1162 Unde
830 1103 992 1159 nimis
1018 1104 1407 1172 importunum,
1441 1098 1570 1154 illud
1613 1097 1849 1152 studiose

267 1216 533 1275 qurerere,
565 1197 708 1270 quod
750 1195 904 1251 nobis
931 1194 1112 1250 divina
1142 1193 1476 1265 providentia
1502 1190 1672 1245 noluit
1701 1204 1850 1245 reve-

269 1292 403 1347 lare.
442 1289 585 1345 Sane
622 1287 767 1342 illam
791 1286 933 1341 diem
962 1299 1210 1354 magnam
1235 1292 1290 1338 et
1314 1282 1640 1353 singularem
1666 1294 1849 1335 amare

268 1391 322 1437 et
345 1396 566 1453 sperare
612 1380 889 1441 debemus,
919 1387 1084 1446 quam
1109 1377 1368 1447 propheta
1394 1374 1563 1430 David
1618 1374 1808 1429 sitiens
1831 1413 1849 1439 ,

268 1494 429 1533 unam
459 1476 687 1531 vocabat
742 1474 929 1529 dicens
956 1490 969 1525 :
1004 1470 1145 1538 Quia
1178 1470 1365 1526 melior
1388 1478 1463 1525 est
1505 1470 1616 1524 dies
1643 1486 1749 1523 una
1794 1469 1850 1521 in

268 1570 417 1624 atriis
439 1569 545 1623 tuis
574 1582 730 1638 super
754 1566 923 1619 millia
950 1561 1122 1636 (Psal.
1171 1577 1399 1627 LXXXIII,
1438 1561 1546 1631 11).
1600 1560 1693 1615 Hm
1720 1574 1849 1614 vero

267 1669 493 1725 octavae,
523 1673 660 1728 quas
682 1656 842 1711 hodie
884 1654 1111 1710 colimus
1140 1693 1156 1719 ,
1204 1653 1322 1708 ideo
1363 1660 1674 1707 reverenter
1711 1651 1850 1707 cele-

1946 480 2052 536 que
2082 464 2480 531 similitudines,
2504 464 2647 536 quod
2684 464 2845 529 absit,
2877 466 3053 521 adhuc
3081 465 3284 520 lateant
3312 466 3365 520 in
3394 464 3525 521 feris

1945 555 2270 620 hominibus,
2303 557 2450 612 muni
2501 565 2680 613 tamen
2720 557 3001 613 conamine
3033 557 3379 628 prohibenda:
3399 563 3526 613 sunt

1945 646 2385 717 atque-pellenda:
2410 666 2423 702 :
2457 662 2631 718 neque
2657 647 2802 702 enim
2822 646 2965 701 aliud
2994 648 3285 718 quidquam
3316 649 3439 703 novi
3466 649 3521 703 in

1947 736 2250 793 istiusmodi
2280 737 2506 793 Kalend.
2538 740 2972 808 pnesumendum
3009 748 3116 803 est,
3149 740 3252 795 nisi
3305 740 3445 810 quod
3470 748 3527 795 et

1947 833 2001 888 in
2028 829 2149 885 aliis
2176 829 2399 886 Kalend.
2429 834 2714 896 mensium,
2747 843 2971 903 excepto
3018 834 3160 905 quod
3184 843 3389 889 octava:
3412 834 3522 889 Do-

1946 924 2158 981 minica:
2179 940 2299 980 cum
2320 926 2518 981 eximio
2550 927 2695 980 cultu
2725 927 3084 993 celebrentur,
3109 935 3170 981 ut
3199 942 3359 997 supra
3384 941 3524 997 pne-

1950 1016 2115 1071 ﬁxum
2147 1024 2250 1071 est.
2287 1015 2393 1071 Sed
2421 1030 2595 1087 neque
2621 1016 2749 1072 illud
2777 1020 3109 1074 reticendum
3139 1059 3154 1083 ,
3212 1017 3355 1088 quod
3402 1019 3525 1071 dum

1948 1107 2177 1178 quadam
2198 1107 2286 1162 die
2335 1108 2419 1162 hac
2446 1108 2855 1178 superstitiones
2881 1108 3161 1164 diabolicae
3198 1108 3385 1163 Romae
3406 1122 3529 1178 age-

1950 1208 2160 1262 rentur,
2191 1199 2407 1269 quidam
2438 1207 2654 1254 sanctus
2674 1198 2986 1254 Almachius
3006 1216 3126 1255 cum
3148 1201 3354 1257 diceret
3382 1219 3394 1253 :
3424 1198 3526 1253 llo-

1948 1291 2036 1345 die
2055 1300 2260 1346 octavae
2288 1290 2395 1345 diei
2417 1291 2710 1347 Dominica:
2733 1300 2877 1351 sunt,
2909 1300 3117 1347 cessate
3140 1293 3208 1347 ab
3232 1293 3314 1348 his
3336 1308 3527 1360 super-

1951 1383 2260 1439 stitionibus
2291 1383 2552 1438 idolorum
2589 1392 2643 1439 et
2688 1383 2970 1439 sacrificiis
3006 1382 3267 1454 pollutis;
3306 1381 3529 1451 jubente

1949 1473 2145 1544 Alypio
2174 1472 2324 1528 urbis
2368 1472 2641 1543 praefecto,
2668 1473 2769 1528 hac
2797 1473 2863 1529 de
2895 1488 3060 1528 causa
3080 1471 3397 1528 interfectus
3423 1480 3527 1527 est.

2612 1584 2836 1641 CAPUT
2877 1586 2941 1640 γ.

2165 1671 2230 1709 DE
2271 1670 2603 1711 ἹἬΕΟΡΗΑΝΙΑ
2642 1671 2742 1710 νει.
2782 1672 3061 1711 ΕΡΙΡΙΙΛΝΙΑ
3099 1671 3306 1711 ΒΟΜΙΝΙ.

266 1752 516 1817 brantur,
541 1749 669 1819 quia
698 1748 889 1819 primis
916 1746 1105 1801 diebus
1138 1752 1468 1799 concurrunt
1517 1743 1675 1797 sicuti
1712 1756 1851 1797 unus
1879 1726 1925 1788 Β
2028 1744 2353 1802 Solemnitas
2390 1747 2506 1801 haec
2527 1747 2910 1811 sacratissima,
2933 1763 3054 1816 quae
3075 1762 3103 1799 a
3127 1745 3330 1801 Graecis
3354 1743 3529 1798 Theo-

268 1845 387 1901 dies
415 1843 727 1899 Dominicus
752 1842 820 1896 ad
859 1839 1108 1904 alterum,
1138 1837 1230 1908 qui
1258 1837 1446 1892 eodem
1477 1836 1582 1890 ritu
1613 1834 1852 1891 celebra-

270 1944 400 1990 tur:
433 1934 593 1990 hodie
620 1933 762 1989 enim
802 1931 1091 1987 adventum
1145 1929 1418 1983 hominum
1455 1930 1523 1983 ad
1576 1927 1851 1982 Christum

269 2010 624 2091 celebramus,
652 2034 707 2080 et
729 2024 783 2080 in
798 2023 1080 2078 nativitate
1105 2019 1367 2089 ejusdem,
1392 2020 1682 2075 adventum
1706 2018 1851 2074 illius

274 2115 342 2170 ad
379 2115 641 2170 homines.

888 2203 1114 2261 CAPUT
1153 2204 1242 2258 IV.

730 2311 796 2349 DE
832 2310 1090 2349 KALENDIS
1123 2308 1387 2347 JANUARII.

345 2385 437 2442 Hm
462 2386 713 2441 Kalendae
743 2384 1037 2440 secundum
1066 2383 1395 2439 dementiam
1447 2383 1725 2456 gentilium
1752 2398 1853 2454 po-

278 2482 384 2537 tius
406 2480 644 2537 dicendte
673 2486 797 2535 sunt
822 2478 1089 2543 cavendae,
1128 2493 1288 2548 quam
1310 2476 1565 2533 calende.
1596 2476 1671 2532 Ea
1693 2476 1857 2546 siqui-

275 2572 397 2630 dem
416 2580 732 2644 tempestate
755 2570 991 2643 (quando
1010 2569 1220 2639 judices
1231 2570 1511 2641 praeerant
1526 2568 1650 2625 filiis
1668 2568 1853 2637 Israel,

276 2666 381 2723 hoc
408 2674 511 2730 est,
540 2674 666 2719 ante
689 2663 1027 2733 Samsonem)
1070 2661 1168 2717 fuit
1190 2663 1407 2733 quidam
1447 2663 1696 2734 princeps
1734 2678 1853 2734 gen.

278 2757 454 2817 tilium
480 2756 535 2814 in
564 2755 736 2824 Italia,
756 2755 971 2814 nomine
994 2752 1184 2823 Janus,
1209 2769 1238 2810 a
1267 2769 1374 2828 quo
1402 2752 1689 2810 Januarius
1706 2769 1858 2810 men-

278 2855 356 2910 sis
378 2863 562 2926 postea
592 2862 928 2923 nuncupatus
968 2861 1070 2908 est.
1127 2851 1279 2907 Hunc
1314 2868 1443 2907 vero
1461 2851 1656 2908 Janum
1698 2849 1859 2923 impe-

280 2948 371 3003 riti
400 2946 663 3011 homines,
692 2945 783 3016 qui
812 2945 975 3000 Deum
1000 2960 1104 2999 non
1136 2946 1563 3014 cognoscebant,
1594 2946 1748 3015 quasi
1775 2961 1861 2999 re-

279 3053 401 3110 gem
432 3036 758 3100 metuebant,
786 3043 841 3090 et
878 3050 975 3106 pro
1004 3034 1115 3090 Deo
1138 3034 1286 3089 illum
1317 3034 1495 3090 colere
1539 3044 1819 3106 coeperunt
1841 3075 1855 3100 ,

281 3127 520 3198 duasque
536 3126 700 3182 facies
716 3126 789 3181 illi
808 3129 1127 3197 liguravere,
1145 3136 1364 3197 propter
1378 3127 1643 3182 orientem
1657 3136 1709 3181 et
1725 3128 1864 3182 occi-

284 3221 529 3276 dentem:
554 3236 653 3276 nec
680 3236 784 3276 non
800 3229 854 3276 et
892 3220 1319 3291 quadrifrontem
1357 3221 1781 3292 appellaverunt,
1808 3222 1863 3275 id

283 3324 385 3381 est,
407 3313 602 3371 Ianum
627 3318 917 3388 geminum,
944 3326 1165 3387 propter
1185 3326 1416 3386 quatuor
1438 3326 1636 3386 partes,
1653 3332 1746 3373 seu
1760 3315 1864 3371 elev

283 3416 466 3463 menta
495 3416 744 3479 quatuor,
764 3418 921 3478 atque
946 3416 1186 3477 tempora
1206 3417 1457 3478 quatuor.
1489 3405 1592 3460 Sed
1614 3421 1738 3461 cum
1760 3406 1865 3460 hoc

281 3497 547 3563 facerent,
585 3496 889 3551 formabant
922 3498 1099 3566 potius
1136 3506 1456 3559 monstrum,
1488 3511 1647 3566 quam
1672 3495 1861 3550 Deum.

283 3586 442 3644 Unde
453 3585 622 3642 Numa
637 3595 756 3658 post
771 3587 1057 3642 Romulum
1078 3588 1221 3641 hunc
1235 3602 1353 3641 esse
1368 3588 1601 3656 primum
1626 3600 1867 3640 mensem

286 3682 415 3736 anni
444 3680 631 3745 voluit,
657 3681 1164 3751 tanquambicipitis
1186 3680 1280 3735 Dei
1298 3694 1557 3742 mensem,
1576 3678 1869 3749 respicien-

290 3785 475 3830 temac
488 3774 902 3845 prospicientem
928 3772 1185 3827 transacti
1223 3771 1347 3826 anni
1380 3770 1561 3834 linem,
1595 3768 1869 3839 futurique

290 3864 504 3921 initium
530 3883 542 3919 :
574 3874 629 3921 et
649 3864 962 3920 Januarium
986 3872 1333 3929 vocatum,eo
1371 3862 1513 3932 quod
1536 3860 1607 3915 sit
1643 3860 1796 3914 limes
1816 3867 1869 3914 et

285 3958 455 4030 janua
478 3959 603 4014 anni
621 3971 668 4012 ο.
686 3958 836 4014 Unde
864 3958 1097 4028 imperiti
1128 3956 1372 4011 homines
1394 3954 1557 4009 veluti
1582 3953 1752 4009 Deum
1781 3967 1871 4006 co-

287 4052 484 4115 lentes,
498 4052 640 4106 diem
666 4051 838 4121 ipsum
854 4050 1037 4105 multis
1058 4047 1331 4118 spurcitiis
1348 4053 1718 4102 sacraverant.
1744 4043 1872 4109 Qui-

290 4142 414 4198 dam
429 4141 708 4196 mutabant
730 4156 789 4196 se
811 4142 863 4196 in
891 4140 1098 4211 species
1120 4148 1509 4202 monstruosas,
1528 4138 1580 4191 in
1607 4136 1717 4191 fera
1727 4151 1874 4189 rum-

293 4247 397 4302 que
412 4232 629 4286 habitus
647 4231 1120 4287 transformabant.
1138 4229 1241 4284 Alii
1263 4230 1314 4284 in
1339 4228 1569 4284 femineo
1585 4236 1739 4298 gestu
1759 4242 1873 4280 mu-

294 4324 415 4389 tati,
433 4323 642 4378 virilem
669 4323 872 4379 vultum
898 4321 1306 4378 ell‘eminabaut:
1334 4336 1433 4376 nec
1456 4320 1725 4375 immerito
1745 4318 1875 4373 viri-

1950 1836 2148 1908 phania
2177 1836 2260 1890 vel
2283 1836 2579 1906 Epiphania
2615 1844 2977 1905 nuncupatur,
3009 1835 3203 1890 Latine
3224 1851 3353 1890 vero
3375 1849 3534 1904 appa-

1952 1926 2077 1983 ritio
2126 1942 2220 1981 seu
2258 1928 2524 1991 ostensio,
2557 1926 2641 1981 vel
2688 1924 3055 1981 manifestatio
3107 1925 3530 1993 interpretatur,

1950 2020 2266 2074 multimoda
2292 2021 2346 2073 in
2374 2036 2431 2074 se
2453 2020 2693 2075 continet
2724 2020 3006 2091 mysteria.
3033 2017 3168 2074 Cum
3191 2019 3333 2073 enim
3375 2017 3533 2072 Chri-

1952 2120 2068 2166 stus
2103 2125 2272 2180 nuper
2289 2126 2357 2165 ex
2378 2112 2497 2165 alvo
2521 2112 2759 2183 Virginis
2803 2113 3176 2182 egrederetur,
3209 2109 3343 2180 Magi
3376 2108 3538 2165 Chal-
3588 2176 3605 2193 ι

1953 2203 2053 2259 dtei
2092 2204 2146 2258 in
2169 2203 2385 2258 Oriente
2412 2204 2619 2259 stellam
2665 2205 2911 2259 videntes
2949 2204 3115 2258 nimia
3142 2202 3387 2259 claritate
3436 2200 3539 2255 ful-

1953 2299 2167 2363 gentem
2198 2292 2270 2345 ita
2300 2300 2358 2346 ut
2385 2292 2555 2347 solem
2582 2293 2701 2347 luce
2732 2301 3034 2363 superaret,
3065 2302 3117 2347 ut
3160 2299 3314 2345 erant
3362 2288 3540 2345 edocti

1954 2382 2010 2437 in
2030 2397 2190 2437 cursu
2227 2392 2498 2437 astrorum
2517 2423 2532 2447 ,
2578 2383 3074 2438 animadverterunt
3097 2383 3238 2437 hanc
3266 2396 3386 2436 esse
3406 2376 3563 2434 stet;

1955 2472 2266 2543 lam,quam
2301 2474 2425 2528 olim
2466 2473 2685 2530 Balaam
2721 2474 3008 2530 Madianita
3040 2515 3053 2539 ,
3108 2473 3262 2541 cujus
3294 2471 3538 2527 traditio-

1957 2582 2079 2622 nem
2107 2570 2488 2637 sequebantur,
2521 2571 2846 2639 pmdixerat
2886 2570 2956 2624 ita
3007 2570 3315 2624 adfuturam
3342 2586 3355 2622 :
3390 2567 3543 2621 Orie-

1958 2668 2045 2712 tur
2072 2658 2220 2713 stella
2249 2676 2313 2714 ex
2339 2658 2506 2715 Iacob
2531 2660 2719 2732 (Num.
2756 2676 2868 2727 xxv,
2908 2661 3020 2733 l7),
3042 2668 3097 2715 ct
3118 2659 3345 2728 reliqua.
3388 2658 3543 2713 Vide-

1958 2756 2119 2809 batur
2146 2752 2288 2807 enim
2319 2752 2468 2808 sidus
2484 2768 2583 2824 per
2608 2754 2771 2808 diem.
2818 2761 3042 2809 Istorum
3079 2753 3221 2807 enim
3262 2751 3539 2824 Magorum

1960 2849 2186 2923 primus,
2209 2847 2529 2902 Zoroastres
2558 2862 2653 2901 rex
2699 2846 2928 2910 exstitit,
2956 2861 2986 2899 a
3009 2859 3116 2916 quo
3144 2832 3406 2918 originem
3461 2843 3542 2898 fe-

1963 2956 2154 3002 runtur
2202 2944 2450 3000 traxisse.
2502 2940 2566 3000 lli
2614 2941 2879 3001 elementa
2916 2942 3334 3005 concutiebant,
3363 2938 3546 2993 turba-

1963 3039 2198 3107 bantque
2218 3047 2427 3092 mentes
2452 3037 2750 3092 hominum.
2799 3037 2875 3091 Ex
2906 3037 3131 3090 istorum
3154 3047 3348 3104 genere
3374 3044 3547 3100 quon-

1965 3132 2088 3185 dam
2117 3130 2169 3184 in
2211 3128 2445 3201 {Egypto
2502 3128 3326 3200 restiteruntMoysi,vertentes
3369 3125 3549 3193 virgas

1966 3223 2020 3276 in
2047 3226 2312 3278 dracones
2340 3237 2616 3292 aquasque
2636 3220 2690 3275 in
2721 3221 3056 3291 sanguinem.
3084 3218 3147 3272 Hi
3180 3215 3434 3283 astrologi
3462 3214 3547 3268 di-

1965 3314 2059 3378 cti,
2097 3329 2196 3368 nec
2222 3328 2326 3367 non
2357 3312 2680 3383 genethliaci
2732 3320 2955 3382 propter
3000 3309 3256 3364 natalium
3304 3306 3549 3363 conside-

1965 3408 2221 3462 rationes.
2262 3406 2498 3462 Geneses
2527 3407 2670 3461 enim
2692 3407 2900 3461 dierum
2931 3406 3207 3461 hominum
3229 3419 3326 3475 per
3349 3403 3550 3457 duode-

1966 3499 2072 3554 cim
2096 3499 2272 3553 sidera
2302 3499 2423 3552 coeli
2458 3498 2852 3553 describebant.
2880 3497 3127 3552 Siderum
3150 3508 3363 3564 quoque
3389 3506 3550 3547 cursu

1969 3592 2306 3648 nascentium
2330 3606 2524 3651 mores,
2558 3600 2886 3659 eventusque
2908 3587 3348 3659 pronuntiabant,
3376 3585 3427 3639 id
3447 3593 3552 3649 est,

1969 3684 2090 3752 quis
2127 3681 2272 3752 quali
2295 3681 2448 3752 signo
2468 3680 2659 3735 fuisset
2698 3691 2874 3743 natus,
2895 3690 2986 3734 aut
3008 3695 3165 3749 quem
3190 3678 3437 3733 effectum
3462 3677 3557 3730 ha-

1970 3776 2123 3830 beret
2168 3775 2314 3839 vitae,
2345 3775 2437 3843 qui
2468 3774 2810 3828 nascebatur.
2865 3774 2928 3828 lli
2979 3773 3137 3843 vulgo
3188 3770 3555 3826 mathematici

1972 3865 2399 3937 appellabantur,
2432 3862 2587 3931 cujus
2614 3864 3015 3934 superstitionis
3059 3877 3227 3933 genus
3268 3859 3557 3916 constella-

1972 3958 2147 4013 tiones
2171 3957 2363 4012 Latine
2398 3957 2683 4020 vocabant,
2713 3957 2762 4011 id
2798 3965 2901 4021 est,
2944 3957 3248 4011 natationes
3294 3954 3553 4017 siderum,

1973 4051 2241 4122 quomodo
2287 4064 2345 4105 se
2376 4050 2657 4114 haberent,
2689 4065 2813 4104 cum
2856 4048 2978 4120 quis
3018 4058 3348 4104 nasceretur.
3381 4045 3548 4100 Iidem

1974 4152 2151 4199 autem
2182 4141 2457 4197 stellarum
2489 4142 2811 4210 interpretes
2841 4140 3309 4208 nuncupabantur,
3335 4137 3475 4190 sicut
3502 4146 3557 4190 et

1975 4238 2040 4293 de
2072 4235 2157 4290 bis
2176 4234 2393 4304 legitur,
2425 4233 2515 4303 qui
2544 4233 2596 4286 in
2623 4230 2912 4300 Evangelia
2941 4240 3123 4285 natum
3160 4229 3435 4284 Christum
3464 4242 3559 4281 an-

1976 4327 2381 4389 nuntiaveruut,
2413 4333 2596 4394 postea
2638 4330 2815 4377 autem
2853 4323 2967 4378 solo
3020 4322 3236 4377 nomine
3263 4320 3561 4374 mathema-

292 4417 399 4473 lem
415 4414 784 4473 fortitudinem
809 4433 912 4473 non
947 4415 1162 4480 habent,
1185 4415 1276 4485 qui
1304 4414 1356 4468 in
1377 4413 1616 4469 mulieris
1630 4412 1873 4466 habitum
1903 4437 1956 4498 Β
1980 4420 2093 4475 ﬁci,
2124 4416 2288 4486 Cujus
2309 4416 2441 4470 artis
2479 4415 2703 4469 scientia
2751 4428 2921 4483 usque
2973 4413 3037 4467 ad
3069 4411 3418 4481 Evangelium
3463 4408 3564 4463 fuit

295 4507 647 4562 transierunt.
671 4506 851 4578 Aliqui
879 4506 1129 4561 fanaticis
1165 4505 1407 4576 auguriis
1427 4503 1872 4573 profanabantur,

293 4599 710 4672 perstrepebant
756 4599 1000 4655 saltando
1027 4599 1270 4670 pedibus,
1299 4598 1640 4669 tripudiando
1678 4595 1877 4667 plausi-

296 4692 428 4757 bus;
470 4692 709 4746 nonnulli
745 4692 816 4747 ita
843 4692 1066 4764 auguria
1096 4689 1480 4752 observabant,
1509 4698 1570 4743 ut
1611 4687 1789 4743 focum
1812 4686 1875 4741 de

295 4783 457 4839 domo
512 4798 639 4849 sua,
672 4782 755 4839 vel
780 4784 922 4839 aliud
967 4784 1325 4854 quodcunque
1364 4780 1684 4836 beneficium
1708 4819 1724 4846 ,
1770 4780 1879 4834 cui-

296 4892 459 4946 quam
483 4875 685 4946 petenti
715 4876 932 4931 minime
979 4876 1297 4931 tribuerent.
1355 4873 1659 4928 Diabolicas
1709 4871 1876 4927 etiam

297 4976 513 5022 strenas
528 4975 581 5021 et
605 4968 673 5021 ab
687 4965 806 5021 aliis
821 4965 985 5037 464
1005 4967 1359 5035 accipiebant,
1378 4972 1433 5019 et
1446 4964 1545 5034 ipsi
1566 4962 1685 5018 aliis
1709 4962 1882 5017 trade-

295 5058 566 5115 bant.Nec
580 5050 683 5116 non
700 5058 862 5114 etiam
877 5058 1147 5113 meusulas
1162 5057 1352 5128 pienas
1366 5059 1432 5113 ad
1449 5056 1882 5112 manducandum

299 5159 412 5206 tota
435 5160 592 5207 nocte
630 5160 851 5221 paratas
876 5148 1165 5214 habebant,
1188 5150 1474 5205 credentes
1495 5148 1636 5218 quod
1659 5147 1881 5202 Kalend.

297 5242 544 5300 Januarii
572 5258 670 5316 per
693 5254 864 5300 totum
890 5258 1091 5299 annum
1108 5251 1368 5313 praestare
1404 5250 1643 5311 possent.
1661 5240 1728 5294 Et
1757 5240 1884 5309 quia

297 5336 388 5394 his
416 5346 580 5409 atque
608 5336 729 5393 aliis
785 5335 1021 5392 miseriis
1050 5333 1279 5391 mundus
1318 5334 1602 5388 universus
1652 5332 1885 5402 repletus

299 5439 442 5496 erat,
476 5432 666 5486 statuit
696 5429 1017 5485 universalis
1044 5427 1285 5482 Ecclesia
1317 5424 1579 5496 jejunium
1608 5424 1879 5494 publicum

301 5522 357 5578 in
383 5522 489 5577 isto
533 5521 619 5578 die
655 5521 790 5584 fieri,
815 5528 1080 5591 quatenus
1133 5518 1218 5573 his
1251 5513 1650 5571 calamitatibus
1695 5524 1884 5569 auctor

301 5616 431 5671 vita:
453 5613 615 5671 linem
636 5615 951 5685 imponeret.
1008 5609 1115 5666 Sed
1142 5609 1269 5680 quia
1312 5607 1540 5683 Domino
1578 5606 1838 5678 largiente
1861 5649 1876 5672 ,

1982 4526 2257 4577 concessa,
2290 4518 2349 4563 ut
2378 4508 2594 4563 Christo
2643 4509 2788 4563 edito
2812 4523 2971 4562 nemo
3008 4507 3200 4562 exinde
3226 4504 3562 4559 nativitatem

1984 4603 2210 4673 alicujus
2238 4604 2303 4658 de
2342 4601 2482 4657 coelo
2513 4601 2983 4670 interpretaretur.
3014 4598 3165 4654 Unde
3195 4613 3314 4651 mox
3347 4604 3563 4666 pertur-

1980 4697 2089 4752 bati
2116 4705 2277 4764 atque
2304 4692 2586 4749 conterriti
2614 4707 2678 4745 ex
2709 4692 2914 4746 visione
2956 4689 3168 4750 sideris,
3194 4687 3426 4758 acceptis
3450 4701 3567 4739 mu-

1980 4791 2221 4854 neribus,
2250 4795 2523 4859 pneeunte
2553 4800 2646 4840 eos
2676 4785 2827 4839 stella
2851 4784 2915 4838 ad
2939 4783 3143 4839 Christi
3164 4780 3423 4838 cunabula
3455 4788 3565 4834 ter-

1984 4884 2271 4939 tiodecimo
2292 4881 2399 4944 die,
2423 4879 2562 4948 quod
2586 4886 2667 4933 est
2711 4878 2871 4934 hodie
2895 4918 2909 4941 ,
2955 4878 3008 4932 in
3060 4877 3334 4931 Bethleem
3380 4884 3566 4943 perve-

1987 4975 2161 5031 niunt.
2190 4969 2358 5037 Quem
2388 4970 2595 5023 tiaratis
2624 4968 2859 5023 vultibus
2888 4967 3176 5022 adorantes
3201 5007 3215 5029 ,
3266 4964 3439 5017 laetata
3485 4968 3569 5015 est

1990 5079 2154 5133 sagax
2178 5060 2466 5115 curiositas
2485 5057 2877 5124 Chaldaeorum,
2900 5059 3025 5128 quia
3053 5057 3203 5112 illum
3232 5052 3485 5108 videbant
3510 5050 3565 5104 in

1991 5152 2151 5207 terris
2176 5150 2377 5205 editum
2404 5191 2417 5215 ,
2463 5164 2621 5218 quem
2648 5148 2700 5202 in
2724 5148 2874 5203 cmlis
2895 5152 3255 5218 cognoverant
3296 5153 3569 5196 astrorum

1995 5242 2202 5297 facibus
2228 5257 2348 5297 esse
2374 5241 2739 5312 prmsagitum.
2765 5241 2862 5295 Cui
2887 5240 3048 5295 etiam
3073 5251 3294 5291 munera
3317 5232 3567 5298 offerunt,

1996 5338 2097 5391 hoc
2121 5343 2223 5399 est,
2246 5349 2456 5399 aurum,
2485 5334 2607 5388 thus
2634 5342 2687 5388 et
2718 5346 2800 5405 m3
2813 5333 3013 5386 rrham.
3049 5329 3183 5397 Quia
3210 5343 3240 5381 a
3281 5326 3436 5395 longe
3473 5338 3569 5378 ve-

1990 5433 2163 5489 nrunt,
2195 5424 2430 5496 gentium
2463 5424 2687 5494 populos
2716 5424 2888 5476 lucem
2920 5419 3041 5475 ﬁdei
3094 5418 3406 5490 cognituros
3435 5430 3571 5487 prae.

1989 5518 2221 5589 sagiunt.
2259 5516 2362 5571 Per
2389 5533 2580 5572 aurum
2630 5532 2723 5572 rex
2769 5513 3088 5569 ostenditur.
3132 5512 3190 5568 In
3229 5513 3385 5567 thure
3430 5509 3573 5566 Deus

1988 5609 2338 5683 dignoscitur.
2367 5607 2472 5663 Per
2506 5608 2803 5679 myrrham,
2822 5607 2981 5663 homo
2995 5621 3186 5676 passus
3214 5613 3374 5674 atque
3395 5600 3577 5674 sepul-

380 5748 407 5777 ι
446 5733 568 5791 Vid.
602 5731 844 5790 Martem:
861 5729 930 5787 de
951 5728 1187 5799 Antiqua
1206 5724 1413 5784 Eccles.
1437 5723 1878 5796 disciplina,cap.
1914 5722 2005 5790 15,
2030 5738 2181 5779 num.
2209 5721 2300 5789 15,
2331 5736 2458 5793 pag.
2504 5720 2630 5775 105.
