  <div class='ocr_page' id='page_1' title='image "/cluster/home/n/w/nwhite01/storage/ocr_20150623/101/hvd.32044004824769/595.png"; bbox 0 0 4032 6354; ppageno 0'>
   <div class='ocr_carea' id='block_1_1' title="bbox 475 248 2063 343">
    <p class='ocr_par' dir='ltr' id='par_1_1' title="bbox 475 256 2063 343">
     <span class='ocr_line' id='line_1_1' title="bbox 475 256 2063 343; baseline -0.022 0"><span class='ocrx_word' id='word_1_1' title='bbox 475 279 616 343; x_wconf 63' lang='grc'><strong>1179</strong></span> <span class='ocrx_word' id='word_1_2' title='bbox 1311 274 1369 327; x_wconf 85' lang='grc' dir='ltr'><strong>Β.</strong></span> <span class='ocrx_word' id='word_1_3' title='bbox 1409 268 1470 323; x_wconf 85' lang='lat' dir='ltr'><strong>F.</strong></span> <span class='ocrx_word' id='word_1_4' title='bbox 1511 261 1739 320; x_wconf 70' lang='lat' dir='ltr'><strong>ALBINI</strong></span> <span class='ocrx_word' id='word_1_5' title='bbox 1782 258 1910 314; x_wconf 70' lang='lat' dir='ltr'><strong>SELi</strong></span> <span class='ocrx_word' id='word_1_6' title='bbox 1949 256 2063 311; x_wconf 59' lang='grc' dir='ltr'><strong>ΑΒ(</strong></span> 
     </span>
    </p>
   </div>
   <div class='ocr_carea' id='block_1_2' title="bbox 2167 248 3774 343">
    <p class='ocr_par' dir='ltr' id='par_1_2' title="bbox 2167 248 3774 312">
     <span class='ocr_line' id='line_1_2' title="bbox 2167 248 3774 312; baseline -0.003 -3"><span class='ocrx_word' id='word_1_7' title='bbox 2167 254 2229 311; x_wconf 67' lang='grc' dir='ltr'><strong>Νι</strong></span> <span class='ocrx_word' id='word_1_8' title='bbox 2268 254 2557 312; x_wconf 73' lang='lat' dir='ltr'><strong>OPERUM</strong></span> <span class='ocrx_word' id='word_1_9' title='bbox 2593 252 2777 311; x_wconf 77' lang='lat' dir='ltr'><strong>PARS</strong></span> <span class='ocrx_word' id='word_1_10' title='bbox 2812 253 2899 311; x_wconf 74' lang='lat' dir='ltr'><strong>IX.</strong></span> <span class='ocrx_word' id='word_1_11' title='bbox 3616 248 3774 305; x_wconf 71' lang='grc'><strong>1180</strong></span> 
     </span>
    </p>
   </div>
   <div class='ocr_carea' id='block_1_3' title="bbox 475 368 3768 463">
    <p class='ocr_par' dir='ltr' id='par_1_3' title="bbox 475 368 3768 463">
     <span class='ocr_line' id='line_1_3' title="bbox 475 368 3768 463; baseline -0.011 -3"><span class='ocrx_word' id='word_1_12' title='bbox 475 413 585 461; x_wconf 91' lang='lat' dir='ltr'><strong>tus.</strong></span> <span class='ocrx_word' id='word_1_13' title='bbox 614 401 739 457; x_wconf 75' lang='lat' dir='ltr'><strong>[hee</strong></span> <span class='ocrx_word' id='word_1_14' title='bbox 768 402 908 455; x_wconf 90' lang='lat' dir='ltr'><strong>dona</strong></span> <span class='ocrx_word' id='word_1_15' title='bbox 934 397 1205 452; x_wconf 86' lang='lat' dir='ltr'><strong>Juvencus</strong></span> <span class='ocrx_word' id='word_1_16' title='bbox 1230 391 1512 463; x_wconf 74' lang='lat' dir='ltr'><strong>presbyter</strong></span> <span class='ocrx_word' id='word_1_17' title='bbox 1539 388 1675 442; x_wconf 90' lang='lat' dir='ltr'><strong>mire</strong></span> <span class='ocrx_word' id='word_1_18' title='bbox 1696 382 1915 456; x_wconf 82' lang='lat' dir='ltr'><strong>[metro]</strong></span> <span class='ocrx_word' id='word_1_19' title='bbox 1942 397 2061 439; x_wconf 77' lang='lat' dir='ltr'><strong>con-</strong></span> <span class='ocrx_word' id='word_1_20' title='bbox 2084 380 2141 443; x_wconf 77' lang='grc' dir='ltr'><strong>Δ</strong></span> <span class='ocrx_word' id='word_1_21' title='bbox 2164 382 2309 439; x_wconf 89' lang='lat' dir='ltr'><strong>sunt,</strong></span> <span class='ocrx_word' id='word_1_22' title='bbox 2340 372 2559 429; x_wconf 79' lang='lat' dir='ltr'><strong>inchoat</strong></span> <span class='ocrx_word' id='word_1_23' title='bbox 2588 371 2784 428; x_wconf 80' lang='lat' dir='ltr'><strong>facere.</strong></span> <span class='ocrx_word' id='word_1_24' title='bbox 2818 370 2972 428; x_wconf 84' lang='lat' dir='ltr'><strong>Unde</strong></span> <span class='ocrx_word' id='word_1_25' title='bbox 2995 370 3380 463; x_wconf 82' lang='lat' dir='ltr'><strong>primumerat</strong></span> <span class='ocrx_word' id='word_1_26' title='bbox 3404 368 3768 438; x_wconf 69' lang='lat' dir='ltr'><strong>miraculum,</strong></span> 
     </span>
    </p>
   </div>
   <div class='ocr_carea' id='block_1_4' title="bbox 474 496 678 554">
    <p class='ocr_par' dir='ltr' id='par_1_4' title="bbox 474 496 678 554">
     <span class='ocr_line' id='line_1_4' title="bbox 474 496 678 554; baseline -0.02 0"><span class='ocrx_word' id='word_1_27' title='bbox 474 496 641 554; x_wconf 88' lang='lat' dir='ltr'><strong>clusit</strong></span> <span class='ocrx_word' id='word_1_28' title='bbox 665 513 678 550; x_wconf 85' lang='lat'><strong>:</strong></span> 
     </span>
    </p>
   </div>
   <div class='ocr_carea' id='block_1_5' title="bbox 480 595 2055 671">
    <p class='ocr_par' dir='ltr' id='par_1_5' title="bbox 480 595 2055 671">
     <span class='ocr_line' id='line_1_5' title="bbox 480 595 2055 671; baseline -0.012 -12"><span class='ocrx_word' id='word_1_29' title='bbox 480 610 689 671; x_wconf 75' lang='lat' dir='ltr'><strong>Aurum,</strong></span> <span class='ocrx_word' id='word_1_30' title='bbox 732 609 863 668; x_wconf 85' lang='lat' dir='ltr'><strong>thus,</strong></span> <span class='ocrx_word' id='word_1_31' title='bbox 903 604 1166 667; x_wconf 78' lang='lat' dir='ltr'><strong>myrrham,</strong></span> <span class='ocrx_word' id='word_1_32' title='bbox 1206 602 1437 662; x_wconf 80' lang='lat' dir='ltr'><strong>regique,</strong></span> <span class='ocrx_word' id='word_1_33' title='bbox 1478 596 1702 660; x_wconf 87' lang='lat' dir='ltr'><strong>Deoque,</strong></span> <span class='ocrx_word' id='word_1_34' title='bbox 1748 595 2055 655; x_wconf 75' lang='lat' dir='ltr'><strong>hominique,</strong></span> 
     </span>
    </p>
   </div>
   <div class='ocr_carea' id='block_1_6' title="bbox 482 672 822 724">
    <p class='ocr_par' dir='ltr' id='par_1_6' title="bbox 482 672 822 724">
     <span class='ocr_line' id='line_1_6' title="bbox 482 672 822 724; baseline -0.018 0"><span class='ocrx_word' id='word_1_35' title='bbox 482 672 620 724; x_wconf 87' lang='lat' dir='ltr'><strong>Dona</strong></span> <span class='ocrx_word' id='word_1_36' title='bbox 641 672 822 721; x_wconf 83' lang='lat' dir='ltr'><strong>ferunt.</strong></span> 
     </span>
    </p>
   </div>
   <div class='ocr_carea' id='block_1_7' title="bbox 547 762 2059 834">
    <p class='ocr_par' dir='ltr' id='par_1_7' title="bbox 547 762 2059 834">
     <span class='ocr_line' id='line_1_7' title="bbox 547 762 2059 834; baseline -0.011 -3"><span class='ocrx_word' id='word_1_37' title='bbox 547 777 602 831; x_wconf 92' lang='lat' dir='ltr'><strong>ln</strong></span> <span class='ocrx_word' id='word_1_38' title='bbox 626 777 725 830; x_wconf 88' lang='lat' dir='ltr'><strong>hac</strong></span> <span class='ocrx_word' id='word_1_39' title='bbox 750 774 837 828; x_wconf 89' lang='lat' dir='ltr'><strong>die</strong></span> <span class='ocrx_word' id='word_1_40' title='bbox 857 786 1022 826; x_wconf 90' lang='lat' dir='ltr'><strong>unum</strong></span> <span class='ocrx_word' id='word_1_41' title='bbox 1063 770 1361 824; x_wconf 89' lang='lat' dir='ltr'><strong>amittimus</strong></span> <span class='ocrx_word' id='word_1_42' title='bbox 1386 782 1455 821; x_wconf 85' lang='lat' dir='ltr'><strong>ex</strong></span> <span class='ocrx_word' id='word_1_43' title='bbox 1484 766 1590 829; x_wconf 85' lang='lat' dir='ltr'><strong>his,</strong></span> <span class='ocrx_word' id='word_1_44' title='bbox 1624 779 1743 834; x_wconf 72' lang='lat' dir='ltr'><strong>qua:</strong></span> <span class='ocrx_word' id='word_1_45' title='bbox 1770 763 1822 817; x_wconf 91' lang='lat' dir='ltr'><strong>in</strong></span> <span class='ocrx_word' id='word_1_46' title='bbox 1869 762 2059 816; x_wconf 71' lang='grc' dir='ltr'><strong>ηειῑίγὶ-</strong></span> 
     </span>
    </p>
   </div>
   <div class='ocr_carea' id='block_1_8' title="bbox 475 853 2054 925">
    <p class='ocr_par' dir='ltr' id='par_1_8' title="bbox 475 853 2054 925">
     <span class='ocr_line' id='line_1_8' title="bbox 475 853 2054 925; baseline -0.013 -2"><span class='ocrx_word' id='word_1_47' title='bbox 475 876 586 923; x_wconf 89' lang='lat' dir='ltr'><strong>tate</strong></span> <span class='ocrx_word' id='word_1_48' title='bbox 612 866 823 921; x_wconf 84' lang='lat' dir='ltr'><strong>Domini</strong></span> <span class='ocrx_word' id='word_1_49' title='bbox 874 865 1211 920; x_wconf 82' lang='lat' dir='ltr'><strong>celebramus</strong></span> <span class='ocrx_word' id='word_1_50' title='bbox 1237 901 1252 925; x_wconf 91' lang='lat'><strong>,</strong></span> <span class='ocrx_word' id='word_1_51' title='bbox 1296 862 1398 915; x_wconf 90' lang='lat' dir='ltr'><strong>hoc</strong></span> <span class='ocrx_word' id='word_1_52' title='bbox 1423 865 1542 919; x_wconf 90' lang='lat' dir='ltr'><strong>est,</strong></span> <span class='ocrx_word' id='word_1_53' title='bbox 1596 853 1963 909; x_wconf 87' lang='lat' dir='ltr'><strong>invitatorium</strong></span> <span class='ocrx_word' id='word_1_54' title='bbox 2006 863 2054 905; x_wconf 79' lang='grc' dir='ltr'><strong>ει.</strong></span> 
     </span>
    </p>
   </div>
   <div class='ocr_carea' id='block_1_9' title="bbox 473 946 2061 1020">
    <p class='ocr_par' dir='ltr' id='par_1_9' title="bbox 473 946 2061 1020">
     <span class='ocr_line' id='line_1_9' title="bbox 473 946 2061 1020; baseline -0.011 -5"><span class='ocrx_word' id='word_1_55' title='bbox 473 959 757 1015; x_wconf 86' lang='lat' dir='ltr'><strong>lustitutnr</strong></span> <span class='ocrx_word' id='word_1_56' title='bbox 781 967 958 1013; x_wconf 89' lang='lat' dir='ltr'><strong>autem</strong></span> <span class='ocrx_word' id='word_1_57' title='bbox 977 955 1299 1017; x_wconf 90' lang='lat' dir='ltr'><strong>ofﬁciorum,</strong></span> <span class='ocrx_word' id='word_1_58' title='bbox 1328 954 1380 1006; x_wconf 90' lang='lat' dir='ltr'><strong>iu</strong></span> <span class='ocrx_word' id='word_1_59' title='bbox 1408 960 1664 1020; x_wconf 89' lang='lat' dir='ltr'><strong>quantum</strong></span> <span class='ocrx_word' id='word_1_60' title='bbox 1690 946 2061 1015; x_wconf 79' lang='lat' dir='ltr'><strong>potuit,actio-</strong></span> 
     </span>
    </p>
   </div>
   <div class='ocr_carea' id='block_1_10' title="bbox 473 1042 2058 1119">
    <p class='ocr_par' dir='ltr' id='par_1_10' title="bbox 473 1042 2058 1119">
     <span class='ocr_line' id='line_1_10' title="bbox 473 1042 2058 1119; baseline -0.013 -9"><span class='ocrx_word' id='word_1_61' title='bbox 473 1069 598 1110; x_wconf 86' lang='lat' dir='ltr'><strong>nem</strong></span> <span class='ocrx_word' id='word_1_62' title='bbox 631 1052 775 1107; x_wconf 89' lang='lat' dir='ltr'><strong>illius</strong></span> <span class='ocrx_word' id='word_1_63' title='bbox 796 1050 1072 1119; x_wconf 89' lang='lat' dir='ltr'><strong>temporis,</strong></span> <span class='ocrx_word' id='word_1_64' title='bbox 1097 1046 1313 1118; x_wconf 84' lang='lat' dir='ltr'><strong>quando</strong></span> <span class='ocrx_word' id='word_1_65' title='bbox 1342 1044 1431 1097; x_wconf 89' lang='lat' dir='ltr'><strong>illa</strong></span> <span class='ocrx_word' id='word_1_66' title='bbox 1476 1042 1776 1111; x_wconf 76' lang='lat' dir='ltr'><strong>agebantur</strong></span> <span class='ocrx_word' id='word_1_67' title='bbox 1812 1054 1933 1106; x_wconf 67' lang='lat' dir='ltr'><strong>quae</strong></span> <span class='ocrx_word' id='word_1_68' title='bbox 1974 1052 2058 1090; x_wconf 86' lang='lat' dir='ltr'><strong>re-</strong></span> 
     </span>
    </p>
   </div>
   <div class='ocr_carea' id='block_1_11' title="bbox 475 1130 2060 1210">
    <p class='ocr_par' dir='ltr' id='par_1_11' title="bbox 475 1130 2060 1210">
     <span class='ocr_line' id='line_1_11' title="bbox 475 1130 2060 1210; baseline -0.012 -8"><span class='ocrx_word' id='word_1_69' title='bbox 475 1148 724 1210; x_wconf 91' lang='lat' dir='ltr'><strong>colimus,</strong></span> <span class='ocrx_word' id='word_1_70' title='bbox 756 1146 808 1198; x_wconf 89' lang='lat' dir='ltr'><strong>in</strong></span> <span class='ocrx_word' id='word_1_71' title='bbox 838 1145 1036 1198; x_wconf 89' lang='lat' dir='ltr'><strong>usitato</strong></span> <span class='ocrx_word' id='word_1_72' title='bbox 1065 1140 1246 1195; x_wconf 80' lang='lat' dir='ltr'><strong>ofﬁcio</strong></span> <span class='ocrx_word' id='word_1_73' title='bbox 1275 1138 1442 1192; x_wconf 85' lang='lat' dir='ltr'><strong>voluit</strong></span> <span class='ocrx_word' id='word_1_74' title='bbox 1469 1136 1535 1189; x_wconf 77' lang='lat' dir='ltr'><strong>ad</strong></span> <span class='ocrx_word' id='word_1_75' title='bbox 1562 1133 1877 1188; x_wconf 88' lang='lat' dir='ltr'><strong>memoriam</strong></span> <span class='ocrx_word' id='word_1_76' title='bbox 1906 1130 2060 1184; x_wconf 77' lang='lat' dir='ltr'><strong>nobis</strong></span> 
     </span>
    </p>
   </div>
   <div class='ocr_carea' id='block_1_12' title="bbox 473 1223 2059 1301">
    <p class='ocr_par' dir='ltr' id='par_1_12' title="bbox 473 1223 2059 1301">
     <span class='ocr_line' id='line_1_12' title="bbox 473 1223 2059 1301; baseline -0.015 -6"><span class='ocrx_word' id='word_1_77' title='bbox 473 1239 735 1295; x_wconf 83' lang='lat' dir='ltr'><strong>reducere</strong></span> <span class='ocrx_word' id='word_1_78' title='bbox 764 1257 777 1290; x_wconf 86' lang='lat'><strong>:</strong></span> <span class='ocrx_word' id='word_1_79' title='bbox 809 1236 1032 1295; x_wconf 81' lang='lat' dir='ltr'><strong>scilicet,</strong></span> <span class='ocrx_word' id='word_1_80' title='bbox 1059 1232 1184 1301; x_wconf 86' lang='lat' dir='ltr'><strong>quia</strong></span> <span class='ocrx_word' id='word_1_81' title='bbox 1218 1230 1388 1284; x_wconf 84' lang='lat' dir='ltr'><strong>voluit</strong></span> <span class='ocrx_word' id='word_1_82' title='bbox 1410 1228 1590 1282; x_wconf 84' lang='lat' dir='ltr'><strong>inisto</strong></span> <span class='ocrx_word' id='word_1_83' title='bbox 1620 1223 1948 1292; x_wconf 87' lang='lat' dir='ltr'><strong>distinguere</strong></span> <span class='ocrx_word' id='word_1_84' title='bbox 1964 1237 2059 1274; x_wconf 88' lang='lat' dir='ltr'><strong>no-</strong></span> 
     </span>
    </p>
   </div>
   <div class='ocr_carea' id='block_1_13' title="bbox 478 1314 2061 1391">
    <p class='ocr_par' dir='ltr' id='par_1_13' title="bbox 478 1314 2061 1391">
     <span class='ocr_line' id='line_1_13' title="bbox 478 1314 2061 1391; baseline -0.013 -5"><span class='ocrx_word' id='word_1_85' title='bbox 478 1342 649 1387; x_wconf 87' lang='lat' dir='ltr'><strong>stram</strong></span> <span class='ocrx_word' id='word_1_86' title='bbox 680 1331 875 1384; x_wconf 82' lang='lat' dir='ltr'><strong>bonam</strong></span> <span class='ocrx_word' id='word_1_87' title='bbox 922 1325 1320 1385; x_wconf 87' lang='lat' dir='ltr'><strong>invitationem,</strong></span> <span class='ocrx_word' id='word_1_88' title='bbox 1372 1335 1477 1391; x_wconf 88' lang='lat' dir='ltr'><strong>qua</strong></span> <span class='ocrx_word' id='word_1_89' title='bbox 1515 1318 1811 1372; x_wconf 76' lang='lat' dir='ltr'><strong>invitantur</strong></span> <span class='ocrx_word' id='word_1_90' title='bbox 1837 1323 1891 1369; x_wconf 90' lang='lat' dir='ltr'><strong>et</strong></span> <span class='ocrx_word' id='word_1_91' title='bbox 1916 1314 2061 1367; x_wconf 79' lang='lat' dir='ltr'><strong>exci-</strong></span> 
     </span>
    </p>
   </div>
   <div class='ocr_carea' id='block_1_14' title="bbox 476 1408 2061 1485">
    <p class='ocr_par' dir='ltr' id='par_1_14' title="bbox 476 1408 2061 1485">
     <span class='ocr_line' id='line_1_14' title="bbox 476 1408 2061 1485; baseline -0.011 -7"><span class='ocrx_word' id='word_1_92' title='bbox 476 1432 665 1479; x_wconf 90' lang='lat' dir='ltr'><strong>tantur</strong></span> <span class='ocrx_word' id='word_1_93' title='bbox 687 1422 871 1475; x_wconf 79' lang='lat' dir='ltr'><strong>fideles</strong></span> <span class='ocrx_word' id='word_1_94' title='bbox 895 1420 961 1474; x_wconf 88' lang='lat' dir='ltr'><strong>ad</strong></span> <span class='ocrx_word' id='word_1_95' title='bbox 991 1419 1161 1472; x_wconf 90' lang='lat' dir='ltr'><strong>Deum</strong></span> <span class='ocrx_word' id='word_1_96' title='bbox 1201 1414 1615 1485; x_wconf 83' lang='lat' dir='ltr'><strong>deprecandum,</strong></span> <span class='ocrx_word' id='word_1_97' title='bbox 1643 1410 1711 1465; x_wconf 90' lang='lat' dir='ltr'><strong>ab</strong></span> <span class='ocrx_word' id='word_1_98' title='bbox 1746 1408 2061 1462; x_wconf 77' lang='lat' dir='ltr'><strong>invitatione</strong></span> 
     </span>
    </p>
   </div>
   <div class='ocr_carea' id='block_1_15' title="bbox 477 1501 2047 1581">
    <p class='ocr_par' dir='ltr' id='par_1_15' title="bbox 477 1501 2047 1581">
     <span class='ocr_line' id='line_1_15' title="bbox 477 1501 2047 1581; baseline -0.011 -11"><span class='ocrx_word' id='word_1_99' title='bbox 477 1515 725 1577; x_wconf 80' lang='lat' dir='ltr'><strong>Herodis,</strong></span> <span class='ocrx_word' id='word_1_100' title='bbox 758 1514 847 1581; x_wconf 87' lang='lat' dir='ltr'><strong>qui</strong></span> <span class='ocrx_word' id='word_1_101' title='bbox 877 1519 1163 1581; x_wconf 81' lang='lat' dir='ltr'><strong>propterea</strong></span> <span class='ocrx_word' id='word_1_102' title='bbox 1196 1505 1542 1577; x_wconf 75' lang='lat' dir='ltr'><strong>congregavit</strong></span> <span class='ocrx_word' id='word_1_103' title='bbox 1570 1503 1775 1558; x_wconf 79' lang='lat' dir='ltr'><strong>scribas</strong></span> <span class='ocrx_word' id='word_1_104' title='bbox 1823 1510 1875 1554; x_wconf 90' lang='lat' dir='ltr'><strong>et</strong></span> <span class='ocrx_word' id='word_1_105' title='bbox 1906 1501 2047 1569; x_wconf 81' lang='lat' dir='ltr'><strong>prin-</strong></span> 
     </span>
    </p>
   </div>
   <div class='ocr_carea' id='block_1_16' title="bbox 475 1596 2057 1674">
    <p class='ocr_par' dir='ltr' id='par_1_16' title="bbox 475 1596 2057 1674">
     <span class='ocr_line' id='line_1_16' title="bbox 475 1596 2057 1674; baseline -0.011 -14"><span class='ocrx_word' id='word_1_106' title='bbox 475 1607 624 1674; x_wconf 87' lang='lat' dir='ltr'><strong>cipes</strong></span> <span class='ocrx_word' id='word_1_107' title='bbox 647 1604 972 1666; x_wconf 66' lang='lat' dir='ltr'><strong>JtltitPOI&#39;llm,</strong></span> <span class='ocrx_word' id='word_1_108' title='bbox 1011 1610 1067 1655; x_wconf 91' lang='lat' dir='ltr'><strong>ut</strong></span> <span class='ocrx_word' id='word_1_109' title='bbox 1125 1601 1288 1654; x_wconf 90' lang='lat' dir='ltr'><strong>sciret</strong></span> <span class='ocrx_word' id='word_1_110' title='bbox 1318 1597 1404 1653; x_wconf 88' lang='lat' dir='ltr'><strong>ubi</strong></span> <span class='ocrx_word' id='word_1_111' title='bbox 1434 1596 1681 1650; x_wconf 90' lang='lat' dir='ltr'><strong>Christus</strong></span> <span class='ocrx_word' id='word_1_112' title='bbox 1728 1599 2057 1655; x_wconf 88' lang='lat' dir='ltr'><strong>nasceretur,</strong></span> 
     </span>
    </p>
   </div>
   <div class='ocr_carea' id='block_1_17' title="bbox 476 1683 2061 1765">
    <p class='ocr_par' dir='ltr' id='par_1_17' title="bbox 476 1683 2061 1765">
     <span class='ocr_line' id='line_1_17' title="bbox 476 1683 2061 1765; baseline -0.009 -16"><span class='ocrx_word' id='word_1_113' title='bbox 476 1712 636 1765; x_wconf 90' lang='lat' dir='ltr'><strong>quem</strong></span> <span class='ocrx_word' id='word_1_114' title='bbox 668 1694 933 1763; x_wconf 75' lang='lat' dir='ltr'><strong>cogitabat</strong></span> <span class='ocrx_word' id='word_1_115' title='bbox 985 1692 1315 1752; x_wconf 86' lang='lat' dir='ltr'><strong>interﬁcere,</strong></span> <span class='ocrx_word' id='word_1_116' title='bbox 1364 1687 1731 1742; x_wconf 88' lang='lat' dir='ltr'><strong>invitatorium</strong></span> <span class='ocrx_word' id='word_1_117' title='bbox 1780 1683 2061 1753; x_wconf 74' lang='lat' dir='ltr'><strong>przesentis</strong></span> 
     </span>
    </p>
   </div>
   <div class='ocr_carea' id='block_1_18' title="bbox 476 1775 2061 1843">
    <p class='ocr_par' dir='ltr' id='par_1_18' title="bbox 476 1775 2061 1843">
     <span class='ocr_line' id='line_1_18' title="bbox 476 1775 2061 1843; baseline -0.008 -4"><span class='ocrx_word' id='word_1_118' title='bbox 476 1785 639 1839; x_wconf 84' lang='lat' dir='ltr'><strong>ofﬁcii</strong></span> <span class='ocrx_word' id='word_1_119' title='bbox 668 1785 868 1839; x_wconf 91' lang='lat' dir='ltr'><strong>omisit.</strong></span> <span class='ocrx_word' id='word_1_120' title='bbox 897 1783 1142 1837; x_wconf 84' lang='lat' dir='ltr'><strong>Psalmus</strong></span> <span class='ocrx_word' id='word_1_121' title='bbox 1181 1788 1358 1835; x_wconf 90' lang='lat' dir='ltr'><strong>autem</strong></span> <span class='ocrx_word' id='word_1_122' title='bbox 1384 1799 1396 1833; x_wconf 86' lang='lat'><strong>:</strong></span> <span class='ocrx_word' id='word_1_123' title='bbox 1434 1779 1573 1831; x_wconf 83' lang='lat' dir='ltr'><strong>Deus</strong></span> <span class='ocrx_word' id='word_1_124' title='bbox 1604 1786 1779 1830; x_wconf 84' lang='lat' dir='ltr'><strong>noster</strong></span> <span class='ocrx_word' id='word_1_125' title='bbox 1804 1775 2061 1843; x_wconf 76' lang='lat' dir='ltr'><strong>refugium</strong></span> 
     </span>
    </p>
   </div>
   <div class='ocr_carea' id='block_1_19' title="bbox 474 1868 2065 1943">
    <p class='ocr_par' dir='ltr' id='par_1_19' title="bbox 474 1868 2065 1943">
     <span class='ocr_line' id='line_1_19' title="bbox 474 1868 2065 1943; baseline -0.008 -14"><span class='ocrx_word' id='word_1_126' title='bbox 474 1886 523 1929; x_wconf 80' lang='lat' dir='ltr'><strong>et</strong></span> <span class='ocrx_word' id='word_1_127' title='bbox 552 1878 712 1930; x_wconf 74' lang='lat' dir='ltr'><strong>rimis</strong></span> <span class='ocrx_word' id='word_1_128' title='bbox 736 1874 906 1943; x_wconf 84' lang='lat' dir='ltr'><strong>(Psal.</strong></span> <span class='ocrx_word' id='word_1_129' title='bbox 941 1889 1065 1936; x_wconf 76' lang='lat' dir='ltr'><strong>va,</strong></span> <span class='ocrx_word' id='word_1_130' title='bbox 1096 1873 1151 1941; x_wconf 73' lang='grc'><strong>2)</strong></span> <span class='ocrx_word' id='word_1_131' title='bbox 1180 1912 1194 1935; x_wconf 85' lang='grc'><em>,</em></span> <span class='ocrx_word' id='word_1_132' title='bbox 1249 1880 1578 1942; x_wconf 53' lang='lat' dir='ltr'><strong>praepostero</strong></span> <span class='ocrx_word' id='word_1_133' title='bbox 1608 1868 1797 1922; x_wconf 83' lang='lat' dir='ltr'><strong>ordine</strong></span> <span class='ocrx_word' id='word_1_134' title='bbox 1823 1907 1837 1927; x_wconf 95' lang='lat'><strong>,</strong></span> <span class='ocrx_word' id='word_1_135' title='bbox 1884 1873 2065 1919; x_wconf 89' lang='lat' dir='ltr'><strong>canta-</strong></span> 
     </span>
    </p>
   </div>
   <div class='ocr_carea' id='block_1_20' title="bbox 477 1960 2063 2035">
    <p class='ocr_par' dir='ltr' id='par_1_20' title="bbox 477 1960 2063 2035">
     <span class='ocr_line' id='line_1_20' title="bbox 477 1960 2063 2035; baseline -0.006 -15"><span class='ocrx_word' id='word_1_136' title='bbox 477 1976 587 2031; x_wconf 86' lang='lat' dir='ltr'><strong>tur,</strong></span> <span class='ocrx_word' id='word_1_137' title='bbox 614 1967 737 2034; x_wconf 89' lang='lat' dir='ltr'><strong>quia</strong></span> <span class='ocrx_word' id='word_1_138' title='bbox 766 1967 917 2035; x_wconf 90' lang='lat' dir='ltr'><strong>prius</strong></span> <span class='ocrx_word' id='word_1_139' title='bbox 938 1966 1193 2018; x_wconf 81' lang='lat' dir='ltr'><strong>adoratus</strong></span> <span class='ocrx_word' id='word_1_140' title='bbox 1218 1971 1299 2017; x_wconf 91' lang='lat' dir='ltr'><strong>est</strong></span> <span class='ocrx_word' id='word_1_141' title='bbox 1322 1979 1351 2015; x_wconf 87' lang='lat' dir='ltr'><strong>a</strong></span> <span class='ocrx_word' id='word_1_142' title='bbox 1379 1962 1547 2031; x_wconf 79' lang='lat' dir='ltr'><strong>Magis</strong></span> <span class='ocrx_word' id='word_1_143' title='bbox 1594 1960 1871 2022; x_wconf 87' lang='lat' dir='ltr'><strong>Dominus,</strong></span> <span class='ocrx_word' id='word_1_144' title='bbox 1901 1973 2063 2027; x_wconf 90' lang='lat' dir='ltr'><strong>quam</strong></span> 
     </span>
    </p>
   </div>
   <div class='ocr_carea' id='block_1_21' title="bbox 475 2051 2062 2127">
    <p class='ocr_par' dir='ltr' id='par_1_21' title="bbox 475 2051 2062 2127">
     <span class='ocr_line' id='line_1_21' title="bbox 475 2051 2062 2127; baseline -0.005 -15"><span class='ocrx_word' id='word_1_145' title='bbox 475 2074 509 2112; x_wconf 83' lang='lat' dir='ltr'><strong>a</strong></span> <span class='ocrx_word' id='word_1_146' title='bbox 536 2057 743 2112; x_wconf 92' lang='lat' dir='ltr'><strong>Joanne</strong></span> <span class='ocrx_word' id='word_1_147' title='bbox 780 2059 1102 2127; x_wconf 80' lang='lat' dir='ltr'><strong>baptizatus.</strong></span> <span class='ocrx_word' id='word_1_148' title='bbox 1144 2057 1209 2110; x_wconf 85' lang='lat' dir='ltr'><strong>Et</strong></span> <span class='ocrx_word' id='word_1_149' title='bbox 1237 2055 1466 2110; x_wconf 78' lang='lat' dir='ltr'><strong>fortasse</strong></span> <span class='ocrx_word' id='word_1_150' title='bbox 1494 2055 1770 2107; x_wconf 89' lang='lat' dir='ltr'><strong>institutor</strong></span> <span class='ocrx_word' id='word_1_151' title='bbox 1796 2053 1951 2105; x_wconf 89' lang='lat' dir='ltr'><strong>istius</strong></span> <span class='ocrx_word' id='word_1_152' title='bbox 1977 2051 2062 2105; x_wconf 81' lang='lat' dir='ltr'><strong>of-</strong></span> 
     </span>
    </p>
   </div>
   <div class='ocr_carea' id='block_1_22' title="bbox 474 2144 2066 2221">
    <p class='ocr_par' dir='ltr' id='par_1_22' title="bbox 474 2144 2066 2221">
     <span class='ocr_line' id='line_1_22' title="bbox 474 2144 2066 2221; baseline -0.005 -16"><span class='ocrx_word' id='word_1_153' title='bbox 474 2149 581 2205; x_wconf 88' lang='lat' dir='ltr'><strong>ﬁcii</strong></span> <span class='ocrx_word' id='word_1_154' title='bbox 616 2151 790 2221; x_wconf 85' lang='lat' dir='ltr'><strong>magis</strong></span> <span class='ocrx_word' id='word_1_155' title='bbox 819 2150 983 2204; x_wconf 90' lang='lat' dir='ltr'><strong>voluit</strong></span> <span class='ocrx_word' id='word_1_156' title='bbox 1027 2149 1227 2203; x_wconf 89' lang='lat' dir='ltr'><strong>imitari</strong></span> <span class='ocrx_word' id='word_1_157' title='bbox 1255 2148 1497 2201; x_wconf 89' lang='lat' dir='ltr'><strong>ordinem</strong></span> <span class='ocrx_word' id='word_1_158' title='bbox 1552 2145 1875 2199; x_wconf 73' lang='lat' dir='ltr'><strong>venientium</strong></span> <span class='ocrx_word' id='word_1_159' title='bbox 1937 2144 2066 2197; x_wconf 87' lang='lat' dir='ltr'><strong>ﬁde-</strong></span> 
     </span>
    </p>
   </div>
   <div class='ocr_carea' id='block_1_23' title="bbox 473 2233 2066 2309">
    <p class='ocr_par' dir='ltr' id='par_1_23' title="bbox 473 2233 2066 2309">
     <span class='ocr_line' id='line_1_23' title="bbox 473 2233 2066 2309; baseline -0.006 -13"><span class='ocrx_word' id='word_1_160' title='bbox 473 2242 604 2296; x_wconf 88' lang='lat' dir='ltr'><strong>lium</strong></span> <span class='ocrx_word' id='word_1_161' title='bbox 633 2242 699 2294; x_wconf 90' lang='lat' dir='ltr'><strong>ad</strong></span> <span class='ocrx_word' id='word_1_162' title='bbox 744 2241 1093 2309; x_wconf 87' lang='lat' dir='ltr'><strong>baptismum,</strong></span> <span class='ocrx_word' id='word_1_163' title='bbox 1124 2254 1285 2308; x_wconf 90' lang='lat' dir='ltr'><strong>quam</strong></span> <span class='ocrx_word' id='word_1_164' title='bbox 1335 2238 1487 2307; x_wconf 82' lang='lat' dir='ltr'><strong>sequi</strong></span> <span class='ocrx_word' id='word_1_165' title='bbox 1538 2236 1784 2290; x_wconf 83' lang='lat' dir='ltr'><strong>ordinem</strong></span> <span class='ocrx_word' id='word_1_166' title='bbox 1833 2233 2066 2305; x_wconf 87' lang='lat' dir='ltr'><strong>psalmo-</strong></span> 
     </span>
    </p>
   </div>
   <div class='ocr_carea' id='block_1_24' title="bbox 474 2325 2063 2399">
    <p class='ocr_par' dir='ltr' id='par_1_24' title="bbox 474 2325 2063 2399">
     <span class='ocr_line' id='line_1_24' title="bbox 474 2325 2063 2399; baseline -0.003 -14"><span class='ocrx_word' id='word_1_167' title='bbox 474 2347 619 2386; x_wconf 86' lang='lat' dir='ltr'><strong>rum.</strong></span> <span class='ocrx_word' id='word_1_168' title='bbox 645 2331 795 2385; x_wconf 88' lang='lat' dir='ltr'><strong>Tunc</strong></span> <span class='ocrx_word' id='word_1_169' title='bbox 814 2347 943 2399; x_wconf 89' lang='lat' dir='ltr'><strong>ergo</strong></span> <span class='ocrx_word' id='word_1_170' title='bbox 960 2331 1098 2384; x_wconf 92' lang='lat' dir='ltr'><strong>bene</strong></span> <span class='ocrx_word' id='word_1_171' title='bbox 1127 2330 1192 2382; x_wconf 88' lang='lat' dir='ltr'><strong>ad</strong></span> <span class='ocrx_word' id='word_1_172' title='bbox 1221 2328 1535 2381; x_wconf 72' lang='lat' dir='ltr'><strong>memoriam</strong></span> <span class='ocrx_word' id='word_1_173' title='bbox 1569 2326 1901 2380; x_wconf 83' lang='lat' dir='ltr'><strong>reducuntur</strong></span> <span class='ocrx_word' id='word_1_174' title='bbox 1920 2325 2063 2380; x_wconf 83' lang='lat' dir='ltr'><strong>facta</strong></span> 
     </span>
    </p>
   </div>
   <div class='ocr_carea' id='block_1_25' title="bbox 473 2418 1778 2491">
    <p class='ocr_par' dir='ltr' id='par_1_25' title="bbox 473 2418 1778 2491">
     <span class='ocr_line' id='line_1_25' title="bbox 473 2418 1778 2491; baseline -0.005 -15"><span class='ocrx_word' id='word_1_175' title='bbox 473 2423 770 2491; x_wconf 61' lang='lat' dir='ltr'><strong>praeterita,</strong></span> <span class='ocrx_word' id='word_1_176' title='bbox 794 2437 916 2476; x_wconf 87' lang='lat' dir='ltr'><strong>eum</strong></span> <span class='ocrx_word' id='word_1_177' title='bbox 944 2421 1183 2475; x_wconf 86' lang='lat' dir='ltr'><strong>rationes</strong></span> <span class='ocrx_word' id='word_1_178' title='bbox 1204 2420 1399 2473; x_wconf 88' lang='lat' dir='ltr'><strong>rationi</strong></span> <span class='ocrx_word' id='word_1_179' title='bbox 1428 2418 1778 2472; x_wconf 88' lang='lat' dir='ltr'><strong>conveniunt.</strong></span> 
     </span>
    </p>
   </div>
   <div class='ocr_carea' id='block_1_26' title="bbox 1107 2550 1464 2607">
    <p class='ocr_par' dir='ltr' id='par_1_26' title="bbox 1107 2550 1464 2607">
     <span class='ocr_line' id='line_1_26' title="bbox 1107 2550 1464 2607; baseline -0.008 0"><span class='ocrx_word' id='word_1_180' title='bbox 1107 2550 1336 2607; x_wconf 72' lang='lat' dir='ltr'><strong>CAPUT</strong></span> <span class='ocrx_word' id='word_1_181' title='bbox 1381 2550 1464 2605; x_wconf 84' lang='lat' dir='ltr'><strong>Vl.</strong></span> 
     </span>
    </p>
   </div>
   <div class='ocr_carea' id='block_1_27' title="bbox 980 2685 1563 2725">
    <p class='ocr_par' dir='ltr' id='par_1_27' title="bbox 980 2685 1563 2725">
     <span class='ocr_line' id='line_1_27' title="bbox 980 2685 1563 2725; baseline 0 -1"><span class='ocrx_word' id='word_1_182' title='bbox 980 2685 1045 2724; x_wconf 82' lang='lat' dir='ltr'><strong>DE</strong></span> <span class='ocrx_word' id='word_1_183' title='bbox 1075 2685 1335 2725; x_wconf 59' lang='lat' dir='ltr'><strong>BAPTISRIO</strong></span> <span class='ocrx_word' id='word_1_184' title='bbox 1363 2685 1563 2725; x_wconf 69' lang='lat' dir='ltr'><strong>DOIINI</strong></span> 
     </span>
    </p>
   </div>
   <div class='ocr_carea' id='block_1_28' title="bbox 546 2781 2064 2854">
    <p class='ocr_par' dir='ltr' id='par_1_28' title="bbox 546 2781 2064 2854">
     <span class='ocr_line' id='line_1_28' title="bbox 546 2781 2064 2854; baseline -0.003 -15"><span class='ocrx_word' id='word_1_185' title='bbox 546 2784 789 2854; x_wconf 82' lang='lat' dir='ltr'><strong>Expletls</strong></span> <span class='ocrx_word' id='word_1_186' title='bbox 810 2783 1014 2839; x_wconf 84' lang='lat' dir='ltr'><strong>Christi</strong></span> <span class='ocrx_word' id='word_1_187' title='bbox 1044 2783 1199 2853; x_wconf 87' lang='lat' dir='ltr'><strong>quasi</strong></span> <span class='ocrx_word' id='word_1_188' title='bbox 1245 2783 1463 2852; x_wconf 83' lang='lat' dir='ltr'><strong>triginta</strong></span> <span class='ocrx_word' id='word_1_189' title='bbox 1502 2797 1769 2836; x_wconf 90' lang='lat' dir='ltr'><strong>annorum</strong></span> <span class='ocrx_word' id='word_1_190' title='bbox 1815 2781 2064 2835; x_wconf 88' lang='lat' dir='ltr'><strong>curricu-</strong></span> 
     </span>
    </p>
   </div>
   <div class='ocr_carea' id='block_1_29' title="bbox 469 2875 2067 2946">
    <p class='ocr_par' dir='ltr' id='par_1_29' title="bbox 469 2875 2067 2946">
     <span class='ocr_line' id='line_1_29' title="bbox 469 2875 2067 2946; baseline -0.004 -12"><span class='ocrx_word' id='word_1_191' title='bbox 469 2876 562 2945; x_wconf 83' lang='lat' dir='ltr'><strong>lis,</strong></span> <span class='ocrx_word' id='word_1_192' title='bbox 594 2879 743 2935; x_wconf 83' lang='lat' dir='ltr'><strong>venit</strong></span> <span class='ocrx_word' id='word_1_193' title='bbox 772 2880 824 2932; x_wconf 91' lang='lat' dir='ltr'><strong>in</strong></span> <span class='ocrx_word' id='word_1_194' title='bbox 850 2876 1142 2932; x_wconf 88' lang='lat' dir='ltr'><strong>Jordancm</strong></span> <span class='ocrx_word' id='word_1_195' title='bbox 1172 2878 1237 2931; x_wconf 90' lang='lat' dir='ltr'><strong>ad</strong></span> <span class='ocrx_word' id='word_1_196' title='bbox 1266 2875 1561 2942; x_wconf 82' lang='lat' dir='ltr'><strong>Joannem,</strong></span> <span class='ocrx_word' id='word_1_197' title='bbox 1612 2887 1669 2931; x_wconf 91' lang='lat' dir='ltr'><strong>ut</strong></span> <span class='ocrx_word' id='word_1_198' title='bbox 1700 2878 2067 2946; x_wconf 80' lang='lat' dir='ltr'><strong>baptizaretur</strong></span> 
     </span>
    </p>
   </div>
   <div class='ocr_carea' id='block_1_30' title="bbox 475 2968 2065 3038">
    <p class='ocr_par' dir='ltr' id='par_1_30' title="bbox 475 2968 2065 3038">
     <span class='ocr_line' id='line_1_30' title="bbox 475 2968 2065 3038; baseline -0.002 -13"><span class='ocrx_word' id='word_1_199' title='bbox 475 2971 545 3025; x_wconf 89' lang='lat' dir='ltr'><strong>ab</strong></span> <span class='ocrx_word' id='word_1_200' title='bbox 570 2986 667 3035; x_wconf 88' lang='lat' dir='ltr'><strong>eo,</strong></span> <span class='ocrx_word' id='word_1_201' title='bbox 714 2985 855 3024; x_wconf 90' lang='lat' dir='ltr'><strong>anno</strong></span> <span class='ocrx_word' id='word_1_202' title='bbox 894 2970 1145 3024; x_wconf 75' lang='lat' dir='ltr'><strong>videlicet</strong></span> <span class='ocrx_word' id='word_1_203' title='bbox 1174 2970 1577 3037; x_wconf 86' lang='lat' dir='ltr'><strong>decimoquinto</strong></span> <span class='ocrx_word' id='word_1_204' title='bbox 1621 2970 1829 3038; x_wconf 84' lang='lat' dir='ltr'><strong>itrperii</strong></span> <span class='ocrx_word' id='word_1_205' title='bbox 1866 2968 2065 3022; x_wconf 85' lang='lat' dir='ltr'><strong>Tiberii</strong></span> 
     </span>
    </p>
   </div>
   <div class='ocr_carea' id='block_1_31' title="bbox 474 3056 2065 3121">
    <p class='ocr_par' dir='ltr' id='par_1_31' title="bbox 474 3056 2065 3121">
     <span class='ocr_line' id='line_1_31' title="bbox 474 3056 2065 3121; baseline -0.002 -8"><span class='ocrx_word' id='word_1_206' title='bbox 474 3056 728 3121; x_wconf 71' lang='lat' dir='ltr'><strong>Cmsaris,</strong></span> <span class='ocrx_word' id='word_1_207' title='bbox 757 3058 857 3112; x_wconf 89' lang='lat' dir='ltr'><strong>sub</strong></span> <span class='ocrx_word' id='word_1_208' title='bbox 887 3058 1172 3112; x_wconf 85' lang='lat' dir='ltr'><strong>Valeriano</strong></span> <span class='ocrx_word' id='word_1_209' title='bbox 1194 3068 1248 3112; x_wconf 89' lang='lat' dir='ltr'><strong>et</strong></span> <span class='ocrx_word' id='word_1_210' title='bbox 1277 3059 1515 3113; x_wconf 81' lang='lat' dir='ltr'><strong>Asiatico</strong></span> <span class='ocrx_word' id='word_1_211' title='bbox 1545 3060 1854 3113; x_wconf 89' lang='lat' dir='ltr'><strong>consulibus</strong></span> <span class='ocrx_word' id='word_1_212' title='bbox 1884 3060 1932 3121; x_wconf 68' lang='grc' dir='ltr'><strong>ι’,</strong></span> <span class='ocrx_word' id='word_1_213' title='bbox 1967 3074 2065 3111; x_wconf 83' lang='lat' dir='ltr'><strong>nec</strong></span> 
     </span>
    </p>
   </div>
   <div class='ocr_carea' id='block_1_32' title="bbox 428 3147 2064 3217">
    <p class='ocr_par' dir='ltr' id='par_1_32' title="bbox 428 3147 2064 3217">
     <span class='ocr_line' id='line_1_32' title="bbox 428 3147 2064 3217; baseline -0.002 -12"><span class='ocrx_word' id='word_1_214' title='bbox 428 3148 429 3153; x_wconf 52' lang='grc'><em>“</em></span> <span class='ocrx_word' id='word_1_215' title='bbox 476 3164 585 3205; x_wconf 86' lang='lat' dir='ltr'><strong>non</strong></span> <span class='ocrx_word' id='word_1_216' title='bbox 635 3148 689 3201; x_wconf 91' lang='lat' dir='ltr'><strong>in</strong></span> <span class='ocrx_word' id='word_1_217' title='bbox 730 3147 913 3202; x_wconf 67' lang='lat' dir='ltr'><strong>Jndzea</strong></span> <span class='ocrx_word' id='word_1_218' title='bbox 944 3156 1177 3217; x_wconf 85' lang='lat' dir='ltr'><strong>quatuor</strong></span> <span class='ocrx_word' id='word_1_219' title='bbox 1216 3150 1506 3203; x_wconf 78' lang='lat' dir='ltr'><strong>tetrarchis</strong></span> <span class='ocrx_word' id='word_1_220' title='bbox 1541 3149 1964 3212; x_wconf 81' lang='lat' dir='ltr'><strong>dominantibus,</strong></span> <span class='ocrx_word' id='word_1_221' title='bbox 2013 3147 2064 3202; x_wconf 87' lang='lat' dir='ltr'><strong>id</strong></span> 
     </span>
    </p>
   </div>
   <div class='ocr_carea' id='block_1_33' title="bbox 473 3238 2065 3309">
    <p class='ocr_par' dir='ltr' id='par_1_33' title="bbox 473 3238 2065 3309">
     <span class='ocr_line' id='line_1_33' title="bbox 473 3238 2065 3309; baseline -0.001 -16"><span class='ocrx_word' id='word_1_222' title='bbox 473 3246 584 3302; x_wconf 83' lang='lat' dir='ltr'><strong>est,</strong></span> <span class='ocrx_word' id='word_1_223' title='bbox 620 3239 850 3302; x_wconf 86' lang='lat' dir='ltr'><strong>Herode,</strong></span> <span class='ocrx_word' id='word_1_224' title='bbox 882 3239 1127 3309; x_wconf 88' lang='lat' dir='ltr'><strong>Philippo</strong></span> <span class='ocrx_word' id='word_1_225' title='bbox 1162 3248 1216 3292; x_wconf 89' lang='lat' dir='ltr'><strong>et</strong></span> <span class='ocrx_word' id='word_1_226' title='bbox 1240 3238 1493 3309; x_wconf 82' lang='lat' dir='ltr'><strong>Lysania,</strong></span> <span class='ocrx_word' id='word_1_227' title='bbox 1535 3239 1658 3293; x_wconf 91' lang='lat' dir='ltr'><strong>ﬁliis</strong></span> <span class='ocrx_word' id='word_1_228' title='bbox 1686 3239 1912 3293; x_wconf 78' lang='lat' dir='ltr'><strong>llerodis</strong></span> <span class='ocrx_word' id='word_1_229' title='bbox 1950 3256 2065 3293; x_wconf 84' lang='lat' dir='ltr'><strong>ma-</strong></span> 
     </span>
    </p>
   </div>
   <div class='ocr_carea' id='block_1_34' title="bbox 469 3325 2065 3402">
    <p class='ocr_par' dir='ltr' id='par_1_34' title="bbox 469 3325 2065 3402">
     <span class='ocr_line' id='line_1_34' title="bbox 469 3325 2065 3402; baseline 0.003 -20"><span class='ocrx_word' id='word_1_230' title='bbox 469 3325 646 3397; x_wconf 91' lang='lat' dir='ltr'><strong>joris:</strong></span> <span class='ocrx_word' id='word_1_231' title='bbox 681 3343 777 3383; x_wconf 87' lang='lat' dir='ltr'><strong>seu</strong></span> <span class='ocrx_word' id='word_1_232' title='bbox 802 3328 977 3384; x_wconf 89' lang='lat' dir='ltr'><strong>Pilato</strong></span> <span class='ocrx_word' id='word_1_233' title='bbox 1005 3331 1236 3399; x_wconf 71' lang='lat' dir='ltr'><strong>praeside</strong></span> <span class='ocrx_word' id='word_1_234' title='bbox 1266 3330 1531 3395; x_wconf 75' lang='lat' dir='ltr'><strong>Romano,</strong></span> <span class='ocrx_word' id='word_1_235' title='bbox 1572 3333 1856 3401; x_wconf 82' lang='lat' dir='ltr'><strong>agentibus</strong></span> <span class='ocrx_word' id='word_1_236' title='bbox 1886 3334 2065 3402; x_wconf 91' lang='lat' dir='ltr'><strong>ponti-</strong></span> 
     </span>
    </p>
   </div>
   <div class='ocr_carea' id='block_1_35' title="bbox 478 3419 2064 3491">
    <p class='ocr_par' dir='ltr' id='par_1_35' title="bbox 478 3419 2064 3491">
     <span class='ocr_line' id='line_1_35' title="bbox 478 3419 2064 3491; baseline 0.001 -16"><span class='ocrx_word' id='word_1_237' title='bbox 478 3419 700 3475; x_wconf 87' lang='lat' dir='ltr'><strong>ﬁcatum</strong></span> <span class='ocrx_word' id='word_1_238' title='bbox 730 3419 885 3474; x_wconf 76' lang='lat' dir='ltr'><strong>Anna</strong></span> <span class='ocrx_word' id='word_1_239' title='bbox 910 3429 965 3474; x_wconf 90' lang='lat' dir='ltr'><strong>et</strong></span> <span class='ocrx_word' id='word_1_240' title='bbox 990 3420 1213 3491; x_wconf 86' lang='lat' dir='ltr'><strong>Caipba.</strong></span> <span class='ocrx_word' id='word_1_241' title='bbox 1263 3421 1473 3475; x_wconf 73' lang='lat' dir='ltr'><strong>Pet-acti</strong></span> <span class='ocrx_word' id='word_1_242' title='bbox 1505 3423 1649 3476; x_wconf 90' lang='lat' dir='ltr'><strong>enim</strong></span> <span class='ocrx_word' id='word_1_243' title='bbox 1680 3437 1709 3475; x_wconf 91' lang='lat' dir='ltr'><strong>e</strong></span> <span class='ocrx_word' id='word_1_244' title='bbox 1743 3432 1838 3477; x_wconf 91' lang='lat' dir='ltr'><strong>ant</strong></span> <span class='ocrx_word' id='word_1_245' title='bbox 1862 3425 1929 3477; x_wconf 90' lang='lat' dir='ltr'><strong>ab</strong></span> <span class='ocrx_word' id='word_1_246' title='bbox 1959 3424 2064 3477; x_wconf 88' lang='lat' dir='ltr'><strong>iui-</strong></span> 
     </span>
    </p>
   </div>
   <div class='ocr_carea' id='block_1_36' title="bbox 476 3514 2068 3586">
    <p class='ocr_par' dir='ltr' id='par_1_36' title="bbox 476 3514 2068 3586">
     <span class='ocr_line' id='line_1_36' title="bbox 476 3514 2068 3586; baseline 0.001 -17"><span class='ocrx_word' id='word_1_247' title='bbox 476 3514 554 3569; x_wconf 86' lang='lat' dir='ltr'><strong>tio</strong></span> <span class='ocrx_word' id='word_1_248' title='bbox 582 3515 764 3567; x_wconf 90' lang='lat' dir='ltr'><strong>mundi</strong></span> <span class='ocrx_word' id='word_1_249' title='bbox 792 3515 1085 3569; x_wconf 90' lang='lat' dir='ltr'><strong>secundum</strong></span> <span class='ocrx_word' id='word_1_250' title='bbox 1110 3514 1430 3569; x_wconf 84' lang='lat' dir='ltr'><strong>ilebraicam</strong></span> <span class='ocrx_word' id='word_1_251' title='bbox 1466 3517 1751 3571; x_wconf 87' lang='lat' dir='ltr'><strong>veritatem</strong></span> <span class='ocrx_word' id='word_1_252' title='bbox 1780 3518 1905 3571; x_wconf 90' lang='lat' dir='ltr'><strong>anni</strong></span> <span class='ocrx_word' id='word_1_253' title='bbox 1933 3533 2068 3586; x_wconf 70' lang='lat' dir='ltr'><strong>qua~</strong></span> 
     </span>
    </p>
   </div>
   <div class='ocr_carea' id='block_1_37' title="bbox 478 3604 2063 3680">
    <p class='ocr_par' dir='ltr' id='par_1_37' title="bbox 478 3604 2063 3680">
     <span class='ocr_line' id='line_1_37' title="bbox 478 3604 2063 3680; baseline 0.003 -20"><span class='ocrx_word' id='word_1_254' title='bbox 478 3614 563 3660; x_wconf 83' lang='lat' dir='ltr'><strong>ter</strong></span> <span class='ocrx_word' id='word_1_255' title='bbox 584 3605 728 3660; x_wconf 90' lang='lat' dir='ltr'><strong>mille</strong></span> <span class='ocrx_word' id='word_1_256' title='bbox 754 3604 930 3677; x_wconf 84' lang='lat' dir='ltr'><strong>[Leg.,</strong></span> <span class='ocrx_word' id='word_1_257' title='bbox 960 3607 1233 3670; x_wconf 76' lang='lat' dir='ltr'><strong>ter,mille,</strong></span> <span class='ocrx_word' id='word_1_258' title='bbox 1265 3618 1319 3661; x_wconf 81' lang='lat' dir='ltr'><strong>ut</strong></span> <span class='ocrx_word' id='word_1_259' title='bbox 1350 3625 1507 3679; x_wconf 83' lang='lat' dir='ltr'><strong>supra</strong></span> <span class='ocrx_word' id='word_1_260' title='bbox 1530 3626 1646 3680; x_wconf 85' lang='lat' dir='ltr'><strong>cap.</strong></span> <span class='ocrx_word' id='word_1_261' title='bbox 1684 3609 1755 3679; x_wconf 79' lang='lat' dir='ltr'><strong>l].</strong></span> <span class='ocrx_word' id='word_1_262' title='bbox 1789 3611 2063 3679; x_wconf 84' lang='lat' dir='ltr'><strong>nongenti,</strong></span> 
     </span>
    </p>
   </div>
   <div class='ocr_carea' id='block_1_38' title="bbox 477 3697 2066 3769">
    <p class='ocr_par' dir='ltr' id='par_1_38' title="bbox 477 3697 2066 3769">
     <span class='ocr_line' id='line_1_38' title="bbox 477 3697 2066 3769; baseline 0.002 -17"><span class='ocrx_word' id='word_1_263' title='bbox 477 3697 749 3767; x_wconf 72' lang='lat' dir='ltr'><strong>octoginta</strong></span> <span class='ocrx_word' id='word_1_264' title='bbox 794 3697 924 3764; x_wconf 92' lang='lat' dir='ltr'><strong>duo,</strong></span> <span class='ocrx_word' id='word_1_265' title='bbox 971 3699 1250 3763; x_wconf 88' lang='lat' dir='ltr'><strong>adnotato,</strong></span> <span class='ocrx_word' id='word_1_266' title='bbox 1300 3702 1442 3769; x_wconf 88' lang='lat' dir='ltr'><strong>quod</strong></span> <span class='ocrx_word' id='word_1_267' title='bbox 1490 3702 1698 3754; x_wconf 81' lang='lat' dir='ltr'><strong>decimo</strong></span> <span class='ocrx_word' id='word_1_268' title='bbox 1735 3711 1888 3755; x_wconf 81' lang='lat' dir='ltr'><strong>sexto</strong></span> <span class='ocrx_word' id='word_1_269' title='bbox 1926 3717 2066 3755; x_wconf 90' lang='lat' dir='ltr'><strong>anno</strong></span> 
     </span>
    </p>
   </div>
   <div class='ocr_carea' id='block_1_39' title="bbox 479 3786 2062 3861">
    <p class='ocr_par' dir='ltr' id='par_1_39' title="bbox 479 3786 2062 3861">
     <span class='ocr_line' id='line_1_39' title="bbox 479 3786 2062 3861; baseline 0.003 -19"><span class='ocrx_word' id='word_1_270' title='bbox 479 3786 680 3842; x_wconf 89' lang='lat' dir='ltr'><strong>Tiberii</strong></span> <span class='ocrx_word' id='word_1_271' title='bbox 717 3788 1039 3859; x_wconf 91' lang='lat' dir='ltr'><strong>principium</strong></span> <span class='ocrx_word' id='word_1_272' title='bbox 1086 3790 1250 3844; x_wconf 84' lang='lat' dir='ltr'><strong>fuerit</strong></span> <span class='ocrx_word' id='word_1_273' title='bbox 1298 3793 1611 3861; x_wconf 86' lang='lat' dir='ltr'><strong>oclogesimi</strong></span> <span class='ocrx_word' id='word_1_274' title='bbox 1642 3794 1800 3861; x_wconf 87' lang='lat' dir='ltr'><strong>primi</strong></span> <span class='ocrx_word' id='word_1_275' title='bbox 1839 3792 2062 3860; x_wconf 66' lang='lat' dir='ltr'><strong>jnbilaei.</strong></span> 
     </span>
    </p>
   </div>
   <div class='ocr_carea' id='block_1_40' title="bbox 476 3876 2067 3955">
    <p class='ocr_par' dir='ltr' id='par_1_40' title="bbox 476 3876 2067 3955">
     <span class='ocr_line' id='line_1_40' title="bbox 476 3876 2067 3955; baseline 0.003 -19"><span class='ocrx_word' id='word_1_276' title='bbox 476 3876 636 3936; x_wconf 79' lang='lat' dir='ltr'><strong>Juxta</strong></span> <span class='ocrx_word' id='word_1_277' title='bbox 665 3881 1016 3953; x_wconf 78' lang='lat' dir='ltr'><strong>Septuaginta</strong></span> <span class='ocrx_word' id='word_1_278' title='bbox 1050 3885 1404 3955; x_wconf 88' lang='lat' dir='ltr'><strong>interpretum</strong></span> <span class='ocrx_word' id='word_1_279' title='bbox 1436 3902 1566 3941; x_wconf 91' lang='lat' dir='ltr'><strong>vero</strong></span> <span class='ocrx_word' id='word_1_280' title='bbox 1593 3888 1910 3950; x_wconf 87' lang='lat' dir='ltr'><strong>editionem,</strong></span> <span class='ocrx_word' id='word_1_281' title='bbox 1941 3888 2067 3941; x_wconf 89' lang='lat' dir='ltr'><strong>anni</strong></span> 
     </span>
    </p>
   </div>
   <div class='ocr_carea' id='block_1_41' title="bbox 478 3977 2069 4047">
    <p class='ocr_par' dir='ltr' id='par_1_41' title="bbox 478 3977 2069 4047">
     <span class='ocr_line' id='line_1_41' title="bbox 478 3977 2069 4047; baseline 0.003 -18"><span class='ocrx_word' id='word_1_282' title='bbox 478 3984 603 4030; x_wconf 90' lang='lat' dir='ltr'><strong>sunt</strong></span> <span class='ocrx_word' id='word_1_283' title='bbox 635 3977 921 4046; x_wconf 86' lang='lat' dir='ltr'><strong>quinquies</strong></span> <span class='ocrx_word' id='word_1_284' title='bbox 954 3979 1098 4033; x_wconf 90' lang='lat' dir='ltr'><strong>mille</strong></span> <span class='ocrx_word' id='word_1_285' title='bbox 1134 3980 1348 4035; x_wconf 83' lang='lat' dir='ltr'><strong>ducenti</strong></span> <span class='ocrx_word' id='word_1_286' title='bbox 1373 3980 1565 4047; x_wconf 78' lang='lat' dir='ltr'><strong>viginti</strong></span> <span class='ocrx_word' id='word_1_287' title='bbox 1594 3996 1731 4035; x_wconf 87' lang='lat' dir='ltr'><strong>nove</strong></span> <span class='ocrx_word' id='word_1_288' title='bbox 1756 3998 1806 4033; x_wconf 70' lang='grc' dir='ltr'><strong>η.</strong></span> <span class='ocrx_word' id='word_1_289' title='bbox 1838 3980 1942 4033; x_wconf 91' lang='lat' dir='ltr'><strong>Pro</strong></span> <span class='ocrx_word' id='word_1_290' title='bbox 1974 3982 2069 4034; x_wconf 87' lang='lat' dir='ltr'><strong>tri-</strong></span> 
     </span>
    </p>
   </div>
   <div class='ocr_carea' id='block_1_42' title="bbox 475 4063 2070 4142">
    <p class='ocr_par' dir='ltr' id='par_1_42' title="bbox 475 4063 2070 4142">
     <span class='ocr_line' id='line_1_42' title="bbox 475 4063 2070 4142; baseline 0.004 -21"><span class='ocrx_word' id='word_1_291' title='bbox 475 4063 577 4121; x_wconf 82' lang='lat' dir='ltr'><strong>bus</strong></span> <span class='ocrx_word' id='word_1_292' title='bbox 602 4066 744 4122; x_wconf 88' lang='lat' dir='ltr'><strong>enim</strong></span> <span class='ocrx_word' id='word_1_293' title='bbox 770 4068 951 4123; x_wconf 87' lang='lat' dir='ltr'><strong>causis</strong></span> <span class='ocrx_word' id='word_1_294' title='bbox 986 4070 1287 4140; x_wconf 85' lang='lat' dir='ltr'><strong>baptizatus</strong></span> <span class='ocrx_word' id='word_1_295' title='bbox 1323 4079 1405 4124; x_wconf 90' lang='lat' dir='ltr'><strong>est</strong></span> <span class='ocrx_word' id='word_1_296' title='bbox 1452 4072 1745 4126; x_wconf 85' lang='lat' dir='ltr'><strong>Dominus:</strong></span> <span class='ocrx_word' id='word_1_297' title='bbox 1786 4073 1981 4142; x_wconf 88' lang='lat' dir='ltr'><strong>primo,</strong></span> <span class='ocrx_word' id='word_1_298' title='bbox 2011 4081 2070 4127; x_wconf 91' lang='lat' dir='ltr'><strong>ut</strong></span> 
     </span>
    </p>
   </div>
   <div class='ocr_carea' id='block_1_43' title="bbox 479 4155 2064 4233">
    <p class='ocr_par' dir='ltr' id='par_1_43' title="bbox 479 4155 2064 4233">
     <span class='ocr_line' id='line_1_43' title="bbox 479 4155 2064 4233; baseline 0.005 -24"><span class='ocrx_word' id='word_1_299' title='bbox 479 4155 606 4225; x_wconf 86' lang='lat' dir='ltr'><strong>quia</strong></span> <span class='ocrx_word' id='word_1_300' title='bbox 648 4155 810 4213; x_wconf 91' lang='lat' dir='ltr'><strong>homo</strong></span> <span class='ocrx_word' id='word_1_301' title='bbox 847 4167 1004 4223; x_wconf 90' lang='lat' dir='ltr'><strong>erat,</strong></span> <span class='ocrx_word' id='word_1_302' title='bbox 1046 4176 1261 4215; x_wconf 88' lang='lat' dir='ltr'><strong>onmem</strong></span> <span class='ocrx_word' id='word_1_303' title='bbox 1297 4160 1564 4229; x_wconf 87' lang='lat' dir='ltr'><strong>justitiam</strong></span> <span class='ocrx_word' id='word_1_304' title='bbox 1612 4164 1740 4232; x_wconf 82' lang='lat' dir='ltr'><strong>legis</strong></span> <span class='ocrx_word' id='word_1_305' title='bbox 1782 4165 2064 4233; x_wconf 89' lang='lat' dir='ltr'><strong>impleret;</strong></span> 
     </span>
    </p>
   </div>
   <div class='ocr_carea' id='block_1_44' title="bbox 477 4248 2066 4323">
    <p class='ocr_par' dir='ltr' id='par_1_44' title="bbox 477 4248 2066 4323">
     <span class='ocr_line' id='line_1_44' title="bbox 477 4248 2066 4323; baseline 0.006 -23"><span class='ocrx_word' id='word_1_306' title='bbox 477 4248 729 4311; x_wconf 86' lang='lat' dir='ltr'><strong>secundo,</strong></span> <span class='ocrx_word' id='word_1_307' title='bbox 760 4257 821 4303; x_wconf 88' lang='lat' dir='ltr'><strong>ttt</strong></span> <span class='ocrx_word' id='word_1_308' title='bbox 856 4248 1020 4321; x_wconf 62' lang='lat'><strong>465</strong></span> <span class='ocrx_word' id='word_1_309' title='bbox 1050 4251 1323 4321; x_wconf 90' lang='lat' dir='ltr'><strong>baptismo</strong></span> <span class='ocrx_word' id='word_1_310' title='bbox 1352 4269 1448 4307; x_wconf 90' lang='lat' dir='ltr'><strong>suo</strong></span> <span class='ocrx_word' id='word_1_311' title='bbox 1475 4251 1702 4308; x_wconf 82' lang='lat' dir='ltr'><strong>Joannis</strong></span> <span class='ocrx_word' id='word_1_312' title='bbox 1742 4253 2066 4323; x_wconf 83' lang='lat' dir='ltr'><strong>baptismum</strong></span> 
     </span>
    </p>
   </div>
   <div class='ocr_carea' id='block_1_45' title="bbox 434 4308 2064 4423">
    <p class='ocr_par' dir='ltr' id='par_1_45' title="bbox 434 4308 2064 4423">
     <span class='ocr_line' id='line_1_45' title="bbox 434 4308 2064 4423; baseline 0.006 -30"><span class='ocrx_word' id='word_1_313' title='bbox 434 4308 451 4423; x_wconf 49' lang='grc' dir='ltr'><em>ἓ</em></span> <span class='ocrx_word' id='word_1_314' title='bbox 478 4341 885 4423; x_wconf 79' lang='lat' dir='ltr'><strong>comprobaret;</strong></span> <span class='ocrx_word' id='word_1_315' title='bbox 912 4347 1093 4409; x_wconf 86' lang='lat' dir='ltr'><strong>tertio,</strong></span> <span class='ocrx_word' id='word_1_316' title='bbox 1124 4347 1200 4400; x_wconf 89' lang='lat' dir='ltr'><strong>uti</strong></span> <span class='ocrx_word' id='word_1_317' title='bbox 1226 4345 1480 4401; x_wconf 88' lang='lat' dir='ltr'><strong>Jordanis</strong></span> <span class='ocrx_word' id='word_1_318' title='bbox 1503 4364 1672 4416; x_wconf 76' lang='lat' dir='ltr'><strong>aquas</strong></span> <span class='ocrx_word' id='word_1_319' title='bbox 1696 4348 2064 4411; x_wconf 89' lang='lat' dir='ltr'><strong>sanctiﬁcans,</strong></span> 
     </span>
    </p>
   </div>
   <div class='ocr_carea' id='block_1_46' title="bbox 430 4419 2144 4533">
    <p class='ocr_par' dir='ltr' id='par_1_46' title="bbox 430 4419 2144 4533">
     <span class='ocr_line' id='line_1_46' title="bbox 430 4419 2144 4533; baseline 0.006 -49"><span class='ocrx_word' id='word_1_320' title='bbox 479 4444 577 4499; x_wconf 85' lang='lat' dir='ltr'><strong>per</strong></span> <span class='ocrx_word' id='word_1_321' title='bbox 602 4419 1005 4489; x_wconf 80' lang='lat' dir='ltr'><strong>descensionem</strong></span> <span class='ocrx_word' id='word_1_322' title='bbox 1034 4436 1295 4491; x_wconf 79' lang='lat' dir='ltr'><strong>columbae</strong></span> <span class='ocrx_word' id='word_1_323' title='bbox 1324 4436 1559 4506; x_wconf 90' lang='lat' dir='ltr'><strong>Spiritus</strong></span> <span class='ocrx_word' id='word_1_324' title='bbox 1576 4440 1746 4493; x_wconf 89' lang='lat' dir='ltr'><strong>sancti</strong></span> <span class='ocrx_word' id='word_1_325' title='bbox 1774 4440 1827 4493; x_wconf 95' lang='lat' dir='ltr'><strong>in</strong></span> <span class='ocrx_word' id='word_1_326' title='bbox 1850 4440 2067 4495; x_wconf 87' lang='lat' dir='ltr'><strong>lavacro</strong></span> <span class='ocrx_word' id='word_1_327' title='bbox 2098 4474 2144 4533; x_wconf 72' lang='grc' dir='ltr'>ο</span> 
     </span>
    </p>
   </div>
   <div class='ocr_carea' id='block_1_47' title="bbox 480 4523 2063 4601">
    <p class='ocr_par' dir='ltr' id='par_1_47' title="bbox 480 4523 2063 4601">
     <span class='ocr_line' id='line_1_47' title="bbox 480 4523 2063 4601; baseline 0.006 -23"><span class='ocrx_word' id='word_1_328' title='bbox 480 4523 814 4578; x_wconf 84' lang='lat' dir='ltr'><strong>credentium</strong></span> <span class='ocrx_word' id='word_1_329' title='bbox 862 4535 1189 4581; x_wconf 76' lang='lat' dir='ltr'><strong>monstraret</strong></span> <span class='ocrx_word' id='word_1_330' title='bbox 1217 4530 1527 4584; x_wconf 86' lang='lat' dir='ltr'><strong>adventum.</strong></span> <span class='ocrx_word' id='word_1_331' title='bbox 1580 4532 1709 4585; x_wconf 86' lang='lat' dir='ltr'><strong>Post</strong></span> <span class='ocrx_word' id='word_1_332' title='bbox 1736 4534 2063 4601; x_wconf 87' lang='lat' dir='ltr'><strong>baptismum</strong></span> 
     </span>
    </p>
   </div>
   <div class='ocr_carea' id='block_1_48' title="bbox 480 4614 2065 4691">
    <p class='ocr_par' dir='ltr' id='par_1_48' title="bbox 480 4614 2065 4691">
     <span class='ocr_line' id='line_1_48' title="bbox 480 4614 2065 4691; baseline 0.006 -21"><span class='ocrx_word' id='word_1_333' title='bbox 480 4614 625 4670; x_wconf 88' lang='lat' dir='ltr'><strong>illico</strong></span> <span class='ocrx_word' id='word_1_334' title='bbox 648 4614 840 4670; x_wconf 90' lang='lat' dir='ltr'><strong>ductus</strong></span> <span class='ocrx_word' id='word_1_335' title='bbox 873 4626 955 4672; x_wconf 85' lang='lat' dir='ltr'><strong>est</strong></span> <span class='ocrx_word' id='word_1_336' title='bbox 982 4618 1034 4672; x_wconf 93' lang='lat' dir='ltr'><strong>in</strong></span> <span class='ocrx_word' id='word_1_337' title='bbox 1066 4619 1338 4674; x_wconf 88' lang='lat' dir='ltr'><strong>desertum</strong></span> <span class='ocrx_word' id='word_1_338' title='bbox 1369 4637 1398 4674; x_wconf 88' lang='lat' dir='ltr'><strong>a</strong></span> <span class='ocrx_word' id='word_1_339' title='bbox 1421 4622 1644 4691; x_wconf 76' lang='lat' dir='ltr'><strong>Spiritu,</strong></span> <span class='ocrx_word' id='word_1_340' title='bbox 1682 4633 1739 4677; x_wconf 91' lang='lat' dir='ltr'><strong>ut</strong></span> <span class='ocrx_word' id='word_1_341' title='bbox 1769 4635 2065 4680; x_wconf 89' lang='lat' dir='ltr'><strong>tentaretur</strong></span> 
     </span>
    </p>
   </div>
   <div class='ocr_carea' id='block_1_49' title="bbox 474 4704 2063 4785">
    <p class='ocr_par' dir='ltr' id='par_1_49' title="bbox 474 4704 2063 4785">
     <span class='ocr_line' id='line_1_49' title="bbox 474 4704 2063 4785; baseline 0.009 -29"><span class='ocrx_word' id='word_1_342' title='bbox 474 4720 514 4765; x_wconf 66' lang='grc' dir='ltr'><strong>ει</strong></span> <span class='ocrx_word' id='word_1_343' title='bbox 551 4704 786 4770; x_wconf 90' lang='lat' dir='ltr'><strong>diabolo,</strong></span> <span class='ocrx_word' id='word_1_344' title='bbox 834 4715 889 4760; x_wconf 88' lang='lat' dir='ltr'><strong>et</strong></span> <span class='ocrx_word' id='word_1_345' title='bbox 918 4710 1081 4779; x_wconf 73' lang='lat' dir='ltr'><strong>ccepit</strong></span> <span class='ocrx_word' id='word_1_346' title='bbox 1118 4710 1363 4780; x_wconf 87' lang='lat' dir='ltr'><strong>jejunare</strong></span> <span class='ocrx_word' id='word_1_347' title='bbox 1394 4729 1490 4782; x_wconf 89' lang='lat' dir='ltr'><strong>pro</strong></span> <span class='ocrx_word' id='word_1_348' title='bbox 1524 4715 1679 4769; x_wconf 88' lang='lat' dir='ltr'><strong>nobis</strong></span> <span class='ocrx_word' id='word_1_349' title='bbox 1707 4718 2063 4785; x_wconf 75' lang='lat' dir='ltr'><strong>quadraginta</strong></span> 
     </span>
    </p>
   </div>
   <div class='ocr_carea' id='block_1_50' title="bbox 482 4792 2065 4870">
    <p class='ocr_par' dir='ltr' id='par_1_50' title="bbox 482 4792 2065 4870">
     <span class='ocr_line' id='line_1_50' title="bbox 482 4792 2065 4870; baseline 0.008 -21"><span class='ocrx_word' id='word_1_350' title='bbox 482 4792 671 4850; x_wconf 87' lang='lat' dir='ltr'><strong>diebus</strong></span> <span class='ocrx_word' id='word_1_351' title='bbox 700 4807 753 4851; x_wconf 89' lang='lat' dir='ltr'><strong>et</strong></span> <span class='ocrx_word' id='word_1_352' title='bbox 779 4799 1134 4870; x_wconf 87' lang='lat' dir='ltr'><strong>quadraginta</strong></span> <span class='ocrx_word' id='word_1_353' title='bbox 1166 4804 1431 4859; x_wconf 62' lang='lat' dir='ltr'><strong>noctibus.</strong></span> <span class='ocrx_word' id='word_1_354' title='bbox 1467 4806 1772 4861; x_wconf 77' lang='lat' dir='ltr'><strong>Secundum</strong></span> <span class='ocrx_word' id='word_1_355' title='bbox 1815 4808 1950 4864; x_wconf 89' lang='lat' dir='ltr'><strong>hanc</strong></span> <span class='ocrx_word' id='word_1_356' title='bbox 1978 4824 2065 4862; x_wconf 83' lang='lat' dir='ltr'><strong>ra-</strong></span> 
     </span>
    </p>
   </div>
   <div class='ocr_carea' id='block_1_51' title="bbox 481 4888 2063 4968">
    <p class='ocr_par' dir='ltr' id='par_1_51' title="bbox 481 4888 2063 4968">
     <span class='ocr_line' id='line_1_51' title="bbox 481 4888 2063 4968; baseline 0.008 -25"><span class='ocrx_word' id='word_1_357' title='bbox 481 4888 683 4943; x_wconf 87' lang='lat' dir='ltr'><strong>tionem</strong></span> <span class='ocrx_word' id='word_1_358' title='bbox 712 4902 948 4962; x_wconf 65' lang='lat' dir='ltr'><strong>emptum</strong></span> <span class='ocrx_word' id='word_1_359' title='bbox 977 4904 1060 4947; x_wconf 84' lang='lat' dir='ltr'><strong>est</strong></span> <span class='ocrx_word' id='word_1_360' title='bbox 1080 4894 1341 4963; x_wconf 80' lang='lat' dir='ltr'><strong>jejunium</strong></span> <span class='ocrx_word' id='word_1_361' title='bbox 1374 4914 1403 4951; x_wconf 91' lang='lat' dir='ltr'><strong>a</strong></span> <span class='ocrx_word' id='word_1_362' title='bbox 1450 4899 1716 4968; x_wconf 86' lang='lat' dir='ltr'><strong>baptismo</strong></span> <span class='ocrx_word' id='word_1_363' title='bbox 1747 4900 1979 4964; x_wconf 90' lang='lat' dir='ltr'><strong>Domini,</strong></span> <span class='ocrx_word' id='word_1_364' title='bbox 2008 4911 2063 4956; x_wconf 91' lang='lat' dir='ltr'><strong>et</strong></span> 
     </span>
    </p>
   </div>
   <div class='ocr_carea' id='block_1_52' title="bbox 480 4981 2063 5062">
    <p class='ocr_par' dir='ltr' id='par_1_52' title="bbox 480 4981 2063 5062">
     <span class='ocr_line' id='line_1_52' title="bbox 480 4981 2063 5062; baseline 0.006 -25"><span class='ocrx_word' id='word_1_365' title='bbox 480 4981 716 5037; x_wconf 83' lang='lat' dir='ltr'><strong>solutum</strong></span> <span class='ocrx_word' id='word_1_366' title='bbox 750 4993 831 5039; x_wconf 91' lang='lat' dir='ltr'><strong>est</strong></span> <span class='ocrx_word' id='word_1_367' title='bbox 860 4986 1260 5057; x_wconf 90' lang='lat' dir='ltr'><strong>decimoquinto</strong></span> <span class='ocrx_word' id='word_1_368' title='bbox 1287 4990 1509 5044; x_wconf 81' lang='lat' dir='ltr'><strong>Kalend.</strong></span> <span class='ocrx_word' id='word_1_369' title='bbox 1550 4992 1802 5055; x_wconf 78' lang='lat' dir='ltr'><strong>Martias,</strong></span> <span class='ocrx_word' id='word_1_370' title='bbox 1848 4994 2063 5062; x_wconf 88' lang='lat' dir='ltr'><strong>quando</strong></span> 
     </span>
    </p>
   </div>
   <div class='ocr_carea' id='block_1_53' title="bbox 482 5073 2062 5152">
    <p class='ocr_par' dir='ltr' id='par_1_53' title="bbox 482 5073 2062 5152">
     <span class='ocr_line' id='line_1_53' title="bbox 482 5073 2062 5152; baseline 0.007 -24"><span class='ocrx_word' id='word_1_371' title='bbox 482 5073 727 5131; x_wconf 88' lang='lat' dir='ltr'><strong>diabolus</strong></span> <span class='ocrx_word' id='word_1_372' title='bbox 754 5076 1009 5133; x_wconf 81' lang='lat' dir='ltr'><strong>confusus</strong></span> <span class='ocrx_word' id='word_1_373' title='bbox 1040 5080 1106 5132; x_wconf 90' lang='lat' dir='ltr'><strong>ab</strong></span> <span class='ocrx_word' id='word_1_374' title='bbox 1137 5095 1202 5134; x_wconf 90' lang='lat' dir='ltr'><strong>eo</strong></span> <span class='ocrx_word' id='word_1_375' title='bbox 1234 5082 1475 5136; x_wconf 88' lang='lat' dir='ltr'><strong>recessit.</strong></span> <span class='ocrx_word' id='word_1_376' title='bbox 1524 5082 1733 5137; x_wconf 83' lang='lat' dir='ltr'><strong>Abhinc</strong></span> <span class='ocrx_word' id='word_1_377' title='bbox 1763 5100 1977 5152; x_wconf 82' lang='lat' dir='ltr'><strong>quoque</strong></span> <span class='ocrx_word' id='word_1_378' title='bbox 2010 5085 2062 5139; x_wconf 92' lang='lat' dir='ltr'><strong>in</strong></span> 
     </span>
    </p>
   </div>
   <div class='ocr_carea' id='block_1_54' title="bbox 480 5168 2060 5240">
    <p class='ocr_par' dir='ltr' id='par_1_54' title="bbox 480 5168 2060 5240">
     <span class='ocr_line' id='line_1_54' title="bbox 480 5168 2060 5240; baseline 0.007 -21"><span class='ocrx_word' id='word_1_379' title='bbox 480 5168 705 5237; x_wconf 87' lang='lat' dir='ltr'><strong>populos</strong></span> <span class='ocrx_word' id='word_1_380' title='bbox 733 5168 891 5225; x_wconf 82' lang='lat' dir='ltr'><strong>Jesus</strong></span> <span class='ocrx_word' id='word_1_381' title='bbox 933 5169 1182 5226; x_wconf 85' lang='lat' dir='ltr'><strong>Christus</strong></span> <span class='ocrx_word' id='word_1_382' title='bbox 1227 5172 1520 5227; x_wconf 86' lang='lat' dir='ltr'><strong>salutarem</strong></span> <span class='ocrx_word' id='word_1_383' title='bbox 1564 5174 1704 5228; x_wconf 85' lang='lat' dir='ltr'><strong>viam</strong></span> <span class='ocrx_word' id='word_1_384' title='bbox 1754 5176 2060 5240; x_wconf 88' lang='lat' dir='ltr'><strong>annuntiat,</strong></span> 
     </span>
    </p>
   </div>
   <div class='ocr_carea' id='block_1_55' title="bbox 481 5259 2065 5337">
    <p class='ocr_par' dir='ltr' id='par_1_55' title="bbox 481 5259 2065 5337">
     <span class='ocr_line' id='line_1_55' title="bbox 481 5259 2065 5337; baseline 0.006 -23"><span class='ocrx_word' id='word_1_385' title='bbox 481 5259 651 5329; x_wconf 79' lang='lat' dir='ltr'><strong>signis</strong></span> <span class='ocrx_word' id='word_1_386' title='bbox 676 5270 837 5332; x_wconf 85' lang='lat' dir='ltr'><strong>atque</strong></span> <span class='ocrx_word' id='word_1_387' title='bbox 871 5264 1160 5319; x_wconf 87' lang='lat' dir='ltr'><strong>virtutibus</strong></span> <span class='ocrx_word' id='word_1_388' title='bbox 1184 5281 1310 5321; x_wconf 87' lang='lat' dir='ltr'><strong>vera</strong></span> <span class='ocrx_word' id='word_1_389' title='bbox 1357 5266 1716 5336; x_wconf 84' lang='lat' dir='ltr'><strong>comprobans</strong></span> <span class='ocrx_word' id='word_1_390' title='bbox 1742 5283 1890 5331; x_wconf 82' lang='lat' dir='ltr'><strong>esse,</strong></span> <span class='ocrx_word' id='word_1_391' title='bbox 1945 5283 2065 5337; x_wconf 63' lang='lat' dir='ltr'><strong>quae</strong></span> 
     </span>
    </p>
   </div>
   <div class='ocr_carea' id='block_1_56' title="bbox 484 5351 2066 5431">
    <p class='ocr_par' dir='ltr' id='par_1_56' title="bbox 484 5351 2066 5431">
     <span class='ocr_line' id='line_1_56' title="bbox 484 5351 2066 5431; baseline 0.006 -26"><span class='ocrx_word' id='word_1_392' title='bbox 484 5351 707 5408; x_wconf 88' lang='lat' dir='ltr'><strong>diceret.</strong></span> <span class='ocrx_word' id='word_1_393' title='bbox 761 5355 1017 5411; x_wconf 86' lang='lat' dir='ltr'><strong>Miracula</strong></span> <span class='ocrx_word' id='word_1_394' title='bbox 1048 5359 1245 5424; x_wconf 86' lang='lat' dir='ltr'><strong>etiam,</strong></span> <span class='ocrx_word' id='word_1_395' title='bbox 1293 5374 1413 5428; x_wconf 73' lang='lat' dir='ltr'><strong>qua:</strong></span> <span class='ocrx_word' id='word_1_396' title='bbox 1454 5360 1507 5413; x_wconf 91' lang='lat' dir='ltr'><strong>in</strong></span> <span class='ocrx_word' id='word_1_397' title='bbox 1538 5359 1827 5431; x_wconf 81' lang='lat' dir='ltr'><strong>Evangelio</strong></span> <span class='ocrx_word' id='word_1_398' title='bbox 1864 5360 2066 5430; x_wconf 88' lang='lat' dir='ltr'><strong>scripta</strong></span> 
     </span>
    </p>
   </div>
   <div class='ocr_carea' id='block_1_57' title="bbox 555 5506 2062 5584">
    <p class='ocr_par' dir='ltr' id='par_1_57' title="bbox 555 5506 2062 5584">
     <span class='ocr_line' id='line_1_57' title="bbox 555 5506 2062 5584; baseline 0.008 -25"><span class='ocrx_word' id='word_1_399' title='bbox 555 5517 581 5584; x_wconf 59' lang='grc' dir='ltr'><strong><em>ξ</em></strong></span> <span class='ocrx_word' id='word_1_400' title='bbox 620 5506 738 5584; x_wconf 67' lang='lat' dir='ltr'><strong>Yid.</strong></span> <span class='ocrx_word' id='word_1_401' title='bbox 770 5508 1007 5584; x_wconf 85' lang='lat' dir='ltr'><strong>Martene</strong></span> <span class='ocrx_word' id='word_1_402' title='bbox 1032 5511 1134 5568; x_wconf 91' lang='lat' dir='ltr'><strong>loc.</strong></span> <span class='ocrx_word' id='word_1_403' title='bbox 1155 5513 1261 5584; x_wconf 9' lang='lat' dir='ltr'><strong>Vicit.</strong></span> <span class='ocrx_word' id='word_1_404' title='bbox 1285 5529 1403 5584; x_wconf 71' lang='lat' dir='ltr'><strong>cap.</strong></span> <span class='ocrx_word' id='word_1_405' title='bbox 1432 5514 1515 5578; x_wconf 69' lang='lat' dir='ltr'><strong>li,</strong></span> <span class='ocrx_word' id='word_1_406' title='bbox 1542 5532 1689 5570; x_wconf 90' lang='lat' dir='ltr'><strong>num.</strong></span> <span class='ocrx_word' id='word_1_407' title='bbox 1712 5515 1763 5578; x_wconf 81' lang='lat' dir='ltr'><strong>ﬁ,</strong></span> <span class='ocrx_word' id='word_1_408' title='bbox 1793 5531 1912 5584; x_wconf 77' lang='lat' dir='ltr'><strong>pag.</strong></span> <span class='ocrx_word' id='word_1_409' title='bbox 1944 5517 2062 5571; x_wconf 84' lang='grc' dir='ltr'><strong>ΗΟ.</strong></span> 
     </span>
    </p>
   </div>
   <div class='ocr_carea' id='block_1_58' title="bbox 554 5574 2067 5654">
    <p class='ocr_par' dir='ltr' id='par_1_58' title="bbox 554 5574 2067 5654">
     <span class='ocr_line' id='line_1_58' title="bbox 554 5574 2067 5654; baseline 0.007 -23"><span class='ocrx_word' id='word_1_410' title='bbox 554 5574 583 5654; x_wconf 60' lang='grc' dir='ltr'><strong>ξ’</strong></span> <span class='ocrx_word' id='word_1_411' title='bbox 622 5579 771 5654; x_wconf 72' lang='grc' dir='ltr'><strong>ᾼηηο</strong></span> <span class='ocrx_word' id='word_1_412' title='bbox 801 5596 873 5654; x_wconf 80' lang='lat' dir='ltr'><strong>x_v_</strong></span> <span class='ocrx_word' id='word_1_413' title='bbox 896 5583 1096 5654; x_wconf 75' lang='lat' dir='ltr'><strong>imperii</strong></span> <span class='ocrx_word' id='word_1_414' title='bbox 1148 5583 1336 5637; x_wconf 81' lang='lat' dir='ltr'><strong>Tiberii</strong></span> <span class='ocrx_word' id='word_1_415' title='bbox 1353 5574 1609 5640; x_wconf 55' lang='lat' dir='ltr'><strong>&#39;Cu&#39;sdris.</strong></span> <span class='ocrx_word' id='word_1_416' title='bbox 1639 5574 1822 5639; x_wconf 71' lang='lat' dir='ltr'><strong>Potius</strong></span> <span class='ocrx_word' id='word_1_417' title='bbox 1852 5574 2067 5642; x_wconf 60' lang='lat' dir='ltr'><strong>Valerio</strong></span> 
     </span>
    </p>
   </div>
   <div class='ocr_carea' id='block_1_59' title="bbox 484 5644 2069 5727">
    <p class='ocr_par' dir='ltr' id='par_1_59' title="bbox 484 5644 2069 5727">
     <span class='ocr_line' id='line_1_59' title="bbox 484 5644 2069 5727; baseline 0.009 -27"><span class='ocrx_word' id='word_1_418' title='bbox 484 5644 720 5704; x_wconf 72' lang='lat' dir='ltr'><strong>Asiatico</strong></span> <span class='ocrx_word' id='word_1_419' title='bbox 745 5660 798 5707; x_wconf 90' lang='lat' dir='ltr'><strong>et</strong></span> <span class='ocrx_word' id='word_1_420' title='bbox 828 5644 1052 5727; x_wconf 61' lang='lat' dir='ltr'><strong>Messala</strong></span> <span class='ocrx_word' id='word_1_421' title='bbox 1089 5655 1416 5723; x_wconf 89' lang='lat' dir='ltr'><strong>consulibus,</strong></span> <span class='ocrx_word' id='word_1_422' title='bbox 1444 5658 1533 5727; x_wconf 86' lang='lat' dir='ltr'><strong>qui</strong></span> <span class='ocrx_word' id='word_1_423' title='bbox 1589 5667 1765 5711; x_wconf 89' lang='lat' dir='ltr'><strong>tamen</strong></span> <span class='ocrx_word' id='word_1_424' title='bbox 1818 5657 2069 5714; x_wconf 81' lang='lat' dir='ltr'><strong>consules</strong></span> 
     </span>
    </p>
   </div>
   <div class='ocr_carea' id='block_1_60' title="bbox 486 5724 2065 5799">
    <p class='ocr_par' dir='ltr' id='par_1_60' title="bbox 486 5724 2065 5799">
     <span class='ocr_line' id='line_1_60' title="bbox 486 5724 2065 5799; baseline 0.009 -28"><span class='ocrx_word' id='word_1_425' title='bbox 486 5730 596 5773; x_wconf 85' lang='lat' dir='ltr'><strong>non</strong></span> <span class='ocrx_word' id='word_1_426' title='bbox 628 5732 787 5778; x_wconf 87' lang='lat' dir='ltr'><strong>erant</strong></span> <span class='ocrx_word' id='word_1_427' title='bbox 808 5739 952 5780; x_wconf 90' lang='lat' dir='ltr'><strong>anno</strong></span> <span class='ocrx_word' id='word_1_428' title='bbox 988 5724 1189 5782; x_wconf 87' lang='lat' dir='ltr'><strong>Tiberii</strong></span> <span class='ocrx_word' id='word_1_429' title='bbox 1219 5743 1286 5782; x_wconf 87' lang='lat' dir='ltr'><strong>xv</strong></span> <span class='ocrx_word' id='word_1_430' title='bbox 1308 5767 1324 5794; x_wconf 94' lang='lat'><strong>,</strong></span> <span class='ocrx_word' id='word_1_431' title='bbox 1383 5738 1443 5783; x_wconf 91' lang='lat' dir='ltr'><strong>ut</strong></span> <span class='ocrx_word' id='word_1_432' title='bbox 1463 5724 1631 5799; x_wconf 81' lang='lat' dir='ltr'><strong>supra</strong></span> <span class='ocrx_word' id='word_1_433' title='bbox 1676 5728 1982 5784; x_wconf 81' lang='lat' dir='ltr'><strong>notavimus</strong></span> <span class='ocrx_word' id='word_1_434' title='bbox 2011 5731 2065 5786; x_wconf 92' lang='lat' dir='ltr'><strong>in</strong></span> 
     </span>
    </p>
   </div>
   <div class='ocr_carea' id='block_1_61' title="bbox 2158 462 3767 537">
    <p class='ocr_par' dir='ltr' id='par_1_61' title="bbox 2158 462 3767 537">
     <span class='ocr_line' id='line_1_61' title="bbox 2158 462 3767 537; baseline -0.004 -15"><span class='ocrx_word' id='word_1_435' title='bbox 2158 468 2303 536; x_wconf 91' lang='lat' dir='ltr'><strong>quod</strong></span> <span class='ocrx_word' id='word_1_436' title='bbox 2332 472 2454 537; x_wconf 89' lang='lat' dir='ltr'><strong>post</strong></span> <span class='ocrx_word' id='word_1_437' title='bbox 2484 466 2869 521; x_wconf 89' lang='lat' dir='ltr'><strong>revelationcm</strong></span> <span class='ocrx_word' id='word_1_438' title='bbox 2898 464 3044 526; x_wconf 90' lang='lat' dir='ltr'><strong>anni,</strong></span> <span class='ocrx_word' id='word_1_439' title='bbox 3073 462 3291 533; x_wconf 88' lang='lat' dir='ltr'><strong>quando</strong></span> <span class='ocrx_word' id='word_1_440' title='bbox 3319 469 3547 518; x_wconf 89' lang='lat' dir='ltr'><strong>vocatus</strong></span> <span class='ocrx_word' id='word_1_441' title='bbox 3574 470 3663 516; x_wconf 84' lang='lat' dir='ltr'><strong>est</strong></span> <span class='ocrx_word' id='word_1_442' title='bbox 3693 464 3767 517; x_wconf 77' lang='lat' dir='ltr'><strong>ad</strong></span> 
     </span>
    </p>
   </div>
   <div class='ocr_carea' id='block_1_62' title="bbox 2157 556 3768 632">
    <p class='ocr_par' dir='ltr' id='par_1_62' title="bbox 2157 556 3768 632">
     <span class='ocr_line' id='line_1_62' title="bbox 2157 556 3768 632; baseline -0.005 -13"><span class='ocrx_word' id='word_1_443' title='bbox 2157 564 2394 632; x_wconf 89' lang='lat' dir='ltr'><strong>nuptias,</strong></span> <span class='ocrx_word' id='word_1_444' title='bbox 2445 576 2615 631; x_wconf 88' lang='lat' dir='ltr'><strong>aquas</strong></span> <span class='ocrx_word' id='word_1_445' title='bbox 2645 561 2697 615; x_wconf 92' lang='lat' dir='ltr'><strong>in</strong></span> <span class='ocrx_word' id='word_1_446' title='bbox 2726 560 2912 613; x_wconf 86' lang='lat' dir='ltr'><strong>vinum</strong></span> <span class='ocrx_word' id='word_1_447' title='bbox 2956 558 3244 622; x_wconf 86' lang='lat' dir='ltr'><strong>convertit,</strong></span> <span class='ocrx_word' id='word_1_448' title='bbox 3285 557 3430 626; x_wconf 91' lang='lat' dir='ltr'><strong>quod</strong></span> <span class='ocrx_word' id='word_1_449' title='bbox 3475 564 3564 611; x_wconf 89' lang='lat' dir='ltr'><strong>est</strong></span> <span class='ocrx_word' id='word_1_450' title='bbox 3591 556 3768 611; x_wconf 86' lang='lat' dir='ltr'><strong>tertio</strong></span> 
     </span>
    </p>
   </div>
   <div class='ocr_carea' id='block_1_63' title="bbox 2160 648 3768 724">
    <p class='ocr_par' dir='ltr' id='par_1_63' title="bbox 2160 648 3768 724">
     <span class='ocr_line' id='line_1_63' title="bbox 2160 648 3768 724; baseline -0.004 -14"><span class='ocrx_word' id='word_1_451' title='bbox 2160 656 2247 710; x_wconf 88' lang='lat' dir='ltr'><strong>die</strong></span> <span class='ocrx_word' id='word_1_452' title='bbox 2296 664 2416 724; x_wconf 91' lang='lat' dir='ltr'><strong>post</strong></span> <span class='ocrx_word' id='word_1_453' title='bbox 2442 654 2784 708; x_wconf 84' lang='lat' dir='ltr'><strong>vocationem</strong></span> <span class='ocrx_word' id='word_1_454' title='bbox 2826 650 3231 719; x_wconf 87' lang='lat' dir='ltr'><strong>discipulorum.</strong></span> <span class='ocrx_word' id='word_1_455' title='bbox 3282 648 3480 703; x_wconf 73' lang='lat' dir='ltr'><strong>Vinum</strong></span> <span class='ocrx_word' id='word_1_456' title='bbox 3507 648 3653 703; x_wconf 89' lang='lat' dir='ltr'><strong>istud</strong></span> <span class='ocrx_word' id='word_1_457' title='bbox 3694 660 3768 703; x_wconf 83' lang='lat' dir='ltr'><strong>ex</strong></span> 
     </span>
    </p>
   </div>
   <div class='ocr_carea' id='block_1_64' title="bbox 2159 739 3768 816">
    <p class='ocr_par' dir='ltr' id='par_1_64' title="bbox 2159 739 3768 816">
     <span class='ocr_line' id='line_1_64' title="bbox 2159 739 3768 816; baseline -0.003 -15"><span class='ocrx_word' id='word_1_458' title='bbox 2159 762 2301 816; x_wconf 87' lang='lat' dir='ltr'><strong>aqua</strong></span> <span class='ocrx_word' id='word_1_459' title='bbox 2334 745 2557 809; x_wconf 78' lang='lat' dir='ltr'><strong>factum,</strong></span> <span class='ocrx_word' id='word_1_460' title='bbox 2589 745 2769 799; x_wconf 90' lang='lat' dir='ltr'><strong>divina</strong></span> <span class='ocrx_word' id='word_1_461' title='bbox 2792 753 3061 814; x_wconf 60' lang='lat' dir='ltr'><strong>praecepta</strong></span> <span class='ocrx_word' id='word_1_462' title='bbox 3087 756 3179 796; x_wconf 85' lang='lat' dir='ltr'><strong>seu</strong></span> <span class='ocrx_word' id='word_1_463' title='bbox 3201 739 3513 809; x_wconf 87' lang='lat' dir='ltr'><strong>Scripturas</strong></span> <span class='ocrx_word' id='word_1_464' title='bbox 3537 750 3768 797; x_wconf 78' lang='lat' dir='ltr'><strong>sanctas</strong></span> 
     </span>
    </p>
   </div>
   <div class='ocr_carea' id='block_1_65' title="bbox 2160 834 3765 907">
    <p class='ocr_par' dir='ltr' id='par_1_65' title="bbox 2160 834 3765 907">
     <span class='ocr_line' id='line_1_65' title="bbox 2160 834 3765 907; baseline -0.002 -13"><span class='ocrx_word' id='word_1_465' title='bbox 2160 841 2581 901; x_wconf 86' lang='lat' dir='ltr'><strong>meracissimas,</strong></span> <span class='ocrx_word' id='word_1_466' title='bbox 2616 839 2859 907; x_wconf 81' lang='lat' dir='ltr'><strong>vigorem</strong></span> <span class='ocrx_word' id='word_1_467' title='bbox 2889 837 3125 891; x_wconf 72' lang='lat' dir='ltr'><strong>cmlestis</strong></span> <span class='ocrx_word' id='word_1_468' title='bbox 3151 834 3433 907; x_wconf 68' lang='lat' dir='ltr'><strong>sapientiae</strong></span> <span class='ocrx_word' id='word_1_469' title='bbox 3463 837 3765 891; x_wconf 86' lang='lat' dir='ltr'><strong>continen-</strong></span> 
     </span>
    </p>
   </div>
   <div class='ocr_carea' id='block_1_66' title="bbox 2162 926 3765 998">
    <p class='ocr_par' dir='ltr' id='par_1_66' title="bbox 2162 926 3765 998">
     <span class='ocr_line' id='line_1_66' title="bbox 2162 926 3765 998; baseline -0.002 -12"><span class='ocrx_word' id='word_1_470' title='bbox 2162 940 2266 995; x_wconf 88' lang='lat' dir='ltr'><strong>tes,</strong></span> <span class='ocrx_word' id='word_1_471' title='bbox 2300 930 2671 993; x_wconf 67' lang='lat' dir='ltr'><strong>intelligimus.</strong></span> <span class='ocrx_word' id='word_1_472' title='bbox 2720 928 2813 983; x_wconf 74' lang='lat' dir='ltr'><strong>llze</strong></span> <span class='ocrx_word' id='word_1_473' title='bbox 2838 929 3034 998; x_wconf 78' lang='lat' dir='ltr'><strong>nuptiae</strong></span> <span class='ocrx_word' id='word_1_474' title='bbox 3065 928 3256 998; x_wconf 85' lang='lat' dir='ltr'><strong>gaudia</strong></span> <span class='ocrx_word' id='word_1_475' title='bbox 3286 926 3480 983; x_wconf 88' lang='lat' dir='ltr'><strong>salutis</strong></span> <span class='ocrx_word' id='word_1_476' title='bbox 3504 928 3765 982; x_wconf 66' lang='lat' dir='ltr'><strong>humanae</strong></span> 
     </span>
    </p>
   </div>
   <div class='ocr_carea' id='block_1_67' title="bbox 2160 1026 3760 1098">
    <p class='ocr_par' dir='ltr' id='par_1_67' title="bbox 2160 1026 3760 1098">
     <span class='ocr_line' id='line_1_67' title="bbox 2160 1026 3760 1098; baseline -0.001 -16"><span class='ocrx_word' id='word_1_477' title='bbox 2160 1028 2502 1098; x_wconf 84' lang='lat' dir='ltr'><strong>signiﬁcant:</strong></span> <span class='ocrx_word' id='word_1_478' title='bbox 2533 1042 2627 1081; x_wconf 78' lang='lat' dir='ltr'><strong>sex</strong></span> <span class='ocrx_word' id='word_1_479' title='bbox 2648 1028 2772 1097; x_wconf 70' lang='lat' dir='ltr'><strong>hydu</strong></span> <span class='ocrx_word' id='word_1_480' title='bbox 2791 1027 2876 1091; x_wconf 63' lang='lat' dir='ltr'><strong>ia),</strong></span> <span class='ocrx_word' id='word_1_481' title='bbox 2901 1041 2996 1081; x_wconf 89' lang='lat' dir='ltr'><strong>sex</strong></span> <span class='ocrx_word' id='word_1_482' title='bbox 3022 1027 3209 1081; x_wconf 84' lang='lat' dir='ltr'><strong>mundi</strong></span> <span class='ocrx_word' id='word_1_483' title='bbox 3235 1034 3424 1081; x_wconf 68' lang='lat' dir='ltr'><strong>aetates</strong></span> <span class='ocrx_word' id='word_1_484' title='bbox 3446 1026 3760 1095; x_wconf 86' lang='lat' dir='ltr'><strong>designant,</strong></span> 
     </span>
    </p>
   </div>
   <div class='ocr_carea' id='block_1_68' title="bbox 2159 1117 3765 1190">
    <p class='ocr_par' dir='ltr' id='par_1_68' title="bbox 2159 1117 3765 1190">
     <span class='ocr_line' id='line_1_68' title="bbox 2159 1117 3765 1190; baseline 0.001 -17"><span class='ocrx_word' id='word_1_485' title='bbox 2159 1135 2259 1190; x_wconf 87' lang='lat' dir='ltr'><strong>per</strong></span> <span class='ocrx_word' id='word_1_486' title='bbox 2287 1137 2423 1189; x_wconf 84' lang='lat' dir='ltr'><strong>quas</strong></span> <span class='ocrx_word' id='word_1_487' title='bbox 2446 1119 2577 1188; x_wconf 89' lang='lat' dir='ltr'><strong>justi</strong></span> <span class='ocrx_word' id='word_1_488' title='bbox 2610 1120 2841 1187; x_wconf 83' lang='lat' dir='ltr'><strong>ﬁguram</strong></span> <span class='ocrx_word' id='word_1_489' title='bbox 2870 1120 3080 1174; x_wconf 87' lang='lat' dir='ltr'><strong>Domini</strong></span> <span class='ocrx_word' id='word_1_490' title='bbox 3116 1120 3497 1189; x_wconf 69' lang='lat' dir='ltr'><strong>prmtulerunt.</strong></span> <span class='ocrx_word' id='word_1_491' title='bbox 3534 1117 3644 1173; x_wconf 88' lang='lat' dir='ltr'><strong>Per</strong></span> <span class='ocrx_word' id='word_1_492' title='bbox 3676 1134 3765 1174; x_wconf 77' lang='lat' dir='ltr'><strong>ar-</strong></span> 
     </span>
    </p>
   </div>
   <div class='ocr_carea' id='block_1_69' title="bbox 2163 1209 3763 1282">
    <p class='ocr_par' dir='ltr' id='par_1_69' title="bbox 2163 1209 3763 1282">
     <span class='ocr_line' id='line_1_69' title="bbox 2163 1209 3763 1282; baseline -0.001 -14"><span class='ocrx_word' id='word_1_493' title='bbox 2163 1214 2550 1275; x_wconf 86' lang='lat' dir='ltr'><strong>chitriclinum,</strong></span> <span class='ocrx_word' id='word_1_494' title='bbox 2584 1212 2938 1268; x_wconf 86' lang='lat' dir='ltr'><strong>fortissimum</strong></span> <span class='ocrx_word' id='word_1_495' title='bbox 2964 1213 3378 1282; x_wconf 71' lang='lat' dir='ltr'><strong>przedicatorem</strong></span> <span class='ocrx_word' id='word_1_496' title='bbox 3415 1209 3651 1265; x_wconf 86' lang='lat' dir='ltr'><strong>Paulum</strong></span> <span class='ocrx_word' id='word_1_497' title='bbox 3681 1212 3763 1267; x_wconf 80' lang='lat' dir='ltr'><strong>in-</strong></span> 
     </span>
    </p>
   </div>
   <div class='ocr_carea' id='block_1_70' title="bbox 2161 1303 3758 1375">
    <p class='ocr_par' dir='ltr' id='par_1_70' title="bbox 2161 1303 3758 1375">
     <span class='ocr_line' id='line_1_70' title="bbox 2161 1303 3758 1375; baseline -0.002 -14"><span class='ocrx_word' id='word_1_498' title='bbox 2161 1306 2473 1375; x_wconf 75' lang='lat' dir='ltr'><strong>telligimus.</strong></span> <span class='ocrx_word' id='word_1_499' title='bbox 2523 1305 2677 1360; x_wconf 80' lang='lat' dir='ltr'><strong>Fecit</strong></span> <span class='ocrx_word' id='word_1_500' title='bbox 2705 1306 2870 1359; x_wconf 86' lang='lat' dir='ltr'><strong>etiam</strong></span> <span class='ocrx_word' id='word_1_501' title='bbox 2918 1304 3077 1359; x_wconf 87' lang='lat' dir='ltr'><strong>hodie</strong></span> <span class='ocrx_word' id='word_1_502' title='bbox 3107 1319 3363 1374; x_wconf 76' lang='lat' dir='ltr'><strong>magnum</strong></span> <span class='ocrx_word' id='word_1_503' title='bbox 3407 1303 3758 1367; x_wconf 88' lang='lat' dir='ltr'><strong>miraculum,</strong></span> 
     </span>
    </p>
   </div>
   <div class='ocr_carea' id='block_1_71' title="bbox 2164 1397 3759 1467">
    <p class='ocr_par' dir='ltr' id='par_1_71' title="bbox 2164 1397 3759 1467">
     <span class='ocr_line' id='line_1_71' title="bbox 2164 1397 3759 1467; baseline 0.002 -21"><span class='ocrx_word' id='word_1_504' title='bbox 2164 1399 2380 1467; x_wconf 61' lang='lat' dir='ltr'><strong>quando</strong></span> <span class='ocrx_word' id='word_1_505' title='bbox 2401 1398 2465 1452; x_wconf 90' lang='lat' dir='ltr'><strong>de</strong></span> <span class='ocrx_word' id='word_1_506' title='bbox 2492 1399 2731 1467; x_wconf 87' lang='lat' dir='ltr'><strong>quinque</strong></span> <span class='ocrx_word' id='word_1_507' title='bbox 2758 1397 2988 1467; x_wconf 90' lang='lat' dir='ltr'><strong>panibus</strong></span> <span class='ocrx_word' id='word_1_508' title='bbox 3016 1405 3070 1452; x_wconf 91' lang='lat' dir='ltr'><strong>et</strong></span> <span class='ocrx_word' id='word_1_509' title='bbox 3100 1398 3310 1452; x_wconf 87' lang='lat' dir='ltr'><strong>duobus</strong></span> <span class='ocrx_word' id='word_1_510' title='bbox 3335 1397 3583 1467; x_wconf 88' lang='lat' dir='ltr'><strong>piscibus</strong></span> <span class='ocrx_word' id='word_1_511' title='bbox 3612 1399 3759 1467; x_wconf 78' lang='lat' dir='ltr'><strong>pavit</strong></span> 
     </span>
    </p>
   </div>
   <div class='ocr_carea' id='block_1_72' title="bbox 2165 1487 3758 1560">
    <p class='ocr_par' dir='ltr' id='par_1_72' title="bbox 2165 1487 3758 1560">
     <span class='ocr_line' id='line_1_72' title="bbox 2165 1487 3758 1560; baseline -0.002 -17"><span class='ocrx_word' id='word_1_512' title='bbox 2165 1490 2407 1560; x_wconf 89' lang='lat' dir='ltr'><strong>quinque</strong></span> <span class='ocrx_word' id='word_1_513' title='bbox 2436 1490 2604 1543; x_wconf 87' lang='lat' dir='ltr'><strong>millia</strong></span> <span class='ocrx_word' id='word_1_514' title='bbox 2638 1491 2937 1543; x_wconf 89' lang='lat' dir='ltr'><strong>hominum.</strong></span> <span class='ocrx_word' id='word_1_515' title='bbox 2967 1487 3216 1558; x_wconf 84' lang='lat' dir='ltr'><strong>Quinque</strong></span> <span class='ocrx_word' id='word_1_516' title='bbox 3243 1488 3411 1541; x_wconf 87' lang='lat' dir='ltr'><strong>millia</strong></span> <span class='ocrx_word' id='word_1_517' title='bbox 3446 1490 3758 1552; x_wconf 86' lang='lat' dir='ltr'><strong>hominum,</strong></span> 
     </span>
    </p>
   </div>
   <div class='ocr_carea' id='block_1_73' title="bbox 2164 1579 3759 1652">
    <p class='ocr_par' dir='ltr' id='par_1_73' title="bbox 2164 1579 3759 1652">
     <span class='ocr_line' id='line_1_73' title="bbox 2164 1579 3759 1652; baseline 0 -17"><span class='ocrx_word' id='word_1_518' title='bbox 2164 1584 2252 1652; x_wconf 88' lang='lat' dir='ltr'><strong>qui</strong></span> <span class='ocrx_word' id='word_1_519' title='bbox 2285 1584 2522 1651; x_wconf 86' lang='lat' dir='ltr'><strong>quinque</strong></span> <span class='ocrx_word' id='word_1_520' title='bbox 2554 1582 2788 1651; x_wconf 82' lang='lat' dir='ltr'><strong>panibus</strong></span> <span class='ocrx_word' id='word_1_521' title='bbox 2816 1590 2871 1635; x_wconf 92' lang='lat' dir='ltr'><strong>et</strong></span> <span class='ocrx_word' id='word_1_522' title='bbox 2917 1579 3123 1635; x_wconf 90' lang='lat' dir='ltr'><strong>duobus</strong></span> <span class='ocrx_word' id='word_1_523' title='bbox 3158 1581 3399 1649; x_wconf 84' lang='lat' dir='ltr'><strong>piscibus</strong></span> <span class='ocrx_word' id='word_1_524' title='bbox 3436 1580 3581 1651; x_wconf 84' lang='lat' dir='ltr'><strong>pasti</strong></span> <span class='ocrx_word' id='word_1_525' title='bbox 3610 1592 3759 1643; x_wconf 87' lang='lat' dir='ltr'><strong>sunt,</strong></span> 
     </span>
    </p>
   </div>
   <div class='ocr_carea' id='block_1_74' title="bbox 2165 1672 3762 1742">
    <p class='ocr_par' dir='ltr' id='par_1_74' title="bbox 2165 1672 3762 1742">
     <span class='ocr_line' id='line_1_74' title="bbox 2165 1672 3762 1742; baseline -0.003 -13"><span class='ocrx_word' id='word_1_526' title='bbox 2165 1675 2420 1729; x_wconf 68' lang='lat' dir='ltr'><strong>Ecclesia:</strong></span> <span class='ocrx_word' id='word_1_527' title='bbox 2449 1682 2575 1729; x_wconf 87' lang='lat' dir='ltr'><strong>sunt</strong></span> <span class='ocrx_word' id='word_1_528' title='bbox 2598 1672 2805 1741; x_wconf 89' lang='lat' dir='ltr'><strong>populi,</strong></span> <span class='ocrx_word' id='word_1_529' title='bbox 2831 1674 2920 1742; x_wconf 88' lang='lat' dir='ltr'><strong>qui</strong></span> <span class='ocrx_word' id='word_1_530' title='bbox 2946 1676 3067 1742; x_wconf 80' lang='lat' dir='ltr'><strong>post</strong></span> <span class='ocrx_word' id='word_1_531' title='bbox 3092 1672 3328 1740; x_wconf 86' lang='lat' dir='ltr'><strong>quinque</strong></span> <span class='ocrx_word' id='word_1_532' title='bbox 3352 1686 3548 1726; x_wconf 83' lang='lat' dir='ltr'><strong>sensus</strong></span> <span class='ocrx_word' id='word_1_533' title='bbox 3572 1687 3762 1736; x_wconf 81' lang='lat' dir='ltr'><strong>corpo-</strong></span> 
     </span>
    </p>
   </div>
   <div class='ocr_carea' id='block_1_75' title="bbox 2097 1750 3763 1833">
    <p class='ocr_par' dir='ltr' id='par_1_75' title="bbox 2097 1750 3763 1833">
     <span class='ocr_line' id='line_1_75' title="bbox 2097 1750 3763 1833; baseline -0.004 -12"><span class='ocrx_word' id='word_1_534' title='bbox 2097 1750 2139 1808; x_wconf 70' lang='grc' dir='ltr'>Β</span> <span class='ocrx_word' id='word_1_535' title='bbox 2166 1767 2262 1829; x_wconf 88' lang='lat' dir='ltr'><strong>ris,</strong></span> <span class='ocrx_word' id='word_1_536' title='bbox 2297 1767 2552 1820; x_wconf 87' lang='lat' dir='ltr'><strong>alimento</strong></span> <span class='ocrx_word' id='word_1_537' title='bbox 2580 1766 2713 1833; x_wconf 83' lang='lat' dir='ltr'><strong>legis</strong></span> <span class='ocrx_word' id='word_1_538' title='bbox 2741 1765 2969 1833; x_wconf 84' lang='lat' dir='ltr'><strong>spiritali</strong></span> <span class='ocrx_word' id='word_1_539' title='bbox 3011 1778 3039 1817; x_wconf 90' lang='lat' dir='ltr'><strong>a</strong></span> <span class='ocrx_word' id='word_1_540' title='bbox 3079 1763 3298 1817; x_wconf 88' lang='lat' dir='ltr'><strong>Christo</strong></span> <span class='ocrx_word' id='word_1_541' title='bbox 3320 1763 3666 1821; x_wconf 84' lang='lat' dir='ltr'><strong>reﬁciuntur.</strong></span> <span class='ocrx_word' id='word_1_542' title='bbox 3711 1770 3763 1817; x_wconf 85' lang='lat' dir='ltr'><strong>et</strong></span> 
     </span>
    </p>
   </div>
   <div class='ocr_carea' id='block_1_76' title="bbox 2165 1853 3763 1926">
    <p class='ocr_par' dir='ltr' id='par_1_76' title="bbox 2165 1853 3763 1926">
     <span class='ocr_line' id='line_1_76' title="bbox 2165 1853 3763 1926; baseline -0.001 -17"><span class='ocrx_word' id='word_1_543' title='bbox 2165 1858 2361 1926; x_wconf 74' lang='lat' dir='ltr'><strong>duplici</strong></span> <span class='ocrx_word' id='word_1_544' title='bbox 2396 1865 2722 1910; x_wconf 89' lang='lat' dir='ltr'><strong>testamento</strong></span> <span class='ocrx_word' id='word_1_545' title='bbox 2765 1856 2916 1923; x_wconf 88' lang='lat' dir='ltr'><strong>quasi</strong></span> <span class='ocrx_word' id='word_1_546' title='bbox 2963 1854 3205 1925; x_wconf 84' lang='lat' dir='ltr'><strong>gemellis</strong></span> <span class='ocrx_word' id='word_1_547' title='bbox 3231 1853 3474 1924; x_wconf 83' lang='lat' dir='ltr'><strong>piscibus</strong></span> <span class='ocrx_word' id='word_1_548' title='bbox 3500 1862 3763 1908; x_wconf 80' lang='lat' dir='ltr'><strong>saturan-</strong></span> 
     </span>
    </p>
   </div>
   <div class='ocr_carea' id='block_1_77' title="bbox 2165 1944 3765 2015">
    <p class='ocr_par' dir='ltr' id='par_1_77' title="bbox 2165 1944 3765 2015">
     <span class='ocr_line' id='line_1_77' title="bbox 2165 1944 3765 2015; baseline -0.001 -14"><span class='ocrx_word' id='word_1_549' title='bbox 2165 1955 2273 2001; x_wconf 90' lang='lat' dir='ltr'><strong>tur.</strong></span> <span class='ocrx_word' id='word_1_550' title='bbox 2324 1946 2507 2014; x_wconf 82' lang='lat' dir='ltr'><strong>Neque</strong></span> <span class='ocrx_word' id='word_1_551' title='bbox 2544 1946 2646 1999; x_wconf 85' lang='lat' dir='ltr'><strong>hoc</strong></span> <span class='ocrx_word' id='word_1_552' title='bbox 2694 1944 3125 2015; x_wconf 69' lang='lat' dir='ltr'><strong>praetereundum</strong></span> <span class='ocrx_word' id='word_1_553' title='bbox 3174 1953 3281 2009; x_wconf 86' lang='lat' dir='ltr'><strong>est,</strong></span> <span class='ocrx_word' id='word_1_554' title='bbox 3329 1944 3473 2013; x_wconf 87' lang='lat' dir='ltr'><strong>quod</strong></span> <span class='ocrx_word' id='word_1_555' title='bbox 3529 1945 3649 1999; x_wconf 75' lang='lat' dir='ltr'><strong>hzec</strong></span> <span class='ocrx_word' id='word_1_556' title='bbox 3684 1960 3765 1999; x_wconf 84' lang='lat' dir='ltr'><strong>se-</strong></span> 
     </span>
    </p>
   </div>
   <div class='ocr_carea' id='block_1_78' title="bbox 2165 2040 3765 2111">
    <p class='ocr_par' dir='ltr' id='par_1_78' title="bbox 2165 2040 3765 2111">
     <span class='ocr_line' id='line_1_78' title="bbox 2165 2040 3765 2111; baseline -0.002 -14"><span class='ocrx_word' id='word_1_557' title='bbox 2165 2043 2337 2097; x_wconf 90' lang='lat' dir='ltr'><strong>cunda</strong></span> <span class='ocrx_word' id='word_1_558' title='bbox 2369 2042 2625 2095; x_wconf 89' lang='lat' dir='ltr'><strong>nativitas</strong></span> <span class='ocrx_word' id='word_1_559' title='bbox 2653 2040 2851 2095; x_wconf 71' lang='lat' dir='ltr'><strong>Christi</strong></span> <span class='ocrx_word' id='word_1_560' title='bbox 2881 2049 2958 2094; x_wconf 92' lang='lat' dir='ltr'><strong>tot</strong></span> <span class='ocrx_word' id='word_1_561' title='bbox 2985 2040 3251 2094; x_wconf 88' lang='lat' dir='ltr'><strong>illustrata</strong></span> <span class='ocrx_word' id='word_1_562' title='bbox 3282 2040 3562 2111; x_wconf 88' lang='lat' dir='ltr'><strong>mysteriis</strong></span> <span class='ocrx_word' id='word_1_563' title='bbox 3593 2042 3765 2094; x_wconf 87' lang='lat' dir='ltr'><strong>bono-</strong></span> 
     </span>
    </p>
   </div>
   <div class='ocr_carea' id='block_1_79' title="bbox 2166 2132 3764 2202">
    <p class='ocr_par' dir='ltr' id='par_1_79' title="bbox 2166 2132 3764 2202">
     <span class='ocr_line' id='line_1_79' title="bbox 2166 2132 3764 2202; baseline 0.001 -15"><span class='ocrx_word' id='word_1_564' title='bbox 2166 2134 2337 2187; x_wconf 89' lang='lat' dir='ltr'><strong>ratior</strong></span> <span class='ocrx_word' id='word_1_565' title='bbox 2367 2141 2473 2195; x_wconf 90' lang='lat' dir='ltr'><strong>est,</strong></span> <span class='ocrx_word' id='word_1_566' title='bbox 2520 2148 2682 2202; x_wconf 90' lang='lat' dir='ltr'><strong>quam</strong></span> <span class='ocrx_word' id='word_1_567' title='bbox 2730 2133 2925 2201; x_wconf 88' lang='lat' dir='ltr'><strong>prima.</strong></span> <span class='ocrx_word' id='word_1_568' title='bbox 2984 2132 3135 2185; x_wconf 86' lang='lat' dir='ltr'><strong>Tunc</strong></span> <span class='ocrx_word' id='word_1_569' title='bbox 3178 2133 3559 2187; x_wconf 83' lang='lat' dir='ltr'><strong>tantummodo</strong></span> <span class='ocrx_word' id='word_1_570' title='bbox 3605 2142 3764 2189; x_wconf 81' lang='lat' dir='ltr'><strong>natus</strong></span> 
     </span>
    </p>
   </div>
   <div class='ocr_carea' id='block_1_80' title="bbox 2165 2222 3761 2294">
    <p class='ocr_par' dir='ltr' id='par_1_80' title="bbox 2165 2222 3761 2294">
     <span class='ocr_line' id='line_1_80' title="bbox 2165 2222 3761 2294; baseline -0.001 -16"><span class='ocrx_word' id='word_1_571' title='bbox 2165 2233 2269 2288; x_wconf 83' lang='lat' dir='ltr'><strong>est,</strong></span> <span class='ocrx_word' id='word_1_572' title='bbox 2320 2233 2372 2277; x_wconf 83' lang='lat' dir='ltr'><strong>et</strong></span> <span class='ocrx_word' id='word_1_573' title='bbox 2416 2224 2638 2294; x_wconf 85' lang='lat' dir='ltr'><strong>angelus</strong></span> <span class='ocrx_word' id='word_1_574' title='bbox 2677 2233 2924 2292; x_wconf 89' lang='lat' dir='ltr'><strong>pastores</strong></span> <span class='ocrx_word' id='word_1_575' title='bbox 2968 2222 3157 2278; x_wconf 79' lang='lat' dir='ltr'><strong>affatus</strong></span> <span class='ocrx_word' id='word_1_576' title='bbox 3181 2233 3301 2278; x_wconf 90' lang='lat' dir='ltr'><strong>est:</strong></span> <span class='ocrx_word' id='word_1_577' title='bbox 3341 2225 3507 2278; x_wconf 88' lang='lat' dir='ltr'><strong>hodie</strong></span> <span class='ocrx_word' id='word_1_578' title='bbox 3553 2241 3685 2279; x_wconf 75' lang='lat' dir='ltr'><strong>vero</strong></span> <span class='ocrx_word' id='word_1_579' title='bbox 3735 2242 3761 2277; x_wconf 85' lang='lat' dir='ltr'><strong>a</strong></span> 
     </span>
    </p>
   </div>
   <div class='ocr_carea' id='block_1_81' title="bbox 2168 2315 3763 2390">
    <p class='ocr_par' dir='ltr' id='par_1_81' title="bbox 2168 2315 3763 2390">
     <span class='ocr_line' id='line_1_81' title="bbox 2168 2315 3763 2390; baseline 0.001 -21"><span class='ocrx_word' id='word_1_580' title='bbox 2168 2317 2338 2390; x_wconf 70' lang='lat' dir='ltr'><strong>Magis</strong></span> <span class='ocrx_word' id='word_1_581' title='bbox 2385 2331 2505 2370; x_wconf 90' lang='lat' dir='ltr'><strong>cum</strong></span> <span class='ocrx_word' id='word_1_582' title='bbox 2549 2316 2865 2369; x_wconf 74' lang='lat' dir='ltr'><strong>muneribus</strong></span> <span class='ocrx_word' id='word_1_583' title='bbox 2895 2315 3150 2368; x_wconf 88' lang='lat' dir='ltr'><strong>adoratus</strong></span> <span class='ocrx_word' id='word_1_584' title='bbox 3180 2324 3301 2379; x_wconf 87' lang='lat' dir='ltr'><strong>est;</strong></span> <span class='ocrx_word' id='word_1_585' title='bbox 3354 2317 3520 2370; x_wconf 72' lang='lat' dir='ltr'><strong>hodie</strong></span> <span class='ocrx_word' id='word_1_586' title='bbox 3549 2332 3674 2371; x_wconf 85' lang='lat' dir='ltr'><strong>cum</strong></span> <span class='ocrx_word' id='word_1_587' title='bbox 3713 2319 3763 2370; x_wconf 88' lang='lat' dir='ltr'><strong>in</strong></span> 
     </span>
    </p>
   </div>
   <div class='ocr_carea' id='block_1_82' title="bbox 2165 2407 3762 2478">
    <p class='ocr_par' dir='ltr' id='par_1_82' title="bbox 2165 2407 3762 2478">
     <span class='ocr_line' id='line_1_82' title="bbox 2165 2407 3762 2478; baseline 0.001 -16"><span class='ocrx_word' id='word_1_588' title='bbox 2165 2407 2473 2462; x_wconf 88' lang='lat' dir='ltr'><strong>Jordanicis</strong></span> <span class='ocrx_word' id='word_1_589' title='bbox 2516 2408 2671 2476; x_wconf 89' lang='lat' dir='ltr'><strong>aquis</strong></span> <span class='ocrx_word' id='word_1_590' title='bbox 2712 2407 3033 2478; x_wconf 80' lang='lat' dir='ltr'><strong>ﬁngeretur,</strong></span> <span class='ocrx_word' id='word_1_591' title='bbox 3083 2407 3253 2461; x_wconf 85' lang='lat' dir='ltr'><strong>Filius</strong></span> <span class='ocrx_word' id='word_1_592' title='bbox 3283 2407 3515 2462; x_wconf 76' lang='lat' dir='ltr'><strong>dilectus</strong></span> <span class='ocrx_word' id='word_1_593' title='bbox 3542 2423 3571 2461; x_wconf 84' lang='lat' dir='ltr'><strong>a</strong></span> <span class='ocrx_word' id='word_1_594' title='bbox 3608 2407 3762 2463; x_wconf 85' lang='lat' dir='ltr'><strong>Patre</strong></span> 
     </span>
    </p>
   </div>
   <div class='ocr_carea' id='block_1_83' title="bbox 2166 2499 3762 2572">
    <p class='ocr_par' dir='ltr' id='par_1_83' title="bbox 2166 2499 3762 2572">
     <span class='ocr_line' id='line_1_83' title="bbox 2166 2499 3762 2572; baseline 0.001 -19"><span class='ocrx_word' id='word_1_595' title='bbox 2166 2510 2391 2557; x_wconf 89' lang='lat' dir='ltr'><strong>vocatus</strong></span> <span class='ocrx_word' id='word_1_596' title='bbox 2418 2511 2500 2554; x_wconf 86' lang='lat' dir='ltr'><strong>est</strong></span> <span class='ocrx_word' id='word_1_597' title='bbox 2529 2500 2595 2555; x_wconf 93' lang='lat' dir='ltr'><strong>de</strong></span> <span class='ocrx_word' id='word_1_598' title='bbox 2636 2502 2797 2559; x_wconf 75' lang='lat' dir='ltr'><strong>ccelo.</strong></span> <span class='ocrx_word' id='word_1_599' title='bbox 2831 2509 2886 2555; x_wconf 88' lang='lat' dir='ltr'><strong>et</strong></span> <span class='ocrx_word' id='word_1_600' title='bbox 2933 2499 3171 2569; x_wconf 89' lang='lat' dir='ltr'><strong>Spiritus</strong></span> <span class='ocrx_word' id='word_1_601' title='bbox 3215 2511 3441 2555; x_wconf 82' lang='lat' dir='ltr'><strong>sanctus</strong></span> <span class='ocrx_word' id='word_1_602' title='bbox 3484 2502 3541 2555; x_wconf 92' lang='lat' dir='ltr'><strong>in</strong></span> <span class='ocrx_word' id='word_1_603' title='bbox 3589 2502 3762 2572; x_wconf 82' lang='lat' dir='ltr'><strong>specie</strong></span> 
     </span>
    </p>
   </div>
   <div class='ocr_carea' id='block_1_84' title="bbox 2168 2595 3759 2665">
    <p class='ocr_par' dir='ltr' id='par_1_84' title="bbox 2168 2595 3759 2665">
     <span class='ocr_line' id='line_1_84' title="bbox 2168 2595 3759 2665; baseline 0 -16"><span class='ocrx_word' id='word_1_604' title='bbox 2168 2595 2431 2649; x_wconf 53' lang='lat' dir='ltr'><strong>columbae</strong></span> <span class='ocrx_word' id='word_1_605' title='bbox 2459 2610 2622 2665; x_wconf 88' lang='lat' dir='ltr'><strong>super</strong></span> <span class='ocrx_word' id='word_1_606' title='bbox 2642 2611 2765 2649; x_wconf 89' lang='lat' dir='ltr'><strong>eum</strong></span> <span class='ocrx_word' id='word_1_607' title='bbox 2798 2596 2946 2649; x_wconf 80' lang='lat' dir='ltr'><strong>visus</strong></span> <span class='ocrx_word' id='word_1_608' title='bbox 2971 2603 3073 2657; x_wconf 86' lang='lat' dir='ltr'><strong>est,</strong></span> <span class='ocrx_word' id='word_1_609' title='bbox 3107 2610 3207 2649; x_wconf 86' lang='lat' dir='ltr'><strong>nec</strong></span> <span class='ocrx_word' id='word_1_610' title='bbox 3234 2611 3341 2648; x_wconf 90' lang='lat' dir='ltr'><strong>non</strong></span> <span class='ocrx_word' id='word_1_611' title='bbox 3361 2603 3487 2664; x_wconf 89' lang='lat' dir='ltr'><strong>post</strong></span> <span class='ocrx_word' id='word_1_612' title='bbox 3508 2596 3759 2665; x_wconf 82' lang='lat' dir='ltr'><strong>baptismi</strong></span> 
     </span>
    </p>
   </div>
   <div class='ocr_carea' id='block_1_85' title="bbox 2169 2686 3761 2756">
    <p class='ocr_par' dir='ltr' id='par_1_85' title="bbox 2169 2686 3761 2756">
     <span class='ocr_line' id='line_1_85' title="bbox 2169 2686 3761 2756; baseline -0.001 -15"><span class='ocrx_word' id='word_1_613' title='bbox 2169 2695 2570 2741; x_wconf 88' lang='lat' dir='ltr'><strong>sacramentum</strong></span> <span class='ocrx_word' id='word_1_614' title='bbox 2620 2694 2779 2756; x_wconf 90' lang='lat' dir='ltr'><strong>caput</strong></span> <span class='ocrx_word' id='word_1_615' title='bbox 2812 2687 3066 2741; x_wconf 83' lang='lat' dir='ltr'><strong>draconis</strong></span> <span class='ocrx_word' id='word_1_616' title='bbox 3093 2686 3386 2741; x_wconf 88' lang='lat' dir='ltr'><strong>contritum</strong></span> <span class='ocrx_word' id='word_1_617' title='bbox 3437 2696 3560 2747; x_wconf 84' lang='lat' dir='ltr'><strong>est:</strong></span> <span class='ocrx_word' id='word_1_618' title='bbox 3611 2687 3761 2740; x_wconf 81' lang='lat' dir='ltr'><strong>hodie</strong></span> 
     </span>
    </p>
   </div>
   <div class='ocr_carea' id='block_1_86' title="bbox 2169 2778 3760 2849">
    <p class='ocr_par' dir='ltr' id='par_1_86' title="bbox 2169 2778 3760 2849">
     <span class='ocr_line' id='line_1_86' title="bbox 2169 2778 3760 2849; baseline 0.001 -17"><span class='ocrx_word' id='word_1_619' title='bbox 2169 2795 2235 2832; x_wconf 89' lang='lat' dir='ltr'><strong>ex</strong></span> <span class='ocrx_word' id='word_1_620' title='bbox 2267 2794 2405 2848; x_wconf 87' lang='lat' dir='ltr'><strong>aqua</strong></span> <span class='ocrx_word' id='word_1_621' title='bbox 2437 2779 2620 2832; x_wconf 91' lang='lat' dir='ltr'><strong>vinum</strong></span> <span class='ocrx_word' id='word_1_622' title='bbox 2653 2779 2853 2833; x_wconf 84' lang='lat' dir='ltr'><strong>factum</strong></span> <span class='ocrx_word' id='word_1_623' title='bbox 2877 2787 2983 2841; x_wconf 75' lang='lat' dir='ltr'><strong>est,</strong></span> <span class='ocrx_word' id='word_1_624' title='bbox 3012 2780 3059 2832; x_wconf 91' lang='lat' dir='ltr'><strong>ei</strong></span> <span class='ocrx_word' id='word_1_625' title='bbox 3084 2779 3296 2849; x_wconf 89' lang='lat' dir='ltr'><strong>‘emqne</strong></span> <span class='ocrx_word' id='word_1_626' title='bbox 3325 2778 3542 2833; x_wconf 63' lang='lat' dir='ltr'><strong>caelesti</strong></span> <span class='ocrx_word' id='word_1_627' title='bbox 3573 2793 3760 2848; x_wconf 84' lang='lat' dir='ltr'><strong>sponso</strong></span> 
     </span>
    </p>
   </div>
   <div class='ocr_carea' id='block_1_87' title="bbox 2170 2870 3761 2942">
    <p class='ocr_par' dir='ltr' id='par_1_87' title="bbox 2170 2870 3761 2942">
     <span class='ocr_line' id='line_1_87' title="bbox 2170 2870 3761 2942; baseline -0.001 -15"><span class='ocrx_word' id='word_1_628' title='bbox 2170 2872 2413 2928; x_wconf 83' lang='lat' dir='ltr'><strong>Ecclesia</strong></span> <span class='ocrx_word' id='word_1_629' title='bbox 2444 2870 2630 2940; x_wconf 88' lang='lat' dir='ltr'><strong>juncta</strong></span> <span class='ocrx_word' id='word_1_630' title='bbox 2680 2882 2785 2937; x_wconf 85' lang='lat' dir='ltr'><strong>est,</strong></span> <span class='ocrx_word' id='word_1_631' title='bbox 2838 2874 3058 2942; x_wconf 87' lang='lat' dir='ltr'><strong>insuper</strong></span> <span class='ocrx_word' id='word_1_632' title='bbox 3100 2881 3154 2927; x_wconf 87' lang='lat' dir='ltr'><strong>et</strong></span> <span class='ocrx_word' id='word_1_633' title='bbox 3203 2873 3445 2941; x_wconf 82' lang='lat' dir='ltr'><strong>quinque</strong></span> <span class='ocrx_word' id='word_1_634' title='bbox 3487 2872 3761 2926; x_wconf 77' lang='lat' dir='ltr'><strong>hominum</strong></span> 
     </span>
    </p>
   </div>
   <div class='ocr_carea' id='block_1_88' title="bbox 2170 2965 3764 3027">
    <p class='ocr_par' dir='ltr' id='par_1_88' title="bbox 2170 2965 3764 3027">
     <span class='ocr_line' id='line_1_88' title="bbox 2170 2965 3764 3027; baseline 0 -8"><span class='ocrx_word' id='word_1_635' title='bbox 2170 2966 2335 3019; x_wconf 90' lang='lat' dir='ltr'><strong>millia</strong></span> <span class='ocrx_word' id='word_1_636' title='bbox 2362 2967 2429 3019; x_wconf 79' lang='lat' dir='ltr'><strong>ab</strong></span> <span class='ocrx_word' id='word_1_637' title='bbox 2458 2981 2524 3020; x_wconf 89' lang='lat' dir='ltr'><strong>eo</strong></span> <span class='ocrx_word' id='word_1_638' title='bbox 2552 2965 2747 3019; x_wconf 78' lang='lat' dir='ltr'><strong>refecta</strong></span> <span class='ocrx_word' id='word_1_639' title='bbox 2775 2975 2900 3021; x_wconf 84' lang='lat' dir='ltr'><strong>sunt</strong></span> <span class='ocrx_word' id='word_1_640' title='bbox 2924 2983 2936 3027; x_wconf 87' lang='lat'><strong>;</strong></span> <span class='ocrx_word' id='word_1_641' title='bbox 2968 2974 3023 3021; x_wconf 85' lang='lat' dir='ltr'><strong>et</strong></span> <span class='ocrx_word' id='word_1_642' title='bbox 3052 2965 3253 3019; x_wconf 88' lang='lat' dir='ltr'><strong>idcirco</strong></span> <span class='ocrx_word' id='word_1_643' title='bbox 3283 2966 3661 3020; x_wconf 67' lang='lat' dir='ltr'><strong>mani’estatio</strong></span> <span class='ocrx_word' id='word_1_644' title='bbox 3692 2968 3764 3020; x_wconf 88' lang='lat' dir='ltr'><strong>in-</strong></span> 
     </span>
    </p>
   </div>
   <div class='ocr_carea' id='block_1_89' title="bbox 2170 3057 3764 3128">
    <p class='ocr_par' dir='ltr' id='par_1_89' title="bbox 2170 3057 3764 3128">
     <span class='ocr_line' id='line_1_89' title="bbox 2170 3057 3764 3128; baseline 0.001 -17"><span class='ocrx_word' id='word_1_645' title='bbox 2170 3065 2523 3125; x_wconf 84' lang='lat' dir='ltr'><strong>terpretatur,</strong></span> <span class='ocrx_word' id='word_1_646' title='bbox 2572 3059 2697 3128; x_wconf 70' lang='lat' dir='ltr'><strong>qria</strong></span> <span class='ocrx_word' id='word_1_647' title='bbox 2746 3059 2798 3112; x_wconf 93' lang='lat' dir='ltr'><strong>in</strong></span> <span class='ocrx_word' id='word_1_648' title='bbox 2832 3058 2913 3111; x_wconf 92' lang='lat' dir='ltr'><strong>his</strong></span> <span class='ocrx_word' id='word_1_649' title='bbox 2956 3057 3307 3111; x_wconf 78' lang='lat' dir='ltr'><strong>man&#39;l‘estare</strong></span> <span class='ocrx_word' id='word_1_650' title='bbox 3353 3072 3414 3110; x_wconf 84' lang='lat' dir='ltr'><strong>se</strong></span> <span class='ocrx_word' id='word_1_651' title='bbox 3460 3059 3764 3112; x_wconf 83' lang='lat' dir='ltr'><strong>bom&#39;nibus</strong></span> 
     </span>
    </p>
   </div>
   <div class='ocr_carea' id='block_1_90' title="bbox 2169 3146 3764 3216">
    <p class='ocr_par' dir='ltr' id='par_1_90' title="bbox 2169 3146 3764 3216">
     <span class='ocr_line' id='line_1_90' title="bbox 2169 3146 3764 3216; baseline 0.001 -14"><span class='ocrx_word' id='word_1_652' title='bbox 2169 3148 2425 3216; x_wconf 81' lang='lat' dir='ltr'><strong>dignatus</strong></span> <span class='ocrx_word' id='word_1_653' title='bbox 2453 3156 2554 3202; x_wconf 84' lang='lat' dir='ltr'><strong>est.</strong></span> <span class='ocrx_word' id='word_1_654' title='bbox 2607 3149 2760 3216; x_wconf 84' lang='lat' dir='ltr'><strong>Quod</strong></span> <span class='ocrx_word' id='word_1_655' title='bbox 2810 3158 2990 3202; x_wconf 87' lang='lat' dir='ltr'><strong>autem</strong></span> <span class='ocrx_word' id='word_1_656' title='bbox 3034 3149 3087 3202; x_wconf 86' lang='lat' dir='ltr'><strong>in</strong></span> <span class='ocrx_word' id='word_1_657' title='bbox 3136 3150 3234 3202; x_wconf 89' lang='lat' dir='ltr'><strong>hac</strong></span> <span class='ocrx_word' id='word_1_658' title='bbox 3268 3146 3570 3202; x_wconf 76' lang='lat' dir='ltr'><strong>festivitate</strong></span> <span class='ocrx_word' id='word_1_659' title='bbox 3614 3164 3764 3203; x_wconf 86' lang='lat' dir='ltr'><strong>nemo</strong></span> 
     </span>
    </p>
   </div>
   <div class='ocr_carea' id='block_1_91' title="bbox 2166 3240 3764 3310">
    <p class='ocr_par' dir='ltr' id='par_1_91' title="bbox 2166 3240 3764 3310">
     <span class='ocr_line' id='line_1_91' title="bbox 2166 3240 3764 3310; baseline 0.001 -16"><span class='ocrx_word' id='word_1_660' title='bbox 2166 3250 2462 3310; x_wconf 65' lang='lat' dir='ltr'><strong>priesnmat</strong></span> <span class='ocrx_word' id='word_1_661' title='bbox 2506 3241 2808 3309; x_wconf 81' lang='lat' dir='ltr'><strong>baptizare,</strong></span> <span class='ocrx_word' id='word_1_662' title='bbox 2851 3249 3072 3294; x_wconf 75' lang='lat' dir='ltr'><strong>sanctus</strong></span> <span class='ocrx_word' id='word_1_663' title='bbox 3108 3240 3217 3294; x_wconf 78' lang='lat' dir='ltr'><strong>Leo</strong></span> <span class='ocrx_word' id='word_1_664' title='bbox 3253 3255 3386 3310; x_wconf 89' lang='lat' dir='ltr'><strong>papa</strong></span> <span class='ocrx_word' id='word_1_665' title='bbox 3424 3241 3478 3293; x_wconf 91' lang='lat' dir='ltr'><strong>in</strong></span> <span class='ocrx_word' id='word_1_666' title='bbox 3514 3240 3764 3295; x_wconf 60' lang='lat' dir='ltr'><strong>Decrrta-</strong></span> 
     </span>
    </p>
   </div>
   <div class='ocr_carea' id='block_1_92' title="bbox 2167 3332 3766 3403">
    <p class='ocr_par' dir='ltr' id='par_1_92' title="bbox 2167 3332 3766 3403">
     <span class='ocr_line' id='line_1_92' title="bbox 2167 3332 3766 3403; baseline 0 -16"><span class='ocrx_word' id='word_1_667' title='bbox 2167 3334 2307 3388; x_wconf 88' lang='lat' dir='ltr'><strong>libus</strong></span> <span class='ocrx_word' id='word_1_668' title='bbox 2339 3345 2359 3371; x_wconf 77' lang='grc' dir='ltr'><strong>ο</strong></span> <span class='ocrx_word' id='word_1_669' title='bbox 2392 3333 2643 3403; x_wconf 87' lang='lat' dir='ltr'><strong>prohibet</strong></span> <span class='ocrx_word' id='word_1_670' title='bbox 2673 3335 2747 3387; x_wconf 87' lang='lat' dir='ltr'><strong>ita</strong></span> <span class='ocrx_word' id='word_1_671' title='bbox 2777 3350 2790 3387; x_wconf 89' lang='lat'>:</span> <span class='ocrx_word' id='word_1_672' title='bbox 2836 3352 2854 3382; x_wconf 76' lang='grc' dir='ltr'>ι</span> <span class='ocrx_word' id='word_1_673' title='bbox 2888 3332 2945 3387; x_wconf 87' lang='lat' dir='ltr'><strong>Si</strong></span> <span class='ocrx_word' id='word_1_674' title='bbox 2977 3333 3097 3401; x_wconf 87' lang='lat' dir='ltr'><strong>quis</strong></span> <span class='ocrx_word' id='word_1_675' title='bbox 3124 3340 3302 3387; x_wconf 86' lang='lat' dir='ltr'><strong>autent</strong></span> <span class='ocrx_word' id='word_1_676' title='bbox 3345 3332 3666 3402; x_wconf 55' lang='lat' dir='ltr'><strong>Epiphania</strong></span> <span class='ocrx_word' id='word_1_677' title='bbox 3695 3332 3766 3387; x_wconf 82' lang='lat' dir='ltr'><strong>fe-</strong></span> 
     </span>
    </p>
   </div>
   <div class='ocr_carea' id='block_1_93' title="bbox 2167 3425 3760 3494">
    <p class='ocr_par' dir='ltr' id='par_1_93' title="bbox 2167 3425 3760 3494">
     <span class='ocr_line' id='line_1_93' title="bbox 2167 3425 3760 3494; baseline -0.001 -14"><span class='ocrx_word' id='word_1_678' title='bbox 2167 3426 2481 3486; x_wconf 79' lang='lat' dir='ltr'><strong>stivitatem,</strong></span> <span class='ocrx_word' id='word_1_679' title='bbox 2514 3440 2633 3494; x_wconf 65' lang='lat' dir='ltr'><strong>qua:</strong></span> <span class='ocrx_word' id='word_1_680' title='bbox 2664 3426 2715 3479; x_wconf 92' lang='lat' dir='ltr'><strong>in</strong></span> <span class='ocrx_word' id='word_1_681' title='bbox 2744 3441 2843 3480; x_wconf 89' lang='lat' dir='ltr'><strong>suo</strong></span> <span class='ocrx_word' id='word_1_682' title='bbox 2870 3425 3051 3479; x_wconf 83' lang='lat' dir='ltr'><strong>debito</strong></span> <span class='ocrx_word' id='word_1_683' title='bbox 3077 3426 3281 3479; x_wconf 79' lang='lat' dir='ltr'><strong>honore</strong></span> <span class='ocrx_word' id='word_1_684' title='bbox 3316 3425 3632 3479; x_wconf 75' lang='lat' dir='ltr'><strong>veneranda</strong></span> <span class='ocrx_word' id='word_1_685' title='bbox 3665 3434 3760 3491; x_wconf 83' lang='lat' dir='ltr'><strong>est,</strong></span> 
     </span>
    </p>
   </div>
   <div class='ocr_carea' id='block_1_94' title="bbox 2167 3515 3760 3586">
    <p class='ocr_par' dir='ltr' id='par_1_94' title="bbox 2167 3515 3760 3586">
     <span class='ocr_line' id='line_1_94' title="bbox 2167 3515 3760 3586; baseline -0.002 -15"><span class='ocrx_word' id='word_1_686' title='bbox 2167 3517 2238 3571; x_wconf 86' lang='lat' dir='ltr'><strong>ob</strong></span> <span class='ocrx_word' id='word_1_687' title='bbox 2284 3517 2387 3570; x_wconf 90' lang='lat' dir='ltr'><strong>hoc</strong></span> <span class='ocrx_word' id='word_1_688' title='bbox 2430 3516 2708 3571; x_wconf 70' lang='lat' dir='ltr'><strong>existimat</strong></span> <span class='ocrx_word' id='word_1_689' title='bbox 2753 3517 2955 3570; x_wconf 88' lang='lat' dir='ltr'><strong>habere</strong></span> <span class='ocrx_word' id='word_1_690' title='bbox 3000 3515 3343 3586; x_wconf 84' lang='lat' dir='ltr'><strong>privilegium</strong></span> <span class='ocrx_word' id='word_1_691' title='bbox 3396 3516 3760 3583; x_wconf 72' lang='lat' dir='ltr'><strong>baptismatis,</strong></span> 
     </span>
    </p>
   </div>
   <div class='ocr_carea' id='block_1_95' title="bbox 2168 3604 3764 3679">
    <p class='ocr_par' dir='ltr' id='par_1_95' title="bbox 2168 3604 3764 3679">
     <span class='ocr_line' id='line_1_95' title="bbox 2168 3604 3764 3679; baseline -0.002 -16"><span class='ocrx_word' id='word_1_692' title='bbox 2168 3607 2305 3663; x_wconf 83' lang='lat' dir='ltr'><strong>sciat</strong></span> <span class='ocrx_word' id='word_1_693' title='bbox 2334 3607 2478 3662; x_wconf 89' lang='lat' dir='ltr'><strong>illius</strong></span> <span class='ocrx_word' id='word_1_694' title='bbox 2507 3608 2759 3677; x_wconf 88' lang='lat' dir='ltr'><strong>baptismi</strong></span> <span class='ocrx_word' id='word_1_695' title='bbox 2788 3608 2948 3661; x_wconf 89' lang='lat' dir='ltr'><strong>aliam</strong></span> <span class='ocrx_word' id='word_1_696' title='bbox 2976 3608 3233 3679; x_wconf 81' lang='lat' dir='ltr'><strong>gratiam,</strong></span> <span class='ocrx_word' id='word_1_697' title='bbox 3283 3605 3449 3659; x_wconf 88' lang='lat' dir='ltr'><strong>aliam</strong></span> <span class='ocrx_word' id='word_1_698' title='bbox 3481 3604 3651 3660; x_wconf 85' lang='lat' dir='ltr'><strong>fuisse</strong></span> <span class='ocrx_word' id='word_1_699' title='bbox 3682 3621 3764 3659; x_wconf 81' lang='lat' dir='ltr'><strong>ra-</strong></span> 
     </span>
    </p>
   </div>
   <div class='ocr_carea' id='block_1_96' title="bbox 2168 3699 3766 3769">
    <p class='ocr_par' dir='ltr' id='par_1_96' title="bbox 2168 3699 3766 3769">
     <span class='ocr_line' id='line_1_96' title="bbox 2168 3699 3766 3769; baseline -0.001 -17"><span class='ocrx_word' id='word_1_700' title='bbox 2168 3700 2394 3763; x_wconf 86' lang='lat' dir='ltr'><strong>tionem,</strong></span> <span class='ocrx_word' id='word_1_701' title='bbox 2440 3716 2538 3754; x_wconf 90' lang='lat' dir='ltr'><strong>nec</strong></span> <span class='ocrx_word' id='word_1_702' title='bbox 2571 3701 2636 3753; x_wconf 92' lang='lat' dir='ltr'><strong>ad</strong></span> <span class='ocrx_word' id='word_1_703' title='bbox 2680 3716 2800 3754; x_wconf 88' lang='lat' dir='ltr'><strong>eam</strong></span> <span class='ocrx_word' id='word_1_704' title='bbox 2834 3699 3158 3768; x_wconf 88' lang='lat' dir='ltr'><strong>pertinuisse</strong></span> <span class='ocrx_word' id='word_1_705' title='bbox 3186 3699 3445 3752; x_wconf 82' lang='lat' dir='ltr'><strong>virtutem</strong></span> <span class='ocrx_word' id='word_1_706' title='bbox 3466 3737 3483 3762; x_wconf 92' lang='lat'><strong>,</strong></span> <span class='ocrx_word' id='word_1_707' title='bbox 3531 3712 3641 3767; x_wconf 87' lang='lat' dir='ltr'><strong>qua</strong></span> <span class='ocrx_word' id='word_1_708' title='bbox 3670 3713 3766 3769; x_wconf 84' lang='lat' dir='ltr'><strong>per</strong></span> 
     </span>
    </p>
   </div>
   <div class='ocr_carea' id='block_1_97' title="bbox 2170 3791 3767 3862">
    <p class='ocr_par' dir='ltr' id='par_1_97' title="bbox 2170 3791 3767 3862">
     <span class='ocr_line' id='line_1_97' title="bbox 2170 3791 3767 3862; baseline 0.002 -17"><span class='ocrx_word' id='word_1_709' title='bbox 2170 3792 2432 3862; x_wconf 85' lang='lat' dir='ltr'><strong>Spiritum</strong></span> <span class='ocrx_word' id='word_1_710' title='bbox 2475 3802 2719 3848; x_wconf 90' lang='lat' dir='ltr'><strong>sanctum</strong></span> <span class='ocrx_word' id='word_1_711' title='bbox 2750 3802 3124 3848; x_wconf 89' lang='lat' dir='ltr'><strong>renascuntur.</strong></span> <span class='ocrx_word' id='word_1_712' title='bbox 3180 3791 3442 3846; x_wconf 89' lang='lat' dir='ltr'><strong>Dominus</strong></span> <span class='ocrx_word' id='word_1_713' title='bbox 3472 3808 3581 3847; x_wconf 88' lang='lat' dir='ltr'><strong>non</strong></span> <span class='ocrx_word' id='word_1_714' title='bbox 3630 3793 3767 3848; x_wconf 69' lang='lat' dir='ltr'><strong>indi-</strong></span> 
     </span>
    </p>
   </div>
   <div class='ocr_carea' id='block_1_98' title="bbox 2168 3885 3768 3954">
    <p class='ocr_par' dir='ltr' id='par_1_98' title="bbox 2168 3885 3768 3954">
     <span class='ocr_line' id='line_1_98' title="bbox 2168 3885 3768 3954; baseline 0.003 -18"><span class='ocrx_word' id='word_1_715' title='bbox 2168 3899 2302 3951; x_wconf 86' lang='lat' dir='ltr'><strong>gens</strong></span> <span class='ocrx_word' id='word_1_716' title='bbox 2354 3885 2674 3939; x_wconf 72' lang='lat' dir='ltr'><strong>remissione</strong></span> <span class='ocrx_word' id='word_1_717' title='bbox 2718 3886 2947 3954; x_wconf 87' lang='lat' dir='ltr'><strong>peccati,</strong></span> <span class='ocrx_word' id='word_1_718' title='bbox 2998 3900 3097 3939; x_wconf 90' lang='lat' dir='ltr'><strong>nec</strong></span> <span class='ocrx_word' id='word_1_719' title='bbox 3127 3885 3372 3938; x_wconf 74' lang='lat' dir='ltr'><strong>remedio</strong></span> <span class='ocrx_word' id='word_1_720' title='bbox 3417 3888 3768 3951; x_wconf 75' lang='lat' dir='ltr'><strong>renascendi,</strong></span> 
     </span>
    </p>
   </div>
   <div class='ocr_carea' id='block_1_99' title="bbox 2169 3975 3771 4046">
    <p class='ocr_par' dir='ltr' id='par_1_99' title="bbox 2169 3975 3771 4046">
     <span class='ocr_line' id='line_1_99' title="bbox 2169 3975 3771 4046; baseline 0.004 -17"><span class='ocrx_word' id='word_1_721' title='bbox 2169 3975 2247 4029; x_wconf 91' lang='lat' dir='ltr'><strong>sic</strong></span> <span class='ocrx_word' id='word_1_722' title='bbox 2296 3976 2463 4029; x_wconf 89' lang='lat' dir='ltr'><strong>voluit</strong></span> <span class='ocrx_word' id='word_1_723' title='bbox 2503 3977 2804 4046; x_wconf 62' lang='lat' dir='ltr'><strong>baptizari,</strong></span> <span class='ocrx_word' id='word_1_724' title='bbox 2857 3978 3126 4046; x_wconf 90' lang='lat' dir='ltr'><strong>quomodo</strong></span> <span class='ocrx_word' id='word_1_725' title='bbox 3163 3986 3218 4031; x_wconf 84' lang='lat' dir='ltr'><strong>et</strong></span> <span class='ocrx_word' id='word_1_726' title='bbox 3263 3976 3608 4032; x_wconf 86' lang='lat' dir='ltr'><strong>circumcidi.</strong></span> <span class='ocrx_word' id='word_1_727' title='bbox 3669 3981 3771 4035; x_wconf 84' lang='lat' dir='ltr'><strong>Sed</strong></span> 
     </span>
    </p>
   </div>
   <div class='ocr_carea' id='block_1_100' title="bbox 2172 4068 3771 4138">
    <p class='ocr_par' dir='ltr' id='par_1_100' title="bbox 2172 4068 3771 4138">
     <span class='ocr_line' id='line_1_100' title="bbox 2172 4068 3771 4138; baseline 0.003 -18"><span class='ocrx_word' id='word_1_728' title='bbox 2172 4075 2298 4121; x_wconf 90' lang='lat' dir='ltr'><strong>tunc</strong></span> <span class='ocrx_word' id='word_1_729' title='bbox 2331 4069 2756 4138; x_wconf 85' lang='lat' dir='ltr'><strong>regenerationis</strong></span> <span class='ocrx_word' id='word_1_730' title='bbox 2786 4070 3079 4137; x_wconf 89' lang='lat' dir='ltr'><strong>potentiam</strong></span> <span class='ocrx_word' id='word_1_731' title='bbox 3106 4068 3304 4131; x_wconf 80' lang='lat' dir='ltr'><strong>sanxit,</strong></span> <span class='ocrx_word' id='word_1_732' title='bbox 3346 4068 3574 4138; x_wconf 81' lang='lat' dir='ltr'><strong>quando</strong></span> <span class='ocrx_word' id='word_1_733' title='bbox 3603 4072 3670 4126; x_wconf 83' lang='lat' dir='ltr'><strong>de</strong></span> <span class='ocrx_word' id='word_1_734' title='bbox 3695 4071 3771 4125; x_wconf 83' lang='lat' dir='ltr'><strong>la-</strong></span> 
     </span>
    </p>
   </div>
   <div class='ocr_carea' id='block_1_101' title="bbox 2172 4158 3772 4229">
    <p class='ocr_par' dir='ltr' id='par_1_101' title="bbox 2172 4158 3772 4229">
     <span class='ocr_line' id='line_1_101' title="bbox 2172 4158 3772 4229; baseline 0.003 -18"><span class='ocrx_word' id='word_1_735' title='bbox 2172 4168 2286 4213; x_wconf 87' lang='lat' dir='ltr'><strong>tere</strong></span> <span class='ocrx_word' id='word_1_736' title='bbox 2333 4158 2478 4212; x_wconf 87' lang='lat' dir='ltr'><strong>illius</strong></span> <span class='ocrx_word' id='word_1_737' title='bbox 2526 4160 2895 4228; x_wconf 82' lang='lat' dir='ltr'><strong>proﬂuxerunt</strong></span> <span class='ocrx_word' id='word_1_738' title='bbox 2942 4160 3160 4229; x_wconf 85' lang='lat' dir='ltr'><strong>sanguis</strong></span> <span class='ocrx_word' id='word_1_739' title='bbox 3224 4158 3670 4228; x_wconf 80' lang='lat' dir='ltr'><strong>redemptionis,</strong></span> <span class='ocrx_word' id='word_1_740' title='bbox 3719 4169 3772 4215; x_wconf 84' lang='lat' dir='ltr'><strong>et</strong></span> 
     </span>
    </p>
   </div>
   <div class='ocr_carea' id='block_1_102' title="bbox 2172 4251 3769 4325">
    <p class='ocr_par' dir='ltr' id='par_1_102' title="bbox 2172 4251 3769 4325">
     <span class='ocr_line' id='line_1_102' title="bbox 2172 4251 3769 4325; baseline 0.003 -23"><span class='ocrx_word' id='word_1_741' title='bbox 2172 4266 2311 4319; x_wconf 88' lang='lat' dir='ltr'><strong>aqua</strong></span> <span class='ocrx_word' id='word_1_742' title='bbox 2341 4251 2723 4319; x_wconf 86' lang='lat' dir='ltr'><strong>baptismatis:</strong></span> <span class='ocrx_word' id='word_1_743' title='bbox 2768 4252 2909 4305; x_wconf 88' lang='lat' dir='ltr'><strong>unde</strong></span> <span class='ocrx_word' id='word_1_744' title='bbox 2950 4251 3004 4304; x_wconf 92' lang='lat' dir='ltr'><strong>in</strong></span> <span class='ocrx_word' id='word_1_745' title='bbox 3047 4251 3386 4321; x_wconf 82' lang='lat' dir='ltr'><strong>baptizandis</strong></span> <span class='ocrx_word' id='word_1_746' title='bbox 3407 4252 3611 4307; x_wconf 82' lang='lat' dir='ltr'><strong>electis</strong></span> <span class='ocrx_word' id='word_1_747' title='bbox 3634 4295 3648 4317; x_wconf 93' lang='lat'><strong>,</strong></span> <span class='ocrx_word' id='word_1_748' title='bbox 3681 4254 3769 4325; x_wconf 84' lang='lat' dir='ltr'><strong>qui</strong></span> 
     </span>
    </p>
   </div>
   <div class='ocr_carea' id='block_1_103' title="bbox 2173 4343 3770 4415">
    <p class='ocr_par' dir='ltr' id='par_1_103' title="bbox 2173 4343 3770 4415">
     <span class='ocr_line' id='line_1_103' title="bbox 2173 4343 3770 4415; baseline 0.003 -16"><span class='ocrx_word' id='word_1_749' title='bbox 2173 4345 2466 4399; x_wconf 84' lang='lat' dir='ltr'><strong>secundum</strong></span> <span class='ocrx_word' id='word_1_750' title='bbox 2495 4344 2844 4415; x_wconf 88' lang='lat' dir='ltr'><strong>apostolicam</strong></span> <span class='ocrx_word' id='word_1_751' title='bbox 2879 4343 3118 4415; x_wconf 80' lang='lat' dir='ltr'><strong>regulam</strong></span> <span class='ocrx_word' id='word_1_752' title='bbox 3163 4353 3219 4399; x_wconf 90' lang='lat' dir='ltr'><strong>et</strong></span> <span class='ocrx_word' id='word_1_753' title='bbox 3254 4348 3590 4403; x_wconf 81' lang='lat' dir='ltr'><strong>exorcismis</strong></span> <span class='ocrx_word' id='word_1_754' title='bbox 3620 4364 3770 4403; x_wconf 82' lang='lat' dir='ltr'><strong>scru-</strong></span> 
     </span>
    </p>
   </div>
   <div class='ocr_carea' id='block_1_104' title="bbox 2176 4432 3767 4511">
    <p class='ocr_par' dir='ltr' id='par_1_104' title="bbox 2176 4432 3767 4511">
     <span class='ocr_line' id='line_1_104' title="bbox 2176 4432 3767 4511; baseline 0.004 -22"><span class='ocrx_word' id='word_1_755' title='bbox 2176 4436 2346 4498; x_wconf 88' lang='lat' dir='ltr'><strong>tandi,</strong></span> <span class='ocrx_word' id='word_1_756' title='bbox 2373 4443 2425 4487; x_wconf 88' lang='lat' dir='ltr'><strong>et</strong></span> <span class='ocrx_word' id='word_1_757' title='bbox 2450 4432 2669 4502; x_wconf 90' lang='lat' dir='ltr'><strong>jejuniis</strong></span> <span class='ocrx_word' id='word_1_758' title='bbox 2696 4435 3094 4500; x_wconf 88' lang='lat' dir='ltr'><strong>sanctiﬁcandi,</strong></span> <span class='ocrx_word' id='word_1_759' title='bbox 3127 4444 3184 4490; x_wconf 89' lang='lat' dir='ltr'><strong>et</strong></span> <span class='ocrx_word' id='word_1_760' title='bbox 3219 4435 3603 4506; x_wconf 82' lang='lat' dir='ltr'><strong>frequentibus</strong></span> <span class='ocrx_word' id='word_1_761' title='bbox 3633 4456 3767 4511; x_wconf 70' lang='lat' dir='ltr'><strong>prte-</strong></span> 
     </span>
    </p>
   </div>
   <div class='ocr_carea' id='block_1_105' title="bbox 2171 4526 3767 4600">
    <p class='ocr_par' dir='ltr' id='par_1_105' title="bbox 2171 4526 3767 4600">
     <span class='ocr_line' id='line_1_105' title="bbox 2171 4526 3767 4600; baseline 0.003 -20"><span class='ocrx_word' id='word_1_762' title='bbox 2171 4526 2533 4581; x_wconf 90' lang='lat' dir='ltr'><strong>dicationibus</strong></span> <span class='ocrx_word' id='word_1_763' title='bbox 2560 4527 2856 4593; x_wconf 89' lang='lat' dir='ltr'><strong>imbuendi,</strong></span> <span class='ocrx_word' id='word_1_764' title='bbox 2889 4528 2995 4582; x_wconf 92' lang='lat' dir='ltr'><strong>duo</strong></span> <span class='ocrx_word' id='word_1_765' title='bbox 3026 4535 3235 4583; x_wconf 87' lang='lat' dir='ltr'><strong>tantum</strong></span> <span class='ocrx_word' id='word_1_766' title='bbox 3264 4537 3536 4600; x_wconf 84' lang='lat' dir='ltr'><strong>tempora,</strong></span> <span class='ocrx_word' id='word_1_767' title='bbox 3584 4532 3638 4586; x_wconf 88' lang='lat' dir='ltr'><strong>id</strong></span> <span class='ocrx_word' id='word_1_768' title='bbox 3665 4543 3767 4595; x_wconf 87' lang='lat' dir='ltr'><strong>est,</strong></span> 
     </span>
    </p>
   </div>
   <div class='ocr_carea' id='block_1_106' title="bbox 2173 4618 3769 4695">
    <p class='ocr_par' dir='ltr' id='par_1_106' title="bbox 2173 4618 3769 4695">
     <span class='ocr_line' id='line_1_106' title="bbox 2173 4618 3769 4695; baseline 0.003 -22"><span class='ocrx_word' id='word_1_769' title='bbox 2173 4619 2378 4673; x_wconf 89' lang='lat' dir='ltr'><strong>Pascha</strong></span> <span class='ocrx_word' id='word_1_770' title='bbox 2408 4627 2463 4673; x_wconf 89' lang='lat' dir='ltr'><strong>et</strong></span> <span class='ocrx_word' id='word_1_771' title='bbox 2484 4618 2859 4685; x_wconf 89' lang='lat' dir='ltr'><strong>Pentecosten,</strong></span> <span class='ocrx_word' id='word_1_772' title='bbox 2902 4635 3024 4676; x_wconf 87' lang='lat' dir='ltr'><strong>esse</strong></span> <span class='ocrx_word' id='word_1_773' title='bbox 3067 4622 3365 4687; x_wconf 85' lang='lat' dir='ltr'><strong>servanda,</strong></span> <span class='ocrx_word' id='word_1_774' title='bbox 3412 4634 3649 4693; x_wconf 86' lang='lat' dir='ltr'><strong>excepto</strong></span> <span class='ocrx_word' id='word_1_775' title='bbox 3678 4640 3769 4695; x_wconf 88' lang='lat' dir='ltr'><strong>pro</strong></span> 
     </span>
    </p>
   </div>
   <div class='ocr_carea' id='block_1_107' title="bbox 2172 4713 3766 4787">
    <p class='ocr_par' dir='ltr' id='par_1_107' title="bbox 2172 4713 3766 4787">
     <span class='ocr_line' id='line_1_107' title="bbox 2172 4713 3766 4787; baseline 0.003 -20"><span class='ocrx_word' id='word_1_776' title='bbox 2172 4713 2398 4767; x_wconf 88' lang='lat' dir='ltr'><strong>mortuis</strong></span> <span class='ocrx_word' id='word_1_777' title='bbox 2426 4713 2685 4781; x_wconf 90' lang='lat' dir='ltr'><strong>periculo,</strong></span> <span class='ocrx_word' id='word_1_778' title='bbox 2712 4721 2768 4767; x_wconf 89' lang='lat' dir='ltr'><strong>et</strong></span> <span class='ocrx_word' id='word_1_779' title='bbox 2792 4715 2844 4767; x_wconf 89' lang='lat' dir='ltr'><strong>in</strong></span> <span class='ocrx_word' id='word_1_780' title='bbox 2875 4716 3270 4784; x_wconf 85' lang='lat' dir='ltr'><strong>persecutionis</strong></span> <span class='ocrx_word' id='word_1_781' title='bbox 3302 4718 3594 4787; x_wconf 87' lang='lat' dir='ltr'><strong>angustiis,</strong></span> <span class='ocrx_word' id='word_1_782' title='bbox 3627 4727 3681 4773; x_wconf 88' lang='lat' dir='ltr'><strong>et</strong></span> <span class='ocrx_word' id='word_1_783' title='bbox 3716 4719 3766 4771; x_wconf 90' lang='lat' dir='ltr'><strong>in</strong></span> 
     </span>
    </p>
   </div>
   <div class='ocr_carea' id='block_1_108' title="bbox 2169 4805 3767 4879">
    <p class='ocr_par' dir='ltr' id='par_1_108' title="bbox 2169 4805 3767 4879">
     <span class='ocr_line' id='line_1_108' title="bbox 2169 4805 3767 4879; baseline 0.004 -21"><span class='ocrx_word' id='word_1_784' title='bbox 2169 4806 2363 4861; x_wconf 90' lang='lat' dir='ltr'><strong>timore</strong></span> <span class='ocrx_word' id='word_1_785' title='bbox 2389 4805 2653 4876; x_wconf 85' lang='lat' dir='ltr'><strong>naufragii</strong></span> <span class='ocrx_word' id='word_1_786' title='bbox 2680 4807 2729 4861; x_wconf 76' lang='grc' dir='ltr'><strong>ἀ.</strong></span> <span class='ocrx_word' id='word_1_787' title='bbox 2780 4808 3133 4877; x_wconf 75' lang='lat' dir='ltr'><strong>Aptissimum</strong></span> <span class='ocrx_word' id='word_1_788' title='bbox 3166 4823 3406 4879; x_wconf 87' lang='lat' dir='ltr'><strong>namque</strong></span> <span class='ocrx_word' id='word_1_789' title='bbox 3454 4818 3559 4868; x_wconf 88' lang='lat' dir='ltr'><strong>est.</strong></span> <span class='ocrx_word' id='word_1_790' title='bbox 3612 4820 3673 4865; x_wconf 91' lang='lat' dir='ltr'><strong>ut</strong></span> <span class='ocrx_word' id='word_1_791' title='bbox 3718 4811 3767 4864; x_wconf 82' lang='lat' dir='ltr'><strong>in</strong></span> 
     </span>
    </p>
   </div>
   <div class='ocr_carea' id='block_1_109' title="bbox 2170 4898 3767 4971">
    <p class='ocr_par' dir='ltr' id='par_1_109' title="bbox 2170 4898 3767 4971">
     <span class='ocr_line' id='line_1_109' title="bbox 2170 4898 3767 4971; baseline 0.001 -20"><span class='ocrx_word' id='word_1_792' title='bbox 2170 4906 2345 4952; x_wconf 89' lang='lat' dir='ltr'><strong>morte</strong></span> <span class='ocrx_word' id='word_1_793' title='bbox 2374 4898 2642 4961; x_wconf 89' lang='lat' dir='ltr'><strong>crucilixi,</strong></span> <span class='ocrx_word' id='word_1_794' title='bbox 2695 4900 2830 4953; x_wconf 83' lang='lat' dir='ltr'><strong>etin</strong></span> <span class='ocrx_word' id='word_1_795' title='bbox 2883 4900 3288 4955; x_wconf 86' lang='lat' dir='ltr'><strong>resurrectione</strong></span> <span class='ocrx_word' id='word_1_796' title='bbox 3333 4902 3560 4965; x_wconf 90' lang='lat' dir='ltr'><strong>mortui,</strong></span> <span class='ocrx_word' id='word_1_797' title='bbox 3590 4902 3767 4971; x_wconf 62' lang='lat' dir='ltr'><strong>pinni-</strong></span> 
     </span>
    </p>
   </div>
   <div class='ocr_carea' id='block_1_110' title="bbox 2172 4988 3769 5058">
    <p class='ocr_par' dir='ltr' id='par_1_110' title="bbox 2172 4988 3769 5058">
     <span class='ocr_line' id='line_1_110' title="bbox 2172 4988 3769 5058; baseline 0.003 -17"><span class='ocrx_word' id='word_1_798' title='bbox 2172 4990 2338 5041; x_wconf 89' lang='lat' dir='ltr'><strong>tentia</strong></span> <span class='ocrx_word' id='word_1_799' title='bbox 2366 4988 2618 5058; x_wconf 88' lang='lat' dir='ltr'><strong>baptismi</strong></span> <span class='ocrx_word' id='word_1_800' title='bbox 2652 5005 2844 5043; x_wconf 85' lang='lat' dir='ltr'><strong>novam</strong></span> <span class='ocrx_word' id='word_1_801' title='bbox 2874 4998 3121 5045; x_wconf 84' lang='lat' dir='ltr'><strong>naturam</strong></span> <span class='ocrx_word' id='word_1_802' title='bbox 3146 4992 3355 5047; x_wconf 85' lang='lat' dir='ltr'><strong>condat</strong></span> <span class='ocrx_word' id='word_1_803' title='bbox 3378 5007 3442 5046; x_wconf 86' lang='lat' dir='ltr'><strong>ex</strong></span> <span class='ocrx_word' id='word_1_804' title='bbox 3469 5000 3681 5055; x_wconf 83' lang='lat' dir='ltr'><strong>vetere,</strong></span> <span class='ocrx_word' id='word_1_805' title='bbox 3713 5002 3769 5046; x_wconf 92' lang='lat' dir='ltr'><strong>ut</strong></span> 
     </span>
    </p>
   </div>
   <div class='ocr_carea' id='block_1_111' title="bbox 2171 5081 3769 5152">
    <p class='ocr_par' dir='ltr' id='par_1_111' title="bbox 2171 5081 3769 5152">
     <span class='ocr_line' id='line_1_111' title="bbox 2171 5081 3769 5152; baseline 0.004 -18"><span class='ocrx_word' id='word_1_806' title='bbox 2171 5081 2225 5134; x_wconf 90' lang='lat' dir='ltr'><strong>in</strong></span> <span class='ocrx_word' id='word_1_807' title='bbox 2272 5083 2678 5137; x_wconf 87' lang='lat' dir='ltr'><strong>renascentibus</strong></span> <span class='ocrx_word' id='word_1_808' title='bbox 2725 5095 2982 5152; x_wconf 83' lang='lat' dir='ltr'><strong>eperetur</strong></span> <span class='ocrx_word' id='word_1_809' title='bbox 3025 5094 3079 5139; x_wconf 89' lang='lat' dir='ltr'><strong>et</strong></span> <span class='ocrx_word' id='word_1_810' title='bbox 3127 5087 3465 5142; x_wconf 86' lang='lat' dir='ltr'><strong>resurrectio</strong></span> <span class='ocrx_word' id='word_1_811' title='bbox 3515 5095 3573 5142; x_wconf 90' lang='lat' dir='ltr'><strong>et</strong></span> <span class='ocrx_word' id='word_1_812' title='bbox 3625 5104 3769 5141; x_wconf 88' lang='lat' dir='ltr'><strong>mors</strong></span> 
     </span>
    </p>
   </div>
   <div class='ocr_carea' id='block_1_112' title="bbox 2174 5173 3765 5253">
    <p class='ocr_par' dir='ltr' id='par_1_112' title="bbox 2174 5173 3765 5253">
     <span class='ocr_line' id='line_1_112' title="bbox 2174 5173 3765 5253; baseline 0.004 -26"><span class='ocrx_word' id='word_1_813' title='bbox 2174 5173 2399 5239; x_wconf 87' lang='lat' dir='ltr'><strong>Christi,</strong></span> <span class='ocrx_word' id='word_1_814' title='bbox 2448 5176 2658 5230; x_wconf 90' lang='lat' dir='ltr'><strong>dicente</strong></span> <span class='ocrx_word' id='word_1_815' title='bbox 2688 5174 2985 5246; x_wconf 86' lang='lat' dir='ltr'><strong>Apostolo:</strong></span> <span class='ocrx_word' id='word_1_816' title='bbox 3037 5180 3115 5232; x_wconf 80' lang='lat' dir='ltr'><strong>An</strong></span> <span class='ocrx_word' id='word_1_817' title='bbox 3152 5180 3451 5249; x_wconf 51' lang='lat' dir='ltr'><strong>ignoratis,</strong></span> <span class='ocrx_word' id='word_1_818' title='bbox 3489 5183 3618 5253; x_wconf 81' lang='lat' dir='ltr'><strong>quia</strong></span> <span class='ocrx_word' id='word_1_819' title='bbox 3651 5184 3765 5251; x_wconf 71' lang='lat' dir='ltr'><strong>qui-</strong></span> 
     </span>
    </p>
   </div>
   <div class='ocr_carea' id='block_1_113' title="bbox 2173 5269 3768 5340">
    <p class='ocr_par' dir='ltr' id='par_1_113' title="bbox 2173 5269 3768 5340">
     <span class='ocr_line' id='line_1_113' title="bbox 2173 5269 3768 5340; baseline 0.005 -20"><span class='ocrx_word' id='word_1_820' title='bbox 2173 5284 2377 5338; x_wconf 83' lang='lat' dir='ltr'><strong>cunque</strong></span> <span class='ocrx_word' id='word_1_821' title='bbox 2416 5269 2663 5333; x_wconf 77' lang='lat' dir='ltr'><strong>baptizati</strong></span> <span class='ocrx_word' id='word_1_822' title='bbox 2712 5287 2892 5325; x_wconf 84' lang='lat' dir='ltr'><strong>sumus</strong></span> <span class='ocrx_word' id='word_1_823' title='bbox 2938 5274 2991 5326; x_wconf 85' lang='lat' dir='ltr'><strong>in</strong></span> <span class='ocrx_word' id='word_1_824' title='bbox 3033 5272 3245 5328; x_wconf 73' lang='lat' dir='ltr'><strong>Christo</strong></span> <span class='ocrx_word' id='word_1_825' title='bbox 3282 5275 3409 5329; x_wconf 74' lang='lat' dir='ltr'><strong>Iesu</strong></span> <span class='ocrx_word' id='word_1_826' title='bbox 3436 5315 3451 5340; x_wconf 91' lang='lat'><strong>,</strong></span> <span class='ocrx_word' id='word_1_827' title='bbox 3501 5276 3557 5329; x_wconf 85' lang='lat' dir='ltr'><strong>in</strong></span> <span class='ocrx_word' id='word_1_828' title='bbox 3604 5284 3768 5328; x_wconf 72' lang='lat' dir='ltr'><strong>morte</strong></span> 
     </span>
    </p>
   </div>
   <div class='ocr_carea' id='block_1_114' title="bbox 2170 5360 3765 5440">
    <p class='ocr_par' dir='ltr' id='par_1_114' title="bbox 2170 5360 3765 5440">
     <span class='ocr_line' id='line_1_114' title="bbox 2170 5360 3765 5440; baseline 0.004 -27"><span class='ocrx_word' id='word_1_829' title='bbox 2170 5360 2336 5429; x_wconf 78' lang='lat' dir='ltr'><strong>ipsius</strong></span> <span class='ocrx_word' id='word_1_830' title='bbox 2377 5361 2627 5431; x_wconf 73' lang='lat' dir='ltr'><strong>baptismi</strong></span> <span class='ocrx_word' id='word_1_831' title='bbox 2662 5381 2841 5417; x_wconf 82' lang='lat' dir='ltr'><strong>sumus</strong></span> <span class='ocrx_word' id='word_1_832' title='bbox 2867 5364 3041 5437; x_wconf 80' lang='lat' dir='ltr'><strong>(Rom,</strong></span> <span class='ocrx_word' id='word_1_833' title='bbox 3086 5380 3163 5431; x_wconf 71' lang='lat' dir='ltr'><strong>rt,</strong></span> <span class='ocrx_word' id='word_1_834' title='bbox 3194 5367 3295 5440; x_wconf 81' lang='lat'><strong>5)?</strong></span> <span class='ocrx_word' id='word_1_835' title='bbox 3326 5366 3430 5422; x_wconf 89' lang='lat' dir='ltr'><strong>Per</strong></span> <span class='ocrx_word' id='word_1_836' title='bbox 3460 5368 3765 5422; x_wconf 80' lang='lat' dir='ltr'><strong>triduauarn</strong></span> 
     </span>
    </p>
   </div>
   <div class='ocr_carea' id='block_1_115' title="bbox 2173 5513 2620 5587">
    <p class='ocr_par' dir='ltr' id='par_1_115' title="bbox 2173 5513 2620 5587">
     <span class='ocr_line' id='line_1_115' title="bbox 2173 5513 2620 5587; baseline 0.011 -20"><span class='ocrx_word' id='word_1_837' title='bbox 2173 5513 2374 5568; x_wconf 82' lang='lat' dir='ltr'><strong>Monito</strong></span> <span class='ocrx_word' id='word_1_838' title='bbox 2403 5519 2620 5587; x_wconf 65' lang='lat' dir='ltr'><strong>praevio.</strong></span> 
     </span>
    </p>
   </div>
   <div class='ocr_carea' id='block_1_116' title="bbox 2245 5586 3764 5666">
    <p class='ocr_par' dir='ltr' id='par_1_116' title="bbox 2245 5586 3764 5666">
     <span class='ocr_line' id='line_1_116' title="bbox 2245 5586 3764 5666; baseline 0.006 -27"><span class='ocrx_word' id='word_1_839' title='bbox 2245 5596 2266 5623; x_wconf 77' lang='grc' dir='ltr'><em>ε</em></span> <span class='ocrx_word' id='word_1_840' title='bbox 2305 5587 2541 5666; x_wconf 68' lang='lat' dir='ltr'><strong>Sanctus</strong></span> <span class='ocrx_word' id='word_1_841' title='bbox 2561 5589 2667 5644; x_wconf 87' lang='lat' dir='ltr'><strong>Leo</strong></span> <span class='ocrx_word' id='word_1_842' title='bbox 2694 5606 2849 5666; x_wconf 77' lang='lat' dir='ltr'><strong>papa,</strong></span> <span class='ocrx_word' id='word_1_843' title='bbox 2902 5593 3058 5661; x_wconf 80' lang='lat' dir='ltr'><strong>epist.</strong></span> <span class='ocrx_word' id='word_1_844' title='bbox 3106 5586 3191 5660; x_wconf 75' lang='lat' dir='ltr'><strong>iﬁ,</strong></span> <span class='ocrx_word' id='word_1_845' title='bbox 3225 5594 3290 5649; x_wconf 89' lang='lat' dir='ltr'><strong>ad</strong></span> <span class='ocrx_word' id='word_1_846' title='bbox 3337 5595 3623 5651; x_wconf 81' lang='lat' dir='ltr'><strong>universos</strong></span> <span class='ocrx_word' id='word_1_847' title='bbox 3658 5593 3764 5666; x_wconf 76' lang='lat' dir='ltr'><strong>epi—</strong></span> 
     </span>
    </p>
   </div>
   <div class='ocr_carea' id='block_1_117' title="bbox 2173 5659 2852 5731">
    <p class='ocr_par' dir='ltr' id='par_1_117' title="bbox 2173 5659 2852 5731">
     <span class='ocr_line' id='line_1_117' title="bbox 2173 5659 2852 5731; baseline 0.003 -18"><span class='ocrx_word' id='word_1_848' title='bbox 2173 5673 2365 5731; x_wconf 68' lang='lat' dir='ltr'><strong>scapos</strong></span> <span class='ocrx_word' id='word_1_849' title='bbox 2396 5659 2612 5723; x_wconf 72' lang='lat' dir='ltr'><strong>Siciliae,</strong></span> <span class='ocrx_word' id='word_1_850' title='bbox 2647 5659 2777 5731; x_wconf 31' lang='lat' dir='ltr'><strong>cap.’</strong></span> <span class='ocrx_word' id='word_1_851' title='bbox 2801 5660 2852 5715; x_wconf 90' lang='lat'><strong>6.</strong></span> 
     </span>
    </p>
   </div>
   <div class='ocr_carea' id='block_1_118' title="bbox 2242 5730 2892 5805">
    <p class='ocr_par' dir='ltr' id='par_1_118' title="bbox 2242 5730 2892 5805">
     <span class='ocr_line' id='line_1_118' title="bbox 2242 5730 2892 5805; baseline 0.005 -18"><span class='ocrx_word' id='word_1_852' title='bbox 2242 5730 2269 5771; x_wconf 72' lang='grc' dir='ltr'><strong>ἀ</strong></span> <span class='ocrx_word' id='word_1_853' title='bbox 2297 5731 2520 5797; x_wconf 82' lang='lat' dir='ltr'><strong>Ibidem,</strong></span> <span class='ocrx_word' id='word_1_854' title='bbox 2551 5747 2671 5805; x_wconf 88' lang='lat' dir='ltr'><strong>cap.</strong></span> <span class='ocrx_word' id='word_1_855' title='bbox 2700 5730 2735 5789; x_wconf 73' lang='grc' dir='ltr'>ὅ</span> <span class='ocrx_word' id='word_1_856' title='bbox 2760 5742 2815 5789; x_wconf 90' lang='lat' dir='ltr'><strong>et</strong></span> <span class='ocrx_word' id='word_1_857' title='bbox 2839 5733 2892 5791; x_wconf 85' lang='lat'><strong>5.</strong></span> 
     </span>
    </p>
   </div>
  </div>
