4032 6354
1043 341 1189 397 OPP.
1235 333 1637 395 SUPPOSITA.
1679 361 1747 372 ——
1785 330 1912 386 LIB.
1954 329 2043 386 DE
2081 329 2332 388 DIVIle
2367 327 2672 388 OFFICIIS.

3339 328 3476 384 “8!

222 469 364 525 enim
413 461 748 536 sepulturam
795 461 1039 518 imitatur
1077 457 1221 512 trina
1266 454 1534 511 demersio
1557 493 1573 517 ,
1627 460 1681 506 et
1727 450 1796 506 ab
1823 445 1879 506 Α
1899 443 2171 513 virginum
2196 444 2564 514 prudentium,
2587 455 2777 498 omnes
2802 439 2958 497 electi
2985 440 3290 496 lucentibus
3313 440 3481 536 bono-

221 561 376 633 aquis
403 559 616 622 levatio,
645 553 978 628 resurgentis
1007 555 1177 608 instar
1197 561 1282 607 est
1307 552 1372 606 de
1400 547 1666 620 sepulcro.
1702 565 1721 598 ι

815 646 1043 702 CAPUT
1099 645 1208 699 VII.

517 757 584 796 DE
611 753 1022 796 PURIFICA'I‘IONE
1049 751 1265 792 SANCTIE
1298 749 1502 789 ἊΑΒΙιΕ.

289 838 366 892 De
405 839 506 892 hac
555 835 846 890 festivitate
893 842 950 886 et
998 832 1118 885 aliis
1163 827 1543 884 festivitatibus
1595 831 1798 878 sanctte

221 931 420 996 Mariae,
473 931 526 984 in
571 928 739 999 gestis
771 924 1175 979 Pontiﬁcalibus
1207 923 1402 988 legitur
1425 933 1474 984 ε,
1503 919 1646 988 quod
1673 916 1798 970 Scr-

221 1025 339 1096 g'ius
365 1036 499 1092 papa
527 1019 844 1091 praeceperit
886 1016 1099 1070 litanias
1137 1013 1252 1068 ﬁeri
1286 1013 1338 1066 in
1381 1012 1467 1065 die
1497 1017 1796 1078 prtesenta-

220 1116 382 1171 tionis
408 1113 618 1167 Domini
649 1113 702 1165 in
733 1109 949 1178 templo.
975 1108 1051 1161 Ita
1078 1108 1219 1160 enim
1242 1104 1504 1173 scriptum
1525 1111 1609 1155 est
1633 1119 1644 1154 :
1683 1118 1702 1151 ι
1729 1099 1800 1153 Ut

219 1211 274 1263 in
307 1207 494 1262 diebus
525 1202 949 1259 annuntiationis
973 1199 1204 1260 Domini,
1245 1194 1584 1250 dormitionis
1611 1208 1674 1246 ac
1702 1206 1799 1244 na-

218 1299 446 1354 tivitatis
474 1306 674 1352 sanctae
711 1295 802 1348 Dei
851 1291 1146 1347 Genitricis
1174 1288 1376 1351 Marize,
1421 1293 1475 1339 et
1505 1283 1678 1340 sancti
1713 1282 1798 1336 Si-

217 1390 448 1452 meonis,
479 1388 620 1458 quod
645 1387 922 1442 ὐπαπανθή
949 1382 1146 1436 dicitur
1183 1380 1391 1440 Graece,
1430 1393 1552 1432 cum
1597 1375 1800 1428 litaniis

215 1489 413 1536 exeant
456 1497 486 1534 a
535 1481 734 1534 Sancto
765 1478 1024 1538 Adriano,
1076 1484 1129 1528 et
1169 1474 1234 1527 ad
1267 1473 1524 1526 Sanctam
1575 1469 1798 1522 Mariam

213 1573 444 1642 populus
472 1580 740 1626 occurrat.
776 1591 793 1621 ι
832 1569 949 1638 Ipsa
975 1582 1104 1636 ergo
1133 1566 1219 1621 die
1251 1579 1446 1618 aurora
1478 1561 1801 1616 ascendente

212 1665 460 1734 procedit
506 1663 683 1718 omnis
713 1662 890 1716 clerus
935 1674 1027 1712 seu
1070 1656 1302 1726 populus
1346 1669 1467 1708 cum
1518 1652 1719 1706 litaniis
1747 1659 1802 1704 et

210 1757 525 1825 antiphonis
555 1756 620 1808 ad
653 1753 937 1809 ecclesiam
973 1750 1159 1804 Sancti
1196 1747 1451 1810 Adriani,
1485 1755 1803 1813 exspectan-

209 1856 298 1902 ms
331 1848 664 1918 pontiﬁcem.
700 1846 976 1916 Ingressus
1010 1843 1247 1912 pontifex
1280 1843 1334 1894 in
1364 1841 1684 1900 sacrarium,
1723 1839 1802 1892 in-

207 1939 332 1994 duit
357 1955 416 1994 se
444 1940 685 1993 vestibus
709 1939 909 2006 nigris,
940 1946 991 1990 et
1023 1936 1199 1991 clerus
1228 1934 1497 1990 similiter.
1547 1933 1674 1989 Post
1700 1934 1803 1986 hoc

206 2029 490 2099 accipiunt
515 2044 703 2083 omnes
729 2029 967 2098 singulos
995 2028 1061 2082 de
1087 2043 1247 2081 manu
1293 2023 1563 2096 pontiﬁcis
1593 2040 1800 2079 cereos.

205 2121 421 2178 Deinde
450 2136 517 2175 ex
560 2121 711 2188 jussu
759 2119 1028 2190 pontiﬁcis
1061 2119 1284 2172 inchoat
1325 2115 1506 2172 schola
1549 2117 1802 2184 antipho-

204 2227 386 2269 nam:
435 2211 697 2280 Exsurge,
745 2210 980 2271 Domine,
1023 2208 1222 2262 Psalm.
1277 2206 1418 2260 Deus
1462 2207 1680 2260 auribus
1713 2222 1806 2259 no-

209 2307 359 2362 stris.
407 2305 474 2360 Et
514 2304 792 2374 egreditur
831 2300 1066 2371 pontifex
1103 2302 1169 2354 de
1214 2300 1454 2354 sacrario
1489 2315 1610 2354 cum
1647 2298 1804 2352 mini-

213 2399 366 2461 stris,
399 2405 667 2450 annuente
696 2410 762 2449 eo
787 2395 986 2449 schola:
1007 2394 1202 2462 primo,
1238 2400 1294 2446 ut
1317 2393 1499 2445 dicant
1523 2390 1759 2444 Gloriam
1787 2408 1805 2453 ,-

213 2493 475 2560 deinceps
501 2489 649 2544 vadit
676 2489 743 2543 ad
769 2489 972 2553 altare,
1005 2496 1061 2542 et
1105 2495 1226 2541 orat
1253 2499 1424 2556 usque
1451 2483 1516 2537 ad
1545 2483 1809 2554 cxplelio—

213 2601 345 2641 nem
382 2581 594 2637 Glorite.
629 2580 758 2636 Post
781 2581 1083 2635 orationem
1110 2579 1354 2634 osculato
1381 2577 1558 2640 altari,
1604 2585 1660 2631 et
1696 2577 1810 2630 dia-

212 2691 359 2732 cono
402 2673 653 2729 similiter
699 2673 827 2728 binc
874 2673 1019 2734 inde,
1071 2672 1202 2725 dicit
1243 2670 1425 2726 schola
1464 2683 1624 2723 vers:
1663 2666 1809 2737 Opus

211 2767 360 2839 quod
387 2773 631 2837 operatus
676 2781 755 2830 es,
801 2764 1008 2834 absque
1053 2761 1213 2834 Kyrie
1242 2763 1454 2817 eleison.
1505 2761 1810 2831 Antiphona

213 2856 453 2927 expleta,
486 2863 634 2910 stans
661 2854 900 2924 pontifex
939 2863 1065 2909 ante
1106 2853 1300 2916 altare,
1335 2852 1506 2906 dicit:
1557 2850 1812 2905 Dominus

213 2951 508 3014 vobiscum,
539 2956 614 3011 et,
642 2946 863 3002 Oremus
889 2967 906 3013 ;
937 2958 994 3003 et
1025 2950 1284 3004 diaconus
1305 2948 1471 3002 dicit:
1508 2944 1812 3000 Flectamus

214 3057 416 3114 genua,
461 3040 504 3094 si
537 3049 715 3095 tamen
744 3039 884 3094 infra
921 3039 1381 3111 Septuagesimum
1419 3041 1679 3096 evenerit.
1716 3038 1814 3091 Se-

1904 555 2023 594 rum
2050 548 2265 594 actuum
2303 539 2637 610 lampadibus
2677 537 2894 593 obviam
2923 549 3120 605 sponso
3155 549 3219 589 ac
3243 534 3354 604 regi
3384 548 3482 587 suo

1900 632 2198 696 venientes,
2243 646 2368 686 mox
2395 647 2518 688 cum
2538 645 2604 686 eo
2633 631 2703 686 ad
2729 629 2945 700 nuptias
2972 641 3219 697 supernas
3247 627 3484 683 civitatis

1899 723 2199 779 intrabunt.
2237 742 2258 777 ι

2491 815 2719 872 CAPUT
2757 816 2889 870 VIII.

1905 918 1926 945 ε
1967 922 2031 962 οε
2079 921 2502 971 εερτυλοεεικλ,
2548 925 2904 974 εεκλοεειιιλ,
2956 923 3372 973 οωκρωηεειυλ
3416 925 3484 963 IZT

2477 994 2902 1042 QUADRAGESIIA.

1977 1091 2382 1163 Septuagesima
2417 1100 2759 1160 computatur
2789 1094 3082 1148 secundum
3126 1091 3484 1146 titulationem

1905 1184 2321 1241 Sacramentarii
2355 1191 2410 1237 et
2437 1181 2815 1252 Antiphonarii
2843 1198 3034 1238 novem
3064 1181 3490 1238 hebdomadibus

1902 1286 2028 1332 ante
2056 1276 2264 1331 Pascha
2311 1275 2366 1328 in
2397 1277 2683 1344 septimam
2729 1275 2960 1329 sabbati.
3003 1275 3242 1344 Populus
3289 1274 3381 1330 Dei
3437 1274 3489 1328 in
3567 1318 3576 1324 .

1904 1367 2176 1436 Babylone
2225 1367 2473 1420 detentus
2517 1373 2601 1420 est
2645 1366 2890 1434 captivus
2936 1367 3277 1435 septuaginta
3311 1367 3488 1421 annis.

1905 1458 2112 1524 Quibus
2137 1457 2388 1527 expletis,
2421 1473 2669 1512 reversus
2694 1465 2777 1512 est
2801 1456 3159 1511 Hierusalem.
3199 1456 3495 1527 Septuage~

1905 1553 2076 1606 simus
2123 1565 2380 1604 numerus
2425 1550 2580 1604 nobis
2616 1551 2683 1604 ad
2728 1550 3046 1604 memoriam
3080 1551 3290 1606 reducit
3333 1565 3495 1605 omne

1909 1652 2120 1712 tempus
2141 1643 2423 1711 praesentis
2457 1643 2659 1706 smculi,
2686 1658 2793 1712 quo
2817 1643 2978 1697 alieni
3016 1657 3204 1697 sumus
3227 1657 3255 1695 a
3284 1641 3495 1696 cmlesti

1912 1733 2264 1788 Hierusalem.
2313 1733 2441 1787 ideo
2498 1742 2691 1786 auctor
2738 1732 2898 1788 ofﬁcii
2935 1733 3106 1788 nostri
3150 1732 3498 1802 Septuagesi-

1909 1841 2052 1879 mam
2085 1826 2263 1893 posuit
2297 1823 2349 1876 in
2379 1821 2574 1877 ofﬁciis
2597 1824 2820 1888 nostris,
2851 1832 2912 1878 ut
2947 1825 3049 1879 hoc
3080 1833 3320 1893 tempore
3347 1839 3376 1875 a
3407 1821 3501 1875 de-

1907 1918 2047 1973 liciis
2072 1917 2412 1980 abstineudo,
2459 1918 2872 1972 ostenderemus
2899 1918 2952 1971 in
2998 1927 3184 1971 nostra
3212 1932 3500 1972 conversa-

1907 2011 2056 2065 tione
2097 2008 2332 2077 qualiter
2363 2022 2458 2078 per
2491 2023 2650 2062 omne
2693 2018 2903 2078 tempus
2949 2008 3134 2063 saeculi
3183 2007 3364 2062 vivere
3409 2007 3502 2061 de—

1907 2103 2090 2165 beant,
2139 2101 2228 2168 qui
2277 2108 2401 2169 post
2442 2099 2770 2169 baptismum
2815 2101 3053 2170 peccatis
3099 2115 3157 2180 se
3196 2099 3433 2154 alienant
3473 2113 3504 2153 ει

1907 2193 2115 2248 caelesti
2148 2191 2503 2245 Hierusalem.
2543 2190 2678 2244 Nam
2723 2194 2865 2262 quod
2897 2199 3019 2261 post
3041 2193 3380 2264 septuaginta
3407 2205 3506 2245 an-

1909 2301 2008 2341 nos
2036 2283 2263 2355 populus
2310 2286 2375 2339 de
2421 2285 2738 2353 captivitate
2779 2288 3093 2352 revertitur,
3139 2287 3262 2357 quis
3293 2301 3398 2342 non
3427 2287 3506 2340 via

1909 2379 2032 2431 deat
2077 2385 2198 2444 post
2225 2376 2438 2430 evoluta
2472 2385 2732 2446 tempora,
2787 2393 2906 2446 qua:
2952 2380 3262 2448 septenario
3293 2378 3504 2433 dierum

1909 2485 2138 2526 numero
2173 2479 2570 2535 transcurrunt,
2604 2472 2768 2525 etiam
2801 2473 2976 2536 nobis,
3013 2472 3064 2526 id
3091 2481 3198 2538 est,
3248 2471 3506 2527 Ecclesiae

1911 2564 2027 2626 Dei,
2059 2563 2126 2617 ad
2163 2562 2305 2616 illam
2339 2562 2614 2617 caelestem
2651 2563 2984 2618 Hierusalem
3017 2580 3080 2619 ex
3129 2565 3290 2635 hujus
3324 2563 3504 2618 surculi

1913 2655 2343 2725 peregrinatione.
2371 2657 2749 2711 redeundum?
2787 2655 3127 2727 Quapropter
3164 2656 3389 2711 Alleluia
3415 2655 3507 2712 illo

1914 2755 2156 2816 tempore
2186 2763 2292 2802 non
2317 2755 2566 2801 cantatur
2591 2755 2731 2817 apud
2759 2761 2875 2812 nos,
2918 2763 3017 2801 nec
3045 2745 3227 2802 Gloria
3253 2749 3309 2801 in
3345 2749 3509 2803 excel—

1913 2838 1986 2894 sis
2009 2837 2142 2902 Deo,
2173 2853 2292 2909 quae
2323 2849 2446 2893 sunt
2473 2841 2684 2894 cantica
2715 2840 2977 2894 etelestia.
3015 2839 3156 2894 Dicit
3183 2841 3328 2894 enim
3359 2839 3508 2894 Psal-

1914 2947 2036 2987 mus
2063 2949 2076 2986 :
2109 2930 2384 2996 Quomodo
2411 2933 2740 2986 cantabimus
2763 2932 3023 2986 canticum
3049 2931 3261 2985 Domini
3291 2933 3344 2985 in
3367 2941 3508 2986 terra

1913 3025 2090 3078 aliena
2120 3022 2294 3095 (Psal.
2341 3039 2562 3089 cxxxvn,
2590 3025 2692 3095 4)?
2742 3024 2880 3078 Sttnt
2910 3024 2999 3093 qui
3030 3025 3259 3094 primam
3303 3024 3508 3080 hebdo-

215 3134 409 3206 quitur
440 3133 650 3188 oratio:
693 3132 927 3196 Exaudi,
965 3150 1286 3204 qumsumus,
1327 3133 1567 3195 Domine,
1613 3133 1808 3203 plebem

1917 3118 2132 3172 madam
2163 3115 2613 3187 Septuagesimm,
2664 3117 2780 3170 sine
2807 3116 2986 3185 aliquo
3023 3116 3252 3170 articulo
3287 3116 3512 3172 novellte

216 3237 393 3282 tuam.
424 3226 534 3282 Hac
552 3227 784 3296 expleta,
810 3227 1027 3282 inchoat
1050 3227 1232 3281 schola
1263 3241 1357 3296 per
1379 3242 1540 3280 unam
1561 3227 1811 3295 antipho-

215 3335 349 3376 nam
381 3338 392 3372 :
443 3319 658 3373 Adorna
686 3319 996 3372 thalamum.
1041 3318 1204 3374 Item:
1258 3318 1362 3371 Ave
1396 3319 1588 3388 gratia.
1637 3319 1810 3372 Item:

215 3408 546 3480 Responsum
567 3411 758 3480 accepit
775 3409 1002 3464 Simeon.
1016 3409 1150 3464 Cum
1163 3419 1340 3464 autem
1355 3411 1817 3480 appropinquave—

211 3500 335 3558 rint
359 3500 496 3553 atrio
517 3499 758 3553 ecclesiae
791 3499 1004 3554 Sancta:
1036 3500 1232 3562 Mariae,
1261 3499 1517 3569 faciendae
1541 3508 1668 3554 sunt
1691 3499 1815 3554 lita-

210 3591 352 3646 niaa.
388 3589 483 3642 His
502 3590 733 3659 expletis
754 3601 878 3646 ante
909 3592 1099 3656 altare,
1125 3601 1182 3646 et
1213 3592 1454 3663 ingresso
1483 3592 1736 3661 pontiﬁce
1761 3594 1814 3646 in

217 3684 552 3747 sacrarium,
593 3684 808 3738 inchoat
829 3684 1010 3738 schola
1028 3685 1094 3738 ad
1115 3685 1398 3740 introitum
1421 3687 1770 3756 antiphonam
1799 3704 1811 3740 :

221 3775 585 3844 Suscepimus,
617 3775 780 3830 Deus.
820 3775 936 3846 Ipsa
979 3777 1067 3832 die
1095 3793 1201 3832 non
1229 3787 1516 3832 cantatur:
1549 3775 1729 3833 Gloria
1759 3780 1815 3833 in

221 3866 446 3924 excelsis
474 3866 603 3931 Deo,
632 3867 674 3920 si
706 3868 843 3921 intra
873 3867 1336 3938 Septuagesimam
1365 3870 1626 3923 evenerit.
1657 3869 1819 3924 Dein-

223 3975 361 4028 ceps
388 3959 550 4012 missa
579 3960 856 4028 peragitur
899 3961 1090 4016 ordine
1118 3976 1234 4014 suo.
1288 3961 1362 4014 De
1391 3961 1493 4016 hac
1527 3960 1818 4016 festivitate

224 4052 441 4106 dicitct
469 4052 607 4106 Beda
649 4053 676 4092 ι)
705 4055 959 4108 sacerdos
1004 4061 1058 4107 et
1102 4053 1292 4108 doctor
1324 4054 1557 4108 eximius
1599 4056 1649 4108 in
1681 4054 1820 4108 libro

226 4142 307 4198 De
340 4141 735 4212 Temporibus:
775 4163 792 4194 ι
828 4142 1134 4198 Secundum
1159 4159 1398 4199 mensem
1423 4145 1624 4199 dicavit
1649 4145 1819 4200 Numa

227 4234 470 4299 Februo,
504 4235 557 4288 id
582 4244 685 4300 est,
714 4235 946 4301 Plutoni,
973 4236 1066 4306 qui
1089 4235 1466 4291 lustrationum
1494 4247 1686 4308 potens
1709 4253 1824 4293 cre-

231 4327 504 4383 debatur:
560 4326 889 4397 lnstrarique
934 4343 1001 4383 eo
1055 4343 1242 4382 mense
1283 4327 1558 4384 civitatem
1600 4345 1823 4386 necesse

231 4427 378 4481 erat,
399 4435 506 4488 quo
533 4420 726 4474 statuit
749 4429 808 4474 ut
842 4420 1108 4476 sacriﬁcia
1134 4421 1246 4474 Diis
1284 4419 1527 4476 Manibus
1550 4423 1824 4478 solverem

1920 3211 2353 3268 conversationis
2401 3211 2626 3275 ducunt,
2677 3219 2900 3279 excepta
2935 3210 3234 3264 mutatione
3259 3209 3510 3276 Alleluia,

1919 3316 1975 3362 et
2023 3307 2078 3360 in
2117 3304 2438 3375 quibusdam
2477 3302 2610 3358 locis
2647 3303 3088 3368 Dalmaticarum,
3137 3311 3193 3359 et
3239 3304 3514 3359 intermis-

1920 3397 2073 3452 sione
2107 3394 2290 3450 Gloria
2334 3397 2390 3450 in
2415 3395 2631 3450 excelsis
2668 3393 2796 3449 Deo.
2847 3395 3020 3450 Graeci
3054 3397 3353 3464 proximam
3385 3395 3514 3450 heb-

1920 3492 2232 3553 domadam,
2273 3491 2324 3544 id
2352 3499 2455 3554 est,
2495 3489 2921 3557 Sexagesimam,
2948 3489 3287 3544 sanctiﬁcant
3309 3503 3408 3544 suo
3432 3489 3514 3559 je—

1914 3583 2087 3655 junio.
2135 3581 2326 3636 Clerici
2360 3581 2552 3642 nostri,
2609 3589 2832 3634 auctore
2863 3580 3190 3650 Telesphoro
3217 3597 3375 3652 papa,
3428 3593 3514 3637 se-

1921 3683 2198 3746 quentem,
2249 3674 2302 3728 id
2357 3679 2459 3737 est,
2509 3671 3044 3741 Quinquagesimam,
3095 3673 3187 3740 qui
3235 3671 3516 3728 constituit

1921 3777 2128 3839 septem
2159 3764 2621 3822 hebdomadarum
2655 3761 2921 3834 jejunium
2955 3772 3081 3818 ante
3105 3763 3336 3818 Pascha.
3367 3763 3510 3822 Pras—

1922 3871 2106 3932 ceptor
2153 3868 2332 3914 tamen
2378 3855 2541 3912 officii
2585 3855 2755 3910 nostri
2798 3854 3114 3923 ampliorem
3159 3856 3513 3913 mutationem

1923 3953 2172 4022 requirit,
2210 3963 2370 4020 quam
2395 3963 2492 4004 nos
2521 3963 2763 4019 agamus,
2800 3948 3181 4004 constitutione
3208 3949 3373 4006 ofﬁcii
3407 3951 3512 4008 sui.

1922 4048 2102 4118 Ipsum
2150 4046 2293 4100 enim
2325 4044 2589 4112 jejunium
2640 4044 2912 4100 intimavit
2959 4047 3013 4101 in
3058 4047 3232 4118 prima
3267 4049 3515 4103 oratione

1924 4141 2125 4203 missae,
2159 4138 2343 4192 dicens
2371 4157 2383 4190 :
2433 4134 2502 4189 Ut
2531 4137 2621 4207 qui
2644 4136 2788 4206 juste
2828 4155 2922 4208 pro
2949 4140 3175 4208 peccatis
3205 4141 3394 4194 nostris
3427 4137 3514 4210 af-

1925 4232 2197 4302 ﬂigimur:
2244 4231 2332 4284 hic
2377 4229 2524 4283 enim
2568 4228 2913 4284 alllictiouem
2956 4238 3132 4285 sonat.
3182 4230 3238 4284 in
3286 4230 3514 4285 lntroitu

1925 4339 2140 4395 quoque
2164 4323 2296 4377 dicit
2321 4341 2333 4375 :
2363 4321 2830 4376 Circumdederunt
2863 4339 2943 4377 me
2971 4324 3193 4393 gemitus
3217 4323 3399 4377 mortis
3421 4323 3516 4378 do-

1927 4415 2063 4469 lores
2103 4412 2320 4482 inferni.
2356 4413 2584 4482 Propter
2610 4413 2709 4466 hos
2741 4413 2954 4468 dolores
2979 4429 3084 4468 non
3113 4428 3400 4482 possumus
3426 4414 3516 4470 lat-

235 4522 347 4568 tur.
381 4512 486 4567 Sed
511 4513 649 4568 hanc
671 4513 932 4569 lustrandi
959 4513 1404 4570 consuetudinem
1430 4515 1567 4568 bene
1595 4515 1822 4570 mutavit
1848 4515 1899 4575 D
1928 4512 2031 4566 tari
2061 4520 2115 4564 et
2155 4509 2330 4570 securi
2360 4521 2500 4573 esse,
2549 4508 2643 4562 sed
2668 4519 2974 4577 prmparare
3019 4522 3118 4562 nos
3146 4509 3405 4564 debemus
3451 4509 3516 4565 ad

235 4603 543 4668 Christiana
574 4606 786 4676 religio,
833 4622 957 4662 cum
994 4607 1046 4660 in
1079 4621 1264 4660 mense
1294 4606 1482 4661 eodem
1510 4607 1596 4661 die
1619 4618 1820 4664 sancta:

239 4695 424 4774 Maria:
447 4737 462 4762 ,
511 4697 661 4767 plebs
691 4698 937 4752 universa
972 4712 1094 4752 cum
1128 4698 1504 4753 sacerdotibus
1549 4715 1613 4753 ac
1663 4701 1822 4755 mini—

239 4791 391 4854 stris,
427 4791 657 4862 hymnos
683 4791 1028 4856 modulando,
1073 4791 1266 4846 devota
1297 4808 1394 4862 per
1417 4793 1674 4848 ecclesias
1703 4811 1825 4865 pcr-

240 4894 348 4949 que
376 4896 610 4952 congrua
656 4881 820 4953 466
867 4883 1013 4937 urbis
1051 4882 1167 4938 loca
1198 4882 1457 4953 procedit,
1502 4884 1765 4954 datosque
1793 4901 1824 4940 a

239 4974 497 5046 pontiﬁce
523 4990 710 5030 cereos
743 4976 792 5030 in
824 4976 1071 5030 manibus
1097 4984 1310 5047 gestant
1349 4978 1620 5042 ardentes,
1647 4986 1704 5032 et
1731 4993 1826 5033 au-

243 5078 498 5142 gescente
525 5069 661 5123 bona
691 5068 1100 5134 consuetudine,
1127 5067 1355 5137 idipsum
1387 5070 1438 5124 in
1464 5071 1674 5126 caeteris
1699 5087 1831 5141 quo-

243 5175 351 5231 que
377 5159 615 5228 ejusdem
637 5162 807 5214 beata:
840 5159 1020 5212 Matris
1048 5170 1096 5212 et
1127 5169 1397 5228 perpetuas
1424 5161 1660 5231 Virginis
1683 5161 1830 5217 festi-

244 5251 508 5308 vitatibus
550 5268 710 5322 agere
741 5251 967 5315 didicit,
1017 5265 1124 5304 non
1154 5251 1338 5320 utique
1371 5253 1422 5305 in
1455 5252 1828 5309 lustrationem

249 5347 527 5400 terrestris
577 5345 787 5415 imperii
831 5345 1264 5415 quinquennem,
1311 5345 1402 5398 sed
1451 5345 1503 5399 in
1539 5359 1830 5415 perennem

250 5440 487 5497 celestis
529 5442 676 5513 regni
704 5441 1038 5506 memoriam,
1084 5439 1299 5509 quando
1336 5439 1489 5508 juxta
1521 5441 1832 5510 parabolam

328 5608 352 5635 ιι
379 5593 542 5650 Liber
576 5595 924 5660 Pontiﬁcalis,
976 5597 1027 5650 in
1066 5595 1183 5651 Vita
1212 5594 1404 5664 Sergii.
1442 5594 1561 5650 Vid.
1600 5595 1836 5652 Martene

257 5665 536 5736 deLAntiq.
558 5668 774 5736 .Eccrles.
802 5668 1018 5723 Ritibus
1038 5668 1160 5721 libr.
1187 5684 1228 5726 ι.
1259 5682 1378 5736 cap.
1409 5666 1493 5720 l5.

327 5731 355 5778 δ
387 5731 527 5811 Deda
554 5731 632 5811 De
655 5735 977 5811 Temporum
1008 5738 1215 5811 ratione
1243 5731 1477 5811 «p.10.

331 5815 354 5848 ι
388 5805 535 5865 Idem
564 5809 758 5865 initum
784 5805 921 5882 apud
940 5805 1447 5873 Amalariumflibr.
1469 5825 1510 5868 ι.
1535 5808 1604 5866 de
1625 5807 1834 5866 Eccles.

1924 4602 2148 4666 bellum,
2181 4608 2238 4654 ut
2259 4599 2549 4669 Apostolus
2571 4599 2646 4652 ait
2672 4616 2684 4653 :
2721 4596 2904 4653 Omnis
2926 4601 3015 4670 qui
3041 4601 3097 4653 in
3120 4616 3286 4670 agone
3311 4611 3521 4656 conten-

1925 4699 2022 4763 dit,
2071 4698 2136 4750 ab
2187 4695 2425 4750 omnibus
2463 4709 2518 4748 se
2568 4693 2789 4747 abstinet
2844 4692 2891 4762 (Ι
2934 4691 3055 4745 Cor.
3095 4709 3174 4758 ιχ,
3219 4692 3331 4766 23).
3379 4695 3518 4752 Dicit

1927 4791 2069 4847 enim
2099 4789 2454 4844 Ambrosius:
2501 4788 2585 4842 Ab
2612 4787 2886 4851 omnibus,
2921 4799 3042 4858 qure
3079 4788 3515 4846 vitanda‘eadem

1927 4882 2094 4937 tradit
2142 4881 2426 4950 disciplina
2456 4917 2471 4944 ,
2526 4891 2649 4932 cum
2696 4879 2869 4934 sciant
2913 4891 3077 4933 unum
3123 4883 3510 4948 coronandunt,

1928 4985 2130 5048 quanto
2166 4974 2336 5044 magis
2381 4970 2777 5027 observandum
2817 4977 2923 5036 est,
2960 4972 3157 5042 quibus
3191 4974 3367 5028 omnis
3391 4986 3518 5042 pro-

1929 5073 2094 5127 missa
2123 5075 2202 5124 est
2237 5068 2426 5122 salus?
2473 5065 2627 5122 Unde
2673 5077 2852 5122 autem
2881 5070 3154 5124 abstinere
3199 5069 3508 5136 debeamus,

1931 5164 2021 5234 qui
2050 5162 2298 5217 bellaturi
2327 5175 2534 5224 sumus,
2585 5161 2741 5218 docet
2767 5162 3077 5233 Apostolus,
3127 5165 3310 5220 dicens
3337 5183 3349 5194 ·
3382 5163 3510 5220 For-

1935 5254 2128 5310 nicatio
2152 5262 2200 5306 et
2234 5253 2401 5306 omnis
2433 5253 2788 5318 immunditia,
2826 5265 2918 5308 aut
2955 5255 3203 5319 avaritia,
3235 5271 3325 5308 nec
3351 5258 3518 5311 nomi-

1934 5357 2086 5403 netur
2131 5345 2185 5399 in
2220 5344 2359 5398 vobis
2395 5343 2612 5415 (Ephes.
2660 5361 2715 5410 v,
2762 5346 2838 5418 3).
2897 5345 3296 5414 Thclesphorus
3322 5345 3347 5384 ἀ
3379 5361 3516 5416 papa

1933 5457 2108 5497 nonus
2132 5449 2253 5509 post
2273 5437 2485 5493 beatum
2513 5437 2832 5508 apostolum,
2875 5439 2928 5492 in
2966 5438 3094 5492 sede
3124 5437 3364 5492 Romana
3391 5453 3520 5493 con-

1937 5593 2138 5677 Olliciis
2167 5610 2286 5666 cap.
2330 5595 2380 5662 l,
2411 5611 2533 5651 cum
2565 5611 2672 5666 quo
2700 5603 2754 5650 et
2790 5595 2842 5649 in
2888 5593 3007 5648 aliis
3036 5595 3357 5666 quibusdam
3391 5609 3520 5652 con-

1937 5676 2188 5796 minim.
2213 5739 2372 5810 epist.
2399 5738 2470 5795 66
2491 5737 2671 5794 Caroli
2699 5737 2765 5793 ad
2795 5737 3098 5795 Alcuinum.
