4032 6354
443 296 581 356 “85

1306 292 1363 348 Β.
1402 291 1465 348 F.
1504 290 1733 348 ALBINI
1773 290 1906 349 SEU
1944 283 2225 347 ALCUINI
2262 282 2549 343 OPERUM
2586 280 2769 340 PARS
2804 281 2895 339 IX.

3601 283 3751 342 “8‘

437 407 638 476 stituit,
674 414 734 462 ut
762 420 861 478 per
884 414 1090 477 septem
1130 394 1498 461 hebdomadas
1522 406 1906 462 abstinentiam
1929 407 2029 461 ob—
2055 406 2104 464 Α
2130 400 2524 472 ptuagesimam
2550 409 2677 456 ante
2699 398 2995 456 celebrant.
3030 399 3191 474 467
3214 400 3370 468 Quod
3391 400 3539 457 enim
3568 411 3755 473 septe-

439 510 673 564 servent.
727 498 872 570 quod
920 498 1097 554 adhuc
1137 496 1291 553 multi
1339 496 1564 554 faciunt.
1616 498 1768 566 Quod
1818 508 2033 570 tempus

344 576 363 593 ’
441 606 568 653 tunc
596 594 734 650 duas
763 593 835 649 ob
856 606 1052 646 causas
1081 588 1595 661 Quinquagesimam
1628 592 1829 662 placuit
1853 591 2037 662 app-3|-

439 686 577 752 lari,
626 685 712 740 vel
756 685 883 756 quia
934 683 987 738 in
1035 684 1225 737 ordine
1257 684 1736 755 quinquagesimus
1779 699 2037 738 numerus

436 792 559 856 post
587 784 1060 854 quadragesimum
1094 790 1344 845 constat;
1384 780 1467 834 vcl
1501 782 1625 850 quia
1655 780 1853 836 exinde
1880 780 2039 848 quin-

438 875 693 947 quaginta
721 875 838 929 dics
864 881 988 929 sunt
1019 872 1071 927 in
1100 881 1342 928 sanctam
1374 873 1847 927 resurrectionem.
1883 871 2040 926 Post-

438 966 659 1022 modum
696 965 1024 1021 Melchiadcs
1074 979 1210 1034 papa
1262 964 1481 1019 natione
1528 964 1678 1027 Afer,
1729 964 2039 1034 trigesimus

440 1064 667 1128 quartus
713 1064 835 1126 post
885 1066 1131 1111 sanctum
1170 1054 1411 1118 Petrum,
1464 1055 1743 1110 constituit
1787 1065 1846 1110 ut
1881 1072 2040 1110 nemo

440 1158 794 1220 praesumeret
826 1149 878 1202 in
929 1149 1102 1218 prima
1154 1148 1237 1201 vel
1280 1148 1470 1218 quinta
1514 1146 1649 1202 feria
1675 1146 1941 1216 jejunare.
1982 1148 2040 1202 In

439 1243 635 1314 prima,
678 1250 900 1312 prOpter
942 1240 1154 1295 Domini
1194 1242 1687 1304 resurrectionem;
1729 1241 1782 1294 in
1827 1241 2039 1311 quinta,

441 1337 567 1405 quia
604 1336 655 1389 in
701 1350 762 1389 ea
792 1335 1027 1389 cmnavit
1058 1334 1317 1388 Dominus
1344 1350 1466 1389 cum
1498 1333 1773 1403 discipulis
1807 1333 1939 1397 suis,
1988 1341 2044 1388 et

442 1429 498 1484 in
527 1443 589 1483 ea
621 1427 863 1483 ascendit
906 1427 960 1481 in
985 1426 1204 1481 caalnm.
1260 1425 1412 1480 Tunc
1438 1426 1641 1495 placuit
1684 1425 1952 1489 ﬁdelilms,
1983 1434 2043 1480 ut

439 1527 564 1575 octo
610 1517 975 1573 hebdomadas
1023 1524 1406 1573 consecrarent
1429 1515 1657 1584 jejunio,
1709 1526 1763 1571 et
1810 1517 2053 1587 primam

438 1608 778 1666 Dominicam
821 1607 1226 1679 Sexagesimam
1275 1608 1642 1673 nominarent,
1691 1623 1796 1661 non
1823 1618 2045 1677 propter

441 1701 859 1772 sexagenarium
891 1700 1103 1755 dierum
1149 1715 1457 1764 numerum,
1508 1702 1601 1754 sed
1632 1708 1851 1769 propter
1886 1715 2042 1754 usum

441 1770 727 1849 locutionis
755 1801 971 1856 nostrae,
1011 1808 1119 1863 quo
1149 1793 1289 1848 sicut
1315 1794 1749 1864 quadragenarto
1780 1794 2043 1863 quinqua-
2079 1770 2119 1828 Β

444 1885 715 1957 genarius,
755 1885 827 1939 ita
858 1886 1324 1957 quinquagenario
1354 1887 1755 1956 sexagenarius,
1806 1896 1859 1941 et
1889 1902 2045 1941 sexa-

443 1976 696 2048 genarius
725 1977 1138 2047 scptuagenario
1174 1986 1477 2047 coaptatur.
1510 1978 1555 2031 A
1583 1977 1935 2049 Sexagesima
1958 1994 2046 2032 us-

445 2080 551 2139 que
575 2066 802 2129 Pascha.
835 2076 959 2122 octo
983 2077 1109 2122 sunt
1133 2067 1504 2131 hebdomadge,
1535 2084 1565 2122 e
1593 2068 1788 2137 quibus
1816 2070 2046 2140 singulis

443 2159 488 2214 si
519 2161 749 2229 primam
776 2166 830 2214 et
858 2159 1105 2229 quintam
1141 2157 1331 2213 feriam
1369 2158 1437 2213 de
1472 2159 1799 2213 abstinentia
1829 2159 2046 2214 subtra-

445 2253 565 2315 has,
598 2260 657 2305 ut
694 2250 1021 2306 Melchiades
1046 2251 1299 2315 instituit,
1331 2260 1386 2305 et
1415 2253 1590 2321 ipsum
1622 2253 1762 2307 diem
1796 2263 2046 2308 sanctum

443 2340 685 2405 Paschm,
738 2341 1095 2413 quadraginta
1145 2351 1352 2397 tantum
1400 2341 1516 2397 dies
1553 2354 1833 2397 remanent
1879 2344 2047 2398 absti-

448 2432 667 2496 nentim,
720 2432 785 2487 ad
813 2431 1170 2488 imitationem
1219 2433 1431 2487 Domini
1460 2435 1629 2488 nostri
1658 2433 1784 2488 Iesu
1817 2434 2041 2489 Christi.

447 2522 854 2594 Septuagesima
884 2523 1004 2579 ideo
1033 2540 1063 2577 a
1098 2523 1344 2579 fidelibus
1376 2524 1548 2579 fertur
1577 2525 1862 2589 celebrari,
1912 2533 1971 2578 ut
1994 2533 2050 2580 et

446 2614 685 2670 decimas
706 2614 915 2669 dierum
941 2615 1053 2670 Deo
1077 2615 1301 2671 reddere
1350 2624 1407 2670 et
1432 2616 1786 2672 nihilominus
1814 2616 2048 2685 primam

444 2715 501 2762 et
536 2707 781 2777 quintam
819 2706 1035 2774 feriam,
1088 2717 1143 2763 et
1187 2710 1473 2763 sabbatum
1523 2708 1737 2780 possint
1771 2724 1804 2764 a
1839 2707 2049 2778 jejunio

447 2797 714 2855 relaxare.
741 2798 788 2853 A
815 2798 1226 2872 Septuagesima
1252 2816 1485 2871 namque
1515 2800 1569 2855 in
1594 2800 1823 2867 Pascha,
1856 2816 2048 2856 novem

445 2900 571 2947 sunt
621 2891 994 2957 hebdomadae,
1058 2908 1179 2963 qua!
1224 2890 1432 2947 faciunt
1486 2892 1767 2963 sexaginta
1813 2900 2050 2962 quatuor

446 2983 598 3038 dies:
651 2999 718 3038 ex
764 2984 959 3053 quibus
1007 2984 1053 3036 si
1092 2983 1159 3037 de
1189 2998 1511 3054 unaquaque
1556 2983 1890 3040 hebdomada
1940 2991 2073 3037 tres.

448 3073 703 3144 prmfatos
752 3075 867 3130 dies
896 3074 1252 3137 subtraxeris,
1300 3086 1354 3129 et
1383 3091 1599 3130 sacrum
1642 3077 1784 3131 diem
1810 3075 2049 3130 Pascha-

448 3165 577 3230 lem,
631 3166 850 3236 triginta
881 3182 975 3221 sex
1018 3167 1132 3221 dies
1168 3168 1223 3221 in
1254 3168 1613 3223 decimatione
1640 3168 1770 3223 anni
1810 3168 2046 3239 jejunas.
2076 3136 2125 3199 (ἶ

444 3258 542 3316 Ille
568 3269 748 3313 autem
784 3260 876 3329 qui
902 3258 1187 3315 sabbatum
1210 3262 1491 3315 constituit
1517 3263 1914 3329 honorandum,
1942 3279 2050 3320 non

444 3359 669 3423 propter
698 3350 889 3421 legalia
915 3352 1165 3406 mandata
1192 3353 1296 3407 hoc
1319 3352 1467 3418 fecit,
1496 3354 1591 3408 sed
1628 3355 1755 3425 quia
1785 3357 2053 3425 requievit

447 3443 540 3500 illa
585 3444 670 3498 die
720 3442 979 3498 Do.ninus
1008 3444 1061 3497 in
1104 3444 1373 3515 sepulcro.
1425 3446 1655 3512 August.
1700 3447 1840 3503 libro
1876 3464 1945 3503 xv
1983 3450 2051 3504 de

447 3536 678 3593 Civitate
710 3536 803 3590 Dei
836 3548 860 3575 ει
887 3554 899 3590 :
936 3555 954 3587 ‹
990 3534 1105 3590 Non
1135 3538 1339 3603 omnia,
1369 3539 1563 3608 inquit,
1591 3554 1713 3609 qua:
1743 3547 1894 3611 gesta
1924 3556 2052 3595 nar-

447 3637 656 3691 rantur,
696 3626 897 3696 aliquid
925 3628 1087 3682 etiam
1125 3629 1433 3700 signiﬁcare
1475 3632 1713 3700 putanda
1755 3641 1900 3698 sunt,
1955 3632 2050 3689 sed

446 3727 671 3791 propter
704 3719 792 3773 illa
838 3735 957 3789 quae
994 3719 1197 3789 aliquid
1227 3722 1555 3793 signiﬁcant,
1595 3724 1759 3780 etiam
1792 3725 1880 3780 illa
1929 3741 2051 3795 qua:

448 3811 581 3868 nihil
612 3812 940 3883 signiﬁcant,
985 3822 1299 3869 attexuntur
1322 3823 1359 3869 :'
1385 3832 1491 3870 non
1524 3817 1639 3872 solo
1684 3833 1903 3874 vomere
1929 3834 2050 3874 ara-

446 3912 574 3969 tur,
618 3903 713 3958 sed
757 3912 815 3957 ut
861 3904 964 3959 hoc
1013 3905 1183 3973 possit
1232 3905 1369 3973 ﬁeri,
1418 3909 1583 3963 etiam
1634 3909 1802 3963 aratri
1855 3919 2051 3965 caetera

448 4004 689 4050 membra
723 4004 848 4050 sunt
881 3995 1227 4061 necessaria;
1267 4012 1367 4052 nec
1401 3996 1500 4052 soli
1545 3998 1694 4052 nervi
1744 4000 1796 4053 in
1824 3999 2051 4056 citharis

449 4098 708 4159 aptantur
730 4088 796 4142 ad
826 4097 1062 4150 cantum,
1102 4089 1197 4144 sed
1235 4098 1295 4145 ut
1319 4092 1491 4160 aptari
1521 4093 1751 4161 possint,
1791 4092 1973 4148 insunt
1998 4102 2053 4149 et

450 4190 665 4236 etctera.
702 4200 720 4231 ι
770 4179 904 4233 Item
932 4178 1129 4235 aliter:
1169 4181 1348 4249 Quare
1374 4182 1574 4237 dicitur
1619 4182 2047 4257 Scptuagesima,

452 4289 575 4329 cum
606 4272 674 4326 ab
705 4286 768 4326 ea
812 4272 899 4326 die
927 4287 1096 4341 usque
1135 4274 1187 4327 in
1218 4274 1427 4331 Pascha
1470 4292 1575 4331 non
1602 4276 1709 4331 sint
1734 4276 1854 4347 plus
1888 4293 2050 4349 quam

452 4365 733 4435 sexaginta
778 4373 1011 4435 quatuor
1041 4366 1199 4421 dies?
1244 4367 1593 4424 Consuetudo
1630 4381 1715 4426 est
1744 4370 2053 4442 Scriptura-

452 4474 575 4514 rum
605 4458 933 4522 divinarum,
968 4468 1027 4511 ut
1055 4460 1231 4515 omnis
1256 4478 1532 4529 numerus,
1565 4478 1632 4518 ex
1674 4480 1783 4534 quo
1814 4466 2050 4536 quamli-

450 4550 545 4606 bet
571 4551 827 4606 decadem
873 4553 1173 4617 transierit,
1205 4562 1262 4608 ut
1301 4556 1473 4609 tertiis
1520 4555 1756 4631 [tertius]
1787 4561 2067 4615 monadiis

454 4644 718 4709 incurrat,
772 4660 879 4700 non
912 4646 1197 4717 deputetur
1245 4648 1385 4701 idem
1416 4665 1677 4705 numerus
1723 4653 2057 4721 prmcedenti

453 4737 662 4800 decedi,
690 4738 784 4794 sed
808 4739 856 4794 ei
893 4741 960 4795 ad
985 4756 1150 4811 quam
1184 4741 1375 4797 tendit.
1431 4740 1571 4813 Lege
1600 4742 1797 4799 librum
1828 4744 2057 4803 Genesis

454 4826 508 4883 in
535 4827 846 4901 genealogia
881 4828 1113 4885 ﬁliorum
1158 4830 1292 4886 Noe.
1330 4832 1462 4888 Item
1487 4834 1684 4889 aliter:
1724 4835 1835 4891 Cur
1855 4838 2056 4895 dicitur

453 4916 885 4992 Septuagesima,
934 4938 1056 4977 cum
1088 4924 1155 4977 ab
1184 4923 1272 4979 illa
1300 4925 1387 4980 die
1433 4941 1604 4997 usque
1631 4928 1682 4983 in
1708 4928 1918 4985 Pascha
1943 4946 2051 4987 non

454 5011 563 5066 sint
589 5012 929 5083 septuaginta
973 5013 1133 5069 dies?
1178 5013 1588 5088 Septuagesima
1623 5020 1794 5075 tendit
1822 5020 1888 5075 ad
1931 5022 2055 5078 sab-

452 5102 638 5161 batum
664 5114 788 5161 ante
810 5116 1029 5181 octavas
1054 5107 1278 5165 Paschze
1303 5127 1318 5164 :
1350 5111 1713 5182 baptizantur,
1739 5111 1859 5167 alba
1893 5115 2055 5170 vesti-

452 5207 634 5253 menta
666 5198 962 5270 deponunt,
1004 5212 1058 5257 et
1102 5210 1232 5257 tunc
1261 5202 1570 5258 conﬁrmari
1616 5219 1709 5259 eos
1737 5214 1951 5273 oportet
1985 5207 2054 5262 ab

453 5288 729 5361 episcopo,
757 5301 811 5345 et
834 5307 931 5361 per
957 5294 1359 5363 impositlonem
1389 5309 1583 5350 manus
1609 5296 1854 5366 accipere
1883 5296 2055 5368 Spiri-

455 5390 568 5438 tum
598 5391 888 5447 sanctum;
924 5392 977 5439 et
1001 5384 1128 5454 quia
1159 5393 1367 5455 septem
1413 5384 1551 5439 dona
1593 5384 1828 5456 Spiritus
1873 5390 2048 5444 sancti

454 5467 853 5540 describuntur,
892 5485 1039 5530 recte
1082 5474 1175 5547 qui
1225 5476 1368 5533 hunc
1411 5478 1686 5549 accepturi
1739 5488 1903 5545 sunt,
1953 5479 2049 5536 Se-

528 5622 553 5684 e
584 5611 771 5670 Potius
794 5615 918 5671 libr.
950 5633 1061 5684 xvt,
1089 5634 1240 5673 num.
1266 5619 1321 5675 5.

529 5682 568 5770 ἒ.
590 5685 720 5752 Quae
739 5682 1055 5770 sequuntur
1070 5690 1306 5770 capitula
1327 5690 1394 5770 de
1423 5691 1851 5770 septuagesima,
1883 5691 2053 5770 Sexa-

458 5756 685 5826 gesima,
735 5756 1189 5835 Quinquagesinia
1234 5770 1291 5819 et
1335 5756 1781 5837 Quadragesima,
1830 5756 2053 5836 Quidam

2086 4508 2133 4567 υ

2134 498 2319 553 narius
2354 512 2614 553 numerus
2646 510 2746 567 per
2786 513 2865 560 se,
2904 494 3008 551 hoc
3038 496 3179 551 idem
3207 494 3479 567 signiﬁcat
3520 511 3610 567 per
3650 496 3757 554 de.

2136 590 2352 644 narium
2394 588 2823 659 multiplicatus:
2876 586 3224 658 Sexagesima
3274 587 3443 641 tendit
3470 601 3645 656 usque
3679 587 3755 640 ad

2136 683 2372 736 medium
2400 682 2640 747 Pasclw,
2667 681 2720 736 id
2747 689 2852 744 εει,
2888 688 3140 751 qrartam
3167 676 3357 733 feriam
3393 677 3755 733 hebdomadas

2139 775 2457 839 Paschalis;
2509 775 2966 845 Quinquagesima
3024 773 3195 828 tendit
3247 773 3313 826 ad
3363 773 3541 841 ipsum
3603 772 3755 826 diem

2140 867 2393 933 Pasclne;
2423 869 2842 939 Qttadragesima
2868 868 2934 922 ad
2958 867 3100 922 diem
3124 866 3305 921 Coena:
3321 865 3560 920 Domini.
3593 864 3753 919 Com-

2140 971 2266 1032 puta
2293 977 2422 1032 crgo
2450 962 2661 1015 dierum
2692 975 3001 1021 numerum,
3031 959 3122 1029 qui
3168 968 3293 1014 sunt
3324 958 3379 1012 in
3412 956 3753 1012 abstinentia

2142 1071 2172 1109 a
2199 1053 2606 1125 Septuagesima
2634 1068 2805 1121 usque
2848 1052 2915 1106 ad
2942 1050 3443 1118 Quadragesimam,
3501 1049 3753 1103 invenies

2142 1157 2226 1203 ter
2254 1163 2437 1213 senos,
2475 1148 2526 1201 id
2556 1155 2660 1212 est,
2693 1147 2877 1201 decem
2905 1154 3029 1200 octo
3058 1147 3195 1209 dies,
3225 1143 3471 1215 exceptis
3502 1141 3755 1196 Domini-

2144 1242 2223 1295 cis
2247 1241 2457 1295 diebus.
2495 1239 2666 1307 Quem
2700 1255 2986 1294 numerum
3017 1239 3061 1293 si
3094 1253 3191 1307 per
3217 1238 3498 1307 duplarem
3525 1249 3757 1306 propor-

2146 1333 2347 1387 tionem
2380 1331 2609 1396 dividas,
2658 1331 2899 1386 invenies
2930 1332 2982 1385 in
3010 1347 3116 1385 una
3146 1339 3299 1400 parte
3339 1346 3458 1389 sex.
3494 1330 3548 1382 in
3580 1329 3753 1383 altera

2146 1424 2427 1479 duodecim
2459 1440 2473 1478 :
2513 1440 2607 1479 sex
2635 1433 2815 1478 autem
2841 1424 2907 1478 ad
2938 1424 3241 1488 duodecim,
3277 1424 3472 1494 simpla
3500 1440 3516 1487 ;
3556 1423 3758 1478 duole-

2146 1515 2253 1569 cim
2283 1515 2348 1568 ad
2378 1530 2492 1580 sex,
2542 1515 2700 1585 dupla
2728 1515 3008 1585 proporsio
3031 1524 3133 1569 est.
3176 1515 3309 1569 Item
3351 1515 3499 1569 inter
3526 1513 3755 1570 Cinnam

2148 1606 2361 1660 Domini
2387 1615 2442 1661 ct
2467 1606 2611 1661 diem
2642 1606 2882 1671 Paschze,
2916 1606 3022 1661 duo
3052 1616 3179 1661 sunt
3207 1607 3346 1670 dies,
3385 1615 3441 1661 et
3466 1606 3617 1661 inter
3652 1605 3755 1661 Pa-

2150 1698 2279 1752 scha
2306 1708 2361 1753 et
2387 1697 2624 1753 medium
2663 1696 2909 1762 Paschae,
2939 1698 3085 1769 quod
3111 1707 3194 1753 est
3222 1706 3417 1768 quarta
3456 1696 3618 1761 feria,
3651 1699 3758 1752 duo

2150 1799 2275 1845 sunt
2304 1790 2451 1855 dies,
2502 1806 2609 1860 quo
2650 1790 2820 1845 tendit
2864 1790 3256 1862 Sexagesima;
3302 1799 3359 1844 et
3397 1790 3466 1844 ab
3508 1791 3631 1860 ipso
3672 1791 3759 1845 die

2148 1898 2319 1951 usque
2345 1883 2653 1947 sabbatum,
2685 1898 2792 1952 quo
2816 1882 3226 1953 Septuagesima
3257 1882 3527 1952 pervenit,
3569 1881 3762 1937 simili.

2150 1984 2232 2031 ter
2261 1975 2367 2029 duo
2397 1983 2549 2039 sunt,
2596 1976 2686 2045 qui
2717 1985 2843 2030 sunt
2868 1975 3028 2030 simul
3065 1991 3180 2029 sex.
3228 1975 3478 2043 Quatuor
3513 1976 3664 2030 enim
3694 1973 3760 2030 ad

2149 2068 2277 2131 duo,
2311 2066 2533 2136 duplum
2561 2076 2645 2121 est
2672 2066 2738 2120 ad
2764 2067 3038 2136 simplum.
3090 2066 3469 2123 Pnccedentcs
3497 2083 3633 2138 ergo
3668 2083 3760 2121 nu-

2149 2161 2305 2223 meri,
2358 2175 2450 2229 qm
2486 2168 2611 2213 sunt
2640 2160 2694 2213 in
2742 2160 3097 2225 abstinentia,
3148 2160 3493 2231 sign'ﬁcant,
3541 2161 3760 2229 duplam

2148 2261 2378 2307 mortem
2426 2262 2667 2307 nostram
2700 2253 2895 2323 simpla
2940 2252 3140 2309 Christi
3181 2264 3359 2310 morte
3395 2270 3521 2310 esse
3549 2255 3762 2309 destru-

2149 2352 2312 2397 ctam.
2375 2342 2483 2398 Nos
2511 2345 2657 2398 enim
2700 2345 2753 2399 in
2796 2345 2974 2398 anima
3006 2357 3059 2399 et
3088 2360 3316 2416 corpore
3344 2348 3511 2401 morti
3542 2361 3762 2401 eramus

2149 2435 2410 2500 obnoxii,
2453 2434 2705 2491 Christus
2749 2446 2929 2492 autem
2975 2453 3071 2492 sua
3119 2438 3390 2508 corporali
3442 2449 3625 2494 morte
3651 2481 3666 2502 ,
3707 2455 3759 2503 ej

2151 2526 2347 2580 animae
2378 2534 2433 2581 et
2458 2528 2705 2596 corporis
2732 2538 2963 2583 mortem
2996 2530 3244 2586 exclusit.
3293 2530 3383 2585 Isti
3418 2541 3604 2585 autem
3628 2530 3756 2592 dies,

2151 2633 2289 2688 quos
2333 2618 2387 2673 in
2424 2618 2638 2673 Domini
2667 2632 2943 2676 resurrect
2964 2636 3066 2676 one
3096 2638 3218 2677 cum
3251 2622 3451 2694 gaudio
3494 2632 3551 2677 et
3581 2622 3761 2676 latitia

2152 2711 2512 2779 celebramus,
2540 2713 2849 2783 signiﬁcant
2880 2716 3358 2781 resurrectionem,
3409 2731 3579 2786 quam
3608 2714 3759 2771 Chri-

2152 2812 2269 2859 stus
2308 2804 2526 2874 duplam
2573 2822 2668 2861 sua
2717 2807 2909 2878 simpla
2952 2809 3202 2863 contulit.
3252 2810 3368 2879 Ipse
3417 2811 3573 2863 enim
3621 2818 3755 2863 Sicut

2152 2899 2267 2953 solo
2289 2915 2518 2970 corpore
2543 2908 2789 2955 mortuus
2803 2911 2909 2969 est,
2939 2903 3012 2957 ita
3035 2903 3151 2958 solo
3176 2918 3403 2972 corpore
3427 2902 3755 2965 resurrexit;

2153 3006 2253 3045 nos
2300 3000 2483 3046 autem
2532 3000 2588 3046 et
2632 2993 2685 3046 in
2721 2994 2901 3047 anima
2943 2995 3176 3064 primum
3208 2995 3499 3050 resuscitat
3544 3001 3759 3062 peccata

2154 3082 2498 3149 dimittendo,
2536 3093 2591 3139 et
2635 3085 2687 3139 in
2719 3086 2902 3142 futuro
2929 3088 3093 3141 etiam
3130 3103 3358 3157 corpora
3408 3087 3760 3143 resuscitatu-

2157 3190 2250 3231 ι’υὸ
2276 3185 2379 3231 εει.

2779 3270 3007 3328 CAPUT
3047 3273 3137 3328 IX.

2575 3363 2603 3402 δ
2645 3378 2775 3417 [TI-II
2816 3380 2881 3418 ne
2921 3381 3335 3423 serruxcesmx.

2227 3451 2331 3520 Qui
2363 3468 2541 3525 sacra;
2561 3453 2719 3526 legis,
2751 3458 2953 3512 veteris
2983 3459 3197 3515 scilicet
3223 3462 3470 3517 historia:
3494 3460 3665 3517 libros
3691 3461 3763 3517 Ie-

2155 3555 2310 3617 gunt,
2342 3546 2476 3600 satis
2503 3546 2556 3600 in
2586 3557 2835 3618 promptu
2864 3549 3065 3605 habent
3112 3551 3473 3607 Israeliticum
3503 3554 3759 3623 populum

2157 3638 2357 3707 sacpius
2388 3648 2580 3693 contra
2607 3640 2774 3695 Deum
2802 3640 3115 3712 deliquisse.
3150 3644 3302 3700 Unde
3326 3644 3647 3714 frequenter
3673 3645 3764 3699 ad-

2156 3729 2347 3785 moniti
2377 3745 2477 3799 per
2507 3732 2822 3801 prophetas,
2854 3734 3231 3802 paenitentiam
3262 3752 3423 3807 agere
3456 3736 3760 3793 noluerunt.

2156 3823 2501 3894 Quapropter
2538 3825 2680 3879 sicut
2723 3824 2920 3896 legitur
2966 3828 3019 3881 in
3051 3828 3190 3883 libro
3221 3828 3428 3899 Regum
3459 3871 3474 3894 ,
3524 3840 3581 3884 et
3622 3829 3763 3885 beati

2155 3915 2456 3971 Ezechielis
2479 3918 2783 3987 prophetia,
2826 3927 2951 3989 post
2974 3920 3174 3977 multas
3201 3925 3599 3987 corrcctiones,
3631 3926 3764 3979 sicut

2157 4009 2414 4073 diximus,
2444 4010 2499 4064 in
2530 4010 2864 4080 impudentia
2898 4012 3002 4067 illis
3028 4016 3498 4082 permanentibus.
3540 4016 3763 4070 tradidit

2157 4103 2279 4158 illos
2319 4104 2461 4159 Deus
2491 4105 2544 4159 in
2591 4121 2787 4161 manus
2819 4105 3211 4177 diripientium.
3263 4108 3330 4162 Et
3375 4110 3621 4177 primum
3669 4110 3761 4165 de-

2157 4211 2276 4253 cem
2328 4197 2579 4251 tribubus
2618 4198 2672 4250 iu
2714 4198 3086 4268 captivitatem
3131 4200 3307 4255 ductis
3337 4201 3407 4254 ab
3440 4202 3687 4272 Assyriis
3712 4211 3765 4257 et

2157 4303 2283 4355 rege
2319 4288 2583 4357 ipsorum,
2611 4289 2787 4343 tribus
2810 4287 2946 4344 Iuda
2976 4300 3031 4344 ct
3058 4289 3360 4357 Benjamin,
3391 4308 3516 4361 qua:
3548 4309 3761 4349 reman-

2156 4388 2342 4434 serant
2371 4379 2424 4434 iu
2458 4379 2818 4463 Hierusalem,
2866 4383 3063 4453 sepius
3092 4400 3122 4437 a
3169 4384 3328 4439 beato
3367 4383 3653 4440 Hicremia
3705 4394 3757 4441 et

2158 4475 2374 4532 caneris
2411 4478 2691 4546 prephctis
2738 4477 3049 4543 admonitte,
3096 4486 3155 4533 ut
3200 4478 3597 4549 resipiscerent
3652 4489 3704 4535 ct
3733 4496 3763 4536 ι

2160 4570 2341 4641 pravis
2364 4570 2622 4639 Operibus
2647 4580 2947 4635 cessarent,
2979 4587 3046 4627 ne
3074 4574 3273 4629 similia
3300 4582 3649 4643 paterentur,
3681 4590 3765 4630 ve-

2159 4662 2256 4717 luti
2290 4662 2388 4726 illi,
2426 4664 2517 4731 qui
2541 4661 2652 4731 jam
2698 4665 2997 4720 transducti
3042 4666 3095 4721 in
3140 4666 3473 4737 Babylonem
3523 4666 3758 4733 fuerant,

2158 4757 2347 4811 audire
2376 4757 2687 4820 noluerunt,
2720 4758 2814 4812 sed
2845 4759 2898 4812 in
2932 4775 3028 4813 sua
3060 4760 3240 4815 cordis
3267 4760 3469 4814 duritia
3496 4770 3553 4815 et
3587 4761 3762 4831 pravi-

2157 4857 2269 4902 tate
2298 4856 2461 4918 atqne
2487 4849 2792 4904 idololatria
2822 4852 3146 4922 (ueterisque
3176 4851 3573 4907 oﬁ‘ensionibus
3598 4852 3762 4923 perti-

2159 4941 2372 4995 naciter
2399 4950 2835 5011 permanserunt.
2876 4942 3029 4999 Unde
3069 4959 3351 5015 regressus
3382 4959 3479 4998 rex
3510 4943 3764 5015 Assyrio-

2160 5048 2279 5087 rum
2304 5032 2805 5090 Nabuchodonosor
2831 5051 2952 5090 cum
2976 5036 3240 5099 exercitu,
3268 5038 3523 5108 regiones
3547 5037 3759 5093 illorum

2161 5125 2415 5188 vastavit,
2455 5136 2510 5181 et
2533 5127 2809 5181 civitatem
2856 5126 3195 5183 Hierusalem
3225 5129 3625 5183 munitionibus
3655 5130 3761 5183 cir-

2160 5219 2457 5284 cumdedit,
2490 5228 2543 5273 et
2582 5219 2768 5274 tandiu
2795 5213 3027 5283 obsedit.
3061 5235 3344 5291 quousque
3382 5220 3760 5275 deﬁcientibus

2160 5312 2454 5376 alimentis,
2488 5313 2616 5368 victi
2647 5329 2838 5368 omnes
2891 5315 3171 5379 cederent,
3217 5324 3270 5370 et
3298 5314 3488 5370 relicta
3517 5315 3755 5377 civitate,

2159 5417 2252 5456 rex
2282 5401 2576 5458 Sedcchias
2603 5419 2724 5458 cum
2767 5402 2893 5458 ﬁliis
2916 5414 2971 5459 et
2996 5406 3182 5474 paucis
3209 5406 3300 5474 qui
3329 5421 3514 5461 secum
3545 5420 3758 5460 reman-

2159 5502 2369 5558 serant,
2410 5492 2638 5565 fugeret.
2685 5494 2856 5562 Quetr
2885 5536 2900 5562 ,
2937 5506 3096 5567 capta
3144 5498 3390 5561 civitate,
3424 5509 3756 5568 persequens

2159 5644 2261 5718 ms.
2296 5629 2439 5718 cod.
2465 5630 2667 5718 habent
2709 5631 2761 5686 in
2809 5631 2959 5718 calce
2982 5633 3151 5718 _libri.
3327 5649 3427 5691 nos
3463 5635 3519 5718 in
3543 5635 3751 5718 eodem,

2160 5715 2268 5771 quo
2295 5700 2446 5778 prius
2473 5717 2671 5758 excusa
2696 5713 2856 5761 erant
2897 5704 3110 5773 ordine,
3161 5705 3516 5778 relinquenda
3543 5705 3752 5765 cenati-

2160 5770 2303 5830 mus.
2332 5770 2611 5841 Qusacsr.
