4032 6354
295 368 439 430 M85

1122 360 1272 418 OPP.
1316 355 1718 416 SUPPOSITA.
1760 384 1830 395 —
1863 350 1996 409 LIB.
2032 351 2121 407 DE
2161 350 2408 408 DIVINIS
2443 351 2781 409 OFFICHS...

3416 306 3562 405 uso

291 477 526 553 populus
563 476 909 548 Assyriorum
951 475 1323 547 apprehendit,
1373 484 1428 529 et
1451 475 1503 529 in
1530 482 1876 544 conspectum
1906 471 1950 525 Α
1980 467 2209 523 dicimus
2234 483 2248 521 :
2279 464 2467 523 Preces
2497 467 2675 539 populi
2700 476 2797 530 tui,
2842 482 3163 539 qumsumus,
3187 465 3427 531 Domine,
3460 466 3538 521 clc

294 572 440 642 regis
468 569 549 624 sui
593 566 1090 622 Nabuchodonosor
1130 583 1251 621 cum
1284 564 1408 620 ﬁliis
1451 572 1506 619 et
1552 563 1886 634 principibus

292 662 477 735 populi
521 661 752 715 ﬁliorum
781 659 1087 716 Judaeorum
1110 702 1124 725 ,
1158 661 1247 729 qui
1280 658 1480 714 residui
1520 656 1753 721 fuerant,
1794 655 1887 709 ad-

295 754 451 809 duxit
479 770 495 817 ;
526 754 844 823 locutusque
869 764 952 808 est
983 768 1071 807 rex
1103 749 1591 806 Nabuchodonosor
1616 764 1738 804 cum
1765 762 1888 817 rege

296 844 585 908 Sedechia,
637 844 776 899 sicut
805 844 1003 915 legitur
1046 846 1100 899 in
1146 844 1283 899 libro
1323 842 1594 903 Jercmi:e,
1643 839 1884 912 judicia;

291 936 657 1008 praecepitque
684 935 735 989 in
783 945 1070 1006 conSpectu
1099 934 1244 1006 regis
1272 934 1550 989 Sedechi:e
1580 931 1887 985 interﬁcere

292 1028 436 1084 ﬁlios
463 1026 601 1098 ejus,
639 1037 694 1083 et
736 1045 922 1083 omnes
968 1029 1239 1098 principes
1284 1028 1632 1089 Judieornm,
1675 1024 1766 1094 qui
1799 1039 1886 1076 re-

292 1132 629 1181 manserant.
667 1122 865 1178 Oculos
891 1130 1071 1175 autent
1099 1120 1376 1176 Sedechi:e
1394 1120 1555 1190 ]υενὶι
1582 1132 1797 1178 eruere,
1829 1120 1886 1168 et.

290 1222 530 1276 vinctum
569 1220 777 1275 catenis
815 1220 966 1273 duxit
1008 1218 1061 1272 in
1108 1217 1454 1285 Babylonem.
1507 1211 1883 1268 Nabuzardam

291 1319 471 1366 autem
501 1310 798 1380 principem
830 1308 1032 1361 militi:e
1060 1306 1263 1360 dimisn
1292 1305 1356 1358 ad
1383 1301 1743 1358 destruendos
1768 1315 1885 1353 mu-

290 1420 382 1461 ros
414 1404 768 1459 Hierusalem.
815 1402 965 1456 Unde
991 1401 1131 1455 sicut
1158 1400 1265 1453 illic
1295 1396 1571 1460 scribitur,
1604 1393 1882 1448 Nabuzar—

291 1497 439 1562 dam,
468 1497 721 1567 prinCeps
750 1510 1062 1565 coquorum,
1096 1490 1367 1546 destruxit
1414 1503 1597 1543 muros
1622 1487 1885 1540 Hierusa-

290 1587 415 1642 lem.
463 1586 528 1641 Et
552 1588 626 1641 ita
653 1601 843 1641 omnes
870 1585 1018 1639 dueti
1050 1591 1175 1638 sunt
1207 1583 1259 1635 in
1302 1580 1667 1651 captivitatem
1701 1578 1752 1631 in
1782 1576 1884 1630 Ba-

290 1682 587 1751 byloniam,
618 1680 805 1750 paucis
836 1687 1044 1732 tantum
1068 1677 1133 1730 de
1158 1674 1486 1745 pauperibus
1516 1670 1695 1742 populi
1729 1669 1882 1723 derc-

1989 566 2187 611 meuter
2206 559 2399 612 exaudi
2416 600 2431 625 ,
2471 568 2576 615 etc.
2629 558 2888 613 Hortatur
2912 558 3074 613 etiam
3103 574 3201 613 nos
3242 558 3354 628 ipsa
3380 558 3467 613 die
3494 557 3565 614 ad

1986 662 2205 702 cursum
2250 649 2403 704 bonae
2449 649 2780 720 operationis
2825 648 2991 721 468
3036 649 3224 704 beatus
3250 647 3565 720 Apostolus,

1987 736 2210 792 dicens:
2246 735 2335 791 Sic
2378 742 2590 804 currite,
2643 750 2700 794 ut
2748 740 3193 811 comprehendatis
3240 740 3291 807 (1
3330 740 3452 796 Cor.
3484 756 3564 810 ιι,

1985 836 2100 906 24).
2134 835 2549 906 Rcsponsorium
2581 840 2741 894 etiam
2776 840 2912 894 bene
2952 840 3219 911 congruit,
3267 841 3407 911 quod
3448 840 3565 912 ipsa

1987 927 2074 982 die
2099 935 2383 982 cantatur:
2414 929 2662 999 Adjutor.
2710 929 2817 985 Nec
2844 948 2947 985 non
2978 940 3032 985 et
3056 940 3295 987 tractus:
3342 930 3420 985 De
3443 947 3565 1002 pro-

1987 1016 2187 1086 fundis.
2216 1016 2351 1072 Nam
2380 1019 2432 1071 in
2463 1019 2582 1072 istis
2606 1020 2796 1075 diebus
2820 1030 3039 1090 propter
3068 1022 3425 1077 humilitatem
3453 1037 3561 1077 non

1986 1118 2267 1165 cantamus
2293 1111 2549 1183 hymnum
2580 1113 2902 1183 angelicum,
2929 1114 3152 1179 scilicet,
3186 1112 3365 1169 Gloria
3389 1116 3443 1169 in
3472 1132 3562 1171 ex-

1987 1201 2135 1255 celsis
2157 1200 2299 1264 Deo;
2323 1217 2495 1271 neque
2520 1202 2767 1268 Alleluia,
2798 1206 2937 1273 quod
2962 1215 3044 1260 cst
3067 1207 3335 1262 canticum
3364 1207 3563 1264 lzet'lite

1985 1302 2039 1347 et
2063 1294 2470 1349 exsultationis:
2502 1295 2594 1348 sed
2624 1311 2721 1365 pro
2747 1294 2973 1350 Alleluia
3002 1308 3279 1353 cantamus
3310 1299 3559 1354 humilem

1985 1397 2225 1448 cantum,
2256 1385 2462 1440 scilicet
2488 1394 2741 1450 tractum,
2771 1388 2915 1458 quia
2943 1389 3203 1444 trahendo
3239 1391 3454 1455 dicitur,
3497 1407 3561 1447 eo

1984 1477 2125 1546 quod
2154 1479 2365 1532 tractim
2395 1488 2663 1544 cantetur,
2698 1489 2752 1534 et
2780 1481 3044 1551 signiﬁcat
3068 1484 3325 1553 gemitum
3361 1495 3560 1542 sancta:

1984 1570 2170 1623 matris
2203 1569 2476 1624 Ecclesiae.
2530 1571 2588 1624 In
2639 1571 2926 1641 Evangelio
2970 1574 3132 1629 etiam
3183 1575 3395 1645 (Matth.
3445 1578 3556 1649 xx),

1982 1663 2123 1731 quod
2161 1664 2274 1732 ipsa
2306 1664 2392 1718 die
2429 1662 2655 1735 legitur,
2705 1665 2894 1719 invitat
2935 1682 3033 1722 nos
3081 1669 3466 1737 paterfamilias
3494 1671 3562 1726 ad

288 1771 453 1836 lictis,
484 1772 576 1842 qui
601 1780 758 1826 erant
784 1770 1034 1839 agricolze
1062 1776 1116 1823 et
1154 1768 1435 1821 vinitores.
1482 1763 1537 1817 In
1566 1778 1670 1832 qua
1709 1762 1881 1831 capti‘
1908 1839 1931 1842 _
1980 1757 2351 1826 operationem
2398 1759 2590 1822 viuere,
2634 1766 2692 1811 ut
2728 1757 2952 1813 ﬁdeliter
2982 1760 3188 1817 scilicet
3232 1762 3557 1829 laborantes,

288 1865 457 1918 vitate
484 1839 679 1918 morati
710 1871 836 1918 sunt
880 1862 933 1916 in
965 1876 1153 1931 magna
1183 1858 1469 1913 alllictione
1494 1866 1546 1911 et
1574 1856 1799 1927 penuria
1822 1863 1876 1908 et
1906 1839 1949 1898 Β
1978 1849 2255 1904 denarium
2286 1850 2738 1905 remunerationis
2776 1853 3051 1921 percipere
3081 1868 3402 1909 mereamur.
3433 1856 3562 1913 Post

208 1966 211 1971 '
289 1960 552 2009 servitute
583 1970 677 2025 per
706 1969 876 2008 annos
904 1952 1261 2021 septuaginta.
1314 1950 1506 2004 Postea
1536 1964 1686 2009 vero,
1714 1946 1876 2001 mise-

289 2054 443 2098 rante
488 2044 669 2098 divina
716 2042 1038 2107 clementia,
1086 2042 1185 2096 sub
1214 2039 1356 2110 Cyro
1387 2053 1512 2109 rege
1561 2037 1872 2101 Persarum,

287 2152 480 2209 magna
510 2137 720 2190 illorum
751 2152 877 2207 pars
909 2151 1120 2189 reversa
1166 2142 1252 2190 est
1279 2132 1637 2193 Hierusalem,
1688 2130 1740 2184 id
1767 2138 1871 2194 est,

288 2227 677 2299 quinquaginta
730 2226 842 2280 fere
877 2226 1044 2280 millia
1093 2225 1391 2280 hominum.
1446 2224 1711 2294 Tempore
1742 2237 1872 2277 vero

288 2318 434 2373 Darii
466 2319 625 2388 regis,
674 2319 851 2372 omnis
897 2318 1171 2388 plenitudo
1215 2317 1394 2387 populi
1428 2314 1735 2371 Jndzeorum
1771 2316 1871 2370 sub

287 2412 422 2468 duce
478 2411 808 2475 Zorobahel,
862 2419 917 2465 et
962 2408 1090 2466 Jesu
1150 2410 1259 2465 ﬁlio
1309 2408 1533 2465 Josedec
1592 2409 1871 2463 sacerdote

286 2518 505 2574 magno,
529 2513 583 2558 et
612 2504 780 2558 Eera
808 2502 1009 2567 scriba,
1039 2502 1240 2556 reversi
1270 2509 1394 2557 sunt
1429 2500 1786 2563 Hierusalem,
1817 2508 1874 2554 et

286 2594 687 2649 :ediﬁcaverunt
734 2608 919 2649 muros
947 2593 1063 2664 ejus
1092 2601 1146 2647 et
1174 2592 1453 2664 templum,
1503 2600 1558 2647 et
1586 2591 1869 2646 habitave-

285 2694 412 2739 runt
444 2685 495 2739 in
526 2700 608 2740 ea.
653 2685 818 2741 Erant
842 2695 1021 2740 autem
1053 2692 1179 2739 tunc
1208 2685 1482 2755 prophetae
1511 2684 1742 2739 illorum.
1778 2683 1869 2752 qui

284 2779 353 2833 ad
381 2776 750 2833 aediﬁcandum
785 2780 1037 2847 templum
1066 2788 1119 2834 et
1138 2779 1434 2843 civitatem,
1464 2776 1752 2848 plurimum
1778 2791 1871 2831 eos

286 2869 664 2925 confortabant
683 2870 910 2941 Aggmus
938 2879 989 2925 et
1022 2870 1329 2926 Zacharias.

356 2962 506 3019 Hanc
542 2978 673 3035 ergo
708 2965 1075 3033 captivitatem
1122 2961 1331 3018 Judaici
1366 2961 1572 3034 populi,
1622 2976 1742 3031 quae
1771 2976 1871 3017 no-

286 3066 451 3114 stram
484 3058 847 3129 przelignravit
876 3058 1379 3127 peregrinationem,
1412 3056 1690 3110 annuatim
1719 3070 1869 3111 reco-

284 3146 400 3202 lens
430 3157 615 3203 sancta
643 3147 907 3211 Ecclesia,
939 3155 992 3202 et
1028 3147 1080 3201 in
1121 3148 1437 3202 memoriam
1479 3148 1746 3202 reducens
1781 3162 1868 3201 ce-

1975 1940 2327 2011 Evangelium
2356 1942 2572 1996 canitur
2611 1942 2883 1998 oﬁ‘erenda
2911 1963 2922 1997 :
2967 1944 3171 2000 Bonum
3200 1957 3273 2002 est
3301 1950 3558 2018 conﬁteri,

1975 2041 2031 2089 et
2054 2034 2346 2104 antiphona
2370 2034 2435 2088 ad
2463 2036 2838 2105 complendam
2864 2053 2875 2088 :
2912 2034 3164 2091 lllumina
3195 2039 3403 2106 faciem.
3432 2039 3589 2106 Quie-

1973 2128 2153 2182 omnia
2183 2128 2765 2200 diligenter‘inspecta,
2817 2131 3026 2202 magnis
3064 2134 3443 2203 mysteriorum
3473 2151 3558 2190 re-

1973 2222 2156 2278 dolent
2198 2226 2575 2294 sacramentis,
2606 2235 2661 2280 et
2684 2226 2938 2281 Ecclesia:
2963 2228 3194 2297 gemitus
3217 2228 3383 2282 Deum
3413 2229 3560 2284 invo-

1972 2317 2145 2372 cantis
2172 2318 2241 2371 oh
2282 2317 2545 2372 auxilium
2580 2319 2643 2373 de
2693 2318 3076 2384 tribulatione,
3109 2320 3367 2387 indicant,
3411 2331 3465 2376 ct
3494 2322 3561 2377 ad

1971 2407 2268 2476 Spiritualis
2313 2408 2679 2477 intelligentia:
2734 2407 3036 2464 doctrinam
3098 2418 3229 2466 satis
3286 2412 3562 2466 instruunt

1971 2500 2295 2555 auditorem.
2328 2500 2386 2555 In
2424 2501 2507 2556 his
2528 2502 2692 2555 etiam
2725 2502 2931 2567 diebus,
2971 2503 3159 2575 utjam
3188 2503 3442 2570 diximus,
3481 2504 3563 2560 in-

1971 2591 2326 2647 termittimus
2365 2592 2623 2663 hymnum
2652 2594 2953 2665 angelicum
2977 2636 2991 2660 ,
3024 2602 3079 2650 et
3118 2595 3363 2661 Alleluia,
3415 2598 3560 2667 quod

1970 2690 2053 2736 est
2100 2681 2425 2749 Hebraeum;
2471 2692 2526 2738 et
2570 2698 2670 2753 pro
2717 2684 2981 2749 Alleluia,
3030 2686 3303 2742 humiliori
3339 2688 3413 2758 (id
3456 2699 3556 2753 est,

1970 2775 2183 2852 Latina)
2217 2777 2423 2831 utimur
2464 2777 2668 2848 lingua,
2698 2777 2941 2833 dicentes
2968 2780 3022 2833 in
3071 2780 3316 2849 psalmis,
3346 2781 3560 2852 hymnis

1968 2875 2026 2921 et
2056 2850 2301 2929 cﬁtticis,
2348 2865 2485 2921 Laus
2530 2868 2650 2931 tibi,
2686 2867 2939 2934 Domine,
2983 2886 3075 2923 rex
3101 2880 3308 2925 (eterna:
3354 2850 3555 2941 glorier.

1969 2954 2104 3011 Nam
2130 2966 2184 3012 et
2217 2958 2269 3012 in
2297 2973 2526 3028 persona
2548 2974 2754 3020 eorum,
2780 2961 2871 3028 qui
2901 2960 2952 3013 in
2976 2960 3288 3031 captivitate
3318 2963 3559 3018 detinen-

1971 3056 2080 3113 tur,
2130 3048 2328 3104 dicitur
2359 3050 2411 3103 in
2449 3050 2691 3120 psalmo:
2746 3050 3019 3116 Quomodo
3060 3053 3385 3108 cantabimus
3428 3072 3557 3109 can-

1968 3143 2131 3196 ticum
2162 3141 2374 3197 Domiui
2399 3144 2453 3198 in
2487 3154 2630 3198 terra
2659 3143 2831 3198 aliena
2877 3142 3048 3214 (Psal.
3087 3161 3305 3213 cxxxiii,
3346 3146 3446 3219 4)?
3492 3148 3558 3205 Et

283 3239 460 3295 lem-ai
488 3207 948 3313 Sz'ptuagesimavm
981 3258 993 3294 ;
1028 3249 1085 3294 ιιι
1114 3240 1255 3295 sicut
1281 3240 1369 3294 illo
1393 3240 1621 3311 populus
1648 3249 1866 3309 sepiua-
1891 3207 1939 3273 ο
1971 3232 2169 3288 iterum
2201 3233 2334 3288 dicit
2368 3233 2646 3305 Scriptura
2672 3253 2686 3289 :
2734 3234 2871 3301 Quia
2902 3253 3007 3291 non
3055 3248 3129 3292 est
3172 3207 3404 3309 speciosa
3441 3239 3558 3297 laus

284 3332 432 3402 ginta
459 3347 650 3397 annos,
682 3334 929 3402 quamvis
960 3334 1180 3396 invitus,
1214 3333 1266 3386 in
1298 3334 1609 3402 captivitate
1632 3340 1686 3386 et
1711 3347 1868 3403 pere-

283 3424 589 3494 grinatione
616 3434 702 3478 est
726 3424 995 3485 detentus,
1031 3424 1105 3477 ita
1140 3440 1260 3489 nos,
1306 3424 1359 3477 id
1398 3432 1499 3487 est,
1527 3422 1867 3479 Christianus

281 3514 532 3585 populus,
575 3515 912 3584 septuaginta
945 3513 1061 3568 dies
1090 3522 1331 3568 nostram
1373 3515 1864 3583 peregrinationem

282 3614 338 3660 et
384 3604 664 3674 praesentis
708 3605 831 3658 vita:
860 3620 1155 3658 aerumnam
1197 3604 1500 3658 voluntarie
1547 3606 1863 3668 recolentes,

283 3694 351 3750 ad
380 3693 630 3762 patriam,
659 3709 778 3762 qua:
797 3702 877 3748 est
906 3709 1135 3763 superna
1157 3692 1514 3757 Hierusalem,
1545 3694 1721 3748 redire
1744 3710 1864 3748 cum

282 3783 432 3839 omni
457 3784 736 3851 aviditate,
767 3783 923 3838 bonis
945 3783 1111 3837 dediti
1134 3784 1411 3854 operibus,
1441 3782 1640 3853 vigiliis
1661 3784 1867 3839 scilicet

282 3885 338 3931 et
360 3874 579 3946 jejuniis
601 3885 656 3930 ct
680 3876 1034 3938 orationibus,
1068 3875 1269 3930 intente
1298 3876 1627 3931 studeamus.
1675 3876 1867 3946 Incipit

283 3974 465 4022 autem
497 3964 898 4038 Septuagesima
936 3967 1005 4022 ab
1037 3965 1128 4021 illo
1157 3967 1265 4031 die,
1291 3983 1400 4038 quo
1424 3969 1865 4023 consuetudinem

284 4058 525 4113 Ecclesia
544 4059 707 4114 habet
722 4075 914 4115 canere
931 4079 943 4113 :
960 4058 1427 4115 Circumdederunt
1450 4077 1550 4124 me,
1568 4070 1624 4115 et
1645 4070 1862 4131 perten-

284 4150 363 4205 dit
383 4165 552 4220 usque
574 4150 641 4205 ad
656 4166 682 4206 s
702 4151 938 4207 :bbatum
955 4151 1232 4208 Paschalis
1258 4151 1624 4218 hebdomadam
1651 4151 1863 4223 quando

283 4241 564 4299 canimus:
620 4242 819 4299 Eduxit
849 4244 1126 4300 Dominus.
1177 4244 1310 4300 Nam
1342 4253 1421 4300 tot
1458 4246 1599 4312 dies,
1639 4246 1684 4301 si
1718 4262 1865 4301 com-

282 4337 454 4407 putati
502 4334 721 4403 fuerint,
777 4337 831 4394 id
863 4347 968 4404 est,
1012 4339 1352 4410 septuaginta
1384 4338 1455 4394 ibi
1498 4339 1858 4395 inveniuntur.

287 4427 728 4501 Septuagesimus
765 4439 945 4486 autem
986 4447 1244 4487 numerus
1271 4432 1343 4509 ad
1369 4433 1683 4487 memoriam
1707 4431 1864 4486 nobis

287 4522 499 4577 reducit
527 4538 688 4577 omne
727 4530 939 4594 tempus
977 4524 1262 4592 praesentis
1302 4524 1502 4587 saeculi,
1549 4540 1656 4594 quo
1698 4524 1861 4579 alieni

285 4628 473 4669 sumus
498 4630 529 4668 a
559 4614 765 4670 ccelesti
784 4613 1120 4669 Hierusalem
1147 4630 1161 4668 :
1192 4615 1337 4683 quia,
1359 4623 1420 4669 ut
1445 4616 1514 4669 ait
1543 4615 1858 4685 Apostolus:

284 4703 424 4759 Dum
456 4722 637 4760 sumus
662 4708 716 4760 in
743 4723 978 4776 corpore,
1006 4708 1400 4777 peregrinantur
1420 4724 1451 4760 a
1481 4706 1590 4761 Deo
1625 4705 1709 4779 (II
1737 4706 1860 4762 Cor.

283 4810 338 4861 v,
364 4798 440 4867 6).
475 4797 623 4854 Hanc
651 4800 1158 4871 peregrinationem,
1187 4798 1387 4869 Spiritu
1417 4811 1605 4856 sancto
1631 4817 1868 4871 pneven-

286 4896 398 4952 tus,
439 4888 770 4959 iutelligebat
810 4890 978 4945 David
1008 4891 1289 4960 propheta,
1336 4890 1427 4960 qui
1460 4891 1511 4945 in
1541 4891 1748 4960 psalmo
1784 4891 1864 4947 di-

286 4980 443 5035 cehat
472 4994 486 5033 :
522 4979 602 5034 Ne
629 4980 807 5046 sileas,
859 4983 1104 5051 quoniam
1135 4984 1336 5039 advena
1363 5001 1456 5055 ego
1482 5002 1597 5038 sum
1625 4986 1764 5056 apud
1796 4994 1862 5050 te,

285 5077 391 5125 etc.
429 5068 600 5140 (Psal.
649 5085 876 5135 xxxvni,
906 5072 1017 5139 15).
1066 5073 1133 5127 Et
1162 5082 1356 5129 iterum
1386 5076 1440 5129 in
1483 5076 1588 5130 alio
1614 5078 1861 5145 psalmo:

285 5158 407 5231 Heu
437 5160 591 5226 mihi,
624 5160 746 5230 quia
774 5161 1034 5216 incolatus
1078 5180 1222 5217 meus
1264 5164 1603 5236 prolongatus
1629 5178 1727 5231 est,
1756 5179 1860 5224 etc.

284 5247 458 5317 (Psal.
487 5264 633 5313 crux,
661 5249 738 5321 5).
767 5248 918 5305 Hanc
937 5252 1099 5306 etiam
1124 5254 1611 5323 peregrinationem
1642 5271 1866 5326 perpen-

282 5341 417 5396 dens
444 5351 627 5397 sancta
654 5341 891 5398 Ecclesia
913 5345 1087 5414 prima
1110 5345 1195 5400 die
1222 5344 1667 5417 Septuagesimae,
1697 5366 1866 5421 angu-

282 5437 405 5493 sziis
424 5447 477 5493 et
503 5438 882 5495 alllictionibus
910 5440 1240 5518 circumdata
1270 5439 1468 5493 clamat
1491 5454 1506 5492 :
1559 5437 1865 5496 Circumde-

282 5529 472 5586 derunt
501 5548 581 5588 me
603 5534 843 5605 gefnitus.
894 5532 1022 5600 Quae
1060 5549 1161 5589 vox
1206 5531 1555 5589 al‘ﬁictionem
1582 5535 1864 5604 praesentis

283 5624 468 5680 saeculi
502 5634 557 5681 et
587 5626 983 5682 tribulationem
1028 5636 1211 5698 aperte
1239 5627 1594 5683 demonstrat.
1631 5626 1865 5685 Concor-

283 5714 379 5771 dat
402 5718 568 5774 etiam
601 5719 726 5775 huic
751 5718 1031 5776 aﬂlictioni
1078 5719 1253 5775 oratio
1301 5720 1471 5791 ipsius
1498 5721 1623 5787 diei,
1670 5722 1724 5777 in
1759 5738 1864 5794 qua

1968 3324 2024 3377 in
2050 3341 2137 3378 ore
2164 3325 2451 3394 peccatoris
2479 3324 2672 3395 (Eccli.
2722 3342 2808 3388 xv,
2844 3326 2919 3399 9).
2968 3327 3110 3400 Ergo
3153 3332 3458 3402 quicunque
3501 3333 3556 3389 in

1969 3415 2055 3471 his
2085 3416 2275 3471 diebus
2307 3415 2727 3489 Septuagesimce
2753 3419 3106 3477 saluberrime
3133 3423 3414 3491 institutis,
3438 3442 3561 3482 eur—

1969 3523 2088 3562 sum
2120 3524 2298 3574 suum,
2330 3510 2382 3563 id
2412 3520 2516 3574 est,
2548 3512 2670 3565 vita:
2693 3511 2854 3579 hujus
2880 3515 3163 3582 praesentis
3189 3523 3391 3570 statum
3422 3519 3557 3573 bene

1969 3600 2244 3660 direxerit,
2271 3608 2331 3653 ut
2358 3601 2601 3671 deposita
2629 3602 2774 3655 omni
2807 3604 2984 3672 inepta
3012 3603 3194 3658 laetitia
3218 3613 3273 3659 et
3294 3606 3552 3673 vanitate,

1970 3689 2021 3743 in
2044 3687 2262 3757 jcjuniis
2288 3698 2343 3745 et
2377 3690 2575 3761 vigiliis
2601 3697 2655 3745 et
2694 3692 3049 3759 orationibus,
3094 3694 3555 3767 eleemosynisque

1969 3799 2031 3837 ac
2058 3784 2270 3837 cazteris
2297 3784 2453 3838 bonis
2479 3783 2735 3853 operibus
2772 3784 2987 3839 assidue
3033 3785 3265 3853 insistat,
3309 3798 3361 3843 et
3395 3804 3552 3858 pere-

1969 3874 2288 3944 grinationis
2315 3890 2426 3929 suze
2463 3874 2676 3930 assidue
2708 3876 3022 3931 recordatus
3057 3876 3217 3933 fuerit
3238 3919 3252 3942 ,
3304 3880 3391 3935 hic
3430 3896 3553 3935 san-

1968 3972 2114 4019 ctum
2154 3964 2361 4021 Pascha
2400 3964 2631 4020 feliciter
2678 3966 3012 4023 celebrabit:
3066 3970 3338 4027 canticum
3384 3973 3548 4030 etiam

1968 4055 2188 4120 l:etiti:e,
2222 4056 2275 4111 id
2302 4065 2405 4121 est,
2449 4056 2696 4123 Alleluia,
2729 4060 2871 4128 quod
2901 4069 2985 4115 est
3007 4061 3123 4118 laus
3169 4063 3402 4130 Domini,
3436 4066 3552 4123 sine

1968 4151 2075 4205 ﬁne
2101 4152 2359 4207 cantabit.
2377 4151 2581 4207 Pascha
2606 4168 2836 4224 namque
2858 4152 3044 4212 Griece
3063 4170 3112 4221 ιι,
3137 4155 3327 4214 Latine
3354 4159 3553 4217 dicitur

1970 4245 2264 4300 transitus:
2304 4253 2359 4300 et
2386 4261 2483 4301 nos
2513 4246 2557 4301 si
2582 4245 2786 4303 Pascha
2817 4260 3063 4306 sanctum
3094 4252 3367 4311 celebrare
3394 4255 3547 4311 volu-

1966 4350 2109 4399 mus,
2146 4337 2431 4391 transitum
2461 4337 2721 4394 faciamus
2747 4355 2778 4395 a
2809 4342 2954 4397 vitiis
2998 4343 3067 4399 ad
3112 4343 3360 4411 virtutes,
3390 4354 3443 4402 et
3484 4346 3550 4404 de

1968 4426 2197 4480 terrenis
2224 4426 2294 4482 ad
2336 4428 2597 4493 cmlestia,
2652 4438 2705 4485 et
2750 4431 2816 4487 de
2848 4434 3177 4490 transitoriis
3220 4436 3289 4492 ad
3338 4451 3551 4508 semper

1969 4518 2241 4572 manentia
2271 4527 2326 4573 et
2344 4527 2546 4574 teterna
2565 4522 2951 4593 transmigrare
2981 4525 3309 4581 studeamus.
3341 4524 3549 4583 Pascha

1966 4613 2104 4665 enim
2130 4621 2363 4667 nostrum
2391 4612 2689 4668 immolatus
2712 4613 2969 4680 Christus,
3017 4626 3122 4679 etc.
3153 4617 3206 4686 (I
3234 4616 3357 4673 Cor.
3388 4636 3438 4683 v,
3470 4620 3544 4691 7).

1966 4704 2179 4760 Finitur
2234 4714 2414 4761 autem
2479 4705 2899 4777 Septuagesima:
2960 4709 3264 4765 observatio
3325 4712 3548 4768 sabbato

1963 4806 2091 4853 ante
2123 4810 2368 4854 oetavam
2401 4798 2643 4864 Paschte,
2674 4799 2889 4867 quando
2916 4800 3102 4866 etiam,
3149 4801 3286 4857 sicut
3310 4803 3425 4873 jam
3450 4818 3542 4857 su-
3576 4802 3595 4815 ’

1964 4904 2061 4959 pra
2092 4889 2346 4954 diximus,
2376 4887 2613 4943 Ecclesia
2653 4897 2838 4944 sancta
2867 4905 3061 4947 canere
3090 4892 3245 4948 solita
3271 4901 3374 4958 est,
3396 4892 3543 4947 Edu-

1965 4981 2041 5034 xit
2074 4980 2347 5034 Dominus.
2394 4979 2535 5034 Bene
2564 4992 2745 5035 autem
2774 4985 3022 5052 congruit
3055 4985 3326 5057 mysteriis
3364 4984 3547 5041 Eccle-

1964 5074 2089 5135 sire,
2138 5071 2279 5140 quod
2325 5069 2730 5141 Septuagesima
2781 5076 3005 5131 sabbato
3048 5077 3251 5131 ﬁnitur.
3302 5072 3547 5131 Peccatis

1965 5165 2111 5219 enim
2136 5163 2336 5219 nostris
2363 5165 2717 5235 exigentibus,
2750 5168 2805 5223 in
2834 5170 3198 5239 captivitatem
3232 5177 3289 5224 et
3314 5170 3539 5242 peregri-

1967 5256 2241 5311 nationem
2287 5257 2632 5315 devenimus:
2683 5262 2775 5320 sed
2820 5276 2917 5331 per
2963 5262 3169 5317 Domini
3212 5261 3441 5332 gratiam
3492 5269 3548 5317 et

1967 5349 2367 5405 miserationem
2396 5352 2462 5406 ad
2485 5354 2744 5423 requiem,
2778 5371 2897 5425 qua:
2930 5370 3028 5424 per
3067 5354 3549 5425 sabbatuanigni-

1942 5445 2207 5513 ‘ﬁcatur,
2266 5447 2594 5503 reducimur.
2667 5447 2962 5503 Sabhatum
3001 5449 3145 5503 enim
3203 5447 3415 5518 requies
3464 5447 3548 5502 in-

1970 5545 2315 5608 terpretatur.
2373 5537 2670 5594 Cantantur
2720 5540 2884 5593 etiam
2958 5538 3049 5594 illo
3112 5539 3199 5595 die
3244 5540 3348 5595 duo
3404 5538 3547 5594 Alle-

1969 5628 2080 5682 luia
2104 5668 2119 5694 ,
2157 5644 2277 5699 quae
2312 5631 2579 5700 geminam
2621 5639 2929 5685 sanctorum
2967 5629 3205 5686 laetitiam
3243 5629 3546 5701 designant.

1971 5722 2106 5778 Nam
2137 5721 2268 5778 illud
2306 5720 2555 5787 Alleluia,
2598 5721 2741 5791 quod
2767 5721 2990 5778 sabbato
3018 5720 3255 5788 canitur,
3302 5719 3546 5779 scilicet:

356 5840 385 5875 ι
420 5829 626 5890 Pascha
660 5831 858 5893 Graece.
887 5835 1162 5903 imperite,
1192 5834 1295 5905 nisi
1321 5835 1390 5891 sit
1424 5849 1578 5891 error
1606 5835 1833 5894 librarii.
1872 5836 2006 5894 Vide
2032 5833 2293 5890 Monitum
2321 5832 2615 5903 praevium.)
