4032 6354
438 384 638 453 *118⁸1

1346 328 1405 439 B.
1444 381 1505 437 ιη’.
1547 344 1773 436 ALBINI
1814 377 1946 435 seu
1987 364 2266 433 ALCUINI
2306 366 2591 429 OPERUM
2627 368 2810 427 rans
2849 367 2941 426 Ix.

3642 358 3796 423 “8-8

494 502 828 575 Conﬁtemini
855 500 1079 556 Domino
1109 499 1356 571 quoniam
1384 499 1564 560 bonus,
1612 498 1860 569 quoniam
1891 497 1945 549 in
1970 512 2073 549 δαν-
2102 495 2150 554 Α
2178 502 2445 545 vocatam.
2476 486 2643 543 Terra
2674 488 2873 557 quippe
2899 491 3292 549 commovetur,
3339 483 3559 553 quando
3585 499 3794 554 pecca-

496 597 675 653 cutum
715 593 1071 650 misericordia
1116 592 1249 662 ejus,
1294 590 1533 645 laetitiam
1580 597 1893 645 sanctorum
1931 587 2080 641 desi—

502 698 651 761 gnat,
696 702 856 757 quam
886 685 1063 747 modo,
1103 684 1411 754 quicunque
1442 680 1669 736 ﬁdeliter
1698 680 1974 742 ﬁniuntur,
2026 679 2079 733 in

496 779 779 834 animabus
825 776 1130 846 accipiunt,
1173 783 1227 829 et
1264 790 1370 844 qua
1401 773 1572 828 sancti
1620 788 1811 827 omnes
1836 812 1851 835 ,
1897 770 1988 839 qui
2027 769 2080 824 in

497 875 705 932 cmlesti
732 874 899 944 gloria
924 880 1067 936 sunt,
1097 880 1357 942 perpetuo
1382 867 1746 941 perfruentur.
1780 864 1870 919 Illa
1900 871 2081 917 autem

438 964 443 969 ’
496 968 624 1032 duo,
669 981 789 1037 qure
832 966 887 1019 in
917 972 1163 1033 sequenti
1201 962 1448 1025 sabbato,
1490 961 1543 1014 id
1570 968 1675 1021 est,
1710 957 1814 1011 ﬁne
1856 956 2083 1025 Septua—

495 1057 714 1129 gesima:
740 1062 1027 1118 canuntur,
1071 1052 1339 1123 geminam
1370 1056 1678 1103 sanctorum
1707 1044 1946 1100 omnium
1988 1059 2085 1096 ex-

496 1149 840 1207 sultationem
870 1146 1171 1217 designant,
1218 1143 1432 1214 quando
1460 1141 1600 1196 sicut
1638 1139 1835 1208 legitur
1865 1137 1918 1191 in
1941 1135 2084 1205 Apo-

498 1240 725 1311 calypsi,
764 1237 976 1308 expleto
1012 1234 1213 1305 iudicio
1242 1235 1513 1289 (labuntur
1553 1232 1632 1286 eis
1669 1228 1891 1300 singulis
1932 1228 2084 1282 stolae

496 1332 658 1397 binze,
690 1331 742 1387 id
780 1338 884 1397 est,
916 1329 1293 1385 immortalitas
1318 1336 1375 1383 et
1398 1325 1672 1382 beatitudo
1701 1325 2003 1378 animarum
2029 1330 2085 1377 et

497 1439 815 1494 corporum,
864 1422 1098 1485 scilicet,
1146 1429 1200 1474 et
1243 1426 1302 1473 ut
1348 1419 1439 1489 qui
1486 1433 1627 1472 nunc
1661 1416 1886 1486 singulis
1931 1414 2085 1471 stolis

499 1518 803 1573 animarum
842 1513 1179 1567 solummodo
1209 1510 1613 1564 immortalitate
1656 1508 1913 1579 gaudent,
1957 1516 2087 1561 tunc

499 1608 657 1664 beata
696 1614 753 1661 et
792 1606 1093 1660 animarum
1128 1611 1183 1657 et
1225 1618 1511 1673 corporum
1570 1601 1975 1656 immortalitate
2021 1614 2085 1653 ac

497 1703 773 1769 perpetuae
801 1694 1150 1750 beatitudinis
1179 1692 1346 1764 gloria
1384 1692 1768 1763 perfruantur:
1813 1690 1880 1743 ad
1923 1703 2085 1760 quam

497 1788 851 1845 beatitudinis
889 1787 1113 1860 gloriam
1145 1802 1243 1842 nos
1270 1785 1504 1856 optimus
1548 1786 1806 1840 Dominus
1835 1800 1928 1840 sua
1964 1799 2087 1854 gra—

2186 582 2320 638 toris
2347 597 2439 636 cor
2464 580 2531 636 ad
2553 579 2927 649 pmnitentiam
2950 586 3004 631 et
3030 576 3297 647 lacrymas
3316 578 3588 631 excitatur
3616 595 3630 631 :
3662 588 3792 649 post

2185 682 2387 728 motam
2433 683 2615 725 autem
2657 679 2855 724 terram
2882 668 3048 742 469
3086 683 3269 723 semen
3312 669 3609 734 inducitur,
3654 670 3791 739 quia

2185 756 2307 837 post
2344 772 2613 820 commota
2658 762 2817 817 corda
2850 761 3225 832 paenitentiam
3273 761 3338 815 ad
3368 760 3661 830 lacrymas,
3702 777 3793 817 se-

2186 871 2311 911 men
2338 856 2562 911 verbum
2594 853 2689 907 Dei
2719 852 2929 907 avidius
2972 851 3287 921 suscipitur,
3328 861 3384 906 et
3418 852 3645 906 uberius
3671 852 3793 907 fru-

2185 955 2328 1003 ctum
2371 944 2595 1008 faciens,
2629 944 2826 999 crescit
2847 951 2902 997 et
2945 942 3353 1012 multiplicatur.
3400 942 3556 999 Unde
3586 958 3792 999 conve-

2184 1036 2396 1092 nienter
2417 1035 2766 1105 Evangelium
2791 1034 3056 1103 sequitur,
3080 1033 3134 1087 in
3168 1048 3276 1103 quo
3299 1035 3366 1089 de
3390 1043 3537 1088 terra
3566 1044 3790 1104 peth

2185 1137 2240 1183 et
2273 1128 2506 1197 spinosa,
2542 1135 2704 1196 atque
2737 1127 2802 1182 de
2828 1126 2990 1191 bona,
3022 1142 3142 1196 quae
3180 1125 3415 1181 fructum
3445 1143 3547 1197 per
3575 1129 3791 1199 patien-

2186 1220 2318 1275 tiam
2364 1220 2560 1286 reddit,
2611 1219 2779 1274 multa
2808 1226 3120 1273 narrantur.
3169 1219 3225 1273 In
3259 1219 3670 1292 Septuagesima
3706 1222 3791 1276 in-

2187 1312 2391 1382 crepati
2427 1327 2629 1373 sumus,
2678 1311 2819 1380 quod
2844 1311 3011 1365 otiosi
3049 1311 3319 1375 stetimus,
3364 1319 3421 1365 et
3460 1313 3531 1367 ad
3570 1314 3787 1367 vineam

2187 1401 2466 1458 colendam
2513 1400 2722 1455 invitati
2770 1415 2995 1455 sumus:
3045 1415 3188 1455 nunc
3218 1399 3270 1454 in
3320 1399 3673 1469 Sexagesima
3709 1417 3789 1457 se-

2190 1511 2313 1550 men
2344 1496 2567 1549 verbum
2596 1493 2691 1547 Dei
2716 1494 2769 1547 in
2798 1492 3052 1548 cordibus
3074 1493 3275 1546 nostris
3300 1492 3462 1547 veluti
3498 1494 3552 1546 in
3588 1495 3786 1548 bonam

2188 1593 2390 1641 terram
2408 1585 2627 1653 jacitur,
2649 1594 2951 1651 utcrescat,
2975 1595 3029 1640 et
3046 1583 3354 1651 fructiticet,
3379 1596 3433 1640 et
3458 1601 3558 1656 per
3576 1587 3789 1655 patien-

2188 1676 2319 1732 tiam
2372 1676 2607 1731 fructum
2653 1677 2941 1748 plurimum
2997 1675 3305 1732 aderamus.
3356 1676 3620 1747 Sequitur
3658 1677 3787 1733 offe-

2188 1771 2395 1824 renda;
2445 1767 2649 1839 Perﬁce
2688 1787 2895 1842 gressus
2928 1788 3067 1825 meos
3091 1783 3110 1822 .'
3153 1771 3475 1840 deprecatur
3518 1771 3783 1837 Ecclesia,

498 1880 633 1935 tuita
662 1880 861 1950 pietate
888 1844 1139 1950 dignetur
1164 1844 1478 1949 perddcere,
1503 1877 1589 1932 cui
1624 1885 1708 1932 est
1748 1877 1938 1941 honor,
1970 1875 2089 1930 laus
2119 1844 2165 1904 Β
2196 1872 2254 1916 ut
2295 1862 2646 1932 PefﬁCiamm‘
2674 1879 2892 1935 gressus
2938 1864 3106 1929 illius:
3155 1865 3209 1919 id
3246 1874 3351 1930 θεῖν
3404 1876 3465 1920 ιιι
3492 1883 3521 1918 ³
3554 1866 3789 1922 Domino

498 1979 553 2025 et
581 1971 748 2042 gloria
774 1986 870 2043 per
890 1971 1070 2025 omnia
1101 1969 1295 2025 saecula
1322 1969 1663 2025 smculorum.
1697 1968 1889 2024 Amen.

1132 2080 1358 2138 CAPUT
1398 2081 1466 2136 X.

1036 2165 1061 2193 ⁸
1102 2169 1166 2206 DE
1206 2168 1453 2208 SEXAGESI
1463 2169 1551 2207 ΜΔ.

571 2242 921 2314 Sexagesima
953 2244 1163 2297 initium
1196 2243 1361 2298 sumit
1388 2243 1633 2313 sequenti
1661 2243 1939 2298 Dominica
1968 2250 2093 2313 post

501 2333 989 2405 Septuagesimum,
1028 2343 1083 2388 et
1120 2334 1304 2388 ﬁnitur
1340 2344 1532 2404 quarta
1580 2333 1715 2389 feria
1741 2335 2092 2390 hehdomada:

499 2423 787 2496 paschalis.
830 2422 963 2476 Nam
989 2424 1040 2476 in
1069 2424 1335 2493 superiori
1368 2424 1719 2485 hebdomada,
1761 2424 1967 2478 scilicet
1997 2422 2094 2477 Se-

499 2517 873 2586 ptuagesimm,
905 2515 1295 2571 circumdatam
1327 2531 1386 2570 sc
1413 2514 1688 2569 doloribus
1714 2521 1769 2569 et
1793 2513 2094 2568 tribulatio-

499 2604 659 2658 nibus
694 2604 890 2659 clamat
920 2605 1178 2666 Ecclesia,
1217 2611 1272 2659 et
1300 2603 1374 2657 ita
1400 2603 1752 2658 constrictam
1787 2601 2092 2656 afflictioni-

498 2693 602 2750 bus
623 2705 676 2749 et
705 2696 1163 2761 tribulationibus,
1196 2704 1254 2751 ut
1275 2695 1365 2752 vix
1389 2695 1598 2764 spirare
1620 2701 1801 2765 queat,
1833 2701 1887 2747 et
1914 2691 2092 2747 nullus

500 2786 757 2841 evadendi
802 2794 985 2857 pateat
1013 2786 1180 2841 locus.
1232 2786 1385 2843 Unde
1413 2786 1580 2839 dicit:
1622 2783 2091 2855 Cirrumdederut

503 2894 599 2931 me.
632 2878 688 2933 In
715 2879 816 2933 hoc
844 2888 1045 2944 autem,
1072 2878 1122 2932 id
1152 2886 1252 2944 est,
1281 2876 1647 2948 Sexagesima,
1671 2874 1783 2943 jam
1818 2876 1976 2944 quasi
2008 2890 2093 2929 re-

506 2977 717 3038 sumpta
762 2968 952 3024 ﬁducia
991 2970 1223 3032 invocat,
1271 2977 1327 3022 et
1370 2970 1525 3039 quasi
1567 2968 1955 3038 omnipotentis
1991 2965 2087 3020 Dei

507 3058 843 3114 clementiam
876 3059 1124 3130 implorat
1153 3060 1375 3116 dicens:
1406 3059 1666 3131 Exsurge,
1698 3075 1860 3132 quare
1896 3057 2090 3111 obdor-

506 3151 626 3214 mis,
650 3149 912 3205 Domine?
950 3150 1115 3219 Quasi
1146 3152 1311 3219 dicit,
1360 3153 1609 3221 quamvis
1652 3168 1759 3207 non
1805 3150 2087 3213 dormites,

505 3256 679 3309 neque
706 3244 963 3309 dormias,
1011 3244 1100 3314 qui
1130 3245 1369 3299 custodis
1399 3244 1586 3311 Israel,
1621 3252 1800 3300 tamen
1830 3244 1955 3314 quia
1986 3259 2090 3299 non

510 3333 621 3388 cito
672 3335 976 3390 auxiliando
1020 3336 1293 3391 succurris
1350 3336 1525 3401 nobis,
1583 3336 1818 3390 dormire
1866 3335 2088 3392 videris.

510 3423 685 3490 Quare
712 3426 897 3495 [aciem
925 3436 1066 3481 tuam
1092 3428 1323 3481 avertis?
1364 3428 1619 3492 Quamvis
1647 3436 1867 3499 peccata
1902 3436 2091 3483 nostra

508 3514 651 3568 inter
681 3532 780 3571 nos
821 3526 876 3571 et
916 3525 968 3572 te
997 3525 1265 3588 separent,
1320 3517 1427 3571 noli
1476 3517 1719 3573 oblivisci
1764 3517 2089 3574 conditionis

506 3618 727 3676 nostrai,
773 3612 867 3667 sed
910 3613 1118 3683 reSpice
1163 3612 1425 3684 propitius
1450 3628 1583 3683 opus
1618 3612 1912 3668 creationis
1945 3620 2085 3667 tuae:

507 3701 767 3774 Exsurge,
795 3713 841 3757 et
867 3720 929 3758 ne
956 3707 1174 3775 repellas
1200 3705 1253 3759 in
1281 3704 1457 3775 ﬁnem,
1502 3704 1593 3759 sed
1636 3706 1748 3759 vide
1795 3704 2094 3758 tribulatio-

508 3813 623 3850 nem
648 3808 897 3852 nostram.
933 3797 1167 3851 Adhwsit
1191 3798 1327 3851 enim
1351 3798 1405 3851 in
1436 3807 1574 3851 terra
1603 3807 1777 3851 venter
1810 3807 2004 3860 noster,
2038 3795 2094 3850 id

510 3898 611 3953 est,
642 3890 917 3944 consensit
945 3889 1212 3963 impietati
1241 3889 1478 3960 pulveris
1519 3888 1678 3959 hujus
1707 3896 1761 3941 et
1785 3887 2093 3957 fragilitatis

509 3998 700 4037 sensus
728 3982 951 4036 interior
979 3982 1154 4037 cordis
1181 3983 1370 4036 nostri.
1420 3981 1485 4035 Et
1514 3982 1710 4036 iterum
1738 3981 2013 4046 inclamat,
2040 3989 2094 4035 et

510 4077 663 4145 quasi
723 4076 1026 4145 importune
1072 4074 1329 4128 auxilium
1378 4074 1514 4144 petit
1558 4074 1781 4128 dicens:
1827 4073 2091 4143 Exsurge,

510 4165 753 4230 Domine,
798 4165 992 4236 adjuva
1035 4182 1127 4219 nos
1172 4174 1217 4218 et
1247 4163 1408 4217 libera
1438 4181 1553 4229 nos,
1603 4164 1653 4217 id
1694 4172 1795 4227 est,
1829 4172 2093 4234 quatenus

510 4273 608 4311 nos
636 4257 780 4328 digni
808 4273 912 4311 non
942 4273 1127 4312 sumus
1166 4256 1405 4320 liberari,
1440 4255 1609 4309 libera
1639 4271 1735 4309 nos
1764 4264 1984 4325 propter
2007 4272 2097 4309 no-

511 4362 632 4401 men
661 4355 831 4409 tuum,
866 4348 918 4401 id
954 4356 1050 4407 est,
1081 4347 1267 4417 gratis,
1297 4359 1351 4400 et
1377 4362 1481 4399 non
1507 4346 1800 4400 secundum
1840 4346 2091 4400 meritum

510 4448 773 4492 nostrum.
801 4437 913 4491 Hoc
939 4438 1079 4490 idem
1102 4454 1332 4506 namque
1357 4448 1512 4491 sonat
1533 4438 1707 4491 oratio
1729 4439 1899 4508 prima
1926 4440 2092 4509 ipsius

510 4527 637 4591 diei,
668 4527 719 4580 in
757 4542 861 4595 qua
896 4526 1126 4579 dicitur:
1172 4525 1408 4591 Domine,
1456 4529 1543 4598 qui
1595 4530 1850 4598 conspicis
1881 4530 2003 4599 quia
2028 4546 2093 4583 ea:

510 4616 656 4673 nulla
685 4626 861 4671 nostra
893 4615 1093 4669 actione
1122 4615 1451 4684 conﬁdimus,
1484 4618 1534 4671 id
1557 4625 1656 4681 est,
1687 4632 1749 4671 ex
1782 4619 1928 4673 nullo
1949 4621 2090 4675 bono

509 4715 695 4763 nostro
716 4723 876 4778 opere
905 4706 1151 4761 ﬁduciam
1173 4707 1450 4774 habemus,
1483 4709 1573 4762 sed
1607 4708 1717 4763 sola
1743 4710 2088 4764 miseratione

508 4799 707 4857 salvari
738 4812 1033 4869 speramus.
1067 4797 1131 4851 Et
1161 4798 1215 4851 in
1254 4798 1489 4869 Epistola
1519 4801 1689 4854 bonus
1715 4799 1915 4854 athleta
1944 4800 2087 4855 Pau-

510 4891 592 4945 lus
622 4899 675 4943 et
720 4890 910 4943 doctor
951 4888 1188 4957 gentium
1233 4890 1385 4943 nobis
1430 4890 1766 4960 proponitur,
1817 4891 1968 4961 cujus
1998 4907 2086 4946 sa-

508 4982 657 5052 pient
680 4996 765 5034 am
804 4987 859 5032 ct
899 4977 1263 5032 fortitudinem
1310 4978 1598 5033 imitemur.
1642 4979 2083 5050 Responsorium,

515 5072 691 5127 Sciant
718 5083 909 5143 gentes,
959 5071 1204 5141 quoniam
1252 5086 1434 5124 nomen
1464 5071 1555 5124 tibi
1586 5071 1859 5137 Dominus,
1902 5073 1953 5127 id
1981 5082 2085 5139 est,

511 5174 856 5237 cognoscant,
898 5165 986 5235 qui
1016 5178 1114 5217 nos
1141 5163 1397 5218 tribulant
1435 5174 1487 5218 et
1517 5172 1929 5235 persequuntur,
1962 5168 2087 5235 quia

511 5272 618 5310 non
646 5263 770 5310 sunt
813 5256 925 5309 veri
958 5254 1183 5319 domini,
1234 5269 1332 5309 nec
1374 5270 1568 5307 nomen
1615 5257 1947 5311 dominorum
1986 5259 2089 5314 illis

511 5348 787 5416 competit,
817 5347 911 5399 sed
940 5348 1035 5400 tibi
1075 5345 1195 5409 soli,
1224 5346 1316 5415 qui
1357 5361 1454 5399 nos
1492 5346 1801 5413 condidisti,
1847 5358 1899 5403 et
1942 5350 2090 5405 solus

507 5436 649 5507 juste
696 5438 1007 5500 dominaris,
1058 5437 1365 5490 Altissimus
1411 5451 1572 5504 super
1617 5453 1831 5492 onmem
1866 5447 2085 5493 terram.

514 5526 771 5598 Sequitur
797 5536 1028 5581 tractus:
1053 5527 1406 5591 Commoristi,
1431 5526 1671 5589 Domine,
1701 5538 1893 5583 terram
1921 5541 2085 5599 tuam,

480 5638 483 5639 ν
513 5626 560 5670 et
585 5618 904 5671 conturbasti
933 5634 1068 5673 eam.
1101 5618 1325 5674 Terram
1348 5620 1710 5686 commovisti,
1747 5622 1876 5677 dicit
1900 5639 2091 5692 pecca-

484 5726 487 5729 ·
517 5714 692 5761 torum
719 5708 1102 5764 conscientiam
1145 5710 1423 5766 hominum
1462 5710 1529 5767 ad
1560 5714 1930 5783 paenitentiam
1960 5730 2087 5785 pro-

590 5834 613 5861 ι
645 5820 808 5876 Multa
833 5838 1021 5879 rursus
1045 5825 1183 5894 apud
1205 5826 1538 5884 Amalarium
1563 5827 1684 5885 libr.
1721 5845 1761 5897 ι,
1790 5843 1906 5900 cap.
1936 5828 1989 5883 2.

2193 1953 2497 2024 dirigantur
2523 1956 2714 2009 itinera
2744 1954 2860 2024 ejus
2890 1957 2944 2011 in
2974 1955 3185 2011 semitis
3212 1957 3420 2011 viarum
3452 1957 3573 2023 Dei,
3599 1960 3730 2029 quia
3758 1975 3785 2013 a

2193 2047 2305 2103 Deo
2331 2048 2631 2120 diriguntur
2658 2063 2875 2120 gressus
2914 2048 3168 2115 hominis,
3201 2066 3307 2105 non
3336 2065 3368 2103 a
3408 2051 3613 2122 seipse,
3643 2052 3790 2121 quod

2193 2155 2353 2194 nemo
2378 2156 2475 2209 per
2501 2155 2558 2195 se
2582 2141 2683 2195 nisi
2711 2157 2740 2193 a
2782 2141 2890 2195 Deo
2921 2138 3155 2209 adjutus,
3199 2148 3379 2211 potest
3421 2157 3546 2197 esse
3582 2152 3786 2207 rectus,

2194 2231 2334 2285 sicut
2369 2232 2483 2300 ipse
2509 2231 2767 2286 Dominus
2808 2234 2882 2286 ait
2907 2232 3184 2301 discipulis
3214 2233 3327 2287 suis
3350 2251 3364 2285 :
3397 2229 3527 2287 Sine
3551 2250 3633 2286 me
3661 2233 3789 2285 nihil

2194 2323 2405 2392 potestis
2432 2324 2622 2392 facere.
2655 2323 2721 2376 Et
2744 2322 2862 2377 ideo
2888 2324 3029 2393 quod
3063 2340 3091 2376 a
3119 2324 3296 2393 seipsa
3323 2324 3575 2396 intelligit
3604 2324 3789 2380 Eccle-

2195 2413 2273 2468 sia
2322 2428 2425 2467 non
2457 2429 2614 2482 posse
2649 2414 2932 2484 perﬁcere,
2964 2430 2994 2468 a
3024 2415 3251 2470 Domino
3300 2417 3432 2471 totis
3482 2417 3628 2471 votis
3659 2416 3789 2485 petit

2196 2509 2427 2579 impleri.
2482 2509 2623 2564 Dicit
2671 2510 2834 2564 etiam
2884 2510 2939 2564 in
2986 2510 3400 2566 communione:
3448 2509 3692 2564 Introibo
3721 2510 3787 2565 ad

2195 2600 2361 2654 altare
2408 2599 2526 2654 Dei.
2574 2600 2691 2655 Jam
2743 2600 2948 2655 conﬁsa
2992 2607 3176 2656 sancta
3230 2610 3408 2657 mater
3436 2600 3686 2657 Ecclesia
3726 2601 3787 2656 de

2197 2692 2565 2748 misericordia
2611 2694 2995 2765 omnipotentis
3030 2694 3144 2760 Dei,
3190 2695 3471 2764 praesumit
3521 2708 3578 2750 et
3614 2696 3781 2750 dicit:

2194 2782 2433 2839 Introibo
2465 2783 2534 2838 ad
2575 2784 2743 2839 altare
2788 2785 2904 2850 Dei,
2947 2785 2999 2840 id
3026 2793 3129 2850 est,
3179 2786 3234 2840 in
3280 2793 3579 2856 conspectu
3626 2788 3784 2859 ipsius

2195 2878 2466 2945 apparebo
2495 2917 2509 2941 ,
2555 2883 2611 2930 et
2662 2878 2727 2930 de
2774 2877 3145 2932 misericordia
3198 2877 3367 2947 ipsius
3415 2878 3777 2949 gloriﬁcabor.

2196 2964 2474 3021 Pertcndit
2520 2975 2723 3032 autem,
2774 2968 3030 3034 diximus,
3067 2970 3182 3024 hmo
3230 2969 3585 3041 Sexagesima
3623 2987 3783 3042 usque

2196 3058 2263 3113 ad
2286 3058 2560 3113 Paschalis
2587 3059 2936 3114 hebdomadm
2966 3070 3217 3129 quartam
3245 3059 3463 3123 feriam,
3491 3064 3619 3133 quia
3645 3078 3783 3117 sera-

2196 3152 2341 3223 ginta
2382 3152 2497 3205 dics
2524 3161 2908 3221 computantur
2937 3152 3005 3206 ab
3049 3153 3310 3208 hodierno
3344 3154 3455 3218 die,
3502 3172 3612 3226 quo
3638 3157 3779 3211 cani-

2198 3258 2318 3298 mus
2368 3242 2432 3293 ad
2469 3241 2784 3297 introitum:
2841 3241 3103 3313 Exsurge,
3150 3262 3311 3315 quare
3356 3247 3650 3311 obdormis,
3682 3247 3782 3301 Do-

2197 3334 2385 3387 mine?
2412 3348 2581 3402 usque
2609 3334 2674 3387 ad
2715 3333 2997 3404 przefatum
3031 3334 3193 3404 diem,
3239 3337 3293 3391 in
3339 3350 3450 3405 quo
3496 3339 3780 3394 canimus:

2205 3423 2407 3492 Venite,
2433 3426 2681 3479 benedicti
2708 3424 2884 3479 Patris
2910 3427 3027 3479 mei.
3059 3426 3212 3493 Quod
3237 3444 3267 3481 a
3298 3445 3495 3499 magno
3526 3432 3781 3499 mysterio

2196 3531 2304 3570 non
2329 3526 2502 3570 vacat.
2549 3513 2680 3571 Nam
2724 3517 2969 3571 senarius
2998 3533 3260 3573 numerus
3284 3518 3566 3590 perfectus
3593 3532 3696 3584 est,
3730 3532 3780 3575 et

2198 3609 2309 3662 suis
2338 3607 2635 3677 completur
2663 3608 2924 3677 partibus.
2978 3608 3073 3661 Est
3117 3610 3260 3664 enim
3291 3618 3447 3663 sexta
3474 3626 3605 3679 pars
3649 3612 3781 3681 ejus,

2196 3713 2401 3758 unum;
2435 3697 2687 3759 secunda,
2720 3698 2821 3752 tria
2850 3715 2863 3761 ;
2918 3700 3077 3753 tertia
3106 3714 3255 3758 vero.
3285 3700 3410 3754 duo.
3448 3700 3632 3756 Unum
3662 3719 3784 3774 ergo

2197 3798 2252 3844 et
2281 3790 2385 3844 duo
2414 3797 2467 3844 et
2490 3791 2614 3854 tria,
2644 3791 2777 3844 ﬁunt
2805 3805 2917 3845 sex.
2967 3791 3034 3845 Et
3055 3808 3156 3848 nec
3200 3793 3429 3847 inferius
3462 3804 3650 3847 manet
3692 3812 3762 3850 nt.

2198 3896 2401 3944 merus,
2427 3897 2525 3936 nec
2550 3883 2966 3950 superabundat.
2992 3883 3143 3949 Quod
3170 3900 3293 3939 raro
3316 3885 3370 3939 in
3396 3886 3521 3941 aliis
3551 3903 3783 3956 unquam

2199 3977 2436 4031 numneris
2468 3977 2751 4045 reperitur.
2804 3976 2995 4031 Decies
3039 3987 3220 4033 autem
3268 3978 3406 4043 seni,
3445 3980 3564 4033 sive
3613 3982 3785 4035 sexies

2198 4068 2340 4133 deni,
2367 4068 2645 4138 sexaginta
2675 4067 2827 4121 ﬁunt.
2872 4068 2937 4122 Et
2964 4068 3082 4123 ideo
3112 4070 3478 4140 sexagesimus
3504 4086 3781 4136 numerus,

2199 4160 2337 4214 sicut
2366 4168 2420 4214 et
2454 4159 2721 4218 senarius,
2767 4158 3151 4229 perfectionem
3197 4162 3321 4215 huui
3366 4161 3551 4230 operis
3586 4164 3778 4234 signat.

2199 4249 2307 4303 Sex
2333 4250 2477 4303 enim
2508 4256 2631 4303 sunt
2660 4249 2794 4314 dies,
2821 4248 2874 4302 in
2905 4251 3101 4319 quibus
3124 4259 3338 4321 oportet
3364 4253 3609 4322 operari.
3643 4252 3705 4307 Et
3736 4254 3783 4307 in

2198 4360 2289 4399 sex
2321 4344 2507 4397 diebus
2533 4359 2747 4398 omnem
2784 4359 3000 4399 cursum
3047 4354 3246 4398 nostra!
3270 4345 3424 4399 bonae
3449 4346 3784 4415 operationis

2198 4432 2539 4503 perfecimus.
2591 4432 2648 4487 In
2686 4449 2779 4488 sex
2806 4435 2949 4488 enim
2980 4434 3169 4488 diebus
3208 4449 3369 4503 opera
3412 4451 3511 4489 sua
3558 4436 3783 4507 perfecit

2198 4523 2359 4589 Deus,
2391 4535 2443 4577 et
2474 4526 2527 4578 in
2570 4534 2720 4580 sexta
2751 4533 2909 4581 aetate
2940 4541 3034 4597 per
3063 4528 3296 4597 svipsum
3322 4528 3553 4583 visitare
3596 4530 3780 4601 digna-

2194 4624 2281 4670 tus
2325 4624 2408 4670 est
2452 4618 2731 4682 mundum,
2781 4626 2835 4673 et
2878 4618 3151 4673 hominem
3204 4618 3410 4688 lapsum
3461 4635 3492 4672 a
3542 4621 3779 4690 paradisi

2196 4710 2537 4773 ammnitate,
2595 4719 2648 4764 et
2699 4710 2894 4765 diaboli
2944 4710 3129 4765 fraude
3180 4711 3504 4779 deceptum,
3566 4713 3779 4783 pmprio

2194 4817 2389 4855 cruore
2436 4801 2717 4857 redimere.
2770 4803 2844 4857 De
2890 4804 2989 4858 hoc
3029 4803 3243 4857 senario
3278 4817 3506 4857 numero
3555 4804 3778 4873 loquens

2193 4890 2382 4948 beatus
2406 4894 2753 4965 Augusdnus,
2788 4904 2842 4949 et
2870 4896 2934 4949 de
2963 4895 3081 4964 ejus
3110 4894 3435 4965 perfectione
3458 4896 3513 4950 in
3540 4898 3779 4965 quodam

2192 4986 2311 5041 loco
2342 4988 2493 5051 dicit,
2530 5006 2546 5036 ι
2584 4987 2611 5026 b
2641 4985 2783 5056 quod
2828 5004 2929 5041 non
2958 4987 3080 5041 ideo
3109 4988 3352 5041 senarius
3371 4996 3456 5041 est
3484 4988 3772 5057 perfectus,

2190 5078 2315 5147 quia
2345 5079 2397 5131 in
2426 5093 2490 5131 eo
2520 5077 2740 5147 perfecit
2778 5077 2918 5131 Deus
2955 5080 3133 5132 omnia
3162 5094 3323 5149 Opera
3351 5094 3469 5141 sua,
3525 5082 3621 5134 sed
3654 5080 3775 5148 quia

2190 5169 2437 5222 senarius
2483 5184 2740 5223 numerus
2783 5177 2899 5223 erat
2929 5169 3229 5239 perfectus,
3267 5171 3387 5225 idco
3432 5172 3488 5224 in
3536 5187 3605 5226 eo
3636 5170 3773 5225 Deus

2190 5275 2351 5328 opera
2383 5274 2478 5311 sua
2508 5259 2770 5329 perﬁcere
2816 5261 3065 5331 dignatus
3092 5274 3191 5317 e51.
3233 5283 3250 5315 ι
3303 5261 3647 5331 Quapropter
3682 5278 3773 5316 ne-

2193 5366 2342 5404 cesse
2365 5359 2448 5404 est
2480 5360 2538 5404 ut
2568 5353 2620 5404 in
2647 5353 2747 5405 hac
2780 5351 3123 5422 Sexagesima
3153 5354 3303 5407 bonis
3328 5353 3583 5422 operibus
3610 5351 3770 5407 dediti

2191 5441 2383 5505 simus,
2433 5451 2487 5496 et
2529 5458 2651 5496 cum
2683 5443 2776 5497 Dei
2807 5445 3072 5513 adjutorio
3116 5446 3167 5497 in
3211 5444 3427 5514 vigiliis,
3475 5442 3691 5512 iejuniis
3718 5450 3772 5495 et

2190 5532 2546 5597 orationibus,
2595 5536 2913 5605 cmterisquc
2949 5538 3105 5591 bonis
3130 5538 3381 5607 operibus
3416 5547 3655 5591 nostram
3683 5550 3767 5589 sa-

2187 5625 2353 5682 lutem
2399 5630 2611 5699 operari
2656 5631 3003 5687 studeamus:
3038 5633 3196 5703 quia,
3245 5633 3334 5703 qui
3382 5646 3481 5702 per
3524 5645 3620 5685 sex
3654 5629 3765 5683 dies

2191 5716 2345 5772 bona:
2369 5719 2719 5789 operationis,
2742 5724 3021 5789 praesentis
3038 5724 3163 5779 vitae
3188 5737 3403 5778 cursum
3431 5720 3758 5781 transierint,

2266 5832 2293 5871 δ
2332 5831 2389 5887 S.
2421 5832 2558 5905 Aug.
2591 5834 2657 5890 de
2687 5834 2822 5891 Gen.
2852 5837 2919 5892 ad
2948 5836 3057 5903 lit.,
3086 5836 3177 5892 lib.
3215 5852 3291 5903 tv,
3314 5849 3435 5907 cap.
3470 5834 3525 5899 7,
3551 5847 3606 5885 ιι.
3638 5829 3716 5884 N.
