4032 6354
254 402 392 465 1139

1103 407 1250 464 OPP.
1295 402 1697 463 SUPPOSI'I‘A.
1735 436 1805 446 —
1840 402 1968 459 LIB.
2009 404 2095 458 DE
2130 404 2379 462 DIVINIS
2415 405 2719 463 OFFICIIS.

3366 400 3507 463 1190

249 528 308 577 et
334 520 563 576 ﬁdeliter
602 519 655 575 in
680 536 843 590 opere
873 529 1020 576 recto
1049 523 1435 586 laboraverint,
1486 530 1539 576 et
1564 533 1734 589 usque
1770 518 1823 572 in
1856 520 1900 576 Α
1930 532 2123 571 manna
2154 519 2498 574 manducavit
2528 521 2578 574 in
2607 520 2851 587 deserto,
2883 529 2937 578 et
2971 537 3077 578 mn
3113 530 3195 578 est
3232 521 3515 579 fraudatus

251 611 413 669 ﬁnem
472 612 525 667 in
581 615 771 682 emptis
827 613 980 667 bouis
1028 613 1281 683 operibus
1340 610 1829 683 perseveraverint,

251 705 645 775 sexagesimum
675 705 906 760 fructum
945 706 1141 759 laboris
1169 706 1248 761 sui
1284 714 1341 760 et
1363 714 1577 761 aeterna:
1603 704 1833 759 beatitu-

251 795 392 851 dinis
438 812 717 867 praemium
764 792 1082 867 percipient,
1139 797 1418 853 audientes
1450 798 1595 852 illam
1624 796 1833 850 deside-

252 872 477 940 rabilem
502 900 688 940 vocem
717 886 904 956 ipsius.
930 903 1047 955 qua:
1071 888 1183 958 ipsa
1201 886 1286 942 die
1312 889 1364 942 in
1388 898 1569 942 saneta
1587 894 1835 943 cantatur

252 974 515 1040 Ecclesia,
546 975 749 1030 scilicet
780 994 792 1029 :
832 976 1031 1048 Venite,
1069 978 1323 1031 benedicti
1363 976 1542 1032 Patris
1569 978 1691 1041 mei,
1716 993 1833 1047 per-

252 1064 406 1135 cipite
447 1081 661 1135 regnum
693 1064 907 1135 (Matth.
946 1083 1071 1131 xxv,
1100 1068 1213 1137 54).
1260 1067 1431 1134 Quam
1462 1084 1646 1123 mecm
1679 1065 1833 1119 nobis

251 1155 460 1217 audire,
506 1161 561 1208 et
603 1154 745 1223 quod
789 1170 1011 1225 regnum
1050 1157 1205 1212 nobis
1249 1157 1527 1226 percipere
1571 1156 1833 1211 concedat

252 1246 593 1315 omnipotens
622 1245 781 1308 Deus,
822 1247 916 1315 qui
946 1247 1077 1302 vivit
1106 1255 1161 1303 et
1185 1256 1374 1319 regnat
1402 1263 1500 1317 per
1526 1248 1705 1304 omnia
1738 1261 1835 1303 εαξ-

253 1336 372 1390 oula
398 1336 734 1392 seculorum.
760 1337 954 1392 Amen.

862 1428 1089 1483 CAPUT
1124 1428 1213 1483 XI.

737 1532 802 1572 DE
829 1532 1252 1580 QUINQUAGESIIA
1282 1530 1309 1558 ⁸
1318 1557 1331 1571 .

323 1626 775 1700 Quinquagesima
811 1630 1025 1684 initium
1063 1632 1229 1685 sumit
1264 1646 1293 1684 a
1345 1630 1591 1698 sequenti
1632 1629 1836 1684 hebdo-

253 1719 411 1774 mada
436 1729 559 1788 post
581 1718 982 1790 Sexagesimam
1001 1760 1015 1783 ,
1045 1720 1261 1789 quando
1284 1720 1525 1774 canitur:
1556 1717 1684 1772 Esto
1709 1719 1834 1772 mihi

252 1809 308 1862 in
336 1808 503 1863 Deum
535 1819 874 1879 protectorem
894 1851 908 1874 ,
937 1818 992 1864 et
1018 1810 1202 1863 ﬁnitur
1230 1810 1315 1864 die
1344 1820 1529 1864 sancto
1556 1810 1841 1863 Dominieo

1934 608 2201 663 desiderio
2225 626 2343 667 suo.
2369 611 2483 665 Hoc
2511 612 2595 666 his
2624 612 2797 667 verbis
2819 613 3067 677 innuens,
3090 612 3230 683 quod
3262 613 3305 666 si
3336 627 3433 667 nos
3457 612 3513 669 in

1934 699 2076 752 bono
2106 707 2157 751 et
2189 710 2375 753 saneto
2401 700 2671 755 desiderio
2701 702 3059 755 manserimus
3078 743 3091 767 ,
3126 718 3231 757 non
3268 717 3332 755 eo
3361 700 3514 755 frau-

1934 786 2204 851 dabimur,
2242 789 2334 841 sed
2372 797 2570 842 :cterua
2610 790 2858 845 satietate
2906 791 3045 845 dona
3069 791 3250 856 timur,
3300 790 3514 861 quando

1935 879 2038 931 hoc
2073 877 2451 947 adimplebitur
2487 880 2538 933 in
2577 882 2760 946 nobis,
2790 884 2930 952 quod
2961 883 3087 937 alibi
3119 883 3401 938 Psalmista
3428 883 3513 938 di-

1935 968 2049 1023 cit:
2093 967 2342 1021 Satiabor
2376 970 2499 1022 dum
2534 972 2956 1040 manifestabitur
2990 972 3161 1043 gloria
3197 984 3289 1027 tua
3319 974 3337 1042 (
3364 972 3511 1028 Psal.

1934 1073 2057 1121 xvi,
2093 1056 2157 1109 15
2182 1057 2219 1127 ).
2260 1057 2525 1125 Pertingit
2560 1071 2738 1115 autem
2764 1062 2929 1133 47o
2954 1063 3409 1135 Quinquagrsima
3449 1065 3515 1119 ad

1934 1149 2354 1203 resurrectionis
2387 1150 2674 1205 Dominica':
2706 1154 2866 1207 diem.
2907 1154 3039 1209 Nam
3068 1172 3097 1209 a
3128 1156 3212 1210 die
3241 1172 3345 1226 qua
3371 1157 3517 1211 cani-

1935 1252 2056 1291 mus
2084 1255 2095 1290 :
2125 1237 2252 1290 Esto
2279 1238 2405 1291 mihi
2431 1240 2485 1291 in
2517 1238 2679 1293 Deum
2702 1252 3039 1311 protectorem
3059 1286 3072 1310 ,
3100 1261 3269 1317 usque
3293 1247 3345 1301 in
3375 1246 3516 1302 diem

1936 1335 2180 1381 sanetum
2216 1327 2434 1383 Pascha:
2458 1370 2470 1393 ,
2510 1331 2900 1402 quinquaginta
2938 1335 3051 1389 dies
3088 1343 3231 1391 sunt.
3277 1338 3377 1405 Qui
3412 1356 3515 1394 nu-

1934 1429 2117 1469 merus
2140 1416 2373 1483 pertinet
2398 1410 2464 1472 ad
2491 1421 2727 1491 quinque
2754 1426 2997 1493 corporis
3022 1441 3241 1494 sensus,
3269 1430 3361 1499 qui
3391 1438 3518 1485 sunt

1934 1507 2206 1571 videlicet,
2235 1509 2467 1573 auditus,
2497 1511 2663 1576 visus,
2695 1524 2914 1583 gustus,
2945 1517 3202 1572 odoratus
3230 1530 3284 1573 et
3314 1529 3511 1578 tactus.

1937 1595 2088 1649 Sicut
2122 1598 2264 1650 enim
2301 1599 2545 1654 senarius
2579 1601 2964 1670 perfectionem
3009 1622 3234 1676 operum
3289 1609 3515 1665 demon-

1937 1696 2080 1742 strat
2097 1730 2110 1751 ,
2138 1689 2212 1742 ita
2239 1691 2517 1759 quinarius
2542 1694 2720 1747 omnia
2746 1693 2879 1749 bona
2906 1710 3068 1763 opera
3098 1714 3215 1767 quae
3239 1699 3525 1769 perﬁciun-

1942 1789 2028 1833 tur
2070 1796 2168 1849 per
2210 1783 2446 1852 quinque
2489 1788 2731 1854 corporis
2778 1804 2987 1843 sensus.
3038 1791 3335 1861 Quinquies
3377 1795 3523 1850 enim

251 1897 497 1954 Pascha.
526 1869 581 1953 lu
609 1869 1016 1971 Septuagesima
1041 1899 1478 1955 tribulationibus
1501 1909 1555 1954 et
1579 1901 1837 1970 angustiis
1870 1872 1914 1930 Β
1943 1869 2065 1923 deni
2084 1910 2099 1935 ’
2132 1871 2525 1971 {1"i"‘|“"8i"!§
2558 1874 2709 1929 “um'
2749 1875 2805 1931 Si
2842 1879 2963 1947 quis
2992 1895 3127 1971 ,θνὲο
3161 1896 3258 1950 per
3286 1884 3525 1953 “inque

254 1990 574 2046 circumdati
605 2006 807 2053 sumus,
842 1992 894 2045 in
927 1989 1275 2061 Sexagesima
1307 1991 1589 2045 Dominum
1623 1993 1837 2047 invoca-

252 2082 465 2149 vimus,
495 2092 549 2135 et
573 2084 727 2152 quasi
761 2084 1113 2139 dormientem
1154 2084 1526 2138 excitavimus.
1570 2083 1625 2138 In
1672 2084 1837 2152 Quin-

254 2173 567 2245 quagesima
622 2174 776 2244 quasi
824 2172 935 2242 jam
989 2174 1431 2245 propinquiorcm
1482 2175 1736 2229 audacius
1782 2182 1838 2229 et

251 2266 552 2337 promptius
581 2266 891 2321 invocamus
912 2307 924 2330 ,
958 2268 1204 2321 dicentes
1232 2285 1243 2320 :
1278 2267 1406 2323 Esto
1433 2268 1560 2320 mihi
1586 2269 1639 2321 in
1669 2268 1836 2320 Deum

251 2365 590 2426 protectorem
620 2370 638 2408 :
675 2365 729 2409 et
765 2357 816 2409 in
853 2357 1023 2425 prima
1063 2358 1308 2410 oratione
1344 2358 1521 2411 missae
1559 2357 1789 2412 dicimus
1818 2375 1830 2409 :

258 2442 444 2498 Preces
474 2456 698 2509 nostras,
726 2463 829 2514 qua
846 2462 1047 2510 sumus,
1067 2445 1308 2511 Domine,
1324 2446 1598 2501 clementer
1620 2447 1833 2511 exaudi,

252 2544 408 2604 atque
443 2552 475 2588 α
511 2546 839 2605 peccatorum
876 2536 1093 2589 rinculis
1138 2536 1402 2591 absolutos
1450 2537 1515 2589 ab
1564 2537 1705 2590 omni
1742 2552 1834 2589 nos

255 2625 569 2679 cdeersitate
595 2627 817 2679 custodi.
852 2626 1093 2696 Magnam
1116 2626 1227 2695 jam
1259 2628 1374 2682 hzec
1398 2627 1559 2681 verba
1584 2628 1837 2681 videntur

254 2715 455 2769 habere
494 2718 865 2779 securitatem,
910 2717 962 2770 in
1002 2719 1195 2787 quibus
1234 2720 1461 2773 dicimus
1503 2736 1599 2773 nos
1631 2719 1698 2772 ab
1722 2735 1837 2773 om-

251 2806 414 2862 nibus
454 2807 688 2862 inimieis
725 2808 1004 2862 absolutos
1043 2818 1098 2862 et
1143 2810 1418 2879 peccatis;
1459 2818 1513 2863 et
1552 2824 1836 2878 precamur

253 2896 465 2952 Domini
496 2899 794 2953 munitione
824 2914 920 2954 nos
950 2900 1179 2954 defendi.
1224 2900 1362 2954 Dicit
1405 2901 1564 2955 etiam
1608 2901 1659 2954 in
1705 2900 1833 2970 Epi-

253 2990 390 3045 stola
418 2990 607 3045 beatus
637 2989 834 3045 Paulus
863 2994 1138 3061 apostolus
1158 3034 1172 3058 ,
1204 2993 1497 3048 ostendens
1528 2991 1681 3046 nobis~
1710 2994 1838 3047 cha-

252 3084 475 3140 rismata
506 3083 767 3140 meliora:
802 3085 863 3141 Si
895 3087 1087 3157 linguis
1130 3088 1395 3141 hominum
1433 3085 1619 3159 loquar
1654 3095 1703 3140 et
1740 3103 1836 3138 an-

253 3175 523 3243 gelorum,
566 3183 711 3241 etc.,
752 3192 957 3246 usque,
1000 3177 1295 3247 cymbalum
1341 3179 1565 3232 tinniens
1611 3176 1679 3249 (1
1706 3176 1828 3230 Cor.

255 3280 387 3327 xm,
420 3263 505 3334 I).
541 3265 606 3319 Et
635 3265 827 3336 quibus
853 3267 1237 3321 munitionibus
1268 3267 1321 3321 in
1365 3268 1457 3322 Dei
1498 3268 1832 3339 protectioue

254 3355 548 3411 subsistere
575 3366 631 3411 et
660 3357 858 3411 muniri
890 3358 1210 3423 debeamus,
1244 3357 1295 3411 iu
1327 3356 1433 3412 ﬁne
1461 3358 1619 3428 hujus
1645 3357 1835 3412 lectio-

250 3447 336 3502 nis
363 3448 630 3513 ostendit,
659 3449 843 3505 dicens
869 3468 881 3504 :
922 3450 1079 3504 Nunc
1103 3459 1313 3504 manent
1348 3450 1479 3520 fides
1498 3492 1512 3515 ,
1538 3466 1680 3521 spes,
1714 3453 1835 3504 cha-

249 3538 415 3603 ritas,
445 3539 548 3591 tria
574 3538 714 3603 lucc,
743 3540 917 3610 major
942 3548 1113 3591 autem
1141 3540 1224 3593 his
1253 3549 1328 3593 est
1351 3541 1580 3594 charitas
1610 3542 1627 3611 (
1651 3540 1679 3593 1
1707 3539 1829 3595 Cor.

250 3643 347 3692 ιιι,
398 3625 527 3697 15).
561 3624 819 3697 Sequitur
865 3628 1304 3697 responsorium:
1347 3629 1422 3683 Tu
1473 3648 1525 3683 es
1577 3630 1834 3687 Dominus

248 3721 341 3791 qui
372 3719 505 3787 facis
535 3718 801 3774 mirabilia
831 3719 994 3774 solus.
1025 3720 1190 3786 Quasi
1220 3722 1457 3787 diceret,
1490 3739 1597 3777 non
1622 3731 1702 3778 est
1732 3724 1835 3778 Do-

250 3809 435 3863 minus
464 3808 599 3865 alius
626 3817 822 3880 praeter
852 3821 933 3873 te,
974 3811 1218 3866 Domine.
1258 3812 1557 3868 Simulacra
1595 3816 1834 3885 gentium

253 3918 364 3958 non
395 3911 521 3957 sunt
547 3902 653 3969 dii,
680 3904 773 3958 sed
801 3919 963 3973 opera
992 3920 1245 3958 manuum
1274 3905 1550 3959 hominum
1581 3924 1593 3960 :
1630 3907 1710 3959 Tu
1742 3922 1837 3960 au-

253 4004 365 4051 tem
396 4011 522 4051 vere
548 4011 607 4051 es
634 3995 805 4063 Deus,
836 3997 927 4067 qui
954 3996 1129 4051 salvas
1156 4006 1433 4067 sperantes
1458 3999 1513 4053 in
1542 4006 1612 4053 te.
1641 3999 1834 4054 Notam

254 4090 429 4145 fecisti
460 4089 513 4143 in
543 4088 791 4160 gentibus
820 4089 1072 4144 virtutem
1105 4096 1249 4143 tuam
1270 4130 1284 4156 ,
1330 4090 1643 4146 redimendo
1680 4099 1733 4145 et
1774 4090 1837 4144 li-

253 4181 492 4239 berme
520 4195 618 4234 nos
648 4180 712 4234 de
742 4180 987 4234 manibus
1029 4195 1237 4234 eorum.
1283 4180 1346 4235 Et
1386 4181 1581 4235 iterum
1621 4181 1750 4236 dicit
1780 4182 1835 4236 in

253 4287 452 4327 versu:
494 4270 748 4325 Liberasti
775 4272 830 4324 in
857 4271 1065 4325 brachio
1101 4279 1190 4324 tuo
1223 4270 1471 4341 populum
1507 4282 1672 4326 tuum.
1706 4273 1839 4327 Tra-

253 4377 375 4423 ctus
401 4366 564 4421 etiam
601 4365 828 4420 Domino
866 4365 1022 4420 nobis
1058 4366 1302 4435 praecipit
1339 4365 1577 4431 servire,
1614 4367 1704 4436 qui
1739 4383 1837 4421 nos

254 4458 415 4521 fecit,
479 4473 586 4512 non
647 4457 696 4511 ei
759 4458 844 4511 cui
904 4456 1217 4526 nosmetipsi
1275 4458 1547 4527 peccando
1606 4459 1837 4513 vivimus

256 4548 473 4622 [Amat
493 4590 507 4611 ,
537 4547 936 4619 vendidimus].
967 4548 1022 4601 In
1052 4546 1455 4618 Septuagesima
1485 4558 1626 4603 terra
1656 4552 1836 4605 cordis

253 4638 425 4694 nostri
466 4638 618 4708 quasi
654 4637 1088 4693 tribulationibus
1122 4648 1205 4693 est
1230 4647 1452 4694 exarata
1480 4648 1535 4693 et
1562 4639 1703 4694 culta
1731 4660 1743 4694 :
1776 4641 1834 4694 In

255 4728 600 4800 Sexagesima
627 4728 835 4782 semina
864 4729 1007 4783 verbi
1036 4728 1129 4783 Dei
1159 4730 1495 4799 suscepimus
1520 4740 1573 4784 et
1599 4732 1834 4785 semina-

252 4819 448 4873 vimus.
498 4816 553 4871 In
598 4817 1050 4887 Quinquagesima
1092 4819 1314 4873 seminis
1349 4827 1405 4873 et
1442 4821 1595 4875 bonzr.
1636 4837 1831 4891 opera-

252 4910 417 4964 tionis
447 4907 679 4965 fructum
707 4911 1026 4978 colligimus.
1068 4910 1218 4967 Unde
1247 4912 1299 4965 in
1338 4912 1628 4981 Evangelio
1656 4930 1833 4970 ezecus

251 4998 634 5064 introducitur,
683 4999 773 5069 qui
820 5015 917 5054 nos
951 5000 1248 5071 signiﬁcat,
1287 5017 1391 5056 non
1427 5018 1619 5058 aurum
1657 5020 1831 5076 neque

250 5088 470 5143 divitias
501 5103 751 5159 quaerens
776 5128 790 5154 ,
828 5089 920 5143 sed
966 5088 1178 5153 lumen,
1215 5092 1356 5160 quod
1404 5096 1680 5164 percipere
1716 5111 1830 5150 me-

251 5181 400 5247 ruit;
433 5183 575 5252 quod
605 5196 702 5237 nos
730 5189 789 5236 ut
813 5193 1074 5237 aeternum
1115 5195 1170 5237 et
1214 5199 1401 5238 verum
1447 5187 1693 5255 accipere
1718 5204 1829 5243 me-

250 5287 489 5334 reamur,
522 5272 783 5328 attentius
807 5288 1047 5343 qumrere
1074 5273 1351 5328 debemus.
1398 5275 1655 5345 Sequitur
1691 5278 1827 5333 olfe-

248 5365 417 5420 reuda
440 5406 453 5430 ,
490 5367 739 5420 eumdem
781 5367 984 5420 habens
1020 5374 1291 5431 tenorem,
1330 5367 1433 5422 hoc
1466 5377 1578 5433 est,
1615 5370 1669 5423 in
1706 5385 1827 5439 gra-

248 5455 449 5510 tiarum
498 5458 709 5512 actione
762 5474 1016 5523 manens,
1066 5458 1331 5514 diecndo:
1384 5460 1694 5517 Benedictus
1735 5480 1825 5529 es,

245 5546 501 5614 Domine,
532 5548 661 5604 doce
686 5566 767 5604 me
788 5550 1194 5619 justiﬁcationes
1223 5562 1361 5607 tuas.
1395 5552 1713 5609 Communio
1741 5570 1834 5611 au-

248 5645 360 5694 tem
398 5637 466 5693 ad
504 5641 819 5696 memoriam
856 5641 1068 5697 reducit
1099 5642 1379 5713 antiquum
1413 5646 1698 5715 populum.
1738 5649 1831 5719 qui

319 5761 348 5829 ξ
383 5750 583 5829 Confer
606 5753 781 5829 Ama].
814 5755 904 5811 lib.
926 5755 1035 5829 cit.
1057 5798 1071 5819 .
1107 5772 1227 5829 cap.
1256 5757 1311 5814 3.

320 5818 354 5866 δ
384 5821 724 5891 Amalarius,
756 5842 875 5897 cap.
912 5827 962 5883 4.

1938 1959 2187 2028 corporis
2218 1976 2439 2025 sensus,
2476 1963 2526 2016 id
2560 1973 2673 2027 est,
2703 1981 2801 2034 per
2831 1969 3157 2023 exteriorem
3185 1971 3526 2026 administra-

1940 2052 2145 2105 tionem
2176 2053 2359 2107 decem
2391 2056 2552 2109 verba
2582 2056 2715 2127 legis
2743 2059 3078 2129 impleverit,
3108 2061 3196 2116 hic
3224 2062 3339 2116 sine
3364 2061 3527 2118 dubio

1938 2139 2005 2192 ad
2033 2143 2366 2196 consortium
2404 2144 2577 2199 beata:
2604 2150 3051 2216 resurrectionis,
3088 2168 3207 2221 qua:
3238 2151 3288 2206 in
3320 2153 3527 2208 Pascha

1937 2231 2264 2298 celebratur,
2292 2244 2376 2289 est
2407 2248 2782 2306 perventurus.
2826 2242 2921 2297 Est
2953 2251 3006 2297 et
3038 2244 3179 2299 aliud
3210 2245 3526 2314 mysterium

1938 2325 1990 2379 in
2025 2327 2126 2380 hoc
2157 2328 2621 2399 quinquagenario
2654 2349 2877 2388 numero
2909 2336 3140 2390 dierum.
3169 2335 3303 2390 Nam
3338 2336 3391 2390 in
3423 2335 3526 2390 Vc-

1936 2417 2036 2470 teri
2076 2416 2420 2473 Tcstamentv
2451 2421 2929 2492 quinquagesitnus
2962 2441 3155 2490 annus,
3184 2426 3435 2496 jubilaeus
3469 2431 3524 2480 et

1938 2524 2110 2562 annus
2141 2511 2472 2565 remissionis
2505 2515 2799 2569 vocabatur
2826 2536 2838 2569 :
2874 2517 2927 2571 in
2962 2534 3069 2588 quo
3097 2519 3349 2573 videlicet
3380 2532 3521 2573 anno

1935 2612 2270 2667 unaquaeque
2303 2604 2574 2669 possessio
2606 2605 2673 2657 ad
2707 2607 2983 2675 proprium
3014 2611 3391 2663 revertebatur
3421 2608 3517 2664 do-

1936 2687 2162 2740 minum.
2199 2690 2261 2742 Et
2292 2692 2662 2762 unusquisque
2694 2694 2976 2760 dominus,
3007 2713 3328 2767 quocunque
3364 2697 3527 2753 modo

1935 2784 2079 2829 esset
2103 2777 2171 2830 ab
2197 2793 2258 2831 ea
2287 2779 2555 2835 alienatus
2574 2823 2587 2844 ,
2621 2782 2683 2835 ad
2713 2786 2986 2853 propriam
3018 2788 3188 2857 gratis
3219 2788 3527 2843 reverteba-

1938 2872 2027 2918 tur
2050 2868 2470 2934 possessionem.
2502 2871 2565 2923 Et
2596 2887 2693 2925 nos
2722 2874 2814 2942 qui
2846 2875 3119 2943 propriam
3149 2875 3200 2929 in
3230 2878 3404 2946 primo
3430 2891 3527 2947 pa-

1938 2964 2093 3009 rente
2121 2956 2543 3015 immortalitatis
2569 2962 2849 3017 amisimus
2876 2964 3244 3019 hmreditatem
3268 3008 3280 3030 ,
3314 2967 3358 3020 si
3392 2967 3529 3023 bene

1937 3054 1990 3098 et
2010 3045 2154 3113 juste
2182 3049 2233 3102 in
2260 3050 2361 3104 hoc
2386 3060 2627 3121 tempore
2658 3055 2957 3109 vixerimus
2976 3098 2990 3119 ,
3021 3058 3163 3126 quod
3191 3058 3529 3128 signiﬁcatur

1937 3150 2037 3205 per
2068 3154 2353 3194 numerum
2405 3142 2797 3218 quinquaginta
2844 3147 3054 3201 dierum
3080 3190 3093 3213 ,
3126 3164 3412 3218 possumus
3460 3150 3527 3205 ad

1861 3222 1906 3285 C
1938 3238 2182 3285 nostram
2212 3235 2408 3287 reverti
2434 3217 2803 3291 Increditatem
2826 3279 2840 3302 ,
2871 3238 2923 3292 id
2949 3246 3030 3293 est
3050 3281 3063 3304 ,
3094 3217 3382 3310 supernam
3407 3240 3532 3296 Hie-

1939 3320 2173 3374 rusalem
2198 3330 2253 3375 et
2280 3324 2552 3379 civitatem
2587 3336 2898 3382 sanctorum
2919 3370 2935 3395 ,
2962 3330 3051 3385 ubi
3080 3340 3163 3385 est
3191 3348 3316 3387 vera
3351 3347 3531 3387 resur-

1938 3409 2108 3464 rectio
2138 3419 2193 3463 et
2223 3412 2378 3465 beata
2409 3412 2822 3483 immortalitas,
2851 3420 3148 3475 auxiliante
3178 3423 3406 3477 Domino
3434 3439 3529 3479 no-

1938 3504 2052 3551 stro
2075 3496 2201 3553 Jesu
2226 3498 2443 3555 Christo
2463 3543 2477 3566 ,
2506 3504 2558 3556 in
2585 3505 2741 3573 cujus
2766 3510 3165 3564 resurrectione
3193 3520 3379 3566 nostra
3400 3528 3529 3568 vera

1936 3597 2020 3643 est
2049 3592 2375 3645 resurrectio
2414 3601 2467 3647 et
2501 3605 2844 3662 peccatorum
2876 3600 3116 3654 omnium
3148 3603 3414 3658 remissio.

2539 3701 2766 3757 CAPUT
2809 3704 2921 3759 XII.

2438 3788 2504 3826 DE
2536 3788 2940 3837 QUADRAGESIHA
2977 3778 3025 3830 δ.

2011 3856 2433 3928 Quadragesima
2484 3861 2675 3930 incipit
2719 3878 2748 3916 a
2794 3867 3038 3934 sequenti
3090 3867 3364 3924 ﬂaminica
3407 3880 3533 3942 post

1940 3942 2451 4014 Quinquagesimam
2475 3989 2487 4005 .
2520 3958 2575 4002 et
2604 3950 2790 4005 ﬁnitur
2811 3963 3003 4022 quarta
3040 3955 3272 4027 [Amul.,
3296 3958 3527 4035 quinta]

1939 4035 2073 4091 feria
2106 4047 2229 4091 ante
2256 4038 2462 4094 Pascha
2494 4041 2739 4109 Domini,
2774 4048 2989 4113 quando
3018 4048 3263 4103 canimus
3292 4069 3303 4103 :
3342 4050 3407 4106 In
3438 4069 3531 4107 no-

1939 4129 2077 4182 mine
2113 4129 2326 4183 Domini
2361 4148 2510 4186 omne
2545 4150 2698 4202 genu.
2733 4134 2790 4188 In
2823 4134 3243 4207 Quadragesima
3295 4157 3528 4212 namque

1934 4217 2047 4286 jam
2099 4218 2276 4287 aliqua
2321 4235 2446 4288 pars
2485 4236 2677 4292 pugnae
2720 4235 2919 4279 nostra:
2961 4238 3180 4295 peracta
3219 4240 3319 4284 est.
3358 4231 3527 4299 Quem

1940 4322 2174 4376 namque
2226 4308 2278 4361 in
2331 4308 2789 4379 Quinquagesima
2835 4324 3201 4384 protectorem
3257 4320 3530 4377 invocavi-

1942 4411 2095 4458 mus,
2133 4396 2186 4449 in
2221 4396 2646 4467 Quadragesima
2677 4403 2840 4470 dicit,
2885 4407 3039 4473 quasi
3081 4409 3436 4475 consolando,
3473 4412 3526 4467 in

1941 4484 2164 4540 Introitu
2196 4505 2207 4540 :
2242 4487 2504 4542 Inrocavit
2533 4507 2611 4544 me
2631 4532 2645 4556 ,
2672 4501 2777 4547 etc.
2810 4492 2865 4547 In
2900 4495 3139 4563 Epistola
3170 4499 3299 4553 dicit
3334 4500 3526 4557 beatus

1863 4595 1916 4656 υ
1940 4574 2137 4631 Paulus
2161 4595 2173 4630 :
2203 4576 2448 4647 Tempore
2471 4591 2679 4651 accepto
2701 4586 2944 4638 exaudiri
2971 4596 3019 4639 te
3039 4628 3053 4649 ,
3078 4598 3124 4640 et
3152 4588 3204 4642 in
3232 4590 3315 4643 die
3337 4590 3525 4646 salutis

1938 4665 2120 4734 adjuri
2143 4676 2209 4719 te.
2238 4666 2292 4719 In
2326 4670 2667 4737 responsorio
2694 4674 2909 4727 canitur
2936 4675 2986 4729 in
3019 4692 3246 4743 persona
3272 4680 3403 4749 justi
3445 4683 3525 4736 vi-

1943 4755 2021 4819 ri,
2049 4757 2163 4813 sive
2196 4767 2395 4812 sanctae
2425 4759 2679 4815 Ecclesia:
2708 4781 2719 4815 :
2750 4763 2959 4833 Angelis
2997 4770 3105 4820 suis
3143 4771 3427 4825 mandarit.
3465 4772 3522 4826 In

1937 4856 2108 4902 tractu
2162 4849 2498 4918 promittitur
2546 4861 2756 4905 scutum
2811 4854 3003 4910 divinat
3053 4861 3421 4926 protet'tionis.
3466 4861 3521 4915 In

1935 4937 2226 5007 Evangelia
2259 4938 2578 5007 proponitur
2603 4939 2756 4995 nobis
2786 4942 3093 5013 triumphus
3122 4947 3413 5003 Dominicze
3446 4950 3524 5003 vi-

1938 5028 2159 5092 ctoritc,
2199 5027 2431 5092 scilicet,
2472 5038 2529 5083 ut
2564 5028 2680 5095 ejus
2722 5034 2968 5103 exemplo
3003 5054 3123 5092 cum
3170 5039 3380 5093 diabolo
3426 5056 3521 5109 pu-

1940 5131 2105 5186 gnare
2148 5125 2200 5170 et
2240 5133 2363 5171 eum
2419 5134 2676 5187 superare
2741 5123 3030 5180 discamus.
3078 5127 3153 5182 De
3197 5129 3297 5183 hoc
3338 5138 3517 5185 autem

1938 5208 2351 5276 quadragesimo
2378 5224 2602 5264 numero
2621 5251 2634 5273 ,
2665 5222 2716 5264 ct
2745 5214 2810 5267 de
2838 5218 3119 5284 prtcsentis
3146 5220 3403 5287 temporis
3428 5221 3524 5275 ob-

1938 5297 2244 5351 servatione
2278 5297 2409 5351 nihil
2440 5298 2584 5353 aliud
2621 5302 2776 5357 nobis
2812 5314 2894 5358 est
2931 5306 3141 5372 dicere,
3174 5323 3334 5375 quam
3371 5311 3516 5378 quod

1934 5386 2125 5441 beatus
2148 5386 2438 5457 Gregorius
2464 5389 2515 5443 in
2546 5389 2650 5444 ﬁne
2678 5393 3031 5462 expositionis
3058 5395 3224 5463 ipsius
3254 5399 3518 5469 evangelii

1934 5478 2077 5546 quod
2110 5477 2222 5547 ipsa
2253 5478 2339 5532 die
2367 5478 2578 5550 legitur,
2631 5482 2703 5535 ita
2754 5484 3117 5552 prosequitur,
3164 5486 3413 5556 inquiens
3450 5500 3468 5525 ο
3502 5506 3513 5542 :

1940 5587 1959 5622 ι
1990 5569 2095 5622 Sed
2132 5569 2258 5638 quia
2306 5570 2493 5625 diebus
2544 5572 2629 5626 his
2672 5572 2833 5627 lectio
2876 5574 3186 5643 evangelica
3236 5578 3515 5648 congruit,

1933 5674 2059 5714 nam
2083 5659 2439 5731 quadraginta
2463 5661 2672 5716 dierum
2691 5663 3071 5720 abstinentiam
3098 5668 3268 5723 nostri
3290 5666 3522 5725 Redem-

2010 5783 2033 5812 ο
2072 5770 2131 5830 S.
2163 5772 2329 5844 Greg.
2352 5814 2368 5840 ,
2395 5775 2544 5832 hom.
2578 5776 2646 5831 16
2674 5777 2728 5831 in
2758 5776 2963 5847 Evang.
2981 5819 2998 5844 ,
3031 5795 3183 5838 num.
3206 5781 3242 5839 5
3269 5788 3330 5840 et
3353 5780 3408 5839 ϐ.
