4032 6354
520 358 655 427 1191

1374 362 1437 418 Β.
1476 363 1537 419 F.
1579 361 1806 420 ALBINI
1846 361 1978 420 εει]
2015 362 2292 422 ALCUlNl
2331 361 2616 422 OPERUM
2654 363 2838 422 PARS
2871 362 2964 422 IX.

3654 372 3810 430 H92

518 484 692 557 ptoris
725 478 1031 536 audivimus
1056 520 1071 547 ,
1105 478 1589 551 Quadragesnmum
1621 487 1835 549 tempus
1870 478 2084 534 ineboa-
2119 485 2172 543 Α
2188 478 2502 548 jejunaretis
2539 489 2588 534 et
2618 479 2967 551 plangentis,
3007 480 3244 552 nunquid
3268 481 3538 555 jejunium
3565 488 3810 559 jejuna-

522 589 673 630 mus:
696 571 1089 628 discutiendum
1108 572 1262 626 nobis
1283 578 1364 626 est
1384 586 1482 625 cur
1502 573 1619 626 haec
1643 572 1758 642 ipsa
1784 570 2110 625 abstinentia

520 683 617 738 per
647 666 1002 739 quadraginta
1031 664 1241 720 dierum
1276 681 1562 720 numerum
1605 666 1926 720 custoditur.
1971 663 2112 735 Moy-

524 775 610 815 ses
639 769 691 813 ut
720 759 893 829 legem
929 758 1233 827 acciperet,
1268 756 1507 812 secundo
1536 757 1725 811 diebus
1750 754 2109 825 quadraginta

517 849 806 921 jejunavit.
836 847 983 902 Elias
1012 846 1065 901 in
1100 848 1317 902 deserto
1349 848 1703 917 quadraginta
1731 846 1920 901 diebus
1946 845 2110 900 absti-

522 941 659 995 nuit.
702 940 819 1011 Ipse
858 948 1039 993 autem
1082 947 1273 993 auctor
1316 938 1593 991 hominum
1637 936 1705 991 ad
1743 936 1988 991 homines
2021 950 2113 989 ve-

520 1029 712 1094 niens,
768 1029 825 1084 in
880 1029 1241 1099 quadraginta
1298 1028 1485 1083 diebus
1540 1027 1743 1081 nullum
1799 1027 2111 1081 omnimodo

522 1122 699 1178 cibum
732 1122 980 1191 sumpsit.
1007 1120 1117 1175 Nos
1147 1135 1393 1189 quoque,
1429 1120 1481 1173 in
1514 1128 1774 1188 quantum
1802 1133 2106 1187 possumus,

523 1229 702 1270 annuo
737 1211 1177 1282 Quadragcsimze
1215 1218 1457 1280 tempore
1488 1224 1708 1263 carnem
1742 1215 1982 1260 nostram
2014 1221 2111 1274 per

525 1302 905 1360 abstinentiam
943 1301 1179 1371 afﬂigere
1214 1314 1491 1353 conemur.
1531 1296 1663 1352 Cum
1700 1312 1829 1367 ergo
1858 1297 1911 1350 in
1948 1296 2112 1349 absti-

523 1393 706 1448 nentia
732 1390 1198 1461 quadragenarius
1223 1403 1480 1442 numerus
1508 1386 1829 1450 custoditur,
1858 1386 1985 1455 quid
2009 1385 2111 1441 nisi

524 1483 648 1552 quia
688 1484 861 1535 virtus
888 1479 1137 1549 Decalogi
1168 1494 1265 1548 per
1292 1479 1458 1533 libros
1489 1487 1719 1547 quatuor
1744 1479 1910 1533 sancti
1938 1477 2113 1530 Evan-
2148 1492 2151 1493 '

525 1572 648 1644 gelii
683 1570 979 1641 impletur?
1010 1570 1274 1624 Denarius
1318 1571 1518 1623 etenim
1559 1579 1752 1638 quater
1784 1569 2012 1631 ductus,
2058 1568 2111 1621 in

523 1663 1006 1735 quadragenarium
1036 1663 1207 1733 surgit
1233 1681 1245 1717 :
1271 1664 1395 1732 quia
1427 1671 1552 1717 tunc
1580 1661 1828 1732 Decalogi
1857 1663 2110 1716 mandata

525 1752 859 1827 perlicimus,
888 1768 1010 1807 cum
1034 1752 1275 1824 profecto
1298 1762 1530 1822 quatuor
1558 1752 1723 1807 libros
1750 1753 1920 1807 sancti
1944 1753 2112 1805 Evan-

2209 570 2304 622 stis
2334 569 2461 622 mihi
2486 570 2511 623 .9
2535 568 2605 623 Et
2630 587 2749 624 cum
2772 571 3067 625 comedistis
3089 582 3137 626 et
3165 572 3396 640 bibistis,
3427 578 3673 648 nunquid
3699 596 3813 635 non

2210 659 2350 713 vobis
2384 660 2710 726 comedistis,
2745 670 2793 716 et
2826 662 3201 734 nobismetipsis
3232 664 3433 721 bibistis
3466 665 3661 737 (lacn.
3694 684 3812 736 vn,

2209 747 2275 813 5,
2303 747 2421 819 6)?
2461 747 2575 805 Sibi
2620 750 2765 805 enim
2807 752 3043 807 comedit
3091 760 3147 807 et
3191 754 3353 820 bibit,
3400 757 3495 829 qui
3537 758 3813 819 alimenta

2210 846 2485 915 corporis,
2537 861 2657 917 quae
2705 856 2830 903 sunt
2886 850 3195 906 communia
3245 851 3387 908 dona
3440 854 3810 927 Conditoris,

2211 936 2327 990 sine
2364 936 2729 1008 indigentibus
2764 941 3014 1011 percipit.
3055 942 3121 997 Et
3154 944 3255 998 sibi
3289 945 3520 1016 quisque
3548 947 3807 1019 jejunat,

2211 1028 2256 1081 si
2283 1042 2345 1081 ea
2375 1044 2493 1097 quae
2521 1029 2622 1083 sibi
2654 1029 2721 1085 ad
2753 1039 2965 1101 tempus
2992 1033 3293 1101 subtrahit,
3331 1052 3437 1091 non
3469 1037 3636 1110 47],
3671 1055 3809 1110 pau-

2210 1119 2429 1189 peribus
2456 1120 2674 1186 tribuit,
2703 1123 2795 1177 sed
2828 1125 3002 1179 ventri
3031 1127 3373 1194 postmodum
3400 1127 3681 1184 offerenda
3714 1148 3807 1187 cu-

2213 1210 2396 1264 stodit.
2422 1212 2555 1268 Hinc
2574 1228 2673 1283 per
2692 1213 2893 1271 Joelem
2916 1218 3142 1273 dicitur:
3172 1218 3515 1291 Sanctiﬁcate
3527 1224 3807 1293 jejunium

2214 1301 2392 1375 (Joel.
2456 1320 2507 1369 ι,
2537 1306 2632 1377 At).
2669 1307 2936 1376 Jejnnium
2973 1312 3170 1383 quippe
3205 1313 3551 1369 saxtctiticare
3596 1324 3683 1371 est
3714 1315 3807 1371 ad-

2207 1394 2409 1463 junctis
2444 1396 2598 1452 bonis
2633 1398 2756 1453 aliis
2791 1400 3005 1472 dignam
3046 1402 3153 1458 Deo
3190 1405 3582 1461 abstinentiam
3622 1408 3804 1463 carnis

2212 1490 2517 1544 ostendere.
2551 1490 2741 1546 Cesset
2788 1493 2902 1558 ira,
2949 1497 3231 1564 sopiantur
3268 1498 3471 1571 jurgia.
3523 1499 3800 1556 Incassum

2213 1583 2357 1637 enim
2402 1598 2530 1639 caro
2572 1586 2840 1649 atteritur,
2887 1588 2932 1642 si
2976 1607 3005 1642 a
3054 1591 3236 1660 pravis
3279 1593 3396 1648 suis
3430 1596 3801 1665 voluptatibus

2213 1676 2426 1731 animus
2461 1692 2566 1731 non
2605 1676 2933 1743 refrenatur,
2965 1696 3089 1735 cum
3124 1698 3223 1753 per
3256 1684 3579 1754 prophetam
3622 1685 3799 1742 Domi-

2214 1782 2320 1820 nus
2349 1767 2531 1821 dicat:
2564 1766 2701 1822 Ecce
2731 1771 2789 1823 in
2821 1770 2907 1824 die
2926 1771 3125 1841 jejunii
3150 1776 3302 1829 vestri
3330 1776 3599 1830 invenitur
3630 1780 3798 1833 colun-

529 1845 654 1918 gelii
691 1845 1043 1901 custodimus.
1084 1844 1162 1899 Ex
1199 1861 1303 1914 qua
1336 1862 1394 1900 re
1429 1845 1619 1900 sentiri
1650 1854 1703 1899 et
1733 1845 1872 1898 aliud
1911 1854 2107 1914 potest.

2216 1870 2295 1914 tas
2328 1871 2495 1914 vestra
2525 1874 2542 1911 :
2577 1860 2714 1915 Ecce
2744 1863 2813 1916 ad
2842 1862 2956 1918 lites
2989 1874 3035 1918 et
3065 1868 3420 1923 contentiones
3436 1870 3726 1939 jejunatis.
3754 1884 3797 1926 et

526 1930 585 1989 In
622 1936 726 1990 hoc
760 1936 903 1990 enim
941 1934 1157 1990 mortali
1192 1951 1422 2005 corpore
1455 1951 1521 1989 ex
1558 1945 1791 2006 quatuor
1828 1934 2119 1999 clementis

527 2026 893 2092 subsistimus,
917 2035 971 2081 et
995 2042 1093 2098 per
1119 2026 1427 2098 voluptates
1451 2027 1692 2098 ejusdem
1720 2028 1962 2097 corporis
1986 2044 2114 2097 pree-

528 2119 697 2188 ceptis
733 2119 1029 2173 Dominicis
1064 2120 1398 2175 contraimus
1431 2138 1442 2173 :
1484 2128 1749 2189 praecepta
1788 2129 1970 2175 autem
2009 2120 2114 2174 Do-

534 2208 732 2263 niiuica
777 2224 876 2281 per
921 2208 1243 2279 Decalogum
1286 2220 1413 2265 sunt
1450 2220 1689 2280 accepta.
1720 2212 1819 2278 Qui
1850 2226 1978 2282 ergo
2018 2226 2115 2281 per

531 2298 720 2353 carnis
768 2297 1035 2352 desideria
1083 2298 1331 2369 Decalogi
1368 2299 1620 2353 mandata
1656 2301 2112 2369 contempsimus,

531 2389 751 2458 dignum
781 2398 866 2443 est
890 2397 952 2443 ut
976 2390 1221 2444 eamdem
1251 2405 1471 2445 carnem
1502 2391 1880 2459 quaterdecies
1909 2392 2112 2462 aﬂliga—

527 2494 669 2537 mus.
720 2478 977 2545 Quamvis
1016 2480 1081 2535 de
1121 2480 1225 2535 hoc
1273 2479 1707 2550 Quadragesinnc
1754 2489 1995 2549 tempore
2031 2488 2116 2535 est

531 2570 706 2627 adhuc
733 2571 876 2625 aliud
903 2571 1045 2641 quod
1075 2571 1244 2642 possit
1274 2571 1518 2641 intelligi.
1555 2570 1601 2624 Α
1638 2573 1885 2640 prmsenti
1916 2573 2114 2627 etenim

528 2664 616 2721 die
647 2680 816 2736 usque
844 2666 912 2719 ad
944 2663 1219 2727 Paschalis
1256 2663 1612 2719 solemnitatis
1640 2663 1833 2734 gaudia
1864 2679 1956 2717 sex
1986 2663 2115 2717 heb-

528 2758 770 2815 domada:
798 2758 1051 2821 veniunt,
1080 2773 1308 2827 quarum
1333 2757 1582 2812 videlicet
1619 2757 1736 2811 dies
1759 2756 2115 2826 quadraginta

531 2858 587 2908 et
621 2850 728 2905 duo
763 2861 928 2905 sunt:
969 2865 1035 2904 ex
1067 2850 1263 2919 quibus
1299 2850 1425 2904 dum
1462 2864 1553 2904 sex
1593 2849 1710 2903 dies
1747 2846 2009 2902 Dominici
2047 2846 2114 2899 ah

527 2941 855 2999 abstinentia
890 2941 1303 3004 subtrahuntur,
1342 2955 1449 2993 non
1503 2938 1625 3007 plus
1679 2938 1731 2991 in
1788 2934 2113 2990 abstinentia

528 3048 691 3103 quam
731 3033 953 3104 triginta
989 3039 1044 3084 et
1079 3047 1173 3085 sex
1211 3031 1324 3084 dies
1357 3037 1659 3084 remanent.
1694 3028 1829 3082 Dum
1863 3042 1991 3081 vero
2018 3040 2115 3095 per

530 3132 802 3179 trecentos
828 3132 881 3177 et
910 3123 1193 3193 sexaginta
1224 3120 1505 3193 [quinque]
1534 3122 1650 3175 dies
1678 3136 1849 3174 annus
1876 3118 2111 3182 ducitur,

529 3229 630 3271 nos
663 3224 842 3268 autem
876 3229 973 3284 per
1010 3214 1229 3283 triginta
1260 3221 1314 3266 et
1340 3228 1436 3265 sex
1472 3210 1587 3265 dies
1622 3211 1929 3281 allligimur,
1958 3209 2115 3280 quasi
2144 3202 2189 3264 C

530 3305 657 3361 anni
687 3305 859 3360 nostri
886 3304 1127 3360 decimas
1159 3303 1316 3375 [Deo]
1345 3303 1536 3357 damus
1562 3320 1575 3356 :
1610 3313 1668 3357 ut
1695 3303 1786 3371 qui
1820 3303 2116 3357 nobismet-

527 3396 662 3470 ipsis
691 3411 790 3468 per
826 3405 1106 3467 acceptum
1149 3412 1350 3449 annum
1391 3394 1657 3459 viximus,
1690 3395 1897 3449 auctori
1927 3402 2116 3450 nostro

528 3504 630 3546 nos
663 3488 716 3543 in
750 3486 867 3557 ejus
903 3486 1128 3542 decimis
1162 3502 1259 3555 per
1291 3485 1677 3541 abstinentiam
1708 3484 2117 3543 mortiﬁcemus.

527 3580 764 3646 Verum,
804 3578 1002 3634 fratres
1037 3577 1371 3641 charissimi,
1416 3577 1555 3631 sicut
1583 3576 1778 3631 oll‘erre
1807 3578 1859 3631 in
1891 3577 2005 3648 lege
2028 3579 2117 3647 ju-

526 3671 729 3728 homini
768 3672 1007 3726 decimas
1042 3686 1222 3725 rerum
1245 3711 1259 3735 ,
1298 3669 1372 3724 ita
1403 3669 1512 3723 Deo
1561 3667 1756 3723 offerre
1806 3670 2117 3723 contendite

527 3770 586 3820 et
630 3761 867 3817 decimas
914 3761 1145 3816 dierum.
1200 3759 1614 3830 Unusquisque,
1650 3768 1909 3830 quantum
1946 3760 2118 3814 virtus

530 3855 806 3926 suppetit,
845 3868 1064 3909 carnem
1103 3860 1381 3918 maceret,
1419 3853 1641 3923 ejusque
1680 3852 1948 3906 desideria
1985 3850 2107 3904 alni-

532 3958 643 4018 gat,
670 3946 1135 4015 concupiscentias
1164 3954 1346 4014 turpes
1375 3944 1681 4007 interficiat,
1713 3953 1764 3998 et
1783 3943 1937 4011 juxta
1965 3942 2116 3998 Pauli

530 4050 753 4099 vocem,
785 4036 956 4089 hostia
985 4037 1095 4090 viva
1128 4036 1241 4089 fiat.
1274 4034 1457 4089 Hostia
1483 4035 1678 4105 quippe
1704 4043 1757 4089 et
1782 4035 2114 4100 immolatur,

530 4135 585 4182 et
614 4127 733 4182 viva
755 4134 868 4191 est,
894 4126 1107 4196 quando
1132 4135 1186 4179 et
1215 4126 1283 4180 ab
1313 4126 1413 4179 hac
1441 4125 1549 4178 vita
1576 4125 1738 4179 homo
1768 4140 1873 4179 non
1900 4125 2113 4190 deficit,

532 4227 589 4273 et
614 4226 791 4274 tamen
819 4233 878 4273 se
907 4234 936 4273 a
966 4219 1273 4274 carnalibus
1297 4218 1577 4273 desideriis
1603 4218 1821 4273 occidit.
1851 4218 1991 4273 Caro
2018 4234 2118 4274 nos

532 4309 657 4364 laeta
693 4310 860 4364 traxit
895 4309 962 4364 ad
998 4309 1208 4380 culpam
1238 4350 1253 4375 ,
1290 4307 1486 4364 afﬂicta
1523 4310 1746 4364 reducat
1780 4310 1845 4363 ad
1880 4310 2112 4364 veniam.

531 4400 737 4457 Auctor
761 4402 958 4456 etenim
988 4402 1180 4456 mortis
1206 4410 1404 4457 nostra:
1431 4417 1529 4471 per
1554 4402 1785 4458 fructum
1812 4402 1940 4472 ligni
1967 4403 2115 4457 vetiti

532 4491 659 4547 vitae
686 4502 955 4561 praecepta
992 4498 1362 4562 transgressus
1392 4502 1491 4548 est.
1528 4492 1631 4559 Qui
1659 4510 1788 4565 ergo
1819 4510 1848 4548 a
1881 4494 2115 4564 paradisi

532 4580 746 4654 gaudiis
766 4595 864 4650 per
897 4580 1074 4636 cibum
1102 4580 1425 4643 cecidimus,
1467 4583 1533 4636 ad
1566 4583 1711 4647 haec,
1753 4585 1805 4638 in
1848 4593 2111 4653 quantum
2149 4581 2194 4640 D

530 4684 839 4742 possumus,
877 4686 972 4742 per
1007 4672 1387 4727 abstinentiam
1420 4688 1785 4743 resurgamus.
1817 4674 1922 4729 Sed
1956 4692 2114 4731 nemo

533 4762 634 4819 sibi
684 4764 928 4817 eamdem
982 4764 1362 4819 abstinentiam
1416 4766 1585 4820 solam
1636 4767 1825 4821 credat
1872 4768 2129 4825 suﬁieere

533 4868 725 4925 posse,
760 4869 881 4908 eum
919 4868 1015 4923 per
1044 4855 1360 4924 prophetam
1399 4856 1657 4910 Dominus
1695 4857 1881 4911 dicat:
1925 4856 2115 4913 Nonne

532 4944 630 4999 hoc
663 4954 741 4999 est
787 4944 959 5014 magis
991 4944 1257 5014 jejunium
1293 4945 1431 5016 quod
1465 4946 1592 5017 elegi
1630 4945 1783 5017 (Isti.
1820 4962 1951 5000 Lvm
1976 4988 1989 5010 ,
2018 4947 2113 5019 6).

533 5036 873 5109 Subjiciens:
912 5035 1124 5107 Frange
1152 5037 1396 5091 esurienti
1424 5055 1610 5108 panem
1639 5048 1817 5102 tuum,
1851 5049 1896 5092 ct
1932 5055 2115 5109 egenos

460 5112 471 5121 ’
532 5152 791 5208 vagosque
816 5135 975 5191 induc
1004 5135 1058 5188 in
1082 5133 1294 5187 domum
1320 5142 1499 5185 tuam:
1526 5150 1643 5185 cum
1669 5131 1858 5186 rideris
1887 5132 2115 5199 nudum,

534 5228 677 5297 operi
700 5243 848 5293 eum,
875 5236 924 5280 et
954 5240 1163 5279 carnem
1192 5233 1337 5277 tuam
1366 5240 1427 5277 ne
1454 5222 1746 5293 despexeris
1776 5222 1939 5293 (Ibid.
1965 5241 2010 5278 υ.
2036 5223 2113 5293 7).

537 5314 671 5371 Illud
697 5330 825 5387 ergo
844 5315 1106 5387 jejunium
1136 5313 1401 5383 approbat
1426 5313 1700 5376 Dominus,
1735 5314 1875 5382 quod
1907 5314 1973 5368 ad
2003 5315 2119 5384 ejus

532 5406 720 5465 oculos
753 5410 943 5462 manus
976 5408 1439 5475 eleemosyuarum
1468 5404 1627 5469 levat,
1660 5406 1802 5475 quod
1833 5422 1953 5460 cum
1989 5421 2116 5477 pro-

534 5497 667 5553 ximi
714 5496 1000 5553 dilectione
1043 5499 1241 5568 agitur,
1291 5496 1435 5565 quod
1480 5512 1548 5550 cx
1596 5497 1795 5565 pietate
1840 5499 2111 5553 conditur.

535 5584 647 5642 Hoc
673 5601 802 5657 ergo
827 5586 966 5657 quod
996 5588 1089 5642 tibi
1115 5585 1421 5649 subtrahis,
1453 5585 1606 5640 alteri
1638 5586 1871 5658 largire;
1898 5598 1951 5645 et
1974 5589 2117 5645 unde

536 5686 626 5732 tua
653 5694 779 5734 caro
806 5680 1077 5751 allligitur,
1107 5680 1229 5735 inde
1258 5680 1465 5751 egentis
1492 5680 1716 5751 proximi
1742 5696 1869 5736 caro
1894 5697 2111 5752 repare-

539 5776 645 5824 tur.
677 5770 813 5827 Hinc
840 5773 982 5828 enim
1014 5787 1110 5844 per
1138 5772 1454 5845 prophetam
1486 5771 1748 5828 Dominus
1778 5772 1905 5829 dicit
1933 5790 1944 5827 :
1980 5772 2111 5831 Cum

2214 1952 2482 2021 percutitis
2510 1968 2683 2022 pugno
2713 1954 2868 2024 impie
2887 1995 2902 2019 ,
2931 1965 2980 2008 et
3009 1972 3185 2011 omnes
3216 1958 3476 2013 debitores
3509 1971 3708 2015 vestros
3735 1979 3799 2017 rev

2214 2042 2385 2110 petitis
2411 2040 2427 2111 (
2450 2040 2560 2095 Isa.
2593 2059 2720 2097 cvm
2742 2084 2757 2109 ,
2781 2044 2814 2099 5
2833 2085 2848 2107 ,
2876 2044 2908 2097 «ί
2934 2045 2972 2115 ).
3005 2046 3190 2118 Neque
3210 2050 3354 2103 enim
3382 2052 3475 2120 qui
3506 2068 3537 2105 a
3562 2052 3797 2108 debitore

2217 2146 2312 2185 suo
2340 2131 2439 2187 hoc
2468 2134 2612 2203 quod
2643 2134 2790 2190 dedit
2827 2139 3052 2207 repetit,
3090 2140 3294 2210 aliquid
3330 2141 3594 2209 injustum
3632 2144 3794 2201 facit:

2217 2221 2311 2275 sed
2347 2222 2566 2293 dignum
2600 2233 2680 2279 est
2720 2235 2779 2280 ut
2813 2229 3058 2299 quisquis
3093 2246 3151 2286 se
3188 2234 3239 2286 in
3266 2234 3593 2302 pamitentia
3632 2254 3799 2294 mace-

2215 2324 2332 2379 ret,
2385 2324 2440 2370 et
2487 2318 2594 2372 hoc
2642 2319 2745 2373 sibi
2787 2322 2927 2391 quod
2972 2320 3119 2391 juste
3152 2328 3441 2396 competit,
3492 2330 3795 2387 intertiicat.

2218 2406 2341 2474 Sic,
2371 2409 2449 2465 sic
2477 2412 2631 2466 nobis
2658 2414 3048 2482 paenitentibus
3072 2426 3129 2472 et
3159 2418 3371 2476 alllietis
3412 2438 3442 2476 a
3486 2422 3605 2479 Deo
3632 2424 3802 2480 dimit-

2217 2500 2349 2554 titur
2374 2503 2515 2572 quod
2544 2502 2740 2571 illjllSic
2764 2506 2974 2577 egimus
2994 2549 3009 2573 ,
3043 2510 3087 2565 si
3116 2526 3214 2580 pro
3238 2528 3424 2570 amore
3451 2514 3604 2571 illius
3625 2527 3685 2572 et
3706 2516 3800 2573 hoc

2214 2593 2359 2662 quod
2382 2596 2539 2650 nobis
2560 2596 2705 2667 juste
2730 2601 3019 2669 competit,
3056 2604 3384 2662 relaxamus.
3417 2626 3437 2660 ι

2803 2692 3032 2750 CAPUT
3071 2696 3204 2751 Xlll.

2215 2794 2354 2836 OBDO
2416 2796 2484 2834 ΑΙ)
2540 2796 2926 2838 ΡαΞΝιΤΙ-ΖΝΤῙΛὶΙ
2990 2802 3203 2842 DANDAI

2784 2871 2954 2910 CAPUT
3011 2873 3227 2914 JEJUNII.

2288 2942 2558 3014 Imprimis
2588 2962 2926 3016 prmmonere
2967 2950 3130 3007 debet
3153 2956 3411 3012 sacerdos
3439 2974 3637 3015 omnes
3655 2961 3798 3016 Chri-

2216 3036 2421 3092 stianos
2440 3054 2503 3091 ex
2531 3040 2705 3095 sacris
2729 3039 3131 3112 Scripturarum
3164 3048 3511 3115 testimoniis,
3543 3065 3798 3123 quatenus

2218 3128 2270 3182 in
2301 3130 2476 3200 capite
2494 3129 2710 3199 jejunii,
2744 3133 2846 3188 hoc
2872 3144 2975 3199 est,
3002 3137 3161 3193 hodie
3180 3140 3247 3194 ad
3276 3155 3462 3195 veram
3505 3124 3795 3200 confessio-

2220 3237 2342 3276 nem
2375 3238 2665 3293 veramque
2722 3229 3097 3297 pmnitentiam
3145 3232 3497 3291 festinantius
3524 3240 3795 3294 accedant.

2219 3310 2295 3366 De
2324 3312 2425 3368 hac
2456 3312 2816 3387 Hieronymus
2844 3318 3020 3389 inquit
3046 3338 3059 3374 :
3093 3340 3111 3370 ι
3150 3321 3366 3378 Utinam
3396 3335 3502 3381 tam
3534 3330 3651 3384 cito
3680 3345 3800 3385 con-

2219 3413 2501 3458 vertantur
2554 3415 2867 3475 peccatores
2915 3411 2982 3464 ad
3032 3411 3431 3481 paenitentiam,
3484 3432 3652 3486 quam
3701 3421 3799 3474 cito

2219 3495 2481 3552 Dominus
2533 3508 2867 3569 praeparatus
2903 3511 2987 3557 est
3013 3504 3177 3560 etiam
3222 3518 3434 3563 mutare
3484 3510 3799 3580 praefinitam

2220 3588 2566 3642 sententiam.
2599 3589 2713 3643 Non
2744 3592 2889 3645 enim
2922 3598 3181 3665 temporis
3211 3596 3606 3669 longitudinem
3634 3602 3803 3673 requi-

2220 3679 2290 3731 rit
2338 3678 2500 3743 Deus,
2545 3680 2641 3734 sed
2683 3680 2877 3737 all‘eetu
2922 3685 3253 3742 sinceritatis
3294 3690 3578 3759 plenitudo
3618 3710 3801 3763 pensa-

2220 3779 2325 3824 tur.
2366 3791 2384 3819 ›
2418 3770 2712 3843 Gregorius
2742 3794 2754 3827 :
2796 3794 2813 3826 ι
2852 3776 2995 3833 Satis
3042 3779 3251 3837 alienus
3279 3798 3312 3835 a
3343 3782 3449 3839 fide
3477 3796 3589 3849 est,
3620 3788 3712 3856 qui
3740 3788 3799 3841 ad

2219 3862 2479 3930 agendam
2508 3866 2879 3933 paenitentiam
2914 3880 3153 3941 tempora
3182 3876 3479 3930 senectutis
3506 3888 3801 3947 exspectat.

2220 3954 2566 4010 Metuendum
2589 3967 2673 4012 est
2692 3960 2859 4023 enim,
2890 3978 2977 4026 ne,
3001 3963 3126 4018 dum
3150 3976 3332 4035 sperat
3354 3968 3801 4037 misericordiam,

2220 4048 2426 4103 incidat
2449 4049 2734 4119 judicium.
2777 4073 2794 4104 ι
2822 4053 3063 4125 Itemque
3096 4076 3108 4110 :
3146 4076 3163 4108 ι
3194 4057 3251 4112 Si
3289 4060 3413 4128 quis
3465 4071 3518 4115 te
3564 4063 3634 4118 de
3684 4079 3802 4133 pec-

2219 4149 2341 4195 cato
2372 4141 2642 4198 forinseco
2662 4147 2920 4212 correxit,
2954 4156 3079 4204 tunc
3100 4150 3358 4207 confitere
3379 4153 3672 4219 interiora,
3695 4173 3805 4226 qua:

2221 4235 2311 4290 ille
2339 4236 2534 4291 nescit.
2577 4257 2595 4289 ι
2628 4237 2868 4309 Denque
2890 4242 3212 4297 admonendi
3245 4254 3393 4310 sunt,
3442 4256 3502 4300 ut
3554 4249 3611 4302 in
3648 4252 3805 4305 (item

2220 4329 2430 4385 Domini
2454 4332 2674 4387 redeant
2707 4335 2774 4391 ad
2806 4338 3321 4405 reconciliationem,
3350 4342 3495 4398 sicut
3532 4345 3588 4399 in
3616 4363 3803 4403 cense.

2221 4429 2511 4496 quentibus
2540 4431 2769 4487 dicetur.
2816 4434 2871 4489 Si
2902 4451 3030 4489 vero
3064 4437 3289 4494 interest
3332 4455 3497 4496 causa
3527 4453 3626 4499 aut
3648 4448 3802 4503 itinc-

2220 4523 2317 4588 ris,
2345 4525 2747 4594 autcnjnslibet
2788 4532 3180 4601 occupationis,
3231 4543 3323 4589 aut
3354 4536 3428 4590 ita
3472 4537 3619 4594 forte
3648 4542 3803 4596 hebes

2217 4621 2320 4678 est,
2355 4624 2415 4670 ut
2440 4617 2488 4670 ei
2514 4618 2617 4672 hoc
2643 4620 2900 4675 sacerdos
2946 4625 3175 4680 suadere
3202 4637 3462 4695 nequeat,
3490 4629 3803 4699 injungatei

2219 4714 2327 4761 tam
2347 4709 2892 4780 quadragesimalem.
2910 4728 3071 4783 quam
3090 4718 3375 4773 annualem
3401 4721 3802 4789 paenitentiam,

2216 4810 2273 4854 et
2300 4802 2612 4857 reconciliet
2637 4818 2759 4858 eum
2786 4807 2989 4862 statim.

2292 4892 2677 4950 Sacerdotibus
2700 4912 2829 4952 vero
2878 4915 3219 4971 summopere
3248 4908 3609 4974 satagendum
3639 4917 3723 4961 est
3750 4916 3801 4961 ut

2218 4991 2341 5038 octo
2392 4984 2523 5039 vitia
2573 4988 2877 5044 criminalia
2923 5007 3045 5046 cum
3094 5009 3283 5049 eorum
3310 4998 3620 5064 Sequentiis
3645 5008 3801 5067 atque

2222 5079 2545 5134 testimoniis
2577 5080 3005 5152 Scripturarum,
3033 5088 3139 5156 quit
3165 5104 3229 5143 us
3254 5092 3542 5145 coercendi
3566 5102 3695 5145 sunt
3715 5091 3800 5145 ho-

2220 5174 2394 5230 mines
2438 5184 2601 5246 atque
2652 5178 2720 5232 ad
2767 5181 2989 5235 meliora
3036 5184 3387 5251 provehendi,
3432 5186 3584 5240 omni
3631 5187 3799 5240 studio

2222 5265 2522 5338 intelligant
2566 5279 2728 5340 atque
2753 5273 3002 5337 doceant,
3033 5275 3171 5331 sicut
3203 5277 3290 5332 hic
3320 5278 3374 5332 in
3419 5280 3595 5348 prima
3630 5279 3797 5333 fronte

2221 5375 2430 5416 annexa
2459 5374 2601 5418 sunt.
2633 5364 2872 5432 Quorum
2899 5368 3152 5423 vitiorum
3179 5379 3302 5425 octo
3331 5371 3448 5425 hrec
3474 5380 3604 5425 sunt
3634 5370 3796 5425 nomi-

2222 5468 2310 5516 na,
2363 5453 2415 5507 in
2468 5454 2659 5523 primis
2712 5459 2983 5527 superbia,
3013 5459 3181 5529 gloria
3211 5462 3411 5526 inanis,
3444 5462 3668 5523 invidia,
3697 5463 3789 5523 ira,

2220 5543 2471 5607 avaritia,
2492 5545 2735 5610 tristitia,
2774 5549 2980 5602 ventris
3010 5550 3274 5621 ingluvies
3293 5559 3455 5621 atque
3482 5552 3709 5607 luxuria.

2290 5635 2366 5691 De
2394 5637 2667 5705 superlia.
2702 5639 2844 5707 quod
2895 5649 2979 5695 est
3016 5650 3175 5711 caput
3230 5645 3471 5699 omnium
3520 5644 3784 5705 vitiorum,

2217 5727 2465 5781 oriuntur
2485 5730 2857 5802 suprascripta
2879 5740 3085 5803 septem
3100 5734 3231 5790 vilia
3250 5736 3570 5792 criminalia.
3596 5735 3787 5805 Super-

2216 5820 2303 5876 bia
2330 5820 2529 5877 dicitur
2557 5823 2715 5893 quasi
2758 5828 3176 5898 supergrediens
3201 5838 3439 5889 mentem
3464 5831 3531 5887 de
3562 5843 3629 5887 eo
3651 5825 3783 5898 quod

3261 2804 3385 2844 ηιι.
3438 2807 3496 2848 ιν
3532 2808 3671 2857 QUOD
3706 2811 3794 2852 EST
