4032 6354
256 338 387 399 1195

1059 328 1209 387 ΟΡΡ.
1252 324 1650 386 SUPPOSITA.
1688 351 1759 364 ——
1793 320 1920 375 LIB.
1962 316 2051 372 DE
2090 313 2341 372 DIVINIS
2379 310 2681 371 OFFlCllS.

3361 308 3501 367 1191

256 475 358 517 ιιοιι
380 460 484 512 est.
513 450 668 509 Unde
690 408 952 523 superbus
976 448 1132 519 quasi
1178 455 1331 503 extra
1356 446 1499 509 viam
1528 442 1823 506 ambulans,
1853 440 1904 501 Α
1930 432 2285 502 dignoscitur,
2310 430 2519 501 abiecto
2542 430 2714 495 vultu,
2751 426 2977 523 pallido
3001 434 3246 523 aspectu,
3273 423 3507 523 turbidis

258 550 319 604 de
345 561 446 617 qua
501 542 780 612 Scriptura
815 559 827 592 :
871 540 1091 593 Initium
1132 540 1299 591 omnis
1344 537 1543 608 peccati
1588 532 1829 604 superbia

260 636 439 712 (Eccli.
473 652 527 699 χ,
559 634 668 706 15).
708 633 776 689 Et
801 632 920 687 ideo
945 632 1155 686 initium
1179 630 1375 684 dicitur
1396 629 1571 683 omnis
1600 625 1828 697 peccati,

258 730 376 802 quia
404 730 517 798 ipsa
543 726 823 796 praecessit
846 724 899 779 in
928 724 1164 790 diabolo,
1196 730 1251 777 et
1276 738 1383 777 non
1436 722 1608 777 solum
1641 734 1835 791 pecca-

258 831 367 877 tum
391 829 475 874 est
504 819 642 890 ipsa,
669 819 760 873 sed
780 817 943 872 etiam
964 816 1167 871 nullum
1192 823 1474 884 peccatum
1491 812 1608 868 ﬁeri
1636 810 1830 882 potuit,

255 899 449 985 potest,
475 919 570 965 aut
595 910 793 980 poterit
839 910 955 964 sine
976 910 1111 978 ipsa.
1146 908 1317 963 Porro
1360 907 1624 977 cupiditas
1674 913 1836 972 atque

262 1002 509 1072 superbia
557 1000 611 1053 in
656 1009 864 1055 tantum
912 1016 1078 1054 unum
1123 1006 1211 1053 est
1257 997 1480 1062 malum,
1512 1002 1571 1049 ut
1596 1008 1697 1049 nec
1721 994 1837 1048 sine

260 1096 506 1165 superbia
534 1095 702 1164 possit
733 1092 960 1147 inveniri
990 1090 1276 1161 cupiditas.
1307 1088 1423 1142 Non
1455 1087 1596 1141 enim
1625 1085 1837 1154 primus

262 1188 423 1242 homo
453 1186 641 1241 ederet
662 1186 726 1239 de
748 1184 891 1254 ligno
935 1181 1230 1253 prohibito,
1263 1179 1365 1233 nisi
1394 1178 1835 1245 concupisceret;

263 1296 361 1335 nec
391 1280 735 1333 desereretur
762 1292 791 1329 a
821 1276 1064 1338 Domino,
1091 1273 1193 1327 nisi
1221 1272 1370 1342 prius
1404 1271 1519 1341 ipse
1545 1275 1836 1323 desereret.

264 1370 337 1423 De
364 1368 614 1438 superbia
644 1367 773 1421 dicit
814 1364 1145 1436 Augustinus
1176 1381 1188 1417 :
1223 1380 1240 1411 ‹
1280 1361 1508 1415 V'itanda
1553 1360 1708 1413 nobis
1759 1366 1842 1412 est

261 1458 531 1525 superbia,
563 1472 682 1527 qua:
708 1466 763 1511 et
790 1455 1008 1525 angelos
1038 1454 1189 1507 novit
1213 1451 1485 1520 decipere,
1516 1456 1570 1502 et
1597 1449 1843 1502 homines

258 1551 541 1620 dissipare.
580 1570 599 1602 ι
638 1549 998 1618 Hieronymus
1030 1563 1043 1600 :
1074 1565 1091 1597 ‹
1128 1544 1226 1599 Vir
1257 1545 1520 1613 superbus
1544 1558 1650 1596 non
1680 1541 1842 1596 deco-

256 1643 488 1707 rabilur,
540 1658 638 1697 nec
681 1642 1014 1695 voluntatem
1067 1654 1217 1693 suam
1260 1636 1525 1706 perficiet.
1564 1656 1582 1687 ι
1614 1634 1844 1689 Ambro-

258 1732 374 1786 sius
403 1747 417 1785 :
457 1750 473 1782 ι
512 1729 775 1801 Superbia
808 1746 875 1785 ex
898 1728 1103 1800 angelis
1132 1728 1404 1781 daemones
1448 1724 1595 1790 fecit,
1627 1723 1846 1779 humili-

1932 523 2121 587 oculis,
2147 526 2362 578 turbato
2391 523 2558 577 vultu.
2587 523 2662 577 De
2692 524 2795 577 hac
2840 521 3059 574 tristitia
3101 519 3234 573 dicit
3280 514 3506 587 Aposto—

1931 615 2017 670 lus
2043 634 2054 668 :
2083 613 2213 679 Qum
2260 617 2398 669 enim
2439 615 2723 669 secundum
2776 613 2941 666 Deum
2984 610 3196 664 tristitia
3225 618 3321 675 est,
3351 602 3513 680 paeni.

1933 706 2150 761 tentiam
2176 706 2229 758 in
2278 705 2497 759 salutent
2526 704 2762 758 stabilem
2806 713 3092 770 operatur:
3121 699 3303 755 δαναιιί
3338 709 3513 777 autem

1935 797 2151 851 tristitia
2180 806 2396 848 mortem
2420 804 2666 864 operatur
2696 793 2781 866 (11
2810 792 2932 848 Car.
2962 808 3057 856 γιι,
3091 791 3201 863 10).
3222 790 3469 867 Alibique
3496 807 3508 842 :

1938 887 2226 941 Tristitiam
2255 903 2357 939 non
2382 886 2472 939 des
2499 886 2686 940 animat
2738 896 2860 939 tuan
2888 886 3124 939 Isidorus
3150 903 3161 936 :
3202 902 3219 933 ι
3258 883 3352 938 Vis
3377 897 3520 937 nun--

1936 993 2096 1048 quam
2153 993 2273 1032 esse
2314 976 2522 1031 tristis?
2555 978 2691 1030 bene
2734 978 2897 1030 vive:
2932 984 3143 1031 secreta
3186 972 3515 1030 conscientia

1938 1068 2216 1122 tristitiam
2248 1066 2442 1120 leniter
2470 1067 2719 1120 sustinet.
2762 1087 2779 1118 ι
3116 1082 3121 1083 ί
3270 1078 3273 1081 -
3340 1076 3346 1084 ·

2008 1176 2171 1248 472
2201 1176 2274 1231 De
2302 1178 2527 1231 avaritia
2560 1176 2701 1249 (quae
2730 1177 2916 1233 Grmce
2946 1180 3143 1233 dicitur
3168 1181 3516 1251 philargyria,

1941 1270 1995 1324 id
2019 1278 2121 1334 est,
2155 1286 2306 1322 amor
2358 1270 2619 1340 pecunim,
2652 1270 2719 1323 ab
2749 1270 3002 1324 aviditate
3030 1272 3194 1335 dicta,
3226 1274 3365 1327 unde
3396 1289 3516 1327 ava.

1945 1375 2059 1424 rus,
2082 1359 2236 1429 quasi
2264 1360 2448 1413 avidus
2475 1360 2615 1425 auri,
2639 1361 2730 1429 qui
2753 1377 3024 1429 nunquam
3046 1364 3238 1430 opibus
3254 1361 3527 1439 expletur)

1944 1451 2187 1505 nascitur
2214 1450 2469 1520 proditio,
2498 1450 2668 1516 fraus,
2697 1452 2929 1517 fallacra,
2967 1453 3284 1523 perjurium,
3315 1456 3524 1523 inquie~

1947 1542 2092 1606 tudo,
2123 1540 2398 1605 violentia,
2428 1549 2483 1595 et
2526 1551 2711 1607 contra
2766 1544 3191 1599 miscricordiam
3242 1545 3524 1599 obduratio

1948 1632 2145 1687 cordis.
2185 1630 2260 1685 De
2290 1632 2392 1685 hac
2418 1632 2546 1686 dicit
2575 1632 2866 1700 Apostolus
2900 1654 2911 1687 :
2960 1634 3141 1705 Neque
3171 1635 3339 1699 avari,
3365 1652 3526 1705 neque

1950 1740 2162 1794 rapaces
2195 1739 2407 1794 regnum
2452 1723 2551 1777 Dei
2596 1725 2929 1795 possidebunt
2962 1725 3014 1797 (Ι
3054 1727 3177 1780 Cor.
3203 1743 3278 1793 γι,
3310 1726 3419 1800 10).
3462 1727 3529 1781 Et

254 1830 340 1876 tas
371 1832 551 1876 autem
580 1822 829 1877 homines
849 1821 1052 1875 sanctis
1080 1819 1282 1890 angelis
1310 1818 1513 1871 similes
1542 1817 1736 1871 reddit.
1778 1836 1797 1869 ι
1870 1801 1917 1860 Β
1948 1816 2199 1873 Salomon
2232 1836 2243 1871 :
2274 1819 2476 1872 Avarus
2495 1836 2597 1872 non
2620 1818 2918 1889 implebitur
2936 1821 3168 1890 pecuniis
3192 1819 3429 1890 (Eccl.v,
3448 1822 3524 1892 9).

332 1913 414 1969 De
449 1915 594 1968 inani
628 1916 819 1985 gloria,
852 1914 904 1968 id
933 1922 1035 1979 est,
1083 1928 1239 1977 vana,
1286 1928 1405 1982 qum
1432 1909 1618 1966 Graece
1647 1910 1842 1965 dicitur

252 2003 532 2069 κενοδοξία,
564 2006 802 2059 nascitur
822 2003 1203 2065 inobedientia,
1254 2001 1578 2071 hypocrisis,
1622 2008 1845 2055 conten-

251 2094 473 2157 tiones,
529 2094 868 2162 pertinaciae,
920 2093 1203 2147 discordize
1250 2101 1303 2145 et
1354 2092 1652 2145 novitatum
1708 2107 1847 2162 pra:—

250 2196 613 2257 sumptiones.
646 2187 713 2241 Et
741 2187 886 2241 enim
915 2187 1128 2239 vanitas
1154 2183 1339 2239 inﬂata
1384 2185 1640 2255 appetitio
1670 2184 1845 2258 digni-

252 2285 451 2341 tatum,
480 2277 651 2332 dulcis
682 2277 925 2341 miseris,
955 2292 1139 2331 amara
1169 2276 1448 2347 perfectis,
1476 2278 1561 2332 cui
1604 2278 1847 2332 serviunt

249 2366 468 2432 tumidi,
501 2367 601 2422 sub
627 2383 731 2437 qua
758 2365 943 2436 jacent
982 2367 1130 2431 elati,
1164 2375 1382 2437 tamque
1408 2382 1502 2422 eos
1552 2368 1715 2422 ardor
1743 2369 1847 2423 hu-

248 2476 430 2515 mana:
455 2460 634 2515 laudis
659 2458 973 2526 inﬂammat,
1003 2467 1061 2513 ut
1087 2461 1357 2516 laboriosa
1394 2465 1575 2531 opera,
1607 2478 1728 2532 qua:
1752 2478 1849 2533 po-

247 2552 413 2620 pulus
461 2552 783 2616 admiretur,
819 2560 874 2606 et
900 2551 1095 2622 quibus
1153 2551 1296 2607 fama
1341 2554 1681 2621 diffunditur,
1733 2555 1849 2609 sine

247 2640 442 2696 labore
501 2640 817 2711 suscipiant,
850 2651 904 2697 et
946 2641 1176 2698 libenter
1209 2653 1499 2699 exerceant
1531 2662 1544 2698 :
1574 2646 1718 2700 unde
1765 2652 1851 2701 est

248 2733 397 2802 quod
436 2732 720 2802 jejunare,
762 2735 1055 2800 abstinere,
1106 2735 1353 2807 vigilare,
1396 2736 1693 2792 Ecclesiam
1738 2736 1850 2792 fre-

248 2833 548 2894 quentare,
579 2825 663 2880 vel
693 2826 945 2896 psallere,
976 2841 1099 2881 cum
1128 2827 1244 2881 haec
1283 2828 1466 2883 omnia
1511 2828 1628 2883 sine
1666 2827 1852 2883 labore

245 2931 362 2970 non
406 2915 646 2980 faciunt,
676 2918 839 2971 etiam
866 2933 991 2973 cum
1043 2917 1400 2974 delectatione
1426 2918 1650 2983 faciunt,
1693 2926 1753 2973 ut
1785 2918 1853 2973 ab

249 3006 599 3072 hominibus,
625 3008 821 3078 quibus
843 3007 1075 3078 placere,
1103 3024 1211 3063 non
1258 3008 1386 3074 Deo,
1423 3010 1747 3074 desiderant,
1773 3008 1853 3063 vi-

251 3097 500 3153 deantur
529 3116 541 3151 :
570 3099 713 3154 unde
745 3097 954 3154 Veritas
983 3117 997 3153 :
1027 3098 1192 3154 Amen
1222 3100 1339 3154 dico
1365 3100 1525 3166 vobis,
1552 3108 1851 3171 receperunt

243 3193 553 3248 mercedem
578 3210 730 3246 suam
752 3191 967 3265 (Matth.
993 3210 1069 3259 vr,
1100 3194 1177 3266 2).

320 3282 403 3337 De
430 3283 636 3338 invidia
666 3284 777 3337 sive
822 3284 1022 3350 invido,
1071 3285 1162 3354 qui
1214 3285 1282 3340 ab
1312 3284 1598 3339 invidendo
1626 3285 1850 3339 alterius

247 3374 515 3431 felicitati
568 3375 787 3441 dicitur,
839 3378 1083 3432 nascitur
1134 3379 1337 3441 odium,
1392 3379 1712 3443 susurratio,
1760 3378 1853 3432 de-

246 3466 481 3527 tractio,
517 3464 809 3519 exsultatio
838 3465 889 3520 in
937 3467 1179 3520 adversis
1218 3468 1473 3535 proximi,
1512 3467 1729 3522 afﬂictio
1758 3484 1854 3521 au-

228 3564 367 3611 tem
399 3556 460 3607 in
518 3555 809 3623 prosperis.
858 3555 935 3611 De
985 3557 1087 3611 hac
1126 3556 1417 3626 Apostolus
1470 3560 1851 3625 comminatur,

251 3648 457 3703 dicens
492 3664 505 3699 :
538 3645 640 3711 Qui
666 3646 773 3700 odit
801 3647 1015 3717 fratrem
1050 3666 1221 3714 suum,
1246 3651 1507 3703 homicida
1536 3662 1610 3705 est
1643 3666 1659 3703 :
1693 3662 1739 3705 et
1765 3653 1855 3723 qui

242 3739 485 3803 invidet,
519 3738 573 3790 in
596 3738 819 3792 tenebris
841 3748 935 3805 est,
966 3750 1013 3796 et
1035 3742 1090 3795 in
1116 3742 1337 3795 tenebris
1365 3742 1596 3795 ambulat
1617 3741 1669 3814 (I
1690 3742 1853 3796 Joan.

244 3847 334 3896 ιιι,
370 3830 480 3897 15;
514 3846 577 3895 ιι,
610 3830 718 3901 li).
754 3831 905 3887 Unde
934 3833 1068 3887 nihil
1111 3832 1380 3888 infelicius
1424 3842 1599 3903 potest
1623 3850 1744 3889 esse
1769 3834 1856 3889 in-

242 3927 403 3990 vido,
438 3925 541 3994 qui
575 3924 769 3979 alienis
797 3933 1078 3995 torquetur
1104 3926 1259 3981 bonis
1292 3946 1303 3979 :
1332 3927 1531 3981 invidia
1558 3928 1703 3981 cnim
1730 3924 1855 3982 sen-

247 4036 379 4073 sum
409 4018 652 4083 mordet,
676 4027 865 4088 pectus
885 4022 1011 4085 urit,
1040 4030 1278 4076 mentem
1302 4020 1494 4086 allicit;
1520 4030 1574 4077 et
1601 4023 1690 4092 qui
1723 4023 1843 4076 invi.

245 4111 367 4175 det,
400 4110 608 4166 similis
638 4119 721 4164 est
751 4111 987 4178 diabolo,
1019 4112 1112 4181 qui
1161 4128 1259 4183 per
1294 4113 1550 4169 invidiam
1581 4114 1857 4169 hominem

246 4203 315 4257 de
346 4202 621 4273 paradiso
651 4201 831 4271 ejecit.

320 4295 404 4350 De
434 4295 527 4349 ira
557 4293 737 4364 longa,
788 4311 907 4364 quae
937 4297 1004 4349 ah
1033 4296 1401 4365 indignatione
1445 4298 1661 4364 dicitur,
1696 4315 1726 4353 a
1752 4315 1881 4369 qua.

244 4394 301 4441 et
333 4378 656 4448 iracundia,
692 4401 756 4440 eo
785 4388 926 4456 quod
954 4404 1183 4443 accenso
1225 4390 1501 4460 sanguine,
1535 4391 1586 4444 in
1622 4391 1858 4445 furorem

239 4476 639 4548 compellitur,
672 4487 973 4531 nascuntur
1005 4480 1156 4543 rixae,
1192 4488 1369 4534 tumor
1412 4482 1630 4546 mentis,
1664 4488 1855 4534 contu-

1943 1910 2011 1965 Et
2033 1911 2176 1965 idem
2211 1929 2223 1963 :
2255 1912 2426 1964 Avaro
2463 1921 2634 1966 autem
2664 1912 2795 1965 nihil
2829 1920 2903 1965 est
2949 1911 3253 1967 scelestius:
3298 1912 3530 1984 nihilque

1945 2000 2172 2071 iniquius
2201 2018 2357 2072 quam
2381 2019 2559 2055 amare
2593 2020 2868 2071 pecumam
2902 2002 3092 2074 (Eccli.
3141 2020 3197 2068 Χ,
3226 2002 3302 2074 9).
3333 2003 3399 2057 Ει
3426 2005 3529 2058 ite-

1946 2107 2063 2145 rum
2098 2110 2110 2145 :
2146 2090 2276 2146 Cum
2302 2094 2438 2147 enim
2462 2099 2714 2147 morietur
2735 2094 2913 2159 homo,
2944 2094 3274 2147 luereditaoit
3316 2111 3529 2164 serpen—

1944 2191 2020 2236 tes
2041 2191 2088 2236 et
2121 2182 2309 2237 bestias
2337 2193 2384 2236 et
2409 2200 2597 2237 vermes
2623 2183 2810 2256 (Ibid.,
2836 2202 2881 2238 v.
2914 2184 3020 2255 l5).
3055 2184 3167 2239 Hoc
3190 2201 3318 2239 vero
3341 2186 3531 2239 vitium

1946 2273 2180 2326 vincitur
2206 2273 2260 2326 in
2282 2272 2566 2343 largitione
2590 2289 2908 2343 pauperum,
2954 2276 3007 2329 in
3036 2275 3342 2330 visitatione
3384 2276 3534 2330 infir-

1947 2379 2185 2430 morum,
2205 2365 2258 2419 in
2288 2372 2602 2435 tegumento
2618 2366 2905 2431 nudorum,
2933 2374 2987 2420 et
3018 2367 3073 2420 in
3104 2366 3375 2421 reddendo
3393 2369 3536 2438 quod

1950 2456 2148 2527 mjuste
2178 2456 2417 2511 ablatum
2446 2466 2547 2513 est.
2578 2465 2632 2513 et
2652 2459 2705 2512 in
2735 2456 2860 2512 ﬂetu
2893 2475 2957 2514 ac
2983 2458 3235 2531 lacrymis
3259 2476 3381 2514 cum
3408 2476 3537 2515 con-

1950 2548 2171 2604 tritione
2200 2550 2404 2617 cordis,
2435 2550 2574 2604 sicut
2598 2550 2857 2605 Dominus
2883 2551 3013 2605 dicit
3049 2569 3062 2605 :
3094 2550 3156 2606 Si
3177 2552 3250 2604 vis
3272 2550 3533 2622 perfectus

1950 2657 2082 2705 esse,
2115 2640 2242 2694 vade
2266 2650 2313 2695 et
2348 2641 2506 2695 vende
2555 2642 2731 2696 omnia
2761 2658 2878 2714 quae
2903 2640 3080 2709 habes,
3116 2651 3165 2695 et
3191 2642 3260 2695 da
3289 2643 3535 2713 pauperi-

1954 2732 2047 2786 bus
2070 2732 2284 2803 (Matth.
2321 2750 2432 2797 xrx,
2464 2732 2576 2805 21).

2025 2825 2102 2881 De
2131 2827 2336 2881 ventris
2359 2827 2610 2898 ingluvie,
2635 2843 2754 2897 quae
2779 2827 2966 2883 Gmce
2994 2827 3190 2882 dicitur
3215 2826 3534 2898 gastrimar—

1955 2917 2060 2989 gia,
2097 2917 2149 2971 id
2178 2926 2278 2981 est,
2309 2919 2526 2973 horrida
2551 2920 2820 2974 voracitas
2842 2929 3004 2990 atque
3043 2919 3321 2991 gulositas,
3363 2935 3481 2989 quae
3504 2935 3537 2975 a

1956 3009 2077 3081 gula
2110 3009 2323 3075 dicitur,
2354 3011 2597 3065 nascitur
2621 3010 2800 3081 inepta
2831 3011 3038 3076 lmtitia,
3079 3011 3398 3077 scurrilitas,
3431 3011 3535 3066 im-

1957 3101 2245 3167 munditia,
2303 3102 2717 3172 stultiloquium,
2784 3104 3202 3172 multiloquium,
3269 3101 3538 3157 bebetudo

1873 3180 1920 3242 C
1955 3208 2145 3248 sensus
2177 3193 2319 3248 circa
2353 3192 2781 3262 intelligentiam,
2821 3202 2874 3249 et
2900 3202 2983 3249 est
3028 3194 3221 3248 vitium
3270 3193 3533 3264 spiritale.

1953 3283 2030 3339 De
2080 3286 2183 3339 hoc
2226 3286 2487 3354 scriptum
2516 3293 2642 3340 est:
2676 3285 2777 3351 Qui
2823 3286 3047 3340 continet
3096 3296 3322 3339 ventrem
3361 3301 3534 3350 suum,

1954 3377 2140 3430 minuit
2175 3378 2340 3430 vitia:
2382 3377 2705 3431 abundantia
2737 3388 2909 3430 autem
2931 3394 3183 3443 escarum,
3218 3379 3379 3431 nutrit
3402 3377 3541 3432 desi-

1955 3466 2101 3519 deria
2137 3466 2299 3520 mala.
2333 3465 2517 3520 Multce
2548 3484 2676 3520 esca:
2708 3469 2944 3520 nutriunt
2978 3479 3203 3522 ventrem
3227 3468 3538 3536 fornicatio-

1957 3558 2055 3608 nis.
2085 3557 2150 3609 Et
2175 3556 2463 3625 Apostolus
2489 3572 2503 3610 :
2531 3556 2652 3609 Non
2676 3556 2731 3610 in
2760 3557 3221 3611 comessationibus
3252 3568 3299 3610 et
3321 3558 3540 3612 ebrieta-

1957 3648 2093 3700 tibus
2122 3647 2298 3718 (Rom.
2320 3646 2564 3717 x111,15).
2592 3647 2658 3700 Et
2686 3648 2808 3716 quia
2827 3650 3037 3718 primus
3061 3648 3222 3702 homo
3241 3648 3374 3703 vitio
3399 3648 3537 3719 gulte

1958 3738 2170 3800 cecidit,
2194 3753 2412 3794 necesse
2434 3745 2535 3801 est,
2561 3745 2619 3791 ut
2641 3753 2736 3807 per
2758 3738 3138 3792 abstinentiam
3162 3754 3532 3810 resurgamus.

1957 3830 2106 3886 Laeta
2152 3847 2281 3886 caro
2325 3831 2491 3885 traxit
2537 3846 2636 3886 nos
2662 3831 2729 3886 ad
2752 3839 3055 3902 peccatum,
3083 3831 3281 3886 alllicta
3311 3830 3539 3886 reducat

1957 3923 2024 3977 ad
2046 3923 2278 3977 veniam.

2030 4012 2107 4068 De
2138 4013 2373 4077 luxuria,
2398 4029 2516 4082 quae
2537 4028 2568 4067 a
2595 4013 2723 4067 luxu
2764 4028 2960 4069 nomen
2988 4014 3213 4083 accepit,
3246 4021 3300 4068 et
3330 4022 3415 4068 est
3436 4012 3537 4067 im-

1960 4107 2222 4161 munditia
2254 4106 2570 4176 corporalis,
2603 4106 2743 4160 unde
2771 4114 2825 4159 et
2850 4105 3181 4169 luxuriosus,
3214 4106 3365 4173 quasi
3394 4104 3537 4159 solu-

1959 4206 2046 4253 tus
2094 4207 2148 4253 et
2190 4207 2479 4268 corruptor
2522 4198 2738 4263 dicitur,
2784 4198 3024 4252 nascitur
3053 4198 3272 4252 caecitas
3317 4196 3531 4263 mentis,

1959 4292 2400 4358 inconsideratio,
2430 4294 2813 4356 inconstantia,
2848 4294 3222 4364 praecipitatio,
3256 4310 3409 4349 amor
3431 4293 3535 4357 sui,

1960 4385 2139 4438 odium
2183 4383 2301 4448 Dei,
2328 4384 2535 4438 afﬂatus
2572 4384 2853 4454 prmsentis
2882 4384 3084 4448 surculi,
3135 4384 3330 4439 Lorror
3359 4392 3537 4440 autem

1958 4476 2042 4529 vel
2069 4476 2377 4545 desperatio
2400 4475 2727 4530 futurorum.
2774 4476 2869 4531 Est
2909 4484 3087 4531 autem
3132 4478 3322 4532 vitium
3347 4493 3543 4549 corpo-

243 4569 452 4631 meliae,
482 4567 722 4647 clamor,
745 4570 1450 4641 indignatio,hlasphemi;e.
1476 4574 1549 4627 De
1574 4574 1688 4643 ipsa
1713 4574 1856 4627 enim
1884 4552 1932 4609 Ῑ)
1958 4567 2092 4620 rale.
2119 4565 2195 4622 De
2240 4568 2356 4636 ipso
2388 4568 2524 4647 dicit
2559 4567 2846 4637 Apostolus
2874 4586 2888 4623 :
2919 4567 3111 4638 Fugite
3137 4570 3537 4639 fornicationem

240 4660 383 4715 dicit
406 4658 704 4735 Scriptura
726 4659 783 4710 ε]
792 4678 849 4713 ra
868 4664 923 4714 in
946 4663 1063 4715 sinu
1094 4662 1240 4717 stulti
1265 4666 1535 4733 requiescit
1568 4664 1737 4736 (Eccl.
1759 4681 1852 4731 γιι,

240 4752 360 4821 10).
398 4752 471 4805 Et
505 4748 679 4803 alibi:
710 4747 801 4801 Ira
829 4750 963 4802 enim
990 4750 1088 4803 viri
1115 4753 1380 4817 justitiam
1408 4753 1504 4803 Dei
1537 4771 1640 4806 non
1668 4771 1856 4821 opera-

240 4848 337 4893 tur
368 4838 526 4910 (Jac.
588 4853 628 4903 ι,
671 4836 785 4910 20).
818 4838 885 4891 Et
911 4838 964 4891 iu
994 4838 1203 4908 psalmo
1255 4839 1320 4893 dc
1368 4840 1679 4908 quotidiana
1728 4840 1852 4895 ira:

242 4930 601 4991 Irascimini,
628 4938 676 4981 et
707 4928 865 4983 nolite
890 4946 1100 4998 peccare
1137 4928 1311 5001 (Psal.
1357 4947 1429 4995 ιγ,
1478 4931 1555 5004 5).
1604 4932 1671 4986 Et
1718 4932 1859 5004 Apo—

236 5012 425 5075 stolus
461 5037 475 5072 :
516 5016 619 5074 Sol
650 5035 753 5072 non
805 5019 1006 5072 occidat
1052 5037 1208 5090 super
1254 5022 1585 5076 iracundiam
1631 5034 1854 5078 vestram

241 5115 482 5185 (Ephes.
518 5128 599 5177 ιγ,
624 5111 738 5182 26),
764 5119 818 5167 et
840 5111 966 5165 alibi
1000 5130 1011 5164 :
1042 5112 1147 5165 Illa
1176 5114 1312 5167 enim
1334 5115 1415 5168 ira
1456 5114 1596 5169 mala
1620 5126 1716 5181 est,
1739 5133 1855 5187 quia

241 5213 486 5257 mentem
521 5202 722 5266 turbat,
748 5210 803 5253 ut
831 5212 1025 5255 rectum
1055 5203 1331 5257 consilium
1356 5207 1558 5275 perdat.

317 5298 401 5352 De
452 5294 708 5359 tristitia,
765 5310 884 5363 quae
931 5294 1104 5349 oritur
1132 5310 1200 5349 ex
1228 5296 1326 5359 ira,
1361 5299 1599 5353 nascitur
1626 5300 1852 5367 malitia,

241 5404 483 5453 rancor,
511 5384 953 5455 pusillanimitas,
980 5385 1309 5453 desperatio,
1333 5394 1520 5457 torpor
1543 5388 1688 5453 circa
1717 5404 1856 5458 prae-

241 5495 433 5557 cepta,
461 5483 689 5552 vagatio
709 5482 908 5536 mentis
933 5495 1059 5551 erga
1086 5481 1289 5536 illicita.
1337 5483 1402 5537 Et
1423 5484 1698 5540 sciendum
1727 5486 1854 5557 quia

242 5580 399 5633 inter
434 5558 729 5629 tristitiam
760 5582 816 5629 et
857 5573 1171 5628 mmstitiam
1200 5574 1302 5631 hoc
1348 5575 1573 5631 interest
1605 5596 1616 5630 :
1650 5578 1858 5633 moesti-

242 5672 344 5735 tia,
380 5666 586 5723 cordis
610 5672 723 5730 est;
754 5664 993 5730 tristitia,
1024 5664 1222 5719 .vultus
1250 5684 1263 5718 :
1315 5674 1567 5721 moestum
1597 5669 1742 5723 enim
1772 5667 1859 5724 vel

242 5762 503 5817 inertem
565 5755 792 5809 dicimus
840 5754 1111 5820 animum;
1159 5754 1331 5811 tristis
1380 5757 1523 5812 enim
1552 5757 1725 5818 facie.
1782 5759 1858 5814 ita

644 5848 919 5909 PATROL.
965 5844 1064 5909 CI.

1960 4658 2011 4731 (I
2040 4658 2160 4712 Cor.
2197 4675 2273 4724 γι,
2300 4644 2407 4732 18).
2452 4661 2519 4713 Et
2544 4660 2687 4714 idem
2716 4679 2728 4713 :
2764 4658 3136 4715 Fornicatores
3175 4672 3224 4716 et
3270 4662 3538 4718 adulteros

1946 4749 2209 4816 judicabit
2234 4750 2487 4804 Dominus
2516 4749 2701 4815 (Hebr.
2724 4766 2843 4809 xm,
2876 4749 2952 4819 4).
2979 4750 3334 4823 Hieronymus
3362 4770 3374 4806 :
3404 4772 3422 4804 ι
3444 4752 3537 4807 Vae

1957 4837 2033 4892 illi
2064 4839 2154 4908 qui
2187 4846 2316 4893 tunc
2360 4838 2612 4893 habuerit
2660 4839 2949 4893 terminum
2991 4834 3216 4897 luxuriae
3243 4845 3455 4913 quando
3484 4853 3541 4901 et

1958 4931 2099 4985 vitae.
2126 4949 2144 4982 ι
2163 4929 2418 4985 Diabolus
2440 4945 2537 4998 per
2565 4930 2870 4999 superbiam
2893 4940 2945 4986 et
2962 4932 3367 4990 fornicationem
3390 4936 3537 4991 omni

1960 5024 2239 5077 hominum
2264 5023 2446 5093 generi
2470 5022 2799 5078 dominatur.
2826 5025 3089 5082 Omnibus
3109 5029 3346 5097 peccatis
3372 5027 3541 5084 forni-

1961 5117 2103 5170 catio
2130 5113 2301 5183 major
2329 5122 2450 5179 est;
2477 5116 2670 5171 melius
2694 5119 2834 5173 mori
2858 5135 3015 5189 quam
3039 5119 3293 5175 fornicari
3326 5139 3336 5172 :
3369 5120 3535 5176 libido

1961 5206 2015 5260 in
2064 5205 2336 5260 infernum
2378 5206 2654 5261 hominem
2705 5211 2901 5280 mergit
2937 5229 2949 5265 :
2980 5218 3037 5264 et
3080 5210 3379 5273 sciendum,
3409 5210 3538 5279 quia

1961 5296 2334 5360 fornicatores,
2392 5296 2697 5363 libidinosi,
2758 5298 3078 5362 Sodomitae,
3138 5297 3397 5363 adulteri,
3453 5299 3538 5354 in-

1962 5390 2215 5454 ecstuosi,
2248 5397 2711 5461 constupratores,
2737 5400 3002 5461 raptores,
3037 5390 3244 5455 molles,
3272 5393 3540 5449 masculo-

1961 5500 2081 5538 rum
2118 5483 2514 5550 concubitores,
2572 5485 2853 5549 immundi,
2892 5483 3207 5553 pollutores,
3256 5486 3532 5555 impudici,

1960 5575 2283 5645 generaliter
2321 5576 2585 5631 luxuriosi
2631 5577 2994 5630 nominantur.
3055 5576 3206 5632 Unde
3252 5575 3537 5633 fornicatio

1961 5666 2157 5722 dicitur
2190 5680 2340 5720 amor
2368 5665 2607 5737 legitimo
2636 5664 2905 5718 connubio
2946 5663 3173 5730 solutus,
3202 5674 3256 5720 et
3279 5682 3415 5738 vaga
3436 5682 3533 5723 εχει
3604 5690 3607 5693 ν

1957 5758 2168 5828 plendae
2195 5756 2433 5813 libidinis
2457 5754 2831 5812 consectandae
2858 5754 3089 5811 licentia.
3142 5756 3217 5811 De
3244 5772 3348 5828 qua
3395 5759 3528 5814 seri-

3055 5846 3134 5909 38
