4032 6354
28 180 43 195 Ἰ

16 240 39 253 ι..

16 262 41 317 ii

523 301 667 367 “95

1359 303 1424 360 Β.
1462 302 1526 357 F.
1566 298 1795 361 ΑιΒιΝι
1830 297 1964 358 SEU
2002 295 2279 358 ALCUINI
2314 295 2603 357 OPERUM
2637 295 2819 357 PARS
2854 296 2953 358 1X.

3654 300 3803 361 H96

517 435 674 501 ptum
689 428 773 479 est
799 418 937 488 ιριιὶ
958 417 1274 491 fornicatur,
1300 418 1355 472 in
1380 432 1537 471 carne
1560 433 1656 470 sua
1678 422 1855 486 peccat
1880 426 1898 465 :
1921 420 1969 467 et
1991 428 2104 466 ma-
2129 428 2177 487 Α
2211 420 2529 468 veneratur.
2577 410 2833 476 Susurro,
2866 411 2933 466 de
2979 422 3113 465 sono
3153 408 3445 469 locutionis
3489 409 3806 485 appellatur

514 516 652 588 juris
678 524 749 569 est
774 513 1027 575 criminis,
1055 512 1181 581 quia
1218 507 1351 563 tollit
1374 508 1603 561 membra
1641 504 1854 570 Christi,
1891 514 1938 558 et
1968 503 2095 573 facit

523 608 753 662 membra
776 602 971 658 diaboli
1008 600 1062 673 (Ι
1098 600 1222 655 Cor.
1257 616 1339 666 ιιι,
1366 599 1473 669 18).
1506 598 1797 653 Libidinosi
1822 596 2095 669 dicuntur,

524 698 617 770 qui
640 696 843 752 faciunt
859 692 1002 763 quod
1023 693 1104 748 eis
1124 692 1255 747 libet
1283 708 1296 745 :
1327 698 1453 745 sunt
1474 690 1618 745 enim
1649 688 1827 759 cupidi
1859 687 2097 756 voluptav

523 790 613 843 tis.
661 783 949 840 Sodomita:
996 782 1425 853 interpretantur
1472 780 1783 836 exclusores
1836 778 2096 847 ipsorum.

523 875 764 931 Adulteri
786 873 1060 939 dicuntur,
1094 872 1221 943 quia
1277 870 1501 928 alterius
1537 880 1715 926 torum
1743 868 1967 932 violant,
1988 868 2102 922 sive

523 965 784 1036 polluant.
831 963 1077 1019 Incestus
1102 963 1321 1028 dicitur,
1365 962 1523 1033 quasi
1572 962 1831 1024 incastos,
1883 966 2104 1030 propter

526 1059 771 1113 illicitam
801 1056 1257 1119 commistionem,
1301 1054 1356 1109 id
1392 1062 1495 1119 est,
1526 1044 1835 1122 quicunque
1859 1066 1981 1106 cum
2009 1065 2106 1120 pa-

525 1159 678 1204 rente
700 1148 933 1218 propria,
968 1154 1061 1200 aut
1086 1160 1292 1210 sorore,
1344 1144 1431 1198 vel
1473 1144 1655 1207 vidua,
1689 1143 1802 1198 sive
1849 1157 2104 1206 noverca,

526 1239 656 1304 ﬁlia,
674 1238 755 1292 vel
780 1244 1033 1307 cognata,
1061 1243 1221 1305 atque
1251 1234 1478 1289 Domino
1495 1242 2104 1303 sacrata,praesumpse-
2140 1240 2147 1248 '

526 1336 598 1391 rit
646 1333 922 1389 fornicari.
974 1331 1323 1401 Stupratores
1353 1329 1625 1393 dicuntur,
1665 1329 1935 1399 virginum
1980 1344 2107 1382 eor-

527 1432 795 1494 ruptores.
845 1422 1110 1492 Baptores
1166 1436 1199 1474 a
1256 1421 1536 1490 rapiendo,
1579 1420 1671 1491 qui
1724 1428 1876 1489 rapto
1924 1427 2110 1489 stupro

528 1514 797 1569 fi'uuntur.
826 1511 980 1567 Unde
1011 1519 1065 1565 et
1092 1511 1234 1566 inter
1282 1518 1546 1582 stuprum,
1600 1509 1920 1564 adulterium
1946 1517 1999 1564 et
2030 1510 2109 1563 in—

527 1614 736 1661 cestum
788 1604 859 1659 ita
909 1604 1088 1658 diﬂ'ert
1119 1622 1131 1657 :
1162 1611 1409 1673 stuprum
1436 1603 1492 1656 in
1520 1602 1747 1670 virgine,
1789 1600 2111 1657 adulterium

528 1706 582 1760 in
611 1713 796 1776 nupta,
829 1705 1068 1761 incestus
1096 1702 1150 1756 in
1178 1700 1514 1773 parentibus.
1546 1699 1731 1755 Molles
1760 1709 1884 1755 sunt
1906 1697 2113 1754 effemi-

2202 506 2253 561 id
2284 513 2387 573 est,
2419 506 2509 575 qui
2543 502 2773 561 libéhter
2797 503 3003 557 inutilia
3034 501 3202 557 audit.
3245 502 3397 559 Unde
3449 501 3748 571 Scriptura
3785 522 3798 558 :

2202 597 2328 653 Non
2380 599 2451 653 sis
2497 613 2715 652 susurro
2769 595 2957 669 (Et-cli.
2990 609 3045 661 v,
3078 595 3189 666 16).
3223 592 3449 650 Malel‘tci
3475 600 3534 650 et
3564 594 3803 650 veneﬁci

2203 692 2479 758 dicuntur,
2504 693 2596 762 qui
2622 706 2784 747 causa
2817 690 3009 746 mortis
3038 704 3301 745 venenum
3326 696 3545 760 parant,
3582 695 3639 743 et
3662 688 3803 743 arti-

2203 785 2388 841 ficiose
2430 784 2598 840 multa
2649 784 2791 840 mala
2830 792 3178 855 componunt.
3221 782 3491 850 Maledici,
3537 781 3800 852 linguosi,

2204 877 2318 931 sive
2362 875 2603 948 litigiosi,
2655 874 2913 945 sortilegi,
2942 882 2996 929 et
3025 873 3196 927 divini
3240 873 3354 928 sive
3404 871 3639 927 fanatici
3668 888 3805 926 cou-

2198 965 2455 1039 jectores,
2473 967 2565 1036 qui
2588 968 2686 1021 sub
2704 980 2895 1019 nomen
2925 963 3063 1017 ﬁctae
3085 962 3382 1035 religionis,
3405 978 3503 1033 per
3529 962 3801 1034 quasdam

2208 1056 2366 1131 (quas
2383 1068 2557 1113 sortes
2587 1064 2898 1113 sanctorum
2927 1054 3143 1126 vocant)
3172 1055 3533 1109 divinationes
3548 1064 3607 1109 et
3627 1055 3802 1109 scien-

2209 1148 2338 1202 tiam
2360 1146 2702 1217 proﬁteutur.
2737 1144 2905 1199 Arioli
2958 1144 3073 1199 sive
3102 1144 3379 1214 aruspices
3407 1144 3631 1215 proprie
3657 1150 3802 1209 sunt,

2208 1238 2301 1309 qui
2333 1239 2478 1292 circa
2529 1253 2652 1291 aras
2696 1236 2961 1291 idolorum
3007 1234 3244 1291 nefarias
3298 1250 3488 1305 preces
3522 1236 3800 1290 emittunt.

2208 1328 2475 1398 Augures,
2499 1328 2589 1398 qui
2622 1327 2845 1398 auguria
2885 1335 2941 1381 et
2978 1326 3190 1381 volatus
3232 1335 3396 1396 atque
3424 1342 3592 1382 voces
3622 1328 3801 1381 avium

2211 1419 2514 1475 intendunt.
2542 1416 2796 1489 Auspicia
2824 1419 2968 1473 enim
3012 1419 3154 1474 ultro
3182 1419 3423 1473 veniunt.
3452 1418 3675 1497 Fatuus
3702 1427 3800 1481 est,

2212 1513 2305 1583 qui
2336 1513 2477 1583 quod
2504 1511 2649 1566 fatur
2676 1527 2783 1566 non
2810 1512 3078 1583 intelligit,
3108 1528 3282 1582 neque
3306 1513 3451 1582 quod
3475 1512 3565 1568 alii
3596 1513 3799 1575 dicunt,

2215 1613 2270 1658 et
2290 1603 2486 1658 dicitur
2512 1618 2724 1658 excors.
2773 1602 2849 1657 De
2873 1619 2979 1673 quo
3009 1603 3063 1657 in
3118 1603 3410 1674 Evangelio
3437 1622 3449 1657 :
3480 1603 3588 1670 Qui
3614 1603 3801 1659 dixerit

2219 1698 2364 1771 fatue
2383 1697 2593 1768 (Matth.
2623 1714 2676 1764 v,
2702 1697 2815 1769 ἓξ).
2836 1697 3019 1754 Genus
3043 1699 3186 1753 enim
3217 1699 3442 1754 convicii
3472 1711 3576 1755 est.
3601 1700 3800 1763 Racha.

528 1799 665 1863 nati,
684 1774 771 1852 vel
799 1797 890 1867 qui
914 1797 1110 1851 barbas
1132 1811 1237 1850 non
1263 1794 1479 1858 habent,
1506 1794 1619 1849 sive
1641 1794 1734 1865 qui
1755 1793 1977 1848 alterius
1998 1791 2107 1847 for-
2134 1774 2184 1836 θ
2213 1790 2377 1869 473
2394 1791 2571 1846 inanis
2588 1799 2643 1846 et
2668 1807 2887 1857 vacuus,
2909 1791 3027 1846 sive
3045 1792 3248 1863 absque
3275 1794 3522 1847 cerebro.
3543 1791 3643 1846 Est
3665 1793 3803 1846 enim

529 1889 851 1943 nicationem
903 1888 1189 1942 sustinent.
1222 1885 1296 1941 De
1339 1886 1535 1957 quibus
1563 1883 1890 1955 Apostolus:
1927 1881 2109 1954 Neque

528 1978 707 2033 molles
737 1995 949 2049 regnum
971 1976 1066 2033 Dei
1088 1976 1441 2049 possidebunt,
1485 1974 1839 2030 masculorum
1865 1974 2110 2029 concubi-

529 2079 686 2134 tores,
730 2070 941 2125 comites
984 2068 1379 2140 fornicantium,
1409 2067 1688 2132 immundi,
1718 2065 1923 2138 polluti,
1968 2066 2111 2119 coin-

527 2162 728 2234 quinati
762 2160 812 2233 (Ι
839 2160 961 2215 Cor.
989 2177 1063 2226 vi,
1103 2158 1211 2231 10),
1264 2160 1397 2216 socii
1437 2159 1750 2224 luxuriosis,
1796 2159 2108 2231 pollntores,

532 2252 823 2315 deformes,
855 2252 1249 2313 commaculati,
1281 2253 1368 2306 vel
1398 2252 1489 2323 qui
1520 2252 1755 2324 prepriis
1783 2251 2030 2305 manibus
2053 2264 2113 2306 se

529 2343 825 2400 sordidam.
881 2342 1138 2415 lmpudici
1165 2343 1410 2416 apodiee
1454 2352 1479 2380 α
1531 2352 1816 2408 vocantur,
1864 2352 2112 2413 putorem

528 2436 672 2490 enim
696 2432 919 2489 fetorem
950 2435 1217 2489 dicimus:
1251 2436 1363 2490 sive
1400 2434 1724 2506 impudicus,
1756 2434 2109 2506 quiturpitu-

531 2527 712 2582 dinem
744 2525 943 2599 ﬂagitio
964 2524 1144 2583 infert.

600 2618 784 2675 Sedet
809 2619 908 2675 alia
938 2619 1063 2674 vitia
1090 2634 1207 2690 quae
1246 2618 1371 2673 licet
1423 2634 1489 2675 ex
1520 2619 1891 2689 superioribus
1932 2620 2114 2675 orian-

526 2718 638 2775 tur,
687 2710 809 2767 aliis
841 2720 1019 2765 tamen
1052 2710 1185 2766 locis
1227 2722 1540 2776 censentur,
1575 2713 1714 2767 sicut
1746 2713 2108 2784 sacrilegium,

530 2804 676 2877 quod
704 2802 1036 2876 Augustinus
1067 2808 1205 2859 inter
1228 2813 1432 2876 septem
1460 2806 1587 2860 vitia
1620 2805 2113 2876 reputat-Sacrile—

529 2915 676 2971 gtum
708 2909 791 2954 est
814 2915 1094 2955 sacrarum
1115 2916 1296 2955 rerum
1321 2899 1543 2961 furtum,
1570 2916 1689 2971 quze
1709 2910 1894 2972 postea
1920 2901 1971 2954 in
2002 2900 2116 2954 illo-

528 2988 703 3045 lorum
732 2988 933 3045 cultum
967 2990 1182 3044 cedunt.
1220 2990 1370 3045 Unde
1397 2990 1694 3060 sacrilegus
1742 2990 1937 3053 dictus,
1964 2989 2031 3044 ab
2052 3003 2117 3043 eo

528 3080 671 3150 quod
704 3094 856 3135 sacra
879 3079 1030 3149 legit,
1062 3089 1116 3132 et
1139 3078 1349 3133 furatur
1381 3089 1567 3134 contra
1594 3081 1738 3152 leges
1773 3100 1784 3133 :
1816 3080 1901 3135 vel
1949 3079 2119 3133 sami—

528 3170 708 3241 legus,
737 3187 892 3224 sacra
923 3172 1039 3225 loca
1061 3171 1285 3225 violaus.
1319 3170 1545 3226 Faciunt
1571 3175 1672 3227 hoc
1713 3172 1953 3227 ecclesia:
1980 3190 2119 3244 prte-

530 3258 718 3317 doues.
748 3263 919 3318 Fures
941 3280 970 3316 a
994 3262 1150 3316 furno
1179 3263 1307 3317 dicti
1336 3272 1484 3329 sunt,
1510 3265 1561 3318 id
1586 3272 1693 3328 est,
1720 3281 1750 3319 a
1776 3264 1927 3320 fusco
1953 3285 1966 3320 :
1993 3283 2118 3323 nam

530 3353 709 3409 noetis
733 3354 932 3409 adeunt
958 3366 1188 3425 tempus.
1224 3354 1374 3409 Unde
1404 3354 1545 3409 inter
1575 3354 1746 3409 furem
1771 3364 1827 3410 et
1854 3356 2120 3412 latronem

531 3445 636 3501 hoc
661 3443 840 3500 differt
866 3464 878 3499 :
904 3446 994 3515 qui
1018 3444 1252 3500 alienum
1279 3447 1569 3511 subtrahit,
1602 3445 1689 3500 fur
1714 3457 1829 3513 est;
1856 3450 1947 3517 qui
1972 3449 2119 3504 fura-

529 3546 621 3592 tur
644 3546 698 3592 et
721 3539 939 3603 occidit,
975 3538 1111 3593 latro
1131 3548 1235 3600 est,
1262 3554 1292 3592 a
1323 3538 1536 3593 latendo
1565 3539 1709 3594 enim
1731 3540 1929 3605 dicitur
1954 3541 2113 3596 latro.

528 3629 742 3702 Perjuri
770 3633 1043 3697 dicuntur,
1074 3632 1165 3702 qui
1196 3647 1479 3702 perperam
1502 3631 1707 3701 juraut,
1745 3633 1794 3687 id
1823 3626 1926 3698 est,
1954 3634 2113 3689 male.

532 3720 811 3787 Falsidici,
839 3725 928 3793 qui
960 3725 1105 3778 aliud
1132 3724 1315 3776 fantur
1344 3740 1503 3795 quam
1528 3740 1732 3779 verum.
1763 3725 1957 3780 Ebrius
1984 3727 2118 3781 dici—

530 3821 643 3880 tur,
673 3815 764 3885 qui
794 3816 861 3869 ad
892 3825 1103 3884 tempus
1133 3817 1270 3869 bibit
1304 3834 1315 3868 :
1359 3816 1626 3881 ebriosus,
1655 3816 1745 3884 qui
1777 3831 2008 3885 semper.
2042 3818 2116 3871 De

528 3921 637 3975 quo
656 3906 935 3976 Scriptura
966 3907 1204 3961 :Ebriosi
1232 3922 1445 3978 regnum
1476 3906 1568 3959 Dei
1601 3924 1703 3960 non
1732 3919 2116 3977 consequentur

529 3995 741 4069 (Ibid).
769 3996 1066 4052 Aeediosus
1095 3999 1161 4053 ab
1185 3997 1370 4052 aeedia
1402 3996 1620 4061 dicitur,
1652 3997 1743 4066 qui
1787 3998 2115 4052 anxietatem

528 4088 641 4145 sive
666 4088 882 4142 tardium
905 4089 1086 4144 cordis
1115 4090 1339 4159 patitur,
1367 4089 1458 4158 qui
1488 4097 1541 4143 et
1571 4089 1882 4143 inconSIans
1908 4090 1989 4142 vel
2024 4107 2118 4145 va-

528 4196 629 4252 gus
658 4181 859 4255 dicitur
884 4199 896 4233 :
923 4181 991 4235 ab
1020 4180 1289 4252 aliquibus
1318 4181 1462 4234 enim
1486 4180 1626 4235 inter
1648 4190 1773 4235 octo
1799 4182 1929 4237 vitia
1959 4199 2111 4253 repu-

528 4278 693 4324 tatur.
729 4271 1002 4326 Patricida
1054 4280 1109 4325 et
1149 4272 1419 4343 parricida
1472 4274 1575 4326 hoc
1599 4272 1780 4329 diﬂ'ert
1807 4294 1819 4328 :
1851 4276 2116 4344 patrieida

528 4368 632 4421 est,
660 4360 751 4428 qui
790 4370 1069 4429 parentem
1121 4363 1340 4427 occidit,
1368 4363 1669 4433 parricida,
1696 4366 1786 4436 qui
1816 4382 2001 4436 parem
2024 4376 2116 4422 aut

2143 3137 2190 3196 ϐ

2216 1900 2384 1956 genus
2408 1884 2765 1955 despectiouis
2790 1885 2902 1940 sive
2922 1885 3038 1939 irre.
3072 1884 3224 1940 Unde
3254 1885 3308 1939 in
3335 1884 3636 1956 Evangelio
3661 1900 3676 1937 ε
3708 1884 3801 1951 Ωιι

2216 1976 2405 2031 dixerit
2432 1976 2696 2046 fratrisuo
2720 1976 2882 2031 racha
2912 1976 3128 2047 (Matth.
3153 1976 3337 2049 v,22).
3355 1975 3471 2032 Hoc
3487 1984 3791 2047 estprover-

2214 2070 2361 2127 bium
2384 2071 2737 2141 provinciale.
2753 2071 2893 2128 Ecce
2908 2073 3040 2128 vitia
3057 2073 3296 2130 breviter
3310 2074 3545 2145 digesta,
3572 2089 3677 2143 per
3692 2088 3800 2145 qua

2218 2160 2513 2215 humanum
2534 2177 2701 2233 genus
2720 2177 2752 2217 a
2772 2163 2987 2219 diabolo
3015 2165 3255 2233 quotidie
3288 2165 3667 2236 impugnatnr.

2287 2250 2363 2305 De
2384 2258 2579 2306 caetero
2606 2252 2778 2307 sciant
2804 2254 3111 2311 sacerdotes
3136 2254 3379 2320 Christi,
3402 2256 3533 2326 quia
3567 2255 3791 2325 quoties

2218 2357 2430 2413 cunque
2483 2343 2550 2397 ad
2590 2343 2963 2413 paenitentiam
3015 2345 3310 2402 Christiani
3346 2348 3643 2411 accedunt,
3674 2346 3801 2418 jeju-

2219 2436 2456 2493 uandum
2495 2444 2576 2489 est
2605 2436 2755 2506 prius
2801 2451 2922 2491 cum
2950 2437 3049 2500 eis,
3078 2453 3176 2508 pro
3206 2453 3393 2493 eorum
3426 2439 3726 2501 erratibus.
3753 2447 3801 2494 nl

2219 2541 2329 2583 non
2356 2527 2566 2581 dicatur
2592 2527 2671 2582 eis
2698 2528 2837 2597 quod
2867 2529 3237 2584 sacerdotibus
3264 2527 3579 2585 Juda:orum
3607 2530 3800 2585 dictum

2222 2628 2305 2674 est
2327 2635 2355 2672 a
2386 2619 2609 2673 Domino
2640 2637 2651 2672 :
2685 2618 2773 2673 Vw
2802 2619 2941 2674 vobis
2970 2619 3097 2691 legis
3125 2620 3327 2691 peritis,
3348 2621 3473 2692 quia
3506 2620 3800 2690 aggrarutis

2220 2712 2490 2776 homines,
2544 2713 2863 2784 imponentes
2910 2731 3066 2780 super
3107 2712 3351 2769 hunteros
3407 2731 3595 2769 eorum
3646 2729 3799 2767 onera

2222 2807 2424 2877 gravia,
2464 2807 2565 2877 ipsi
2596 2816 2769 2860 autem
2797 2806 2959 2877 digito
2986 2816 3153 2862 vestro
3187 2824 3290 2861 non
3313 2809 3534 2877 tangitis
3568 2808 3799 2861 sarcinas

2222 2915 2402 2952 eorum
2441 2896 2595 2969 (Luc.
2627 2914 2711 2962 x1,
2754 2897 2866 2969 46).
2914 2897 3082 2955 Nemo
3132 2898 3277 2953 enim
3328 2906 3511 2969 potest
3532 2899 3797 2970 iacentem

2224 2987 2324 3041 sub
2356 3002 2522 3042 onere
2542 2987 2842 3051 sublevare,
2875 2976 2978 3042 nisi
3006 2987 3344 3044 inclinaverit
3364 3004 3444 3052 se,
3479 2998 3537 3043 et
3565 2989 3795 3058 porrigat

2227 3080 2276 3134 ei
2307 3094 2545 3133 manum.
2594 3077 2781 3148 Neque
2811 3078 2951 3134 ullus
3000 3080 3331 3135 medicorum
3383 3080 3614 3135 vulnera
3664 3078 3783 3133 infir

2225 3170 2489 3224 mantiqu
2521 3178 2694 3239 potest
2723 3185 2937 3237 curare,
2962 3170 3062 3224 nisi
3096 3168 3356 3226 fetoribus
3390 3170 3669 3240 particeps
3692 3167 3798 3224 fue-

2225 3263 2313 3317 rit.
2345 3262 2423 3316 lla
2455 3278 2668 3332 quoque
2688 3262 2941 3317 sacerdos
2968 3263 3051 3317 vel
3082 3262 3329 3332 pontifex
3355 3278 3555 3317 curare
3587 3261 3803 3316 vulnera

2225 3369 2331 3408 non
2358 3361 2562 3424 potest,
2592 3353 2693 3409 nisi
2726 3364 3013 3424 prcestante
3053 3353 3413 3409 sollicitudine
3437 3361 3488 3409 et
3513 3353 3763 3408 oratione
3788 3369 3799 3403 :

2224 3455 2281 3501 et
2306 3445 2519 3517 quoties
2546 3444 2755 3499 dederis
2780 3446 3063 3501 consilium
3091 3447 3363 3516 peccanti,
3401 3444 3564 3501 simul
3592 3457 3801 3515 quoque

2224 3541 2290 3597 da
2314 3540 2389 3594 illi
2412 3541 2786 3611 paenitentiam
2809 3542 3015 3607 statim,
3038 3550 3301 3612 quantum
3329 3541 3561 3610 debeatj
3592 3539 3798 3608 iuuare,

2223 3641 2279 3688 et
2309 3633 2577 3688 redimere
2605 3643 2823 3704 peccata
2849 3650 2966 3700 sua,
2988 3651 3056 3690 ne
3092 3635 3232 3691 forte
3261 3635 3800 3702 0hliviscaris,quan-

2225 3736 2337 3783 tum
2365 3744 2488 3783 eum
2514 3739 2757 3799 oporteat
2795 3731 3096 3796 abstinere;
3130 3731 3225 3787 tibi
3256 3732 3403 3787 enim
3427 3744 3653 3784 necesse
3685 3734 3765 3782 est
3784 3768 3797 3789 ,

2223 3828 2284 3875 ut
2314 3821 2511 3875 iterum
2542 3822 2610 3875 ab
2632 3837 2696 3875 eo
2721 3822 2977 3891 exquiras
3006 3830 3263 3891 peccata,
3292 3821 3421 3890 quia
3458 3820 3548 3874 ille
3578 3819 3797 3874 forsitan

2222 3913 2491 3967 erubescit
2525 3913 2718 3967 iterum
2749 3922 2971 3981 peccata
3019 3929 3115 3968 sua
3165 3914 3433 3969 conﬁteri.
3490 3912 3611 3967 Non
3662 3912 3797 3967 enim

2221 4019 2411 4060 omnes
2434 4005 2614 4060 clerici
2648 4014 2741 4060 aut
2775 4006 2914 4061 ullus
2937 4006 3107 4061 laicus
3134 4008 3273 4061 hanc
3295 4006 3630 4075 scripturam
3655 4019 3799 4059 usur-

2220 4113 2351 4169 pare
2380 4106 2473 4153 aut
2518 4097 2695 4167 legere
2729 4097 2946 4160 debent,
2976 4099 3076 4153 nisi
3106 4096 3205 4153 soli
3224 4097 3314 4158 ,illi
3355 4098 3557 4167 quibus
3588 4108 3798 4151 necesse

2221 4199 2333 4253 est;
2367 4190 2470 4245 hoc
2498 4198 2623 4245 sunt
2648 4190 2884 4261 episcopi
2920 4189 3004 4244 vel
3046 4189 3369 4260 presbyteri,
3399 4188 3602 4257 quibus
3629 4187 3799 4241 claves

2222 4281 2374 4350 regni
2413 4281 2650 4336 cmlestis
2672 4282 2883 4336 traditae
2925 4289 3073 4346 sunt,
3101 4282 3148 4336 si
3170 4296 3268 4336 nec
3291 4278 3501 4348 judicia
3533 4280 3638 4334 ista
3664 4278 3792 4332 alius

2221 4386 2483 4440 usurpare
2535 4370 2713 4425 debet.
2766 4371 2822 4426 Si
2866 4380 3043 4426 autem
3087 4371 3380 4426 necessitas
3426 4370 3699 4432 evenerit,
3749 4374 3823 4423 et

530 4450 759 4504 socium.
792 4450 1221 4520 Fratrici:la,qui
1242 4452 1462 4507 fratrem
1485 4455 1701 4510 occidit.
1731 4455 2111 4524 Houiicidium,
2143 4496 2194 4555 D
2220 4466 2505 4535 presbyter
2550 4479 2657 4519 non
2688 4464 2851 4519 fuerit
2876 4481 3146 4535 praesens,
3192 4465 3451 4520 diaconus
3484 4464 3511 4502 δ
3549 4454 3803 4534 suscipiat

530 4540 888 4608 compositum
918 4556 983 4595 ex
1014 4542 1230 4595 homine
1252 4552 1306 4596 et
1336 4544 1502 4611 cmde,
1534 4546 1674 4599 unde
1723 4556 1777 4600 et
1820 4547 2108 4604 homicida.

530 4629 889 4700 Stultiloquus
913 4641 1017 4697 est,
1055 4633 1145 4701 qui
1184 4633 1359 4702 turpia
1389 4640 1443 4687 et
1474 4634 1639 4689 risum
1671 4639 1941 4693 moventia
1989 4657 2116 4695 nar-

529 4712 635 4778 rat.
667 4723 821 4777 Unde
849 4734 903 4779 et
925 4725 1316 4796 stultiloquium
1345 4727 1479 4782 nihil
1503 4726 1555 4781 iu
1585 4743 1643 4783 se
1672 4730 1885 4798 sapiens
1928 4733 2108 4787 habet.

530 4815 848 4871 Scurrilitas
873 4824 927 4871 et
965 4816 1298 4887 joeularitas.
1332 4832 1451 4887 quae
1481 4820 1810 4870 conveniunt
1841 4834 1907 4871 ex
1931 4823 2109 4889 aliqua

526 4907 834 4978 prudentia,
867 4906 1032 4960 risum
1066 4917 1287 4961 movent
1326 4908 1687 4972 audientibus,
1716 4909 1911 4977 quibus
1944 4912 2113 4981 magis

529 4999 783 5055 convenit
820 4999 1024 5071 lugere.
1074 4998 1373 5070 Turpitudo
1422 5010 1527 5063 est,
1561 5016 1680 5056 cum
1713 4999 2115 5056 inﬂammantur

529 5106 721 5148 sensus
750 5092 918 5146 nostri
953 5092 1019 5146 ad
1064 5092 1338 5147 libidinem
1392 5101 1444 5147 et
1500 5095 1679 5148 carnis
1732 5093 2110 5149 titillatiomrm.

516 5168 720 5243 'Anima
751 5185 917 5253 ignita
949 5184 1315 5247 succenditur,
1348 5192 1403 5237 et
1432 5184 1563 5238 nihil
1612 5185 1703 5238 Dei
1734 5186 1923 5241 timore
1948 5186 2116 5241 refre-

528 5284 708 5327 natur.
739 5273 1022 5328 Idololalra
1057 5276 1381 5344 dicitur,qui
1416 5275 1573 5329 idolis
1597 5278 1761 5329 survit
1791 5296 1802 5329 :
1834 5286 1883 5331 et
1918 5278 1969 5331 in
1991 5295 2114 5349 pro-

527 5366 688 5435 pheta
718 5366 1076 5421 idololatriam
1136 5383 1278 5436 smpe
1332 5366 1743 5422 fornicationem
1790 5370 2108 5440 appellatam

530 5457 833 5513 invenimus
865 5478 876 5510 :
911 5468 964 5512 et
995 5460 1085 5528 qui
1121 5458 1237 5528 plus
1270 5475 1544 5514 nummum
1593 5475 1756 5529 quam
1790 5462 1952 5515 Deum
1984 5462 2108 5516 dili—

530 5548 627 5621 git,
658 5550 989 5621 sculpturam
1019 5551 1223 5605 nummi
1254 5551 1402 5614 colit,
1430 5559 1484 5606 et
1532 5550 1671 5605 idola
1724 5552 1777 5606 in
1822 5553 1901 5608 eis
1924 5554 2110 5611 caelata

604 5671 631 5731 9
658 5660 920 5731 [impudici
948 5680 981 5716 a

1076 5663 1206 5736 dice.
1236 5661 1470 5736 Prorsus
1488 5664 1686 5736 inepte.

601 5728 632 5768 δ
666 5728 951 5787 Diaconos.

1030 5733 1116 5788 ide
1150 5733 1410 5805 Martene,
1442 5735 1532 5793 lib.
1574 5733 1595 5792 ἱ
1619 5736 1687 5794 de
1722 5735 1906 5810 Antiq.
1956 5736 2101 5796 Eccl.

2220 4556 2614 4628 pmnitentiam,
2642 4572 2705 4612 ac
2730 4557 2820 4611 det
2848 4568 3088 4613 sanctam
3129 4558 3589 4614 communionem.

2295 4659 2315 4686 ο
2361 4648 2601 4718 Denique
2646 4650 2899 4704 sacerdos
2926 4651 3028 4705 hac
3070 4652 3395 4705 auctoritate
3422 4651 3671 4702 imbutus
3695 4647 3801 4702 sive

2220 4751 2589 4813 compunctus,
2624 4746 2921 4809 suscipiens
2972 4746 3345 4813 pmniteutvm,
3395 4744 3441 4798 si
3500 4744 3674 4798 laicus
3700 4752 3798 4803 est.

2219 4832 2439 4886 dimisso
2462 4831 2653 4886 baculo
2683 4851 2694 4885 :
2729 4834 2973 4904 quisquis
3014 4850 3143 4890 vero
3190 4836 3278 4890 ille
3322 4844 3425 4899 est,
3471 4837 3588 4891 sive
3617 4838 3798 4893 laicus.

2217 4922 2331 4978 sive
2363 4922 2611 4988 clericus,
2640 4925 2753 4979 sive
2784 4926 3101 4990 monachus,
3135 4927 3449 4998 suppliciter
3493 4941 3553 4981 se
3585 4927 3800 4982 inclinet

2216 5023 2341 5070 ante
2389 5016 2743 5071 sacerdotem.
2777 5017 2926 5073 Tunc
2952 5020 3207 5073 sacerdos
3256 5020 3387 5074 dicit
3416 5020 3560 5074 hanc
3609 5022 3802 5074 oratio-

2215 5123 2339 5162 nem
2374 5126 2386 5160 :
2415 5108 2635 5162 Domine
2660 5108 2803 5162 Deus
2846 5111 3190 5177 ontuipotens,
3226 5112 3485 5181 propitius
3519 5122 3632 5164 esto
3673 5111 3798 5164 mihi

2214 5199 2492 5267 percntari,
2523 5209 2575 5251 ut
2607 5200 2861 5269 condigne
2885 5203 3079 5270 possim
3101 5202 3196 5254 tibi
3218 5203 3418 5272 gratias
3445 5219 3619 5272 agere,
3646 5213 3703 5256 et
3722 5218 3801 5257 re-

2215 5287 2377 5357 liqua.
2407 5289 2538 5345 Dein
2562 5292 2608 5346 'e
2626 5290 2819 5359 iubeat
2846 5309 2965 5347 eum
2995 5295 3252 5349 sacerdos
3282 5296 3470 5349 sciere
3498 5305 3689 5349 contra
3718 5312 3795 5357 Se.

2217 5388 2274 5433 et
2297 5381 2525 5452 colloqui
2557 5399 2678 5437 cum
2709 5398 2774 5438 eo
2810 5386 2875 5439 de
2911 5386 3239 5456 supra"ictis
3262 5385 3429 5445 vitiis.
3457 5386 3573 5439 sive
3594 5387 3794 5440 exhor-

2216 5471 2511 5525 tationibus
2534 5473 2745 5537 divinis,
2773 5490 2841 5529 ne
2870 5475 3008 5530 forte
3045 5493 3144 5547 pro
3169 5476 3489 5531 verecundia
3520 5486 3613 5530 aut
3643 5477 3794 5545 igna—

2213 5563 2325 5629 via,
2352 5564 2464 5619 sive
2504 5566 2773 5623 oblivione
2801 5568 3006 5640 aliquid
3029 5569 3304 5641 putridum
3343 5569 3401 5626 in
3426 5569 3593 5626 corde
3622 5582 3796 5624 rema-

2213 5673 2457 5749 Bitibns,
2477 5692 2597 5749 cap.
2622 5676 2677 5741 6,
2706 5687 2810 5736 art.
2840 5678 2903 5743 (ί,
2922 5695 2977 5736 ιι.
3010 5679 3071 5737 7.,

2287 5756 2309 5786 ο
2344 5746 2504 5819 lbid.,
2532 5746 2639 5806 art.
2664 5750 2717 5811 ὅ.
