4032 6354
505 329 653 382 M99

1361 333 1418 388 Β.
1454 332 1519 387 F.
1558 331 1785 387 ALBINI
1823 329 1957 387 SEU
1989 327 2269 385 ALCUINI
2303 329 2589 390 OPERUM
2625 333 2805 392 PARS
2841 335 2936 392 IX.

3631 346 3781 406 mo

500 452 728 517 peccata
750 447 1067 511 prodantur,
1096 448 1222 516 quia
1255 465 1360 502 non
1390 450 1501 502 vult
1533 449 1673 504 Deus
1709 456 1935 503 mortem
1962 462 2090 516 pec-
2114 447 2166 506 Α
2191 452 2756 529 οοηιωεηιοηιιίορεηι
2786 454 2999 509 illarum
3025 470 3208 513 rerum
3244 472 3364 529 quae
3404 474 3505 516 suo
3545 461 3604 517 in
3636 473 3779 521 tem-

496 538 727 597 Oatoris,
756 536 847 588 sed
877 544 933 587 ut
960 536 1196 589 salvatus
1227 540 1577 593 miseratione
1611 541 1701 592 Dei
1730 542 1876 593 vivat
1910 557 1921 591 :
1961 553 2088 592 nam
2191 554 2321 609 pore
2343 551 2559 609 peracta
2583 520 2729 609 sdnt,
2759 548 3011 616 agimus:
3048 557 3111 603 ut
3149 520 3280 604 illud
3306 569 3319 603 :
3351 550 3781 627 Quotiescunque

394 672 407 679 κ
500 637 710 680 secreta
736 628 1104 682 satisfactione
1138 628 1268 682 solvi
1303 632 1561 685 mortalia
1597 634 1825 686 crimina
1861 649 1964 686 non
1995 647 2089 686 ne-
2188 629 2439 698 feceritis,
2467 642 2568 689 etc.
2599 635 2872 693 Habemus
2898 654 3034 709 opus
3060 642 3372 709 praecedens
3410 644 3779 717 eleemosyna:

499 732 713 786 gamus,
738 722 1049 787 quotidiana
1082 737 1210 776 vero
1255 723 1501 793 leviaque
1541 734 1787 792 peccata,
1823 725 1937 777 sine
1967 724 2085 791 qui-

493 804 599 860 bus
653 809 884 862 hominis
911 811 1023 863 vita
1074 829 1178 866 non
1236 816 1470 878 ducitur,
1509 814 1785 868 Dominica
1826 812 2083 868 Oratione

491 910 814 968 purgantur,
846 916 1076 971 quorum
1120 909 1405 962 estdicere
1444 926 1456 961 :
1492 908 1708 961 Dimitte
1737 907 1904 969 nobis,
1945 908 2081 959 sicut

2187 726 2469 791 praesentis
2495 728 2724 795 sabbati,
2748 732 2891 799 quod
2932 731 3225 798 imitemur,
3253 743 3308 787 et
3330 735 3401 788 ad
3444 738 3776 793 memoriam

2185 816 2355 869 nostri
2408 818 2744 874 reducamus.
2800 821 2909 875 Cur
2952 824 3093 877 enim
3142 825 3245 878 isto
3289 826 3376 880 die
3418 828 3771 901 eleemosyna

2182 904 2464 969 specialius
2488 908 2556 959 ab
2574 910 2867 977 apostolico
2895 912 3185 977 tribuatur,
3202 929 3325 981 cum
3345 918 3496 969 omni
3525 928 3771 987 tempore

487 997 536 1040 et
565 1006 659 1042 nos
683 989 1013 1045 dimittimus.
1043 994 1174 1047 Nam
1225 998 1336 1064 ipsa
1377 998 1717 1067 eleemosyna
1754 1006 1837 1049 est
1864 996 2077 1048 veniam
2178 989 2352 1046 danda
2404 994 2507 1048 sit?
2561 994 2795 1053 Joannes
2834 1001 3165 1071 evangelista
3214 1004 3432 1072 inquit:
3484 1006 3625 1060 Ante
3679 1026 3769 1062 sea:

484 1078 692 1133 homini
742 1083 1024 1150 pmnitenti
1072 1086 1372 1155 ignoscere.
1411 1088 1565 1143 Unde
1601 1088 1857 1141 Dominus
1890 1105 1901 1140 :
1944 1088 2076 1140 Date

476 1169 889 1241 eleemosynam,
927 1185 979 1228 et
1005 1179 1189 1231 omnia
1219 1179 1416 1231 munda
1466 1189 1585 1233 sunt
1619 1179 1755 1231 vobis
1784 1176 1935 1253 (Luc.
1977 1194 2031 1231 ιι
2056 1218 2071 1242 ,

475 1260 596 1333 λι).
630 1263 936 1320 Mensarum
971 1283 1101 1321 vero
1137 1271 1396 1338 temporis
1425 1270 1476 1322 in
1500 1270 1703 1337 agenda
1730 1270 2068 1338 pmnitentia,

2177 1080 2286 1134 dies
2316 1081 2537 1138 Paschw
2566 1089 2698 1140 venit
2728 1088 2883 1144 Jesus
2924 1093 2980 1144 in
3009 1092 3322 1147 Bethaniam
3346 1098 3401 1149 in
3430 1097 3652 1151 domum
3684 1098 3768 1154 Si-

2175 1176 2342 1228 monis
2370 1175 2582 1247 leprosi,
2614 1181 2785 1251 ibique
2803 1182 3065 1238 Lazarum
3089 1187 3504 1256 quatriduanum
3539 1194 3767 1245 resusci-

2171 1267 2318 1330 tavit,
2353 1267 2685 1340 feceruntque
2734 1275 2781 1326 ei
2812 1291 3009 1329 cumam
3040 1277 3131 1329 ibi.
3188 1278 3362 1331 Maria
3405 1296 3531 1350 ergo
3564 1285 3763 1351 accepit

481 1355 652 1411 idcirc
673 1376 684 1407 ι
709 1372 818 1412 non
850 1361 981 1414 satis
1011 1370 1216 1416 attente
1242 1363 1525 1433 praefigunt
1551 1378 1786 1417 canones
1813 1377 1911 1431 pro
1936 1379 2070 1417 uno-
2169 1355 2357 1410 “thth
2404 1364 2674 1429 unguenti,
2705 1375 2751 1417 et
2780 1368 2929 1419 unxit
2976 1369 3130 1438 pedes
3158 1368 3371 1424 Domini
3403 1370 3592 1441 (Joan.
3637 1376 3759 1445 xu).

478 1462 697 1519 quoque
725 1450 1085 1515 crintine,sed
1103 1453 1272 1524 magis
1301 1455 1352 1506 in
1369 1454 1595 1508 arbitrio
1613 1454 1871 1507 antistitis
1901 1453 2065 1506 relin-
2165 1445 2477 1517 Indignante
2500 1467 2598 1519 pro
2624 1455 2725 1509 hoc
2754 1454 2887 1511 Juda
2918 1460 3218 1527 proditore,
3256 1460 3416 1518 Jesus
3456 1464 3511 1518 in
3539 1464 3756 1522 laudem

474 1552 676 1611 quant,
723 1545 848 1611 quia
874 1547 1013 1615 apud
1050 1546 1216 1599 Deum
1251 1561 1354 1600 non
1396 1554 1602 1600 tantum
1638 1545 1781 1599 valet
1811 1560 2066 1600 mensura
2165 1538 2407 1594 "mlieris
2435 1541 2506 1594 ita
2550 1548 2865 1613 respondit:
2900 1546 3044 1619 Opus
3098 1554 3291 1604 bonum
3327 1563 3549 1622 operata
3594 1567 3673 1610 est
3705 1558 3759 1610 in

472 1636 742 1703 temporis
799 1652 960 1705 quam
1018 1638 1241 1705 doloris,
1294 1656 1393 1695 nec
1448 1641 1771 1695 abstinentia
1819 1642 2056 1695 ciborum

2162 1645 2262 1684 me.
2316 1630 2620 1705 Ubicunque
2662 1636 2797 1691 enim
2831 1640 3175 1709 prtrdicatum
3224 1642 3405 1711 fuerit,
3448 1654 3505 1699 et
3547 1647 3757 1716 reliqua

466 1742 638 1797 quam
670 1731 1013 1787 mortiﬁcttio
1053 1735 1326 1788 vitiorum.
1363 1733 1468 1789 Sed
1518 1743 1573 1788 et
1626 1736 1728 1789 hoc
1782 1735 2060 1789 sciendum

2164 1717 2377 1789 (Matth.
2399 1740 2546 1788 xxvi,
2578 1725 2782 1796 10-15).
2808 1728 2910 1796 Qui
2939 1731 3081 1784 enim
3106 1732 3244 1787 bene
3272 1734 3426 1798 vivit,
3453 1738 3625 1804 pedes
3654 1740 3755 1792 Do-

465 1828 557 1873 est
581 1827 774 1873 utcum
790 1823 1037 1877 venerint
1055 1826 1196 1877 servi
1219 1825 1300 1879 vel
1332 1826 1540 1880 ancilla:
1566 1825 1630 1878 ad
1661 1824 2052 1895 pmnitentiam,

2161 1808 2293 1860 mini
2317 1820 2587 1880 unguento
2613 1816 2784 1885 ungit.
2819 1816 3161 1888 Unguentum
3192 1823 3337 1876 enim
3378 1823 3510 1878 illud
3537 1824 3751 1893 justiti:

466 1924 577 1963 non
624 1926 717 1965 eos
747 1914 952 1982 cogatis
1000 1923 1205 1969 tantum
1248 1915 1495 1986 jejunare
1541 1925 1799 1985 quantum
1840 1914 2055 1980 divites,

465 2001 595 2070 quia
625 2018 729 2055 non
760 2012 886 2057 sunt
941 2005 994 2060 in
1033 2022 1129 2060 sua
1179 2014 1487 2075 potestate:
1528 2006 1755 2075 ideoque
1794 2004 2055 2059 medieta-

2158 1897 2278 1991 luit,
2310 1902 2535 1972 ideoque
2574 1906 2711 1961 libra
2758 1908 2878 1963 fuit.
2912 1910 3013 1977 Qui
3045 1914 3312 1983 superﬂua
3357 1917 3452 1971 dat
3498 1922 3752 1991 pauperi-

2155 1987 2273 2051 bus,
2313 1993 2477 2060 pedes
2523 1994 2736 2051 Domini
2770 1999 2977 2067 capillis
3021 2003 3134 2057 suis
3164 2013 3345 2075 tergtt.
3396 1987 3628 2064 Domus
3652 2012 3751 2064 im-

464 2099 575 2148 tem
615 2097 946 2164 paenitentiae
984 2099 1067 2153 eis
1110 2098 1385 2168 imponite.
1434 2098 1561 2153 Post
1610 2101 1723 2153 hrec
1752 2113 1882 2153 vero
1909 2098 2055 2152 dicat
2154 2079 2296 2149 ille“!
2345 2092 2428 2137 εει
2476 2085 2643 2141 Odore
2692 2090 2985 2158 υηευθηιί;
3022 2099 3078 2147 et
3116 2095 3349 2150 mundus
3399 2099 3642 2166 ωριεωε
3668 2113 3749 2156 εει

463 2185 721 2239 sacerdos
743 2202 906 2257 super
931 2204 1052 2243 eum
1077 2190 1175 2244 bas
1202 2190 1479 2244 orationes
1522 2208 1534 2242 :
1578 2188 1826 2253 Exaudi,
1869 2188 2052 2241 Domi-

456 2294 557 2340 ne,
580 2292 756 2347 preces
782 2290 1008 2344 nostras,
1041 2290 1090 2333 et
1120 2280 1211 2334 tibi
1233 2282 1590 2349 conﬁtentium
1618 2297 1771 2350 parce
1802 2280 2046 2349 peccatis.

457 2368 579 2424 Alia
623 2388 635 2422 :
683 2370 975 2424 Prwveniat
1028 2372 1165 2425 hunc
1214 2371 1473 2440 famulum
1527 2383 1673 2424 tuum
1708 2388 2047 2441 qumsumus,

457 2460 707 2525 Domine,
724 2461 1087 2516 misericordia
1117 2472 1228 2516 tua.
1248 2463 1362 2517 Alia
1386 2463 1630 2526 :Adesto,
1658 2463 1893 2524 Domine,
1918 2479 2046 2531 sup-

455 2554 832 2625 plicationibus
863 2554 1186 2621 nostris,nec
1215 2558 1281 2609 sit
1316 2556 1379 2609 ab
1406 2558 1503 2609 hoc
1530 2556 1729 2625 famulo
1758 2564 1867 2608 tuo.
1886 2554 2039 2607 Alia:

458 2646 683 2700 Domine
714 2646 852 2700 Deus
897 2657 1091 2711 noster,
1123 2649 1211 2717 qui
1240 2649 1528 2716 offensione
1572 2656 1749 2700 nostra
1797 2663 1900 2699 non
1928 2646 2042 2698 vin-

452 2739 608 2792 ceris.
658 2737 778 2792 Alia
813 2757 825 2792 :
862 2739 1018 2792 Adsis
1052 2757 1377 2810 quwsumus,
1402 2739 1661 2802 Domine,
1694 2738 1814 2791 huic
1841 2734 2041 2806 famulo

450 2839 562 2883 tuo.
590 2829 708 2897 Alia
744 2849 755 2881 :
784 2830 867 2883 Da
894 2847 1213 2901 qumsumus,
1248 2831 1489 2893 Domine,
1534 2830 1655 2882 huic
1682 2826 1881 2897 famulo
1928 2836 2036 2880 tuo.

448 2920 571 2976 Alia
622 2936 636 2975 :
686 2922 902 2988 Precor,
960 2923 1223 2988 Domine,
1270 2923 1597 2976 clementiam
1641 2931 1745 2975 tua:
1792 2919 2043 2990 majesta-

445 3010 519 3065 εἰς
550 3025 600 3077 α,
632 3020 686 3066 ει
716 3013 943 3083 reliqua.
994 3013 1201 3079 Quibus
1231 3013 1391 3068 dictis
1414 3002 1603 3080 j'ubeat
1650 3010 1902 3065 sacerdos
1927 3022 2043 3079 pcn-

448 3103 715 3158 nitentem
762 3119 985 3174 surgere
1019 3104 1084 3159 de
1131 3113 1274 3159 terra
1308 3123 1320 3156 :
1354 3104 1449 3159 sed
1498 3111 1552 3157 et
1595 3103 1710 3173 ipse
1762 3107 1947 3170 surgat
1975 3098 2041 3153 de

2152 2171 2296 2227 fama
2349 2178 2490 2230 bona
2528 2178 2791 2235 mulieris.
2822 2181 2975 2237 Unde
3021 2186 3349 2253 apostolicus
3392 2190 3479 2243 vir
3524 2192 3579 2245 in
3632 2209 3745 2248 meo

2151 2266 2379 2320 moriam
2435 2268 2795 2325 devotissimus
2858 2274 3140 2342 mulieris,
3206 2280 3467 2335 membris
3546 2282 3746 2339 Christi

2150 2355 2310 2411 hodie
2344 2357 2493 2423 facit,
2518 2362 2658 2429 quod
2680 2362 2795 2432 ipsa
2825 2362 2955 2419 fecit
2983 2367 3170 2435 capiti,
3213 2378 3267 2422 et
3294 2368 3414 2426 ideo
3450 2387 3482 2424 a
3513 2375 3746 2428 statione

2147 2449 2360 2516 publica
2391 2459 2563 2515 vacat,
2588 2468 2693 2506 non
2724 2462 2902 2508 tamen
2932 2471 2962 2508 a
2991 2456 3353 2515 celebratione
3385 2462 3590 2525 missae,
3623 2464 3744 2531 quia

2146 2538 2273 2594 huic
2302 2544 2518 2611 negotio
2549 2545 2767 2599 insistit.
2798 2547 2864 2601 Et
2907 2549 3036 2617 quia
3080 2552 3145 2605 de
3186 2552 3287 2606 hac
3326 2552 3462 2607 feria
3507 2555 3740 2612 alliciunt

2144 2632 2425 2700 proprium
2470 2649 2575 2687 non
2621 2636 2868 2703 habetur,
2918 2639 2985 2694 de
3010 2639 3216 2695 eisdem
3256 2641 3411 2697 feriis
3455 2647 3739 2714 repetitur,

2145 2721 2200 2774 id
2245 2733 2347 2785 est,
2398 2723 2462 2778 de
2505 2736 2700 2794 quarta
2727 2728 2861 2782 feria
2893 2730 3188 2800 antipbona
3220 2750 3234 2785 :
3266 2733 3550 2789 Liberator
3578 2752 3737 2791 meus.

2142 2812 2331 2869 Lectio
2380 2816 2656 2872 Zachariae
2704 2822 2981 2889 prophetae
3019 2837 3035 2875 :
3071 2821 3201 2877 Htec
3248 2825 3378 2879 dicit
3429 2826 3738 2883 Dominus:

2142 2910 2373 2966 Ea‘sulta
2402 2916 2557 2979 satis,
2581 2914 2699 2983 ﬁlia
2731 2916 3083 2982 Hierusalem,
3119 2936 3234 2974 ecce
3274 2918 3387 2974 Rex
3417 2930 3543 2976 tuus
3578 2924 3739 2977 ueniet

2142 3003 2233 3056 tibi
2252 3004 2434 3073 justus
2457 3015 2507 3059 et
2528 3006 2798 3072 salvator;
2827 3011 2935 3080 ipse
2958 3027 3156 3081 pauper
3178 3021 3226 3065 et
3249 3014 3547 3067 ascendens
3587 3030 3742 3082 super

2143 3094 2371 3161 asinam,
2396 3106 2652 3169 et,super
2688 3100 2893 3170 pullum
2940 3102 3113 3170 [ilium
3164 3104 3352 3170 asinis,
3400 3113 3457 3160 et
3506 3107 3734 3178 reliqua.

446 3194 604 3249 sedili
637 3210 753 3258 suo,
785 3203 839 3249 et
861 3168 914 3249 si
941 3196 1058 3249 loco
1086 3196 1169 3250 vel
1218 3196 1449 3265 tempori
1491 3168 1772 3265 congruit,
1805 3168 2035 3263 ingressi
2070 3168 2118 3232 (ἶ
2147 3186 2499 3257 Evangelium
2528 3168 2821 3247 secundum
2849 3168 3051 3249 Lucam
3091 3209 3107 3248 :
3150 3193 3283 3250 Cum
3322 3168 3736 3270 appropinquas-

448 3285 759 3350 ecclesiam,
791 3294 847 3340 et
894 3302 1057 3356 super
1089 3303 1261 3357 genua
1292 3287 1374 3341 vel
1425 3287 1637 3341 cubitos
1685 3293 1913 3353 uterque
1952 3283 2035 3336 in-

444 3378 627 3443 nixus,
653 3379 941 3433 decantent
963 3380 1200 3449 psalmos
1234 3398 1246 3433 :
1275 3380 1518 3443 Domine,
1540 3396 1601 3433 ne
1630 3380 1685 3431 in
1714 3378 1892 3447 furore
1918 3386 2031 3442 tuo,

442 3470 529 3524 II.
572 3471 800 3526 Benedic
853 3475 1031 3527 anima
1087 3491 1202 3528 mea
1238 3474 1541 3537 Dominum,
1570 3471 1617 3525 I.
1651 3470 1901 3525 Miserere
1929 3470 2032 3524 mei

440 3564 603 3618 Deus.
653 3564 793 3618 Deus
822 3566 876 3619 in
907 3568 1115 3620 nomine
1155 3577 1264 3619 tuo.
1299 3564 1438 3631 Quid
1467 3564 1758 3634 gloriaris?
1804 3562 2027 3627 Deinde,

441 3653 606 3724 Kyrie
634 3655 847 3709 eleison.
880 3656 1044 3709 Pater
1070 3665 1262 3710 noster.
1283 3654 1498 3709 Salvum
1518 3655 1604 3724 [ac
1625 3669 1831 3708 servum
1854 3662 2023 3705 tuum.

436 3749 660 3804 Illustra
704 3751 893 3821 faciem
943 3762 1106 3805 tuam.
1154 3750 1306 3805 Mitte
1360 3752 1473 3815 eis,
1526 3751 1766 3805 Domine.
1817 3749 2025 3806 Oratio.

435 3841 600 3907 Deus,
630 3843 782 3914 cujus
836 3844 1165 3911 indulgentia
1215 3860 1363 3897 nemo
1411 3860 1515 3898 non
1560 3844 1779 3913 indiget.
1832 3842 2019 3896 Missa.

432 3929 743 4000 Antiphona
780 3951 792 3984 :
822 3931 901 3985 De
940 3932 1349 3986 necessitatibus.
1380 3930 1530 3986 Orat.
1576 3931 1719 3985 Deus
1753 3932 1842 4002 qui
1861 3931 2025 4000 justi-

432 4020 564 4092 ﬁcas
615 4023 851 4093 impium.
907 4023 1148 4091 Epistola
1193 4041 1205 4075 :
1246 4022 1517 4076 Lavamini
1543 4062 1557 4087 ,
1598 4022 1801 4075 mundi.
1854 4020 2021 4076 Grad.

433 4110 652 4171 Salvum
675 4115 761 4184 {ac
776 4132 998 4169 servum.
1018 4114 1367 4185 Evangelium
1385 4133 1397 4167 :
1416 4114 1535 4167 Duo
1563 4114 1817 4167 homines.
1850 4110 2023 4168 Offer-

433 4218 539 4263 tor.
565 4206 813 4262 Miserere
848 4210 999 4271 mihi,
1032 4208 1270 4262 Domine.
1289 4207 1463 4277 Super
1490 4207 1659 4262 oblat.
1679 4206 1879 4276 Hujus,
1907 4205 2022 4261 Do-

432 4302 591 4362 mine,
620 4303 808 4355 virtnte
832 4301 1081 4371 mysterii.
1105 4300 1255 4355 Com.
1291 4300 1427 4353 Deus
1453 4300 1729 4369 prapitius.
1756 4300 1837 4354 Ad
1861 4298 2023 4354 Com-

432 4391 611 4461 plend.
645 4391 931 4460 Puri/irent
964 4409 1076 4455 nos,
1110 4392 1352 4445 Domine.
1386 4392 1584 4445 Eodem
1606 4392 1693 4446 die
1715 4391 1776 4445 ﬁt
1796 4390 2021 4446 collecta

431 4483 501 4537 ad
545 4491 785 4537 sanctam
828 4482 1189 4535 Auastasiam.
1239 4483 1548 4551 Antiphone
1583 4501 1595 4535 :
1653 4482 1866 4536 Exaudi
1900 4498 2016 4546 nos,

2136 3288 2212 3333 set
2258 3279 2437 3346 Jesus,
2466 3291 2514 3335 et
2540 3285 2760 3337 venisset
2803 3284 3103 3356 Bethphage
3132 3288 3200 3339 ad
3231 3297 3467 3343 montem
3521 3288 3729 3345 Olireti.

2630 3389 2793 3462 475
2825 3391 3052 3448 CAPUT
3093 3393 3231 3448 xw.

2565 3481 2631 3519 DE
2682 3483 2935 3523 υοκιΝιςΑ
2987 3486 3041 3524 IN
3090 3487 3300 3527 ΡΑιιιιε.

2204 3551 2467 3610 Hesterna
2503 3557 2588 3612 die
2614 3558 2871 3615 Dominus
2895 3562 2949 3615 in
2979 3562 3240 3617 Bethania
3269 3566 3327 3619 in
3356 3567 3523 3623 domo
3560 3567 3729 3626 Simo-

2132 3643 2218 3699 nis
2262 3647 2529 3712 recubuit,
2582 3650 2683 3705 hoc
2730 3660 2832 3716 est,
2881 3661 3034 3708 sexto
3080 3656 3168 3711 die
3206 3666 3331 3712 ante
3376 3661 3727 3730 passionem;

2132 3736 2292 3790 hodie
2317 3754 2468 3805 vero,
2505 3742 2647 3810 quod
2674 3753 2759 3798 est
2783 3745 2969 3813 quinto
3002 3747 3090 3802 die
3117 3758 3241 3803 ante
3276 3750 3510 3817 Pascha,
3543 3755 3729 3809 exiens

2131 3830 2196 3885 de
2226 3829 2511 3901 Bethania,
2562 3837 2710 3891 misit
2756 3839 2890 3894 duos
2938 3840 3230 3911 discipulos
3267 3845 3323 3898 in
3366 3844 3726 3917 Hierusalem,

2129 3921 2318 3977 dicens
2348 3925 2426 3980 eis
2455 3944 2468 3978 :
2500 3925 2582 3980 Ite
2622 3929 2677 3981 in
2718 3930 2991 3985 castellum
3032 3934 3171 4003 quod
3209 3946 3392 3989 contra
3425 3955 3513 3992 vos
3556 3951 3654 4005 est,
3681 3951 3729 3996 et

2128 4012 2398 4068 invenietis
2429 4016 2635 4070 asinam
2662 4027 2709 4072 et
2739 4019 2943 4091 pullum
2972 4038 2991 4076 :
3024 4022 3205 4078 solvite
3224 4034 3273 4078 et
3299 4026 3550 4083 adducite
3578 4032 3724 4085 mihi.

2131 4103 2237 4170 Qui
2270 4106 2518 4161 solventes
2564 4108 2896 4165 adduxerunt
2932 4113 3003 4165 ad
3035 4112 3242 4181 Jesum,
3280 4126 3326 4169 et
3365 4118 3726 4189 imposuerunt

2128 4198 2431 4251 vestimenta
2455 4216 2575 4264 sua,
2610 4210 2658 4254 et
2684 4219 2803 4257 eum
2836 4204 3058 4275 desuper
3098 4207 3276 4261 sedere
3300 4208 3562 4277 fecerunt.
3594 4213 3725 4269 Cum

2128 4300 2304 4344 autem
2328 4293 2559 4348 audisset
2590 4296 2760 4359 turba,
2796 4315 2914 4367 qua:
2958 4312 3168 4355 venerat
3213 4304 3283 4355 ad
3324 4304 3463 4359 diem
3512 4308 3722 4376 festum,

2125 4384 2265 4453 quod
2308 4384 2462 4439 Jesus
2503 4398 2735 4457 pergeret
2784 4388 3140 4459 Hierusalem,
3186 4411 3501 4467 acceperunt
3552 4418 3724 4457 ramos

2124 4474 2459 4543 palmarum,
2499 4490 2847 4550 veneruntque
2885 4484 2933 4535 ei
2974 4486 3211 4550 obviam,
3257 4498 3305 4539 et
3362 4488 3667 4546 clamabant
3702 4511 3722 4549 :

430 4579 675 4639 Domine,
719 4579 966 4648 quoniam
994 4576 1233 4645 benigna.
1258 4575 1522 4630 Psaltnus.
1558 4573 1774 4629 Saluum
1799 4592 1880 4630 me
1906 4576 2014 4645 fac,
2043 4533 2056 4594 1

2142 4566 2368 4635 Osanna,
2392 4568 2688 4625 benedictus
2722 4573 2813 4642 qui
2842 4575 2999 4638 venit,
3025 4583 3081 4630 et
3110 4577 3314 4648 reliqua
3353 4580 3575 4651 (Matth.
3606 4600 3723 4651 ut,

432 4668 592 4722 Deus.
642 4667 860 4721 Interim
897 4666 1128 4737 ponendi
1181 4674 1307 4721 sunt
1356 4665 1569 4721 cineres
1620 4680 1784 4734 super
1815 4667 2011 4734 capita,

428 4760 572 4815 sicut
639 4759 931 4828 antiphona
989 4766 1239 4813 testatur.
1298 4756 1504 4812 Oratio.
1542 4755 1779 4811 Concede
1841 4757 2013 4821 nobis,

427 4850 670 4907 Domine.
695 4848 1000 4919 Antiphona
1033 4849 1100 4903 ad
1131 4847 1529 4918 processionem
1561 4863 1573 4899 :
1602 4846 1769 4899 Juxta
1791 4845 2016 4899 vestibu-

427 4940 557 4995 lum.
585 4940 717 4995 Item
741 4958 753 4993 :
784 4938 1147 4992 Immutemur.
1163 4938 1311 4992 Alia:
1331 4937 1498 4991 Parce
1522 4937 1761 4990 Domine.
1789 4934 1885 4989 His
1898 4934 2018 4989 [ini-

426 5034 515 5098 tis,
548 5032 795 5101 sequitur
820 5030 1025 5084 litania.
1068 5028 1274 5083 Dehinc
1303 5028 1465 5083 statio
1495 5027 1563 5081 ad
1596 5025 1652 5081 S.
1699 5024 1977 5080 Sabinam.
2030 5068 2033 5071 ν

499 5124 526 5162 h
562 5123 856 5177 Sabbatum
903 5130 1029 5175 ante
1065 5119 1299 5184 Palmas,
1325 5119 1401 5173 ita
1430 5117 1793 5191 praetitulatur
1833 5117 1887 5172 in
1915 5106 2016 5173 Sa?

424 5213 788 5270 crameutario
806 5230 819 5263 :
837 5210 1125 5266 Sabbatum
1151 5219 1318 5262 vacat.
1344 5208 1601 5263 Dominus
1631 5224 1769 5278 papa
1798 5206 2017 5261 eleemo-

424 5320 608 5377 synam
634 5302 744 5355 dat.
785 5301 1035 5371 Cogitare
1084 5304 1299 5366 oportet
1323 5298 1557 5367 qualiter
1584 5296 1774 5353 eadem
1805 5296 1893 5354 die
1920 5312 2018 5371 po-

426 5393 695 5448 tissimum
734 5389 1074 5457 eleemosyna
1116 5385 1376 5441 tradenda
1428 5384 1518 5440 sit.
1571 5384 1670 5441 Ubi
1717 5385 2014 5441 notandum

424 5485 566 5555 quod
612 5499 679 5539 ea
711 5496 830 5554 quce
867 5480 1095 5535 colimus
1139 5478 1284 5533 circa
1341 5476 1655 5533 Passionem
1704 5478 1917 5534 Domini
1962 5486 2019 5534 et

426 5572 898 5630 Resurrectionem
943 5578 1109 5640 atque
1166 5567 1560 5623 Ascensionem
1606 5567 1665 5622 in
1709 5567 1930 5637 malum,
1956 5568 2015 5625 in

498 5695 524 5722 ιι
556 5682 653 5736 llis
670 5678 963 5735 concordat
981 5676 1145 5731 Liber
1163 5671 1362 5729 Pontif.
1387 5667 1607 5745 Egberti
1633 5667 1992 5735 Eburacensis

431 5752 571 5822 apud
602 5752 845 5806 Martene
871 5748 907 5802 Ι.
933 5747 1027 5803 cit.
1056 5762 1193 5835 cap.
1213 5744 1263 5835 7,
1295 5758 1417 5816 pag.
1444 5744 1548 5802 Μ.

2126 4659 2191 4712 21
2224 4660 2379 4732 seq.).
2426 4661 2501 4716 De
2530 4662 2630 4718 hac
2657 4661 2743 4718 die
2769 4664 3047 4721 sciendum
3081 4677 3163 4723 est
3189 4671 3332 4737 quod
3361 4673 3596 4728 diversis
3624 4689 3723 4731 vo-

2125 4751 2331 4806 cabulis
2358 4753 2724 4837 distinguitur,
2752 4756 2805 4811 id
2839 4767 2941 4820 est,
2969 4760 3081 4811 dies
3110 4761 3445 4828 Palinurum,
3479 4766 3598 4823 sive
3628 4766 3723 4824 llo-

2123 4853 2267 4900 rum,
2298 4839 2411 4892 sive
2446 4855 2747 4907 ramorum,
2784 4841 3023 4911 Osanna,
3080 4846 3284 4904 Pascha
3323 4855 3567 4922 petitum,
3609 4859 3725 4914 sive

2122 4930 2563 4997 competentium,
2604 4940 2659 4986 et
2695 4934 2868 5003 capita
2897 4933 3205 4992 (uiantium.
3251 4941 3377 4997 Dies
3408 4943 3720 5003 Palmaruln

2120 5016 2241 5073 idco
2267 5019 2591 5085 celebratur,
2622 5023 2750 5092 quia
2798 5024 2853 5078 in
2878 5040 2943 5079 eo
2978 5026 3237 5085 Dominus
3266 5032 3493 5091 tendens
3528 5036 3721 5094 Hiero-
3758 5052 3773 5069 ⁶

2119 5110 2405 5181 solymam,
2436 5116 2674 5170 occurrit
2705 5117 2754 5171 ei
2786 5117 2940 5172 turba
2970 5120 3223 5189 plurima,
3269 5126 3394 5181 hinc
3438 5128 3568 5184 inde
3608 5133 3719 5187 cla.

2120 5202 2339 5268 mando,
2378 5202 2615 5272 Osanna,
2666 5209 2809 5277 quod
2846 5210 3238 5280 interpretatur
3287 5216 3551 5286 salvi/ica,
3604 5223 3717 5279 sive

2116 5292 2290 5347 salvos
2319 5311 2410 5348 nos
2438 5295 2542 5364 fac.
2584 5297 2681 5353 Est
2720 5301 2864 5355 enim
2910 5303 3167 5361 Hebraeus
3199 5322 3398 5373 sermo,
3437 5314 3533 5381 qui
3572 5317 3717 5386 apud

2118 5383 2239 5440 illos
2265 5385 2465 5441 dicitur
2495 5387 2730 5445 Osanna.
2763 5391 2821 5446 In
2852 5396 3020 5450 ramis
3043 5397 3343 5466 palmarum
3375 5383 3717 5474 signiﬁcatur

2118 5477 2365 5543 victoria,
2404 5494 2509 5549 qua
2544 5492 2663 5537 erat
2689 5483 2949 5541 Dominus
2976 5499 3204 5545 mortem
3240 5496 3525 5552 moriendo
3555 5513 3717 5570 supe-

2116 5576 2355 5657 raturus,
2385 5578 2546 5640 atque
2570 5588 2667 5642 per
2693 5582 2952 5646 tropaeum
2978 5582 3155 5637 crucis
3180 5583 3250 5638 de
3274 5584 3492 5641 diabolo
3520 5589 3717 5645 mortis

2191 5680 2220 5719 δ
2248 5679 2577 5759 A_ma_lariu_s,
2606 5683 2700 5759 lib.
2733 5703 2759 5759 ιν
2785 5688 2853 5743 de
2892 5690 3036 5746 Eccl.
3053 5666 3232 5759 Olﬁc.,
3257 5710 3306 5750 ε.
3333 5698 3386 5752 9.
3408 5700 3545 5754 Vide
3567 5700 3713 5754 Mar-

2120 5756 2245 5806 tene
2270 5750 2337 5806 de
2359 5754 2485 5806 Ant.
2511 5752 2719 5813 Eccles.
2746 5758 3061 5833 Disciplina,
3090 5779 3139 5821 c.
3172 5750 3261 5833 l9,
3291 5750 3548 5835 n.‘2't,_'p'.
3567 5750 3705 5825 Ῑέῗ.
