4032 6354
282 410 415 482 120i
1092 415 1242 472 ore.
1282 407 1680 470 SUPPOSITA.
1720 426 1789 444 -—-
1822 399 1950 457 LIB.
1995 397 2082 455 DE
2120 399 2369 460 DIVINIS
2406 393 2710 456 ornans.
2894 386 2899 389 '
3385 389 3525 445 nos

288 538 525 609 princtpe
570 522 1017 602 triumphaturus.
1066 530 1125 584 ln
1167 529 1331 583 ramis
1364 526 1616 583 arborum
1661 502 1854 575 in'telli-
1880 514 1935 575 Α
1957 511 2051 580 tis,
2078 515 2266 585 incipit
2289 514 2473 571 schola
2495 525 2617 568 cum
2632 508 2825 579 baiulis
2846 509 3051 609 antipb.
3071 523 3084 561 :
3104 505 3266 609 Pueri
3277 503 3528 609 I‘Ieb‘rwo-

292 595 484 701 guntur
538 623 681 678 dicta
726 595 949 677 Patrum
995 629 1049 675 et
1101 620 1360 691 exempla.
1410 618 1587 672 Turba
1624 611 1852 684 plurima
1944 620 2087 660 rrum.
2118 606 2185 660 Et
2208 615 2335 661 tunc
2356 604 2651 677 prosternit
2674 603 2849 656 omnis
2881 600 3033 701 plebs
3060 600 3198 701 hinc
3222 598 3345 653 inde
3383 595 3528 701 fron-

293 687 553 786 significat
594 710 1036 765 innumerabilem
1070 687 1364 781 martyrum
1401 706 1714 767 exercitum,
1762 699 1854 769 qui
1954 698 2046 753 des
2098 712 2191 751 seu
2243 696 2404 751 ﬂores
2451 697 2799 750 decantantes
2850 692 3054 761 antiph.
3096 709 3109 743 :
3157 688 3370 743 Osanna
3416 687 3528 759 ﬁlio

293 782 512 876 corpora
561 820 658 859 sua
709 818 807 873 pro
852 802 1075 857 Domino
1122 802 1474 855 tradiderunt.
1524 796 1856 852 Vestimenta
1953 788 2145 851 David,
2191 804 2361 857 usque
2408 790 2474 843 ad
2507 789 2693 842 altare.
2745 785 2812 840 Et
2854 786 2931 839 sic
2970 785 3174 838 intrant
3213 782 3280 836 ad
3317 782 3528 836 missas.

291 875 664 969 Apostolorum
692 908 854 962 opera
882 900 1007 947 sunt
1027 890 1265 960 jnstitiaa.
1316 889 1467 945 Unde
1512 887 1566 941 in
1606 884 1853 956 psalmo:
1957 885 2185 941 Ministri
2228 899 2356 940 vero
2403 891 2588 938 tenent
2631 882 2838 951 palmas
2878 884 2929 935 in
2967 881 3211 935 manibus
3255 894 3422 947 usque
3466 875 3534 930 ad
3586 892 3589 895 ’

295 986 599 1044 Sacerdotes
652 983 728 1036 tui
767 982 1056 1037 induantur
1092 980 1299 1051 justitia
1344 977 1515 1049 (Psal.
1552 990 1734 1038 cxxxi,
1780 970 1857 1043 9).
1960 978 2369 1049 completionem
2414 977 2609 1032 missae.
2658 976 3021 1030 lntermittunt
3062 974 3222 1043 aliqui
3259 973 3540 1028 salutatio-

290 1078 345 1131 ln
371 1074 535 1129 asello
565 1088 671 1142 quo
696 1072 934 1135 sedebat,
968 1069 1236 1124 iudicabat
1262 1066 1523 1135 simplicia
1548 1064 1708 1120 corda
1735 1076 1864 1133 gen-

1959 1084 2083 1126 nem
2101 1069 2150 1123 in
2168 1070 2438 1139 passione,
2470 1068 2524 1121 id
2544 1074 2647 1131 est,
2666 1067 2919 1120 Dominus
2944 1067 3238 1121 vobiscum:
3266 1065 3406 1134 quod
3430 1079 3540 1118 non

295 1164 518 1226 tilitatis,
541 1177 701 1231 quam
727 1160 1064 1230 priesidendo
1092 1166 1252 1227 atque
1279 1156 1511 1226 regendo
1538 1152 1866 1225 perducebat
1961 1159 2153 1230 legitur
2178 1159 2229 1211 in
2255 1158 2551 1222 ordinibus,
2577 1158 2669 1211 sed
2689 1157 2741 1210 in
2764 1156 3060 1212 Parasceve
3085 1165 3312 1219 tantum,
3340 1155 3429 1210 ubi
3460 1170 3545 1209 re-

292 1256 358 1310 ad
397 1254 661 1308 visionem
703 1252 852 1320 pacis
907 1257 1141 1304 aeternis.
1195 1247 1403 1301 Pascha
1460 1247 1703 1315 petitum.
1752 1242 1867 1296 sive
1964 1247 3105 1304 ticeturoﬂiciumsacerdotale.Ideoautem
3120 1250 3233 1303 haec
3253 1248 3545 1302 hebdoma-

292 1346 705 1418 competentium
736 1344 948 1408 dicitur,
980 1342 1105 1411 quia
1134 1340 1292 1397 hodie
1320 1337 1619 1409 symbolum
1647 1348 1864 1403 compe-
1966 1342 2035 1396 da
2053 1341 2223 1409 major
2266 1342 2479 1407 dicitur,
2508 1343 2633 1411 quia
2670 1343 2724 1395 in
2763 1357 2827 1397 ea
2867 1342 3099 1395 maxima
3123 1350 3205 1396 est
3236 1340 3541 1396 adhibenda

292 1440 530 1494 tentihus
584 1434 924 1499 tradebatur,
974 1441 1194 1503 propter
1253 1428 1517 1485 conﬁnem
1578 1425 1869 1480 Βοωίηἰοω
1966 1433 2321 1502 parcimouia,
2352 1434 2463 1488 sive
2486 1434 2628 1503 quod
2653 1432 2827 1503 majus
2849 1433 3082 1489 ofﬁcium
3100 1433 3424 1488 recoliturin
3452 1446 3541 1485 ea.

291 1529 513 1583 Pascha}
547 1526 964 1589 solemnitatem,
1009 1531 1070 1577 ut
1115 1522 1207 1592 qui
1246 1519 1359 1588 jam
1399 1520 1467 1572 ad
1509 1518 1605 1571 Dei
1642 1516 1870 1586 gratiam

288 1616 689 1689 percipiendam
742 1584 1034 1675 festinauit,
1090 1584 1263 1665 fidem.
1309 1624 1471 1677 quam
1524 1584 1871 1672 confitentur,
2432 1688 2435 1689 ν
2558 1584 2784 1640 CAPUT
2832 1585 2945 1640 XV-

292 1688 622 1778 cognoscant
647 1724 658 1757 :
682 1711 1047 1772 competentes
1069 1701 1231 1761 enim,
1256 1698 1410 1768 quasi
1435 1696 1593 1752 simul
1610 1703 1868 1766 petentes,
2043 1772 2086 1778 _
2258 1690 2322 1728 οε
2360 1688 2517 1729 FER“
2556 1690 2609 1728 ιν
2646 1691 2976 1732 ΗΕΒΒΟΜΑΜ
3017 1692 3254 1732 Imoms.

291 1772 568 1858 diduntur,
613 1792 669 1846 id
712 1799 812 1854 est,
865 1791 1094 1861 gratiam
1139 1788 1341 1859 Christi
1388 1794 1650 1857 petentes.
1686 1785 1871 1854 Capita

2043 1772 2201 1828 Feria
2228 1781 2418 1843 quarta
2445 1774 2792 1829 hebdomadas
2812 1775 3050 1843 majoris,
3081 1778 3214 1831 hora
3241 1779 3402 1833 tertia
3426 1792 3550 1848 pro-

290 1849 586 1937 lavantium
613 1882 730 1935 ideo
753 1849 896 1953 hunc
921 1881 1060 1935 diem
1102 1849 1333 1948 appellat
1355 1849 1565 1948 vulgus,
1600 1876 1721 1944 quia
1745 1849 1873 1931 tunc
1901 1849 1949 1910 Β
1974 1863 2115 1953 09d"
2154 1864 2477 1934 3POSl0|iCUS
2507 1880 2628 1919 cum
2668 1867 2812 1920 omni
2842 1867 2985 1922 clero
3019 1884 3112 1922 seu
3148 1870 3343 1938 populo
3374 1871 3440 1924 ad
3465 1887 3554 1925 ec-

290 1989 414 2028 mos
436 1981 518 2027 est
556 1971 722 2025 lavari
753 1951 933 2040 capita
977 1969 1279 2034 infantium,
1328 1968 1419 2037 qui
1473 1966 1705 2037 ungendi
1751 1972 1878 2020 sunt
1975 1951 2217 2018 clesiam,
2247 1962 2305 2008 et
2332 1955 2459 2009 dicit
2484 1956 2756 2012 orationes
2786 1957 3050 2013 solemnes
3071 1959 3118 2023 1’,
3153 1960 3292 2013 sicut
3325 1961 3378 2014 in
3403 1969 3565 2023 sexta

292 2061 535 2117 sabbato
559 2071 764 2125 sancto,
795 2078 862 2116 ne
883 2061 1020 2117 forte
1042 2060 1419 2115 observatione
1442 2058 1895 2128 Quadragesim,
1976 2042 2132 2098 feria.
2167 2042 2263 2098 His
2286 2044 2533 2114 expletis,
2573 2046 2813 2101 osculato
2858 2048 3037 2113 altari,
3067 2050 3360 2119 egreditur.
3391 2049 3554 2103 Pres-

290 2153 558 2207 sordidati
587 2153 653 2206 ad
690 2152 996 2207 unctionem
1027 2150 1365 2205 accederem,
1975 2131 2153 2203 byteri
2174 2148 2302 2188 vero
2323 2135 2692 2203 ecclesiarum,
2718 2145 2824 2191 tam
2851 2138 3035 2191 urbani
3059 2153 3219 2206 quam
3241 2138 3553 2204 suburbani,

363 2240 581 2307 Quanta
610 2256 737 2295 vero
761 2226 1061 2293 reverentia
1090 2239 1206 2292 haec
1235 2236 1565 2292 consuetudo
1589 2251 1617 2289 a
1648 2234 1882 2290 devotis-

1978 2231 2323 2278 revertuntur
2367 2226 2435 2279 ad
2491 2226 2672 2281 titulos
2725 2242 2870 2291 suos,
2926 2236 2987 2281 ut
3033 2229 3137 2282 hoc
3186 2230 3373 2282 ordine
3421 2228 3557 2282 feria

289 2326 461 2385 simis
486 2329 619 2382 viris
655 2327 937 2392 excolitur,
974 2326 1130 2380 libuit
1173 2325 1263 2380 hic
1301 2339 1591 2395 parumper
1618 2324 1877 2378 inserere.
1979 2321 2132 2368 sexta
2161 2314 2481 2383 compleant,
2520 2317 2622 2370 hoc
2660 2316 2891 2372 scientes
2918 2325 2971 2371 ut
3013 2318 3156 2387 quod
3187 2318 3427 2386 pontifex
3458 2333 3561 2389 pro

289 2419 468 2474 Hodie
514 2426 847 2489 praeparatur
893 2417 1160 2486 quoddam
1205 2416 1561 2486 portatorium
1610 2411 1885 2467 honestis—
1981 2420 2041 2464 se
2062 2409 2386 2474 intermittit,
2423 2409 2495 2463 ibi
2539 2410 2688 2464 illum
2727 2419 3167 2467 commemorent.
3209 2411 3403 2467 Postea
3429 2426 3565 2465 veru

288 2513 450 2577 sime,
511 2512 565 2565 in
619 2526 725 2580 quo
783 2510 1156 2564 intromittitur
1214 2517 1459 2562 sanctum
1511 2503 1880 2573 Evangelium,
1982 2501 2115 2557 hora
2153 2509 2340 2556 octava
2369 2498 2742 2573 ingrediuntur
2767 2504 2833 2557 ad
2860 2504 3055 2558 missas
3080 2519 3229 2558 more
3267 2503 3444 2558 solito.
3474 2501 3563 2555 ld-

286 2603 438 2673 quod
494 2602 805 2672 intelligitur
858 2599 1124 2663 Christus,
1154 2605 1209 2653 et
1256 2598 1523 2669 statuitur
1556 2596 1612 2650 in
1656 2593 1885 2649 ecclesia
1984 2607 2049 2649 eo
2078 2593 2163 2647 hae
2189 2593 2461 2646 orationes
2486 2593 2645 2646 hodie
2673 2592 3030 2660 celebrantur,
3061 2594 3184 2663 quia
3218 2595 3270 2647 in
3296 2595 3400 2647 hac
3430 2591 3563 2648 feria

286 2703 417 2749 ante
451 2694 636 2757 aram,
665 2691 804 2744 unde
827 2690 1003 2743 clerus
1041 2702 1395 2758 processurus
1428 2692 1531 2740 est.
1566 2684 1767 2738 Deinde
1793 2682 1887 2738 ad-
1984 2692 2178 2755 quarta
2203 2684 2484 2738 consilium
2523 2682 2767 2739 fecerunt
2804 2683 2997 2749 Iudaei,
3026 2692 3085 2738 ut
3124 2685 3434 2740 occiderent
3457 2685 3563 2739 Do-

284 2792 539 2839 unantur
563 2782 753 2852 palmae
781 2790 835 2835 et
864 2778 1040 2844 ﬂores,
1074 2788 1234 2848 atque
1278 2778 1488 2833 diversa
1518 2789 1710 2846 genera
1741 2773 1887 2828 fron-
1986 2774 2211 2829 minum.
2250 2774 2400 2829 Unde
2427 2790 2524 2829 nos
2552 2774 2619 2828 ad
2658 2776 2971 2829 memoriam
3022 2778 3281 2831 reducem
3313 2776 3568 2831 debemus

285 2879 462 2944 dium,
502 2893 597 2931 seu
622 2877 900 2938 olivarum,
932 2890 1093 2944 super
1118 2890 1237 2944 qua:
1268 2873 1463 2927 dicitur
1498 2872 1613 2925 hate
1654 2869 1828 2924 oratio
1856 2881 1888 2922 a
1988 2866 2201 2923 crudele
2220 2868 2499 2927 consilium
2521 2866 2823 2922 Judeeorum
2847 2876 2901 2922 et
2923 2870 3390 2925 mansuetudinem
3413 2869 3569 2923 Chri-

192 3002 208 3013 κ
282 2971 587 3027 sacerdote
619 2982 635 3021 :
670 2967 1007 3037 Omnipotens
1046 2966 1353 3035 sempiterne
1402 2962 1565 3026 Deus,
1612 2961 1699 3031 qui
1744 2967 1891 3012 ante-
1989 2958 2077 3022 sti,
2119 2967 2180 3012 ut
2213 2968 2398 3013 contra
2424 2972 2637 3013 onmem
2670 2958 2922 3027 iujuriam
2964 2960 3129 3032 476
3169 2976 3441 3015 armemus
3472 2973 3577 3016 nos

282 3078 450 3134 quam
481 3057 692 3113 Filium
714 3068 862 3112 tuum
889 3056 1171 3111 Dominum
1196 3062 1431 3107 nostrum
1460 3067 1552 3122 pro
1575 3049 1721 3102 nobis
1750 3063 1889 3100 mor—
1991 3048 2157 3103 armis
2176 3049 2434 3103 orationis
2465 3057 2519 3102 et
2544 3050 2839 3118 patientite,
2869 3050 3010 3104 sicut
3036 3051 3149 3120 ipse
3176 3049 3324 3115 fecit,
3352 3050 3533 3105 dicens
3553 3067 3573 3103 :

282 3162 390 3206 tem
424 3150 636 3223 perpeti
680 3150 896 3202 sineres.
944 3147 1198 3215 Sequitur
1230 3142 1534 3200 benedictio
1582 3139 1885 3209 palmarum
1913 3188 1957 3223 ρ
1992 3143 2172 3213 Pater,
2210 3147 2415 3216 ignosce
2451 3146 2556 3200 illis
2597 3146 2747 3217 (Luc.
2794 3163 2947 3213 χχιιι,
2976 3147 3087 3219 54).
3116 3147 3374 3217 Sequitur
3403 3147 3577 3202 mani-

288 3243 410 3297 sive
436 3239 716 3295 frondium
746 3257 757 3292 :
794 3237 1129 3309 Omnipotens
1154 3236 1297 3291 Deus
1328 3234 1548 3289 Christe.
1576 3232 1671 3287 His
1700 3231 1886 3296 finitis,
1914 3231 1959 3250 ν
1992 3237 2131 3293 festa
2186 3238 2423 3292 deﬁnitio
2447 3278 2462 3304 ,
2513 3254 2611 3294 cur
2663 3239 2897 3308 primum
2958 3240 3361 3309 responsorium
3406 3255 3575 3293 unum

291 3332 508 3386 dantur
560 3346 590 3384 a
634 3330 942 3384 custodibus
985 3328 1205 3398 palmae;
1251 3326 1652 3395 accipienteque
1695 3321 1892 3392 populo
1993 3329 2187 3384 habeat
2240 3345 2455 3384 versum
2508 3348 2519 3383 :
2579 3331 2904 3395 secundum,
2964 3332 3203 3400 quinque
3253 3343 3298 3384 ε.
3361 3329 3577 3383 Primus

289 3436 491 3476 ramos
549 3420 822 3482 arborum.
862 3417 1141 3481 οιίνὶὶνυων
1194 3417 1307 3470 Sive
1350 3414 1559 3479 ﬂorum,
1610 3413 1893 3466 inChoalur
1995 3422 2155 3475 homo
2178 3420 2348 3474 Adam
2388 3421 2521 3475 duas
2551 3430 2749 3475 mortes
2795 3437 2987 3491 passus
3016 3414 3136 3475 est.
3184 3420 3241 3474 ln
3281 3420 3453 3492 prima
3503 3420 3578 3472 le-

289 3512 609 3580 amiphona
653 3527 665 3560 ε
723 3505 885 3560 Pueri
938 3506 1300 3560 Ηεθτατοηιιηο
1355 3504 1557 3558 Πθίηάθ
1595 3504 1895 3570 ευδοίυίυῐιι
1996 3512 2172 3567 ctione
2198 3521 2251 3564 et
2278 3511 2451 3579 primo
2476 3512 2814 3579 responsorio
2837 3527 2983 3565 mors
3000 3514 3221 3575 “animm,
3256 3512 3307 3564 in
3340 3511 3575 3565 secunda

289 3598 531 3657 diaconi
561 3598 980 3666 suprascriptum
1023 3594 1379 3665 Ροΐῑθιοτίιιῐη
1421 3610 1542 3648 cum
1581 3592 1893 3662 Ενειηὸθὶίο,
1998 3613 2052 3655 et
2082 3602 2335 3665 secundo,
2365 3616 2509 3655 mors
2530 3602 2773 3669 corporis
2797 3602 3002 3669 signata
3046 3610 3147 3656 est.
3178 3602 3317 3656 Caro
3347 3616 3578 3671 namque

290 3690 620 3759 bajulautes
658 3702 781 3741 cum
829 3686 1030 3756 ingenti
1074 3683 1429 3739 exsultatione
1462 3682 1650 3754 jugum
1697 3682 1898 3738 Christi
2001 3690 2315 3755 salvatoris,
2358 3705 2456 3759 pro
2510 3691 2681 3745 salute
2726 3691 3000 3761 corporis;
3050 3693 3265 3760 sanguis
3305 3706 3433 3746 νειςο
3480 3707 3587 3762 pro

291 3798 476 3838 suave
511 3785 568 3834 et
595 3792 730 3833 onus
758 3778 874 3847 ejus
898 3776 1035 3843 leve,
1077 3775 1411 3851 prmcedente
1452 3790 1591 3844 aqua
1617 3774 1883 3829 benedicta

2000 3788 2177 3840 anima
2208 3794 2391 3839 nostra
2415 3784 2617 3841 effusus
2642 3795 2743 3845 est.
2782 3798 2835 3840 et
2859 3787 2984 3855 quia
3016 3786 3190 3841 omnis
3220 3787 3380 3841 homo
3416 3801 3586 3841 uuam

293 3889 429 3928 cum
464 3870 810 3927 εδηάθιδδνίε
838 3879 999 3939 διψία
1026 3866 1471 3939 ιὶιγητίειωίιιενϋε
1499 3881 1621 3921 cum
1650 3865 1771 3920 aliis
1811 3880 1901 3920 οῖ·-
2002 3878 2164 3934 habet
2207 3879 2465 3942 animam,
2500 3878 2697 3932 idcirco
2724 3879 2956 3947 primum
2988 3878 3391 3945 responsorium
3443 3891 3587 3931 unus

290 3963 611 4020 namentis.
641 3961 861 4031 Insuper
884 3960 1045 4015 etiam
1068 3960 1324 4014 laicorum
1350 3957 1529 4013 schola
1550 3973 1671 4012 cum
1692 3957 1901 4013 vexillis
2003 3970 2245 4040 sequitur
2283 3984 2491 4025 γει-δας,
2540 3970 2959 4038 [responsorium
3003 3970 3303 4026 secundum
3348 3973 3586 4041 quinque

291 4062 473 4122 atque
522 4049 813 4105 fanouibus
860 4066 890 4104 a
934 4049 1089 4120 longe
1139 4058 1429 4119 prmeunte.
1476 4049 1716 4103 Exeunte
1756 4049 1883 4103 enin

2003 4078 2193 4118 versus
2218 4062 2443 4128 habens,
2476 4062 2712 4132 quinque
2740 4061 2982 4131 Corporis
3017 4077 3207 4119 sensus
3236 4064 3499 4134 signiﬁcat
3529 4063 3585 4116 in

289 4145 451 4200 clero
496 4156 599 4197 seu
635 4140 827 4210 p0pu|o
854 4139 921 4193 ab
949 4139 1193 4205 ecclesia,
1240 4139 1525 4193 inchoatur
1566 4139 1858 4209 antiphona

2005 4155 2175 4210 Adam
2197 4164 2454 4220 mortuos,
2470 4170 2605 4226 quos
2624 4155 2870 4210 Christus
2888 4158 3166 4212 moriendo
3187 4168 3239 4212 et
3262 4156 3587 4227 resurgendo

290 4233 439 4289 Cum
498 4232 944 4301 αΡΡνορίηιῖυανεε
996 4230 1272 4285 Πονπίηηδ·
1328 4230 1443 4297 Qua
1487 4230 1639 4285 ﬁnita
1687 4232 1905 4287 ίηθδοῧι
2008 4245 2379 4312 revivificavit,
2418 4246 2734 4316 et‘pristino
2765 4247 2998 4303 reddidit
3030 4249 3213 4304 statui.
3256 4249 3443 4303 Passio
3468 4261 3591 4318 quae

288 4324 495 4381 SChOla
522 4321 738 4391 διιῑίβὶισ
766 4338 778 4374 ε
806 4320 1079 4392 cuipam“
1114 4338 1309 4375 οηυιεδο
1350 4321 1482 4376 “em
1510 4340 1523 4375 ε
1559 4318 1691 4375 Cum
1726 4322 1906 4377 ααάίε·
2006 4335 2228 4408 legitur,
2256 4336 2491 4411 ostendit
2516 4334 2820 4391 Judaeorum
2846 4340 3126 4393 consilium
3154 4340 3495 4408 prazvaluisse
3520 4338 3591 4392 ad

286 4426 435 4471 δεητ·
469 4414 621 4469 “em
650 4431 663 4465 ³
690 4413 1175 4500 ΫΑΡΡΓοΡίηίΙυαηιεο
1199 4412 1334 4469 Cum
1360 4415 1585 4483 ingreSSi
1609 4414 1805 4470 fuerim
1832 4417 1909 4472 εἷ’
2010 4435 2242 4496 tempus,
2275 4434 2328 4481 et
2355 4426 2409 4480 in
2438 4428 2847 4482 mansuetudine
2886 4428 3158 4484 Christum
3190 4442 3588 4500 perseverasse.

285 4504 569 4609 Vilaﬁem‘o
617 4499 703 4609 ξεί
733 4500 1055 4609 οξῈῐιοξὶίυωι
1086 4501 1290 4609 figit“?
1334 4504 1734 4609 Γθεροηδίξςίυῐη
1764 4503 1907 4609 ξ’Ῑη·
1930 4545 1987 4609 D
2010 4516 2161 4585 Quod
2187 4525 2366 4571 autem
2395 4517 2510 4571 sine
2536 4518 2855 4574 salutatione
2887 4499 3283 4589 pronuntiatur,
3313 4520 3455 4590 quod
3485 4520 3595 4576 Do-

286 4588 860 4692 gredi‘mip‘f‘mf’fm
888 4590 1022 4645 Ῑιθίη
1045 4608 1057 4644 ³
1083 4589 1411 4692 θῩηεξΙενῑιξπ
1439 4595 1727 4665 Ponti/5088-
1761 4594 1907 4652 Πηιιε
1932 4588 1985 4609 υ
2014 4605 2209 4660 miuica
2246 4621 2351 4659 non
2376 4605 2549 4675 agitur
2589 4607 2697 4671 die,
2737 4588 3002 4677 significat
3029 4588 3346 4664 luci-reorum
3363 4624 3590 4682 pravum

287 4692 507 4782 αυιεξη-
676 4679 861 4782 finitis:
893 4692 1018 4782 {mle
1045 4685 1239 4782 alritmt
1264 4685 1504 4782 ecclesiae
1544 4688 1662 4743 1000
1687 4704 1906 4761 compe-
2015 4706 2334 4754 conventum
2371 4707 2553 4752 contra
2582 4698 2855 4753 Christum
2888 4700 3245 4768 conspirasse,
3275 4710 3329 4757 et
3359 4679 3594 4773 discipu-

290 4775 438 4829 tenti
481 4771 745 4828 subsistit
773 4771 952 4827 schola
974 4788 1109 4845 _cum
1154 4774 1344 4845 bajulis
1371 4786 1426 4831 et
1458 4778 1665 4847 reliquo
1695 4789 1909 4847 ornatu,
2016 4787 2190 4843 torum
2234 4787 2527 4851 silentium,
2557 4796 2776 4855 propter
2825 4789 3096 4845 ιι-ίςιίιίεηη
3132 4793 3398 4862 passionis
3429 4771 3589 4857 iui—us,

287 4874 347 4922 et
377 4865 584 4921 Clems
637 4877 729 4917 se“
770 4864 997 4934 Populus
1043 4875 1353 4936 εκεβθοιειηί
1392 4869 1446 4923 in
1492 4870 1611 4925 Ῑοοο
1643 4872 1789 4939 atrii.
1831 4874 1915 4928 ἰη-
2017 4896 2137 4951 quae
2164 4878 2297 4935 feria
2339 4887 2489 4934 sexta
2521 4894 2691 4949 usque
2734 4891 2946 4935 servata
2974 4893 3077 4947 est,
3121 4900 3226 4954 qua
3263 4886 3349 4940 die
3386 4884 3596 4953 primus

288 4960 587 5015 choantes
610 4956 959 5025 antiphonam
984 4976 995 5012 :
1018 4957 1389 5015 Occurrerunt.
1406 4962 1713 5032 Respondet
1730 4965 1915 5021 schola
2020 4972 2182 5026 homo
2215 4970 2462 5025 conditus
2482 4978 2638 5024 estet
2665 4972 2990 5043 redemptus.
3021 4975 3125 5031 Per
3150 4986 3259 5031 tres
3289 4976 3597 5040 continuos,

289 5068 428 5110 cum
463 5047 690 5121 angelis
712 5056 766 5103 et
784 5050 983 5121 pueris.
1013 5049 1125 5105 Hac
1153 5051 1326 5119 finita,
1362 5054 1680 5111 inchoantur
1718 5073 1749 5111 a
1777 5055 1914 5112 duo-
2018 5062 2111 5131 qui
2144 5067 2443 5130 sequuntur
2475 5060 2611 5125 dies,
2642 5061 2694 5115 id
2726 5072 2826 5128 est,
2860 5066 3066 5134 quinta,
3098 5076 3249 5121 sexta
3284 5074 3336 5120 et
3366 5066 3595 5134 septima

288 5147 407 5203 bus
442 5142 785 5201 cantoribus
828 5141 1043 5211 quidam
1092 5159 1332 5200 versus:
1376 5145 1546 5201 Israel
1598 5164 1653 5203 es
1702 5157 1760 5202 tu
1801 5166 1913 5204 rex.
2020 5152 2179 5217 feria,
2232 5151 2532 5205 triduanam
2590 5152 2915 5222 sepulturam
2977 5155 3187 5209 Domini
3236 5154 3592 5210 celebramus.

287 5236 645 5309 Respondet
668 5234 864 5289 chorus
887 5234 1154 5304 aSpiciens
1177 5250 1270 5289 seu
1286 5236 1551 5292 inclinans
1570 5253 1628 5293 se
1649 5239 1715 5293 ad
1732 5255 1920 5310 supra-
2019 5243 2098 5297 Ac
2122 5257 2218 5313 per
2262 5243 2386 5307 hoc,
2415 5250 2475 5296 ut
2510 5244 2948 5314 compaginemur
2980 5244 3265 5298 humilitati
3307 5246 3601 5314 sepultum

290 5329 595 5398 scriptum
617 5332 865 5378 sanctum
892 5325 1237 5394 Evangelium
1268 5344 1281 5379 :
1312 5325 1517 5394 Gloria,
1537 5328 1655 5384 laus
1680 5338 1728 5385 et
1751 5332 1922 5386 honor
2022 5334 2157 5405 ejus,
2187 5334 2485 5388 omittimus
2508 5334 2718 5389 excelsa
2742 5344 2946 5401 nostra,
2991 5336 3044 5389 id
3071 5344 3176 5400 est,
3204 5332 3383 5390 Gloria
3418 5334 3599 5403 Patri,

294 5418 399 5473 tibi
436 5419 516 5472 sit
545 5429 601 5469 α.
649 5415 726 5470 Eo
768 5416 956 5473 ordine
983 5424 1279 5485 sequuntur
1318 5418 1406 5473 alii
1443 5436 1648 5477 versus.
1679 5421 1775 5477 His
1802 5422 1923 5478 fini-
2025 5434 2082 5481 et
2107 5441 2418 5495 campanas,
2440 5427 2494 5480 id
2518 5436 2619 5492 est,
2649 5427 2817 5496 signa.

373 5544 402 5612 ξ
436 5528 706 5612 Carmen
730 5528 1095 5612 hocce_habes
1126 5528 1270 5612 inter
1295 5528 1771 5612 Opera_Ihegdulﬁ
1814 5536 1925 5612 Au—
2029 5541 2189 5612 Grcg.
2221 5541 2317 5603 M.,
2346 5549 2456 5595 not.
2494 5541 2619 5594 254.

288 5598 661 5672 relianensis
691 5606 821 5672 tom.
873 5597 916 5653 ll
958 5598 1253 5672 Sirmondi,
1288 5597 1409 5672 pag.
1454 5602 1574 5656 775.
1605 5605 1736 5660 Vide
1760 5608 1922 5663 etiam
2047 5597 2053 5598 ί
2106 5597 2433 5665 b"Orationes
2469 5611 2741 5668 solemnes.
2788 5612 2910 5667 Vid.
2942 5612 3037 5666 lib.
3084 5610 3326 5667 Sacram.
3364 5612 3454 5667 cit.
3510 5626 3601 5666 ea-

291 5672 577 5755 !artene
604 5666 724 5755 7199.
769 5668 889 5755 cit?
941 5685 1060 5751 cap.
1090 5670 1180 5755 29,
1225 5666 1526 5755 {tu—milii,“
1549 5689 1672 5745 pag.
1724 5677 1845 5744 190',
1871 5692 1929 5755 et
2035 5685 2151 5740 dem
2181 5682 2439 5755 εἰη-..ιω
2466 5681 2565 5755 Op.
2591 5666 2826 5755 S.Greg.
2854 5666 2944 5747 M.,
2973 5692 3026 5738 et
3051 5666 3161 5737 not.
3180 5682 3317 5755 Hug.
3338 5666 3619 5741 Menardi.

293 5743 622 5816 nugonem
647 5736 959 5795 Menardum
988 5736 1044 5796 in
1070 5741 1213 5796 notis
1234 5741 1290 5819 in
1313 5742 1461 5799 Libr.
1492 5736 1843 5804 sacrameut.’
1865 5751 1922 5804 S.
2042 5736 2087 5740 Γ
2106 5767 2127 5791 υ
2154 5736 2474 5819 Aamlarius,
2507 5736 2540 5807 ί.
2568 5736 2693 5821 ςὶιηί
2712 5736 2830 5825 ἐρῶ.
2864 5736 2951 5808 li.
