4032 6354
1298 296 1360 350 Β.
1397 293 1463 350 F.
1499 290 1729 351 ALBINI
1768 290 1903 350 SEU
1939 288 2220 351 ALCUINI
2257 290 2547 349 OPERUM
2581 289 2765 349 PARS
2803 292 2898 349 IX.

978 407 1173 465 CAPP.
1214 408 1359 473 ΧΠ,
1394 406 1561 465 XT".

878 515 945 558 DE
979 515 1135 557 FER“
1173 515 1208 555 ν
1242 514 1415 557 om
1451 511 1657 555 DOUIRL

485 295 626 352 1205
1298 296 1360 350 Β.
1397 295 1463 350 F.
1499 295 1729 351 ALBINI
1768 295 1903 350 SEU
1939 295 2069 351 ALC

2159 295 2220 347 NI
2257 295 2547 349 omnem
2581 295 2765 349 rans
2803 295 2898 349 lx.
3230 332 3231 335 γ
3607 302 3762 363 nos

2089 408 2141 469 Α
2165 402 2341 474 quam
2359 403 2607 473 iniuriam
2633 422 2828 477 passus
2856 416 2941 463 est
2967 406 3217 465 Christus
3250 425 3282 466 a
3317 424 3417 467 suo
3459 411 3763 485 discipuio,

2158 506 2215 554 et
2266 514 2370 553 nos
2416 500 2649 557 vitemus
2698 502 2886 557 eadem
2927 502 3137 559 ratione
3189 502 3442 574 injuriam
3482 504 3764 567 fratribus

546 594 605 655 In
630 593 735 653 hac
776 608 930 651 sacra
974 592 1263 649 festivitate
1290 592 1505 648 diversa
1531 598 1681 661 gesta
1704 595 1850 653 sunt,
1873 595 1929 643 et
1966 601 2060 661 ge-

478 697 688 745 runtur.
729 683 1063 756 Surgendum
1093 693 1175 739 est
1197 684 1339 739 enim
1368 683 1434 737 ad
1464 683 1697 751 vigilias,
1726 682 1858 735 hora
1885 681 2059 735 noctis

477 789 686 845 octava,
717 786 770 833 et
808 787 933 833 tunc
976 777 1120 831 omni
1158 776 1357 833 lumine
1387 776 1669 830 decoratur
1697 773 1945 829 ecclesia.
1977 772 2059 827 Ab

476 872 579 927 hac
602 878 759 924 nocte
789 883 957 939 usque
986 867 1037 920 in
1064 865 1353 920 Sahbatum
1386 862 1653 923 sanctum.
1684 880 1788 917 non
1820 863 2053 917 dicitur:

475 964 636 1029 Deus,
668 964 722 1017 in
752 962 1096 1032 adjuton’um,
1120 975 1269 1013 more
1300 959 1476 1023 solto,
1505 971 1677 1025 neque
1696 953 1875 1008 Gloria
1908 954 2057 1007 Patri

474 1058 526 1111 in
554 1055 792 1127 psalmis,
824 1068 996 1124 neque
1027 1054 1078 1106 in
1122 1050 1499 1121 responsoriis,
1540 1048 1634 1102 sed
1659 1062 1830 1114 neque
1861 1046 1914 1100 in
1950 1044 2055 1099 ullo

472 1145 610 1200 loco.
637 1144 836 1199 Cantor
858 1158 986 1197 vero
1017 1157 1140 1197 mox
1173 1141 1391 1197 inchoat
1413 1139 1618 1208 antiph.
1646 1139 1786 1192 sicut
1813 1138 1866 1190 in
1897 1135 2055 1189 Anti-

471 1237 736 1309 phonario
764 1237 1091 1291 continetur.
1126 1234 1321 1290 Lector
1364 1247 1490 1287 vero
1536 1247 1643 1286 non
1689 1237 1839 1302 petat
1894 1231 2056 1284 henc-

474 1328 786 1393 dictionem,
836 1343 1007 1398 neque
1042 1342 1072 1379 a
1118 1325 1398 1386 sacerdote
1440 1322 1770 1394 compleatur
1816 1340 1829 1375 :
1868 1321 1963 1377 sed
1988 1336 2055 1376 ex

470 1420 653 1476 verbis
676 1420 920 1477 lectionis
943 1416 1163 1486 juhctur
1211 1416 1369 1471 ﬁnem
1402 1416 1598 1478 facere,
1654 1424 1745 1469 aut
1790 1423 1937 1471 certe
1962 1430 2055 1468 ex-

472 1510 927 1566 terminationem.
956 1508 1236 1563 Lectiones
1262 1508 1448 1577 primm
1470 1507 1534 1560 de
1558 1506 2055 1560 Lamentationihus

412 1594 421 1609 ’
468 1601 739 1666 Jeremizc,
762 1601 1006 1657 secunda:
1030 1602 1092 1656 de
1117 1608 1349 1659 tractatu
1373 1600 1559 1670 psalmi
1587 1618 1598 1652 :
1628 1598 1862 1661 Exaudi,
1888 1598 2052 1661 Deus,

471 1694 759 1748 orationem
785 1710 952 1747 nicum
976 1710 1099 1746 cum
1126 1692 1392 1762 deprecor.
1434 1691 1630 1746 Tertia:
1672 1691 1739 1744 de
1764 1689 2008 1759 apostolo
2035 1706 2047 1741 :

471 1781 900 1840 Convenientibus
944 1785 1080 1839 vobis
1127 1786 1184 1838 in
1233 1802 1414 1839 unum.
1464 1784 1523 1838 ln
1576 1782 1876 1837 Parasceve
1923 1795 2051 1834 vero
2084 1769 2125 1827 Β

468 1887 523 1934 et
545 1879 597 1933 in
625 1879 856 1934 Subhato
882 1889 1069 1933 sancto
1090 1877 1155 1932 de
1184 1878 1507 1948 supradictis
1528 1874 2047 1939 Lamentationibus,

468 1980 522 2027 et
551 1980 779 2026 tractatu
813 1971 1095 2042 Augustini
1124 1972 1178 2025 in
1202 1971 1390 2026 eodem
1418 1970 1644 2039 psalmo,
1676 1967 1966 2022 novissime
1985 1967 2050 2019 de

468 2061 690 2130 epistola
721 2061 868 2116 Pauli
901 2079 914 2116 :
950 2061 1279 2116 Festinemus
1318 2061 1519 2131 ingredi
1564 2062 1622 2115 in
1671 2058 1818 2112 illam
1856 2071 1906 2110 η.
1948 2057 2051 2111 Per

467 2149 566 2204 has
589 2166 779 2206 novem
808 2151 1066 2207 lectiones
1093 2168 1187 2206 seu
1221 2151 1335 2219 psal
1360 2167 1457 2206 nos
1483 2167 1547 2205 ac
1574 2148 1936 2219 reSponsoria,
1957 2149 2049 2217 qui

465 2242 779 2297 recoluntur
808 2243 861 2296 in
892 2242 979 2297 his
1013 2242 1187 2299 tribus
1222 2242 1495 2305 noctibus,
1538 2242 1859 2303 insinuatur,
1906 2239 2050 2308 quod

466 2330 727 2388 Dominus
753 2334 1082 2389 descendens
1122 2335 1187 2387 al
1226 2332 1517 2397 infernum,
1562 2333 1686 2386 inde
1732 2333 1835 2385 tria
1879 2330 2051 2385 homi-

466 2437 595 2479 num
621 2439 817 2495 genera
848 2425 1025 2495 rapuit
1047 2434 1102 2479 et
1143 2426 1442 2479 transvexit
1467 2424 1537 2479 ad
1565 2424 1749 2485 caelos,
1784 2424 1851 2476 ad
1879 2424 2050 2477 socie-

468 2517 631 2565 tatem
675 2512 924 2568 vizlelicet
971 2530 1159 2569 novem
1200 2515 1450 2569 ortinam
1500 2515 1833 2586 angelorum,
1890 2511 2049 2566 sicuti

465 2610 589 2659 est:
622 2603 739 2659 Due
775 2604 825 2658 in
863 2606 1017 2671 lecto,
1053 2607 1173 2660 dare
1210 2606 1478 2671 metentes,
1514 2605 1619 2659 duo
1659 2606 1713 2657 in
1745 2619 1872 2673 agro
1895 2601 2045 2672 (Luc.

463 2710 596 2759 xvn,
645 2696 758 2767 5i).
800 2697 1185 2753 Accendantur
1230 2698 1374 2751 cnim
1414 2697 1468 2751 in
1520 2698 1619 2751 hac
1668 2704 1825 2749 nocte
1850 2694 2049 2747 lumina

462 2784 651 2854 viginti
683 2794 934 2857 quatuor,
963 2796 1020 2841 ct
1042 2788 1457 2855 exstinguuntur
1477 2802 1574 2856 per
1598 2786 1837 2854 singulas
1865 2783 2049 2837 lectio-

463 2890 560 2930 nes
586 2884 641 2931 et
671 2878 1029 2948 responsoria.
1063 2878 1193 2946 Qua:
1222 2880 1368 2933 ﬁunt
1396 2879 1732 2949 septuaginta
1771 2878 1888 2931 duce
1930 2877 2050 2929 illu-

423 2999 427 3002 ~
460 2967 789 3024 minationes
830 2976 880 3024 et
928 2969 1315 3025 cvstinctio..es
1360 2989 1372 3023 :
1425 2979 1505 3025 tot
1531 2969 1673 3025 enim
1712 2967 2052 3035 horisjacuit

463 3059 724 3118 Dominus
750 3064 802 3117 in
828 3065 1094 3133 sepulcro.
1126 3065 1327 3121 Lumen
1365 3075 1422 3120 et
1466 3076 1677 3129 cantus,
1709 3066 1965 3135 gaudium
1994 3076 2047 3133 et

2157 590 2356 647 facere.
2391 591 2555 663 Signo
2578 594 2721 651 enim
2756 595 2945 651 doloso
2986 597 3218 651 traditus
3240 606 3328 651 est
3356 598 3640 654 Dominus.
3672 600 3761 656 im

2158 688 2468 743 vitatorium
2503 705 2605 744 non
2642 700 2913 755 cantatur,
2937 700 2997 745 ut
3019 692 3254 747 sciamus
3283 691 3485 746 malum
3518 710 3761 750 conven-

2160 789 2271 835 tum
2295 782 2486 847 vitare,
2521 782 2697 850 qualis
2732 781 2834 836 fuit
2859 784 2999 852 apud
3026 783 3242 838 Judaros
3268 785 3339 839 de
3360 800 3497 840 nece
3525 785 3755 844 Christi.

2229 871 2577 928 Saoerdotale
2618 873 2850 928 ofﬁcium
2881 874 2992 930 Deo
3035 875 3119 929 his
3165 875 3357 931 diebus
3398 893 3507 931 non
3552 880 3755 949 agitur,

2156 965 2279 1034 quia
2303 980 2587 1033 percussus
2608 975 2689 1020 est
2711 976 2913 1035 pastor,
2943 968 3032 1037 qui
3062 978 3145 1023 est
3166 968 3438 1033 Christus,
3468 978 3524 1025 et
3554 974 3757 1028 arietes

2155 1060 2333 1129 gregis
2364 1060 2605 1129 dissipati
2637 1068 2782 1113 sunt.
2828 1059 2937 1115 Isto
2965 1061 3054 1116 die
3088 1063 3415 1131 pcenitentes
3446 1064 3513 1117 ad
3556 1066 3753 1119 remis.

2155 1150 2359 1205 sionem
2390 1159 2732 1219 peccatorum
2761 1152 3006 1214 redeunt,
3022 1151 3177 1219 juxta
3205 1155 3424 1209 decreta
3451 1154 3751 1210 Innocentii

2154 1258 2324 1312 papae,
2374 1244 2465 1311 qui
2519 1244 2648 1299 dicit
2682 1260 2693 1296 2
2730 1245 2804 1298 De
2844 1245 3228 1315 paenitentibus
3259 1253 3440 1300 autem
3486 1248 3607 1315 qui,
3642 1248 3752 1303 sive

2154 1347 2218 1386 ex
2250 1333 2589 1401 gravioribus
2623 1334 2946 1399 commissis,
2989 1336 3104 1390 sive
3132 1351 3196 1391 ex
3234 1336 3533 1392 levioribus
3575 1338 3751 1408 poeni-

2156 1422 2376 1476 tentiam
2408 1432 2618 1493 gerunt,
2648 1425 2693 1479 si
2724 1424 2867 1478 nulla
2911 1418 3239 1480 interv‘éniat
3277 1429 3567 1497 aegritudo,
3620 1429 3750 1482 feria

2155 1513 2339 1581 quinta
2373 1524 2499 1568 ante
2530 1515 2733 1569 Pascha
2761 1514 2838 1569 eis
2882 1516 3261 1570 remittendum
3287 1516 3546 1572 Romana:
3572 1517 3752 1573 Eccle-

2155 1603 2251 1657 siae
2288 1605 2617 1659 consuetudo
2648 1606 3001 1660 demonstrat.
3037 1606 3167 1662 Post
3190 1608 3308 1663 hinc
3332 1611 3616 1679 egreditur
3641 1624 3752 1679 po:-

2156 1696 2333 1749 nitens
2380 1712 2539 1751 mane
2585 1697 2653 1751 de
2683 1697 2799 1752 loco
2832 1698 2919 1751 ubi
2965 1699 3340 1767 pmnitentiam
3384 1702 3576 1772 gessit,
3620 1712 3673 1756 et
3702 1702 3749 1755 in

2152 1787 2363 1855 gremio
2386 1786 2638 1841 Ecclesiae.
2661 1797 3039 1856 [mesenLatun
3062 1799 3335 1857 prostrato
3350 1791 3498 1843 omni
3525 1807 3751 1860 corpore

2152 1878 2207 1932 in
2241 1886 2385 1931 terra
2428 1897 2440 1930 :
2476 1886 2601 1933 tunc
2624 1879 2982 1933 decantanlur
3014 1880 3066 1934 hi
3099 1881 3311 1948 psalmi,
3343 1880 3598 1935 Miserere
3632 1884 3748 1947 mei,

2152 1970 2315 2032 Deus,
2353 1985 2476 2025 cum
2509 1971 2827 2040 antiphona,
2878 1970 2984 2026 Cor
3024 1974 3310 2039 mundum;
3353 1974 3550 2028 deinde
3590 1974 3749 2045 Hyrie

2150 2063 2363 2126 eleison,
2393 2072 2448 2117 et
2488 2062 2652 2117 Pater
2690 2074 2886 2127 noster,
2918 2073 2973 2118 et
3004 2065 3249 2135 capitul.,
3274 2073 3329 2118 et
3367 2080 3560 2135 preces
3586 2084 3601 2117 :
3634 2064 3753 2119 Sat-

2151 2175 2270 2211 vum
2302 2157 2383 2227 {ac
2423 2174 2626 2211 seruum
2655 2167 2824 2221 tuum,
2858 2157 3099 2211 Domine.
3133 2155 3466 2223 Conrertere,
3508 2157 3746 2211 Domine.

2154 2242 2333 2301 Hittut
2363 2247 2453 2300 tibi
2497 2247 2772 2300 Dominus.
2804 2245 3025 2300 "lustra
3060 2247 3247 2315 faciem
3283 2257 3450 2299 tuam.
3504 2245 3747 2309 Domine,

2150 2337 2269 2391 uide
2294 2337 2658 2391 humilitatem.
2694 2336 2903 2390 Exaudi
2940 2353 3043 2401 me,
3088 2336 3330 2401 Domine,
3372 2338 3626 2406 quoniam
3672 2336 3751 2391 be-

2154 2430 2311 2498 nigna
2352 2439 2424 2482 est
2470 2428 2829 2481 misericvrdia
2882 2438 2991 2480 tua.
3044 2425 3195 2481 Orat.
3237 2427 3451 2489 Ades'o,
3504 2424 3749 2491 Domine,

2151 2520 2622 2589 suppiicationibus
2655 2519 2866 2581 nostris,
2895 2528 2945 2572 et
2980 2536 3081 2583 me,
3117 2520 3205 2591 qui
3249 2518 3407 2571 etiam
3455 2519 3753 2572 miscricor-

2152 2614 2242 2666 dia
2279 2623 2370 2666 tua
2402 2614 2602 2682 primus
2635 2614 2865 2681 indigeo,
2903 2626 2958 2666 et
2997 2612 3151 2682 reliq.
3198 2611 3313 2664 Alia
3344 2612 3522 2664 oratio
3555 2630 3566 2663 :
3602 2609 3749 2663 Pric—

2152 2713 2255 2765 sta,
2313 2720 2635 2773 qua'sumus,
2684 2702 2926 2767 Domine,
2974 2703 3096 2756 huic
3144 2700 3346 2773 {amulo
3396 2712 3486 2756 tuo
3539 2703 3751 2770 dignum

2152 2795 2466 2866 pituitcntirr
2501 2795 2749 2864 fructum.
2781 2794 2895 2847 Alia
2935 2812 2947 2846 :
2998 2793 3140 2846 Deus
3184 2793 3403 2846 humani
3438 2794 3647 2861 generis
3672 2794 3752 2844 be-

2154 2884 2458 2951 nignissime
2497 2883 2755 2947 conditor,
2794 2892 2841 2936 et
2878 2881 3364 2936 misericordissime
3414 2882 3744 2948 rufo-mutor.

2154 2972 2271 3026 Alia
2302 2988 2316 3025 :
2348 2973 2510 3034 Deus,
2551 2974 2646 3026 sub
2695 2973 2846 3042 cujus
2880 2972 3034 3025 oculo
3081 2988 3232 3025 omne
3267 2988 3357 3024 cor
3385 2972 3617 3042 tnpidnt
3644 2986 3749 3023 om-

2157 3079 2347 3130 nesque
2391 3063 2720 3116 conscientia
2758 3063 3186 3127 contremiscunt,
3238 3070 3293 3116 et
3344 3062 3576 3130 reliqua.
3631 3060 3750 3115 Post

462 3151 702 3209 laetitiam
746 3156 1015 3226 signiﬁcat
1056 3174 1072 3210 :
1120 3158 1411 3212 exstinctio
1458 3158 1738 3221 luminum,
1776 3156 2043 3211 defectum
2077 3124 2124 3186 ϐ
2155 3154 2260 3208 hoc
2284 3170 2412 3209 vero
2438 3157 2791 3209 admoneatur
2814 3172 2845 3208 a
2867 3156 3167 3219 sacerdote,
3194 3162 3252 3208 ut
3275 3156 3417 3222 quod
3449 3152 3749 3224 paenitendo

463 3245 801 3314 septuaginta
848 3246 1076 3301 duorum
1116 3248 1520 3315 discipulorum,
1570 3249 1681 3302 sive
1710 3248 2045 3301 .mmstitiam

464 3335 852 3404 apostolorum,
874 3352 1034 3408 quam
1056 3338 1394 3408 pertulerunt
1421 3355 1515 3407 per
1545 3340 1881 3408 septuaginta
1911 3338 2048 3392 duas

463 3425 650 3490 horas,
678 3443 796 3499 qua:
822 3442 1152 3486 consecrata:
1191 3441 1313 3486 sunt
1351 3431 1551 3487 Christi
1597 3432 1902 3501 sepultum.
1938 3432 2049 3486 Hoc

463 3520 608 3576 enim
647 3522 836 3577 ordine
890 3540 987 3594 per
1025 3525 1264 3597 singulas
1304 3534 1490 3581 noctes
1527 3525 1959 3594 exstinguuntur.
1991 3525 2047 3578 In

463 3612 618 3668 initio
664 3615 827 3687 primi
874 3617 1084 3686 psalmi.
1133 3628 1219 3674 est
1252 3627 1434 3673 custos
1474 3628 1695 3688 paratus
1724 3634 1845 3673 cum
1875 3633 2047 3673 canna

464 3701 520 3759 in
552 3703 670 3761 loco
694 3706 931 3763 dextera:
954 3710 1124 3778 partis
1164 3709 1425 3773 ecclesias.
1469 3720 1525 3765 et
1555 3725 1678 3763 mox
1724 3718 1783 3763 ut
1819 3710 2049 3779 primam

463 3794 812 3865 antiphonam
852 3800 1103 3867 audierit,
1150 3803 1447 3873 exstinguit
1486 3802 1717 3871 primam
1751 3802 2047 3854 lucernam.

464 3878 522 3939 In
550 3884 653 3940 ﬁne
677 3901 805 3944 vero
834 3892 1111 3960 sequentis
1151 3891 1341 3960 psalmi
1370 3908 1434 3947 ex
1464 3901 1617 3960 parte
1642 3892 1885 3956 sinistra,
1914 3899 2055 3945 tutat

467 3978 649 4040 aliam.
682 3982 735 4035 in
775 3985 952 4038 medio
986 3986 1219 4040 tertiam.
1267 3984 1381 4041 Hoc
1419 3986 1610 4040 ordine
1651 3987 1716 4039 de
1759 3985 1882 4039 aliis
1929 4000 2057 4054 pro-

466 4070 727 4140 sequitur.
760 4071 853 4129 His
877 4077 1128 4131 omnibus
1148 4078 1453 4141 exstinctis,
1484 4078 1648 4133 simili
1672 4078 1829 4131 modo
1860 4078 1911 4131 in
1938 4093 2053 4131 ma-

467 4161 656 4215 tutinis
685 4176 779 4229 per
811 4164 1049 4236 singulas
1078 4167 1401 4237 antiphonas
1432 4168 1867 4238 exstinguuntur.
1904 4168 2055 4223 Dicto

467 4253 630 4306 etiam
658 4269 815 4308 versu
844 4265 969 4310 ante
999 4258 1369 4330 Evangelium,
1411 4260 1746 4314 subtrahitur
1777 4260 1975 4321 media,
2001 4266 2058 4313 et

467 4352 776 4399 reservatur
804 4361 972 4417 usque
1001 4348 1053 4402 in
1085 4349 1376 4404 Saiihatum
1417 4360 1685 4406 sanctum.
1736 4352 1832 4406 llis
1869 4353 2052 4417 ﬁnitis,

466 4434 671 4489 vadunt
716 4451 813 4505 per
859 4440 1123 4502 oratoria,
1178 4442 1415 4508 psalmos
1468 4445 1711 4497 canendo
1747 4460 1870 4498 cum
1916 4446 2058 4498 anti-

2149 3247 2327 3312 diiuit,
2390 3249 2633 3303 iterando
2683 3266 2786 3303 non
2843 3257 3069 3317 repetat.
3126 3248 3307 3307 Missa,
3366 3247 3513 3299 unde
3570 3260 3745 3314 supra.

2149 3337 2454 3407 Antiphonti
2505 3358 2518 3392 :
2574 3340 2682 3409 Ego
2728 3351 2899 3393 autem
2941 3341 2996 3392 in
3040 3338 3261 3392 Domino
3303 3338 3529 3408 sperari.
3569 3335 3751 3389 Omni-

2150 3439 2330 3499 potens
2379 3430 2683 3499 scmpiterne
2726 3432 2884 3494 D:us,
2928 3431 3296 3499 conﬁtentibus
3351 3429 3473 3482 huic
3528 3427 3744 3498 famulo.

2153 3520 2388 3590 Epistola
2420 3541 2431 3573 :
2469 3521 2699 3585 Quwrite
2730 3522 3015 3576 Dominum
3049 3520 3211 3593 477
3253 3522 3378 3574 dum
3411 3520 3633 3573 inveniri
3661 3535 3749 3588 po-

2154 3623 2270 3667 test.
2325 3613 2489 3667 Grad.
2529 3632 2541 3665 :
2596 3614 2669 3667 De
2720 3615 3133 3669 necessitatibus.
3175 3613 3526 3685 Evangeiium
3568 3632 3581 3665 :
3623 3610 3753 3665 Sub-

2153 3704 2337 3759 levatis
2366 3706 2521 3759 Jesus
2562 3705 2726 3759 oculis
2766 3707 2818 3759 in
2858 3706 3061 3760 caelum.
3103 3704 3451 3760 Oﬁertorium
3497 3721 3510 3757 :
3559 3701 3752 3757 Factus

2153 3806 2229 3850 est
2254 3796 2508 3851 Dominus
2537 3796 2853 3865 ﬁrmament.
2879 3796 3086 3852 Secret.
3117 3816 3128 3849 :
3169 3793 3433 3851 Virtutum
3463 3796 3747 3850 calestium

2154 3888 2319 3954 Deus,
2345 3889 2409 3942 de
2435 3889 2585 3958 cujus
2613 3890 2797 3959 gratia?
2829 3905 2944 3943 rore
2967 3890 3249 3943 descendit.
3280 3889 3414 3943 Coll.
3450 3908 3463 3942 :
3495 3888 3751 3942 [Numina

2157 3978 2346 4049 faciem
2371 3989 2533 4032 luant.
2563 3979 2711 4034 Orat.
2759 3980 2824 4033 ad
2871 3980 3172 4049 complend.
3204 3998 3216 4032 :
3251 3978 3510 4043 Concede,
3550 3995 3756 4049 qucrn-

2157 4087 2291 4133 mns,
2315 4072 2551 4134 Domine,
2573 4080 2625 4124 ut
2644 4082 2939 4142 perceptum
2958 4073 3075 4125 novi
3090 4072 3407 4125 sacramenti
3425 4074 3748 4141 mysterium.

2228 4161 2428 4215 Eodem
2455 4162 2539 4216 die
2571 4162 2766 4216 altaria
2791 4164 2971 4233 templi
3009 4174 3063 4218 ct
3085 4164 3322 4233 parietes
3343 4164 3459 4218 sive
3482 4165 3754 4234 pavimen-

2159 4262 2213 4309 ta
2246 4255 2488 4309 ecclesia:
2515 4256 2791 4321 lavantur,
2834 4266 2887 4311 et
2915 4273 3041 4311 vasa
3083 4257 3309 4311 Domino
3354 4264 3576 4309 sacrata
3610 4255 3752 4326 puri-

2158 4346 2411 4401 ﬁcantur.
2444 4348 2471 4386 b
2500 4348 2760 4414 Quamvis
2807 4349 3019 4404 ornatui
3045 4349 3217 4419 possit
3238 4363 3543 4419 congruere
3564 4346 3754 4401 lavatio

2159 4452 2371 4501 eorum,
2402 4446 2579 4490 tamen
2606 4454 2709 4493 non
2740 4439 2889 4493 deest
2924 4438 3125 4507 aliquid
3169 4436 3477 4508 mysticum.
3516 4435 3753 4491 Parietes

467 4524 645 4595 phona
674 4541 687 4578 :
718 4528 985 4583 omittitur
1012 4530 1176 4584 etiam
1200 4530 1380 4585 Gloria
1410 4532 1576 4596 Patri,
1606 4542 1740 4598 etc.,
1764 4535 1851 4589 ubi
1884 4535 2052 4605 gloria
2087 4496 2133 4554 θ
2166 4528 2357 4583 domus
2403 4528 2719 4581 Vocabulum
2778 4528 2977 4582 habent
3009 4527 3273 4590 ecclesia.
3305 4526 3434 4596 quia
3477 4527 3754 4589 continent

469 4617 727 4672 recolitur
757 4629 958 4675 sanctae
998 4620 1300 4675 Trinitatis.
1348 4621 1483 4688 Quia
1532 4640 1638 4677 una
1688 4633 1775 4678 est
1823 4641 2054 4695 persona

468 4707 591 4765 Filii
623 4710 715 4767 Dei
744 4719 797 4764 et
821 4711 913 4767 ﬁlii
942 4712 1195 4777 hominis,
1226 4715 1316 4783 qui
1342 4714 1451 4783 pati
1478 4723 1719 4777 venerat,
1748 4715 2057 4769 conformat

467 4819 529 4860 se
558 4812 744 4860 sancta
765 4804 999 4860 Ecclesia
1026 4806 1187 4876 capiti
1213 4821 1329 4869 suo,
1358 4815 1412 4861 et
1440 4807 1504 4860 de
1531 4805 1919 4877 gloriﬁcatione
1937 4807 2055 4876 ejus

468 4898 682 4967 reticet,
706 4898 1001 4970 usquedum
1028 4899 1295 4954 exaltetur
1321 4913 1417 4968 per
1437 4900 1767 4969 triumphum
1790 4898 2051 4954 victoriae.

470 4989 607 5058 Quia
650 4990 784 5047 ordo
827 4992 1245 5061 praedicatorum
1291 5000 1530 5060 tempore
1569 4991 1835 5060 passionis
1885 4990 2056 5055 siluit,

469 5081 729 5137 reticetur
764 5096 927 5138 sonus
978 5083 1251 5153 signorum
1286 5090 1446 5150 atque
1485 5098 1892 5152 campanarum.
1948 5081 2058 5136 Pro

470 5168 575 5226 hoc
594 5172 735 5226 enim
764 5171 1017 5227 humilior
1036 5186 1201 5226 sonus
1229 5171 1494 5241 lignorum
1527 5172 1591 5225 ad
1620 5172 2056 5242 congregandum

470 5263 728 5334 populum
754 5264 1066 5321 assumitur.
1099 5264 1144 5317 Α
1172 5263 1322 5333 pacis
1362 5264 1547 5319 osculo
1593 5264 1710 5317 sine
1737 5263 2059 5318 salutatione

471 5356 792 5424 abstinetur,
821 5373 928 5413 non
970 5357 1113 5427 quod
1160 5358 1360 5411 malum
1401 5357 1488 5420 sit,
1541 5358 1633 5411 ubi
1678 5372 1743 5411 ex
1792 5358 2060 5411 charitate

470 5448 772 5519 profertur;
800 5450 892 5505 sed
924 5450 992 5504 ad
1018 5448 1288 5502 vitandam
1322 5449 1694 5504 salutationem
1722 5451 2056 5517 pestiferam,

473 5543 685 5611 qualem
732 5541 901 5599 Iudas
951 5544 1193 5612 proditor
1238 5544 1497 5605 exercuit,
1550 5552 1608 5595 ut
1659 5543 2061 5597 demoasmetur

547 5659 721 5732 erh’id.
747 5660 1073 5732 Amalarium
1103 5660 1225 5732 lihr.
1254 5676 1271 5715 ι
1304 5661 1370 5717 de
1397 5659 1545 5717 Eccl.
1574 5658 1791 5725 Ofﬁciis,
1828 5676 1943 5732 cap.
1970 5660 2056 5728 i2,

475 5740 530 5785 et
552 5728 677 5784 libr.
710 5744 785 5796 tv,
814 5745 935 5801 cap.
963 5730 1028 5785 21
1062 5738 1119 5787 et
1144 5730 1234 5786 22.
1678 5748 1685 5749 ί

2164 4618 2470 4681 ecclesiam,
2497 4633 2604 4671 non
2632 4628 2811 4671 tamen
2836 4628 2962 4671 sunt
2992 4617 3090 4687 ipsi
3120 4615 3367 4670 ecclesia.
3401 4616 3487 4670 Ac
3504 4632 3611 4687 per
3658 4617 3755 4670 hoc

2165 4708 2291 4779 quia
2356 4707 2587 4762 ecclesia
2648 4709 2966 4763 convocatio
3021 4708 3444 4777 interpretatur,
3508 4707 3754 4762 homines

2166 4810 2292 4856 sunt
2315 4801 2562 4863 ecclesia,
2592 4816 2699 4854 non
2728 4802 2959 4869 parietes
2988 4799 3197 4854 domus.
3239 4800 3340 4867 Qui
3388 4810 3574 4855 tamen
3601 4815 3754 4869 prop-

2166 4901 2314 4946 terea
2346 4891 2754 4945 sanctiﬁcantur
2777 4891 2845 4944 ab
2877 4892 3150 4961 cpisc0po,
3199 4899 3258 4944 ut
3293 4891 3347 4944 in
3385 4891 3468 4945 eis
3500 4891 3757 4945 invitetur

2168 4982 2431 5036 adventus
2456 4981 2791 5051 angelorum,
2817 4989 2870 5035 et
2894 4982 3139 5035 homines
3184 4980 3237 5034 in
3269 4995 3333 5035 ea
3372 4980 3643 5036 intrantes
3690 4981 3754 5035 ab

2166 5074 2315 5128 omni
2341 5073 2665 5143 turpiloquio
2696 5082 2749 5129 et
2780 5074 3132 5138 scurrilitate,
3158 5082 3212 5128 ct
3240 5072 3366 5128 exili
3401 5075 3573 5129 etiam
3616 5074 3755 5145 cogi-

2168 5169 2391 5231 tatione,
2423 5168 2670 5221 noverint
2697 5182 2755 5221 se
2784 5166 3084 5231 continere,
3110 5177 3169 5219 ut
3189 5166 3409 5219 audiant
3424 5167 3573 5235 quod
3609 5165 3750 5237 Moy-

2167 5276 2257 5316 ses
2280 5260 2521 5325 audivit,’
2542 5260 2757 5328 quando
2783 5259 2948 5314 voluit
2984 5260 3166 5314 videre
3196 5259 3389 5314 rubum
3421 5260 3703 5315 ardentem
3734 5277 3745 5312 :

2169 5352 2321 5408 Solve
2348 5350 2756 5406 calcemientum
2789 5354 2853 5407 de
2891 5354 3106 5426 pedibus
3147 5355 3252 5409 tuis
3286 5372 3303 5407 :
3328 5354 3476 5409 locus
3516 5357 3655 5409 enim
3698 5356 3750 5409 in

2163 5464 2266 5518 quo
2297 5457 2426 5509 stas,
2456 5458 2593 5500 terra
2616 5458 2795 5501 simctu
2825 5458 2898 5501 est
2929 5448 3125 5517 (Exod.
3161 5464 3243 5512 ιιι,
3280 5448 3355 5519 5).
3394 5447 3748 5503 Calceamen-

2165 5551 2219 5596 ta
2249 5557 2369 5611 qua:
2401 5557 2466 5594 ex
2502 5543 2728 5597 mortuis
2755 5542 3078 5598 animalibus
3110 5543 3266 5611 ﬁunt,
3295 5543 3494 5600 veteris
3516 5542 3749 5598 hominis

2236 5660 2264 5700 ι)
2285 5660 2593 5716 Amalarius
2618 5658 2747 5718 ibid.
