4032 6354
310 259 451 316 1205

303 468 559 523 Dominus
595 478 677 523 est
702 480 755 524 et
781 470 955 542 angeli
982 472 1121 542 ejus,
1150 490 1411 531 exeamus
1446 491 1545 532 nos
1566 477 1651 532 his
1665 476 1874 531 calcea-

301 560 516 623 mentis,
547 567 600 615 et
629 575 691 615 ea
718 578 838 633 quze
876 573 1004 620 sunt
1053 567 1262 623 Domini
1318 570 1632 640 cogitemus.
1668 583 1694 610 ει
1726 568 1877 623 Pavi-

302 658 537 703 mentum
567 648 841 718 Ecclesite,
882 657 1151 713 auditores
1179 661 1554 730 magistrorum
1581 670 1722 715 sunt.
1771 659 1874 716 La-

302 744 439 796 vatio
454 744 664 809 domus,
679 763 796 816 qua:
810 753 1166 819 uuncupative
1179 754 1407 808 ecclesia
1424 756 1635 819 dicitur,
1663 756 1872 823 signum

287 844 378 888 ‘est
412 834 700 892 lavationis
731 841 926 909 pedum
970 852 1217 899 tratrum.
1271 848 1497 901 Lavatio
1532 849 1727 918 pedum
1770 849 1873 903 fra-

296 935 436 982 trum
467 928 677 997 signum
704 940 787 986 est
814 935 1148 991 remissionis
1180 949 1542 1008 peccatorum,
1566 942 1679 996 sive
1701 957 1873 1011 quan-

291 1018 362 1076 do
392 1035 419 1073 a
454 1020 677 1078 Domino
699 1026 1068 1093 remittuntur,
1099 1045 1191 1084 seu
1218 1031 1447 1086 invicem
1476 1048 1505 1086 a
1536 1033 1687 1087 nobis
1718 1034 1865 1102 ipsis.

361 1111 531 1169 Hodie
571 1115 804 1172 chrisma
849 1120 1133 1175 conﬁcitur
1163 1122 1248 1176 vel
1296 1133 1662 1179 consecratur.
1717 1126 1869 1181 Unde

288 1204 554 1271 Christus,
584 1206 633 1261 ii
654 1218 760 1273 est,
786 1220 1001 1276 unctus,
1034 1226 1063 1265 a
1088 1213 1378 1268 chrismate
1413 1216 1728 1286 appellatur.
1766 1216 1871 1271 Un-

287 1306 543 1369 guentum
572 1299 709 1354 istud
737 1299 944 1372 Moyses
970 1305 1201 1372 primum
1228 1305 1280 1359 in
1313 1306 1502 1361 Exoio
1518 1304 1743 1373 jubente
1758 1305 1866 1361 Do-

285 1390 431 1445 mino
453 1392 770 1462 composuit,
802 1408 909 1463 quo
939 1395 1094 1465 primi
1126 1394 1306 1451 Aaron
1329 1407 1386 1452 et
1408 1397 1500 1452 ﬁlii
1530 1400 1648 1469 ejus
1680 1399 1730 1453 in
1759 1409 1869 1454 tes-

285 1484 564 1540 timonium
603 1486 890 1543 sacerdotii
948 1496 1002 1544 et
1053 1491 1352 1547 sanctitatis
1406 1493 1656 1562 peruncti
1714 1498 1860 1548 sunt.

284 1574 485 1631 Deinde
507 1592 720 1647 quoque
755 1595 910 1651 reges
938 1581 1127 1636 eodem
1167 1583 1460 1639 chrismate
1486 1583 1861 1641 sacrabantur.

282 1663 437 1719 Unde
463 1676 517 1721 et
540 1665 739 1723 Christi
768 1679 1163 1741 nuncupantur,
1189 1683 1246 1725 ut
1274 1671 1401 1727 illud
1433 1692 1445 1704 ·
1479 1674 1658 1729 Nolite
1688 1685 1864 1747 tange-

1115 263 1267 322 OPP.
1309 266 1713 325 SUPPOSITA.
1752 297 1823 311 —
1859 269 1984 326 LIB.
2026 270 2115 326 DE
2148 271 2397 330 DIVINIS
2434 274 2739 332 OFFICIIS.

302 383 521 447 peccata
543 375 845 448 signiﬁcant
880 392 895 433 :
918 377 1186 438 intrantes
1207 383 1381 439 nosin
1408 381 1527 440 loca
1557 382 1875 449 saneta,ubi
1900 391 1947 450 Α
1974 385 2199 442 missam
2251 388 2543 460 antiphona
2589 408 2603 444 :

3419 280 3557 339 i206

2654 386 2769 446 Nos
2822 400 2995 447 autem
3043 393 3281 463 gloriari.
3334 394 3556 452 Interim

1922 472 1933 483 ’
1974 480 2279 549 egredietur
2302 482 2542 553 pontifex
2572 485 2638 539 de
2658 485 2898 540 sacrario
2927 501 3052 540 cum
3095 487 3416 543 diaconibus
3436 488 3554 543 dal-

1972 575 2204 639 maticis,
2233 584 2511 647 etseptem
2534 580 2881 635 cereostratis
2931 588 3056 635 ante
3104 597 3250 645 eum,
3304 580 3447 636 sicut
3498 581 3554 637 in

1974 664 2060 719 die
2092 666 2335 733 solemni,
2368 684 2489 723 cum
2516 670 2663 724 omni
2690 671 2897 726 scilicet
2947 679 3163 728 ornatu.
3211 672 3346 726 Dum
3378 679 3555 728 trans-

1973 759 2097 811 ierit
2134 774 2230 828 per
2264 761 2497 815 medium
2525 762 2745 827 scholas,
2780 772 2985 817 annuat
3014 763 3108 828 illi,
3150 778 3210 817 ut
3242 761 3388 818 dicat
3431 763 3554 819 Glo-

1972 848 2125 901 riam.
2148 849 2449 919 Antequam
2478 867 2608 906 vero
2636 853 2891 907 ascendat
2917 853 2983 911 ad
3012 854 3203 918 altare,
3245 853 3338 907 dat
3356 870 3552 923 pacem

1968 936 2137 1006 priori
2168 938 2420 1006 episcopo
2446 947 2503 991 ct
2539 940 2704 1008 priori
2740 944 3075 1012 presbytero,
3098 943 3291 998 deinde
3313 943 3553 999 diaconi-

1970 1024 2444 1096 busgveniensque
2456 1037 2580 1082 ante
2604 1030 2775 1085 altare
2804 1032 3026 1087 inclinat
3049 1049 3107 1088 se
3133 1034 3199 1089 ad
3226 1035 3549 1101 orationem,

1968 1119 2348 1186 prostratusin
2382 1127 2525 1174 terra
2578 1136 2749 1189 usque
2799 1121 2868 1175 ad
2912 1137 3129 1177 versum
3174 1125 3546 1195 repetendum.

1969 1209 2087 1277 Quo
2110 1194 2283 1275 ﬁnito,
2319 1212 2516 1266 dicitur
2544 1210 2708 1281 Kyrie
2750 1212 2963 1268 eleison.
3024 1194 3248 1283 Deinde,
3291 1216 3548 1271 Dominus

1967 1302 2247 1367 vobiscum,
2278 1311 2333 1357 et
2359 1305 2633 1373 peragitur
2651 1305 2836 1360 missa.

2038 1392 2158 1464 ipso
2185 1396 2270 1449 die
2292 1396 2364 1449 ita
2384 1396 2669 1452 conﬁcitur
2696 1398 2933 1453 chrisma
2966 1416 2979 1452 :
3006 1399 3061 1453 in
3086 1400 3278 1455 ultimo
3303 1400 3370 1455 ad
3417 1399 3547 1455 mis-

1968 1498 2083 1539 sam
2124 1494 2413 1556 antequam
2440 1487 2671 1553 dicatur,
2701 1504 2793 1558 per
2817 1504 2967 1559 quem
2994 1490 3107 1543 lucc
3134 1490 3331 1555 omnia,
3359 1489 3546 1543 Domi-

1968 1592 2054 1641 ne,
2081 1593 2281 1645 semper
2319 1578 2453 1633 bona
2511 1593 2677 1645 creas,
2730 1580 2941 1635 levatur
2984 1581 3050 1637 de
3101 1581 3367 1651 ampullis,
3413 1596 3547 1649 quas

1967 1667 2201 1723 oll‘erunt
2227 1670 2431 1739 populi,
2448 1678 2503 1724 et
2522 1669 2791 1727 benedicit
2811 1680 2920 1727 tam
2936 1671 3194 1727 Dominus
3210 1687 3369 1742 papa,
3383 1685 3546 1741 quam

282 1773 335 1811 re
362 1754 599 1813 Christo:
630 1778 768 1815 meos
789 1760 961 1833 (Psal.
990 1779 1097 1828 (ειν,
1296 1764 1535 1837 Eratque
1564 1784 1628 1823 eo
1656 1778 1864 1838 tempo—
1896 1755 1941 1818 Β
1966 1773 2153 1815 omnes
2182 1762 2477 1831 presbyteri
2510 1781 2522 1792 '
2556 1763 2748 1818 deinde
2770 1764 3014 1833 sequitur
3037 1766 3374 1819 exorcismos
3417 1762 3542 1817 olei.

278 1862 339 1902 re
364 1858 572 1903 tantum
608 1852 660 1904 in
683 1853 897 1922 regibus
920 1862 973 1907 et
994 1854 1366 1911 sacerdotibus
1398 1859 1623 1928 mystica
1654 1863 1855 1919 unctio.

280 1938 682 2011 Seipostquam
719 1942 975 1998 Dominus
1006 1956 1189 2000 noster
1212 1961 1375 2003 verus
1400 1964 1491 2003 rex
1528 1959 1581 2005 et
1608 1954 1859 2010 sacerdos

276 2041 511 2090 aeternus
532 2052 561 2090 a
597 2035 707 2091 Deo
740 2036 898 2092 Patre
926 2037 1130 2093 emlesti
1172 2040 1274 2095 hoc
1303 2043 1530 2112 mystico
1590 2054 1671 2099 est
1723 2045 1857 2100 deli-

275 2123 438 2179 butus
466 2136 757 2196 unguento,
778 2126 887 2195 jam
924 2144 1029 2183 non
1058 2129 1152 2185 soli
1180 2145 1333 2202 rcges
1356 2144 1408 2187 et
1432 2133 1736 2204 pontiﬁres,
1762 2138 1857 2193 sed

275 2215 449 2269 omnis
479 2215 712 2272 Ecclesia
741 2219 994 2274 unctione
1025 2221 1329 2277 chrismatis
1357 2235 1723 2290 consecratur,
1758 2244 1855 2298 pro

274 2322 337 2361 eo
359 2309 505 2377 quod
532 2308 828 2364 membrum
853 2320 934 2365 est
956 2312 1139 2399 salerni
1166 2314 1307 2384 regis
1320 2317 1698 2372 etsacerdotis.
1716 2317 1856 2373 Con-

273 2397 449 2453 ﬁcitur
475 2398 615 2454 enim
640 2414 705 2455 ex
728 2400 845 2456 oleo
870 2397 1223 2458 mundissimo
1261 2415 1315 2459 et
1359 2406 1560 2476 optimo
1592 2408 1850 2465 balsamo.

271 2487 402 2556 Quia
426 2506 602 2563 genus
623 2491 803 2563 regale
837 2503 892 2548 et
943 2495 1272 2551 sacerdotale
1317 2511 1521 2563 sumus,
1554 2500 1674 2554 ideo
1734 2511 1857 2571 post

268 2580 547 2637 lavacrum
581 2585 860 2654 ungimur,
884 2595 944 2639 ut
981 2584 1182 2642 Christi
1249 2591 1465 2645 nomine
1508 2605 1849 2647 censeamur.

266 2669 594 2730 Chrismalis
619 2677 763 2731 enim
787 2678 971 2732 unctio
997 2680 1293 2735 sanctiﬁcat
1337 2681 1450 2750 jam
1482 2683 1725 2740 viventes
1785 2701 1851 2741 ex

266 2766 521 2821 mortuis.
555 2768 620 2821 Et
642 2768 758 2823 ideo
786 2768 916 2824 feria
940 2771 1125 2839 quinta
1178 2772 1478 2835 conﬁcitur,
1508 2778 1632 2845 quia
1661 2778 1850 2847 quinta

263 2864 416 2914 uitale
436 2857 634 2913 mundi
665 2860 729 2914 ad
758 2875 853 2914 nos
875 2860 1123 2917 Christus
1147 2865 1359 2920 venisse
1382 2866 1717 2936 perhibetur,
1737 2869 1853 2925 sive

262 2950 396 3017 quod
429 2958 567 3005 ante
592 2950 810 3005 biduum
839 2952 1057 3008 Pascha:
1092 2953 1257 3009 Maria
1280 2966 1439 3026 caput
1471 2973 1533 3011 ac
1554 2958 1718 3028 pedes
1746 2958 1851 3013 Do-

261 3040 386 3095 mini
406 3041 689 3110 perunxit.
726 3040 1071 3098 Benedicitur
1105 3044 1283 3099 oleum
1333 3044 1701 3113 inﬁrmorum,
1755 3051 1846 3118 qui

1967 1853 2062 1907 His
2083 1853 2328 1922 expletis,
2358 1855 2601 1923 sequitur
2638 1855 2825 1911 Oratio
2853 1856 3149 1911 Dominica.
3195 1855 3380 1909 Libera
3427 1870 3541 1922 nos,

1962 1960 2283 2016 quassamus,
2332 1945 2573 2000 Domine.
2603 1945 2722 2001 Pax
2742 1946 2973 2010 Domini,
3023 1956 3070 2000 et
3101 1944 3280 2015 Agnus
3322 1945 3440 2009 Dei,
3491 1952 3547 2000 et

1963 2037 2326 2091 communicat
2354 2036 2595 2107 pontifex
2621 2038 2787 2103 solus,
2817 2047 2872 2093 et
2898 2039 3039 2093 redit
3062 2038 3129 2091 ad
3151 2038 3332 2093 sedem
3364 2053 3537 2104 suam,

1961 2134 2016 2181 et
2046 2127 2289 2196 sequitur
2314 2128 2380 2181 ad
2406 2128 2702 2184 Commem.
2750 2129 3006 2185 Dominus
3063 2129 3218 2183 Jews
3264 2140 3541 2200 postquam

1961 2220 2198 2272 coenavit.
2232 2218 2480 2274 Psalmus
2513 2236 2524 2272 :
2552 2218 2701 2273 Beati
2727 2219 3070 2286 immaculati,
3088 2220 3155 2274 ad
3169 2220 3538 2289 repetendum,

1958 2318 2220 2379 quantum
2257 2325 2476 2365 necesse
2494 2312 2616 2365 erit.
2650 2312 2869 2367 interim
2914 2313 3273 2367 communicat
3333 2313 3535 2379 clerus,

1958 2415 2055 2455 seu
2078 2402 2253 2456 omnis
2275 2402 2522 2472 populus.
2552 2403 2809 2472 Sequitur
2829 2406 2897 2457 ad
2929 2403 3136 2475 Compl.
3184 2405 3377 2458 oratio.
3428 2403 3540 2459 Hac

1957 2492 2190 2561 expleta,
2241 2494 2370 2548 dicit
2393 2493 2819 2559 diaconuszlte,
2842 2494 3001 2548 missa
3048 2503 3144 2549 est.
3195 2494 3294 2550 Cui
3352 2496 3541 2559 subse-

1957 2591 2198 2652 quuntur
2225 2584 2491 2654 Vesper-.13,
2517 2593 2577 2637 ut
2602 2586 2656 2639 in
2687 2584 3075 2653 Antiphouario
3094 2586 3419 2640 continetur.
3462 2583 3539 2640 De

1957 2674 2147 2726 eodem
2175 2688 2307 2728 vero
2333 2675 2419 2729 die
2448 2676 2643 2745 legitur
2660 2674 2721 2728 in
2761 2675 3058 2740 ordinibus,
3085 2675 3229 2743 quod
3256 2690 3540 2729 reservan-

1957 2764 2085 2819 dum
2118 2765 2188 2818 sit
2215 2765 2281 2819 de
2311 2780 2537 2836 corpore
2584 2765 2793 2819 Domini
2819 2766 2886 2820 ad
2928 2767 3433 2820 communieandum
3481 2767 3539 2821 in

1956 2857 2281 2911 crastinum.
2313 2858 2340 2897 ι)
2365 2840 2699 2927 Augustinus
2735 2859 2800 2911 ad
2850 2856 3166 2911 Januarium
3205 2872 3220 2911 :
3261 2857 3400 2912 Sunt
3444 2859 3538 2926 qui

1955 2948 2194 3017 qmtidie
2217 2948 2597 3004 eucharistiam
2624 2950 2813 3004 volunt
2841 2962 3090 3016 sumere;
3116 2959 3171 3005 et
3196 2951 3321 3019 quia
3361 2951 3415 3004 in
3430 2950 3535 3004 Pa-

1956 3052 2177 3093 rasceve
2206 3055 2310 3093 non
2341 3039 2626 3094 conﬁcitur
2660 3054 2859 3111 corpus
2904 3038 3136 3107 Domini,
3188 3056 3412 3098 necesse
3454 3048 3539 3098 est

260 3133 434 3202 passio
453 3133 666 3189 lihristi
690 3145 962 3191 auctorem
986 3138 1176 3192 mortis
1197 3138 1485 3193 destruxit:
1513 3142 1683 3211 gratia
1706 3139 1847 3209 ejus,

1956 3137 2013 3183 ut
2034 3130 2109 3193 hi,
2135 3132 2330 3200 quibus
2362 3141 2445 3186 est
2489 3131 2737 3187 voiuntas
2785 3135 3239 3200 communicandi,
3306 3137 3538 3192 habeant

267 3238 381 3295 qute
409 3227 748 3299 signiﬁcatur
772 3243 869 3299 per
888 3228 991 3285 olei
1021 3231 1328 3285 unctionem
1354 3272 1368 3295 ,
1402 3245 1550 3285 arma
1571 3230 1707 3301 ejus,
1725 3248 1846 3302 quae

248 3326 391 3372 .sunt
415 3329 634 3388 peccata
664 3321 998 3389 quotidiana,
1025 3321 1312 3388 destruxit,
1354 3320 1557 3379 Iacobo
1586 3332 1847 3379 attestath

267 3412 319 3461 te
343 3424 356 3461 :
379 3405 562 3462 Oratio
582 3408 707 3478 ﬁdei
731 3409 949 3464 salvabit
977 3411 1280 3480 inﬁrmum:
1303 3421 1349 3466 et
1371 3414 1415 3467 si
1438 3415 1491 3467 in
1507 3415 1731 3483 peccatis
1755 3416 1842 3480 sit,

266 3496 594 3554 dimittentur
611 3502 657 3555 ei
676 3500 1013 3574 (Jac.v,15),
1031 3503 1183 3573 cujus
1196 3506 1407 3576 signum
1425 3516 1507 3561 est
1521 3506 1623 3562 olei
1643 3509 1842 3562 unctio.

338 3588 539 3645 Eadem
566 3591 668 3656 die,
699 3592 829 3646 hora
853 3610 992 3648 nona
1039 3596 1263 3661 scilicet,
1311 3598 1526 3665 quando
1556 3597 1669 3652 dies
1720 3604 1847 3652 sunt

266 3678 556 3753 longiores,
583 3695 674 3737 seu
698 3683 831 3738 hora
861 3685 1066 3753 quinta,
1107 3686 1323 3756 quando
1349 3687 1642 3754 breviores,
1677 3703 1844 3743 excu—

267 3771 398 3825 titur
428 3772 569 3843 ignis
590 3773 655 3827 de
678 3770 856 3843 lapide
889 3774 942 3829 in
970 3774 1090 3831 loco
1140 3776 1271 3833 foris
1302 3778 1595 3842 basilicam,
1627 3790 1679 3834 et
1725 3780 1843 3835 illu-

267 3863 501 3918 minatur
534 3864 775 3918 candela.
816 3865 890 3921 De
920 3882 1027 3936 quo
1072 3867 1194 3938 igne
1241 3883 1379 3924 novo
1424 3869 1757 3924 illuminatur
1810 3886 1842 3924 a

266 3956 629 4011 mansionario
652 3957 893 4013 ecclesiae
924 3957 1132 4030 lampas
1168 3976 1293 4029 una,
1318 3972 1373 4018 et
1401 3972 1649 4017 servatur
1670 3979 1842 4033 usque

266 4044 318 4098 in
349 4045 645 4102 Sabbatum
675 4060 918 4105 sanctum
950 4052 1015 4106 ad
1040 4051 1446 4109 illuminandum
1474 4070 1714 4119 cereum,
1747 4055 1841 4125 qui

264 4139 450 4193 eodem
474 4141 559 4196 die
587 4151 670 4197 est
692 4144 1102 4199 benedicendus.
1138 4146 1213 4201 De
1234 4163 1341 4217 quo
1374 4148 1424 4201 in
1451 4146 1690 4203 Sahbato
1716 4163 1840 4202 san-

262 4238 347 4285 cto
372 4232 655 4289 dicendum
678 4245 777 4290 est.
808 4235 1243 4307 Suprascriptam
1268 4253 1399 4293 vero
1420 4240 1697 4295 candelam
1726 4240 1842 4294 illu-

264 4327 520 4378 minatam
541 4326 691 4395 ponit
720 4329 1114 4382 mansionarius
1171 4329 1224 4383 in
1271 4331 1577 4385 summitate
1626 4346 1836 4395 cannas,

264 4408 335 4466 ita
359 4423 417 4467 ut
445 4417 699 4485 respiciat
728 4418 1008 4473 ecclesiam
1036 4435 1196 4489 quam
1218 4430 1343 4475 sunt
1372 4422 1684 4493 ingressuri,
1714 4439 1839 4492 pro-

1954 3224 2279 3279 sacriﬁcium
2309 3236 2375 3279 ex
2405 3226 2575 3295 priori
2596 3228 2703 3292 die,
2732 3226 2874 3297 quod
2918 3235 3101 3282 tamen
3150 3227 3376 3282 Romani
3428 3244 3537 3286 non

1953 3313 2176 3369 faciunt.
2205 3316 2262 3369 ln
2290 3316 2394 3370 isto
2421 3317 2565 3371 enim
2593 3318 2679 3373 die
2704 3320 3043 3375 consumitur
3092 3332 3265 3390 agnus
3297 3322 3531 3391 typicus,

1951 3414 2462 3477 consummaturque
2516 3409 2705 3463 modus
2760 3410 3263 3468 communicationis
3309 3410 3531 3485 [Forte,

1949 3495 2388 3567 communionis],
2422 3504 2478 3550 et
2506 3497 2634 3551 illud
2654 3506 2808 3553 vetus
2840 3512 3239 3556 sacramentum
3265 3516 3362 3571 per
3401 3501 3532 3556 cali-

1948 3600 2087 3651 cem,
2115 3603 2279 3657 quem
2296 3590 2537 3657 porrexit
2562 3589 2835 3659 discipulis
2862 3594 2991 3658 suis,
3020 3594 3130 3649 Deo
3152 3597 3357 3666 gratias
3370 3610 3533 3667 agen-

1947 3676 2036 3744 do,
2060 3678 2412 3748 quodvetera
2458 3683 2771 3749 transitura,
2799 3692 2854 3738 et
2906 3694 3134 3741 ventura
3189 3704 3348 3755 nova,
3412 3704 3532 3760 quae

1948 3769 2206 3825 debemus
2229 3782 2543 3843 exspectare
2558 3790 2728 3844 usque
2748 3776 2802 3830 in
2821 3780 3269 3835 resurrectionem
3296 3778 3528 3837 Domini.

1947 3861 2091 3916 Dixit
2107 3863 2247 3916 enim
2272 3864 2556 3921 Dominus:
2578 3866 2699 3921 Non
2723 3867 2894 3923 bibam
2912 3870 2976 3923 de
2995 3872 3091 3924 hoc
3114 3874 3368 3943 genimine
3391 3874 3529 3942 vitis,

1946 3966 2109 4023 usque
2137 3956 2193 4008 in
2214 3954 2352 4009 diem
2378 3955 2525 4010 illum
2565 3956 2758 4028 (Marc.
2785 3975 2898 4024 xiv,
2930 3958 3048 4031 25),
3072 3970 3127 4016 et
3160 3963 3387 4032 reliqua.

2016 4044 2181 4115 478
2205 4045 2408 4101 Dehinc
2433 4050 2696 4103 transitur
2725 4050 2792 4105 ad
2820 4053 3144 4118 convivium,
3178 4068 3243 4108 ex
3281 4070 3388 4125 quo
3420 4069 3530 4111 eoe-

1945 4148 2016 4188 na
2048 4135 2254 4190 Domini
2281 4147 2524 4192 vocatur.
2561 4138 2727 4195 Carna
2783 4138 2925 4195 enim
2980 4143 3256 4199 Dominica
3309 4146 3527 4213 dicitur,

1945 4239 2011 4280 eo
2040 4226 2182 4295 quod
2210 4228 2321 4296 ipse
2371 4228 2633 4285 Dominus
2664 4246 2787 4285 cum
2836 4231 3115 4302 discipulis
3160 4236 3273 4290 suis
3322 4236 3528 4291 Pascha

1945 4316 2156 4371 fecerit.
2184 4317 2296 4373 Hoc
2329 4327 2509 4373 autem
2546 4321 2735 4376 ordine
2775 4321 2976 4377 factum
2999 4333 3100 4379 cst.
3133 4326 3291 4381 Circa
3344 4341 3528 4397 vespe-

1944 4424 2064 4461 ram
2088 4424 2213 4463 vero
2262 4424 2414 4464 caena
2451 4410 2611 4476 facta,
2644 4413 2695 4467 id
2723 4420 2823 4477 est,
2851 4424 3126 4483 parataet
3149 4417 3214 4471 ad
3244 4419 3528 4472 convivan-

263 4516 515 4574 sequente
541 4524 661 4564 cum
693 4512 886 4582 pepulo
912 4524 1032 4565 cum
1069 4530 1279 4570 summo
1315 4514 1527 4569 silentio
1579 4525 1739 4586 atque
1763 4518 1842 4571 in-

1955 4499 2082 4553 tium
2105 4496 2343 4555 mensam
2371 4516 2541 4571 usque
2567 4505 2843 4573 perducta,
2873 4522 2979 4559 non
3023 4515 3295 4563 transacta
3352 4523 3529 4577 neque

263 4589 547 4653 clinatione
577 4617 589 4651 :
619 4599 731 4670 ipsa
762 4615 888 4654 vero
930 4602 1160 4657 ecclesia
1204 4603 1407 4674 absque
1456 4603 1656 4660 lumine
1712 4607 1836 4661 erit.

262 4681 517 4745 Custodes
544 4699 720 4745 autem
750 4692 1019 4763 lampades
1050 4704 1253 4764 septem
1277 4704 1399 4749 ante
1421 4696 1589 4751 altare
1608 4697 1677 4751 ita
1711 4713 1844 4767 prse-

260 4789 474 4847 paratas
501 4782 756 4849 habeant,
795 4788 1077 4858 utabsque
1107 4788 1214 4842 ullo
1258 4789 1838 4859 impedimentocujus-

262 4882 467 4943 cunque
500 4878 883 4934 retardatiouis
918 4894 1075 4933 manu
1106 4881 1477 4945 mansionarii,
1504 4896 1625 4936 cum
1650 4884 1838 4937 eadem

265 4965 476 5021 candela
508 4970 719 5038 possint
744 4969 982 5025 accendi.
1014 4971 1274 5042 Deinceps
1300 4988 1427 5028 vero
1466 4989 1496 5028 a
1524 4974 1840 5029 custodibus

264 5056 399 5110 omni
426 5058 627 5114 lumine
647 5059 931 5115 decoretur
959 5060 1207 5127 ecclesia,
1236 5071 1290 5117 et
1316 5065 1455 5120 sicut
1478 5064 1671 5120 istodie
1695 5075 1841 5119 taxa-

261 5143 451 5216 vimus,
498 5152 571 5206 ita
610 5160 663 5207 et
691 5153 820 5207 feria
848 5161 1001 5208 sexta
1041 5161 1201 5223 atque
1230 5153 1486 5209 Sabbato.
1518 5154 1596 5209 Eo
1626 5156 1834 5221 ordine,

263 5242 371 5290 uta
399 5244 763 5300 mansiouario
808 5244 940 5299 feria
971 5247 1158 5315 quinta
1204 5254 1466 5314 portetur,
1501 5255 1651 5301 sexta
1701 5246 1837 5301 feria

263 5323 329 5379 ab
353 5332 748 5401 arehidiacono,
774 5335 998 5392 sabbato
1019 5337 1086 5392 ab
1111 5337 1362 5408 episcopo
1378 5337 1612 5406 juniore.
1644 5337 1699 5392 In
1727 5351 1837 5392 cm-

261 5418 431 5478 uobiis
467 5441 593 5481 vero
631 5426 764 5482 feria
798 5429 985 5499 quinta
1036 5444 1065 5481 a
1112 5429 1335 5483 custode
1383 5429 1647 5496 ecclesize,
1698 5428 1833 5484 feria

265 5518 407 5566 sexta
438 5532 466 5569 a
488 5520 791 5589 praeposito,
826 5519 1048 5575 sabbato
1078 5518 1147 5574 ab
1174 5519 1385 5575 abbate.

330 5600 457 5662 Post
478 5610 920 5669 illuminationem
968 5628 1099 5670 vero
1134 5612 1376 5669 ecclesiae
1432 5612 1718 5669 inchoatur
1760 5614 1829 5670 ad

331 5705 358 5770 ξ
386 5697 706 5770 Amalarius,
732 5705 857 5761 ibid.

328 5763 357 5808 δ
377 5768 573 5843 Αωαιη
601 5763 717 5849 cap'.
749 5776 839 5833 ta.

1948 4592 2121 4658 ﬁnita,
2150 4593 2329 4667 surgit
2351 4592 2508 4649 Jesus
2539 4611 2569 4648 a
2595 4608 2769 4663 coma,
2794 4608 2845 4651 ct
2870 4598 3020 4667 ponit
3046 4602 3365 4655 vestimenta
3387 4616 3481 4655 sua
3508 4617 3523 4667 ;

1945 4689 2002 4735 et
2023 4698 2145 4736 cum
2176 4686 2479 4753 accepisset
2504 4686 2748 4754 linteum,
2780 4689 3066 4757 prmcinxit
3094 4702 3175 4756 se,
3208 4691 3401 4745 deinde
3430 4691 3529 4744 mi—

1944 4774 2017 4829 sit
2054 4790 2247 4845 aquam
2277 4777 2330 4853 in
2359 4777 2584 4847 pelvim;
2604 4779 2934 4848 veniensque
2947 4780 3176 4850 primum
3195 4782 3261 4837 ad
3281 4781 3520 4847 Petrum,

1943 4872 2110 4941 cmpit
2137 4868 2317 4928 lavare
2340 4872 2503 4943 pedes
2528 4873 2663 4942 ejus,
2696 4885 2750 4929 et
2770 4885 3053 4949 extergere
3079 4877 3267 4945 linteo,
3287 4892 3393 4947 quo
3406 4882 3526 4930 erat

1942 4965 2287 5036 praecinctus,
2316 4975 2371 5019 et
2392 4954 2811 5037 discipulorum.
2846 4967 2941 5023 Cui
2980 4971 3116 5025 dixit
3144 4969 3338 5024 Petrus
3380 4967 3525 5021 :Do—

1943 5056 2105 5120 mine,
2145 5064 2199 5108 tu
2224 5056 2350 5108 mihi
2380 5055 2523 5111 lavas
2565 5058 2759 5128 pedes?
2790 5067 2846 5114 et
2888 5058 3148 5117 Dominus
3192 5062 3311 5115 ait:
3367 5058 3521 5124 Quod

1943 5161 2035 5217 ego
2056 5146 2217 5215 facio,
2246 5155 2300 5198 tu
2330 5149 2495 5204 nescis
2520 5152 2675 5206 modo
2706 5169 2723 5206 :
2755 5154 2884 5209 scies
2907 5164 3081 5208 autem
3106 5162 3304 5225 postea,
3338 5160 3393 5207 ct
3427 5167 3518 5207 re-

1940 5234 2088 5305 liqua
2119 5231 2299 5303 (Joan.
2316 5252 2435 5304 xm,
2462 5239 2539 5312 6).
2562 5240 2851 5313 Postquam
2875 5252 3052 5298 autem
3075 5242 3202 5297 lavit
3220 5240 3403 5312 pelles,
3432 5256 3518 5296 re-

1941 5331 2129 5387 cubuit
2155 5332 2370 5387 iterum.
2405 5344 2427 5372 ο
2462 5335 2578 5389 λου
2622 5346 2705 5390 est
2761 5336 2851 5390 hic
2902 5333 3338 5404 intelligendum,
3383 5348 3515 5389 cono

1940 5433 2209 5495 sumptam
2235 5441 2447 5481 cosnam
2478 5434 2638 5495 atque
2684 5433 3017 5480 transactam
3069 5443 3083 5480 :
3141 5426 3319 5481 adhuc
3372 5424 3516 5478 enim

1936 5518 2270 5583 coenabatur,
2304 5533 2429 5572 cum
2458 5516 2719 5573 Dominus
2773 5515 3030 5581 surrexit,
3070 5524 3125 5569 et
3176 5515 3306 5570 lavit
3354 5514 3517 5585 pedes

1933 5627 2141 5670 eorum.
2168 5610 2303 5667 Nam
2331 5621 2519 5683 postea
2548 5610 2813 5677 recubuit,
2846 5617 2901 5665 et
2937 5609 3233 5667 buecellam
3262 5624 3359 5667 suo
3405 5616 3517 5663 tra-

2009 5716 2031 5745 ε
2064 5704 2265 5773 Amal.,
2287 5704 2389 5763 loc.
2424 5704 2516 5761 cit.
