4032 6354
496 369 636 428 120⁵1

1341 371 1401 425 Β.
1439 369 1502 426 F.
1544 369 1770 425 ALBINI
1809 369 1941 426 SEU
1974 366 2248 424 ALCUINI
2287 362 2570 422 OPERUM
2605 362 2785 421 PARS
2823 361 2914 418 IX.

3605 353 3748 416 1209

489 487 653 545 ditori
675 495 862 558 postea
888 485 1037 542 dedit
1062 505 1076 540 :
1106 493 1222 540 erat
1250 485 1395 539 enim
1415 481 1530 551 jam
1562 499 1690 548 nox,
1717 483 1901 552 utique
1929 497 2066 538 non-
2093 473 2144 542 Ᾰ
2170 479 2412 550 elegerit.
2435 479 2687 550 Legimus
2710 477 2852 532 enim
2875 476 2927 530 in
2964 473 3277 546 Evangelio,
3299 475 3441 545 quod
3479 473 3749 531 Pharisaei

490 584 618 640 dum
647 581 797 635 ﬁnita
821 593 997 643 ccena,
1013 580 1117 634 hoc
1140 585 1241 641 est,
1256 577 1382 630 dum
1411 575 1587 629 adhuc
1605 567 1758 644 panis
1788 575 1840 628 in
1881 587 2068 628 mensa

489 680 655 730 esset.
721 670 788 724 Et
839 679 958 738 post
1008 681 1182 738 pauca
1229 665 1307 720 ait
1357 664 1672 733 discipulis:
1730 663 1789 718 Si
1823 679 1913 732 ego
1964 661 2070 716 lavi

493 775 685 820 vestros
706 762 878 831 pedes,
903 774 1093 828 usque,
1116 768 1164 811 et
1187 773 1273 811 vos
1300 757 1372 808 ita
1407 755 1636 824 faciatis.
1687 754 1870 823 Aliqui
1922 751 2068 806 enim

491 855 594 910 viri
617 853 852 923 religiosi
883 857 1102 905 sumunt
1125 848 1276 918 prius
1308 861 1522 916 parum,
1573 854 1628 900 et
1652 852 1842 915 postea
1887 841 2070 895 lavant

490 945 675 1015 pedes,
702 942 894 997 deinde
927 949 1163 996 manant.
1199 937 1313 992 Hoc
1361 937 1548 991 imbuti
1596 933 1840 1002 exemplo
1886 930 2071 986 ﬁdeles

491 1034 784 1090 Christiani
801 1048 904 1086 non
922 1030 1280 1100 dedignantur
1297 1028 1475 1081 facere
1496 1024 1769 1080 conservis
1782 1023 1912 1087 suis,
1929 1020 2069 1090 quod

492 1125 740 1180 Christus
767 1122 892 1177 fecit
912 1119 1216 1190 discipulis;
1237 1118 1339 1172 hoc
1355 1126 1457 1180 est,
1483 1116 1646 1186 pedes
1670 1113 1909 1168 omnium
1925 1112 2072 1165 lava-

493 1235 572 1284 re,
605 1227 712 1272 tam
737 1231 1034 1288 pwperum
1064 1229 1224 1283 quam
1249 1211 1674 1282 peregrinorum,
1699 1216 1751 1262 et
1778 1206 1980 1275 aliquid
2005 1207 2070 1261 de

492 1309 662 1379 copiis
678 1309 790 1364 suis
812 1307 1075 1368 tribuere;
1100 1311 1156 1358 et
1174 1303 1264 1372 qui
1283 1302 1384 1355 hoc
1405 1315 1508 1354 non
1539 1298 1696 1361 valet,
1716 1297 1954 1353 debitum
1967 1295 2070 1350 sibi

490 1400 752 1470 proximis
778 1398 1000 1460 relaxet,
1026 1402 1292 1464 quatenus
1326 1391 1401 1444 illi
1437 1390 1742 1443 remittatur
1788 1387 1844 1440 in
1908 1385 2063 1440 ctelo.

491 1489 609 1559 Ipse
637 1489 781 1542 enim
808 1486 960 1541 nobis
985 1484 1224 1554 quotidie
1250 1483 1395 1536 lavat
1419 1479 1603 1550 pedes,
1633 1479 1725 1548 qui
1762 1476 2070 1548 interpellat

491 1597 592 1652 pro
623 1581 797 1634 nobis.
828 1579 1006 1648 Ipsum
1031 1577 1172 1632 enim
1198 1575 1410 1646 signum
1442 1571 1644 1644 [Forte,
1673 1571 1869 1642 signat]
1923 1571 2070 1624 lava-

493 1673 570 1728 tio
604 1673 1035 1742 pavimentorum
1064 1667 1338 1722 Ecclesize.
1369 1665 1427 1719 In
1457 1665 1725 1719 lavatione
1747 1663 1944 1733 pedum
1975 1662 2070 1717 de-

490 1771 780 1817 cantantur
801 1763 882 1815 lite
919 1760 1222 1828 antiphona:
1256 1775 1268 1810 :
1298 1754 1584 1826 Postquam
1611 1756 1840 1808 surrexit
1883 1753 2061 1808 Domi-

2166 569 2448 623 voluerunt
2475 583 2597 621 eum
2626 566 2965 636 praecipitare
3007 565 3072 618 de
3097 573 3279 618 monte
3307 581 3320 616 :
3357 563 3420 616 At
3450 564 3539 624 ille
3571 575 3727 618 trans

2167 662 2295 722 iens,
2330 676 2421 730 per
2467 660 2692 712 medium
2737 657 2950 711 illorum
2992 657 3099 709 ibat
3146 655 3297 727 (Luc.
3342 671 3414 719 tv,
3457 653 3571 725 50).
3601 655 3747 710 Alibi

2169 765 2380 819 quoque
2433 750 2658 820 legimus
2699 750 2842 818 quod
2887 747 3054 802 Judzei
3107 748 3307 815 lapides
3367 747 3648 812 tulerunt,
3693 757 3748 800 ut

2163 840 2408 910 jacerent
2434 840 2487 893 in
2515 854 2636 894 eum
2670 858 2682 892 :
2716 838 2834 908 Ipse
2857 855 2974 892 vero
3003 838 3272 892 abscondit
3296 853 3372 901 se,
3401 847 3450 892 et
3479 839 3642 891 exivit
3686 838 3750 892 de

2170 929 2357 1000 templo
2419 928 2618 1001 (Joan.
2675 943 2802 991 vin,
2849 927 2974 998 59).
3043 926 3220 992 Quare
3267 926 3528 981 Dominus
3573 925 3748 980 noluit

2170 1020 2496 1090 prmcipitari
2522 1027 2614 1072 aut
2641 1018 2885 1087 lapidari,
2917 1019 3001 1071 vel
3031 1018 3082 1070 in
3106 1015 3282 1087 gladio
3308 1017 3592 1072 truncari?
3632 1016 3749 1072 Uti-

2170 1123 2272 1177 que
2327 1124 2490 1163 causa
2546 1117 2744 1162 nostra:
2792 1106 2980 1161 salutis
3033 1107 3138 1161 hoc
3187 1106 3332 1161 fecit.
3402 1107 3546 1163 Mors
3603 1109 3748 1164 enim

2171 1200 2369 1256 Christi
2397 1201 2607 1271 signum
2641 1208 2725 1254 est
2759 1210 2960 1254 nostrae
2985 1199 3196 1255 salutis.
3225 1199 3406 1255 Noluit
3445 1217 3577 1270 ergo
3615 1202 3748 1272 lapi-

2171 1291 2308 1356 dari,
2331 1299 2424 1346 aut
2449 1292 2501 1344 in
2536 1291 2712 1361 gladio
2743 1292 3005 1356 truncari,
3029 1292 3171 1360 quod
3205 1291 3455 1347 videlicet
3481 1308 3585 1348 nos
3609 1309 3747 1349 sem-

2149 1375 2266 1452 per
2289 1380 2569 1434 nobiscum
2595 1381 2797 1450 lapides
2819 1391 2910 1436 aut
2925 1381 3127 1437 ferrum
3141 1381 3284 1436 ferre
3303 1398 3410 1438 non
3430 1398 3743 1454 possumus,

2170 1471 2364 1540 quibus
2390 1470 2760 1526 defendamur.
2809 1472 2982 1541 Elegit
3027 1489 3158 1527 vero
3203 1489 3441 1539 crucem,
3471 1491 3597 1544 quae
3644 1475 3744 1532 leri

2170 1579 2360 1618 manus
2388 1572 2537 1619 motu
2563 1564 2903 1632 exprimitur,
2933 1580 3036 1633 qua
3063 1573 3116 1619 et
3151 1575 3340 1620 contra
3381 1567 3592 1622 inimici
3627 1585 3746 1624 ven

2171 1653 2338 1708 sutias
2365 1657 2656 1708 munlmur.
2691 1653 2802 1708 Hoc
2831 1654 2978 1707 enim
3007 1655 3160 1723 signo
3187 1657 3366 1711 crucis
3393 1668 3746 1714 consecratur

2173 1757 2368 1812 corpus
2415 1743 2770 1808 Dominicum,
2805 1745 3174 1800 sanctiﬁcatur
3217 1746 3333 1802 fons
3380 1750 3744 1818 baptismatis,

493 1875 608 1912 nus.
646 1855 705 1911 Si
726 1873 817 1926 ego
840 1851 1400 1908 Dominus.'Dominus
1425 1848 1580 1902 Iesus
1617 1849 1924 1902 mandatum
1967 1862 2065 1900 no-

2170 1831 2450 1885 initiantur
2482 1835 2805 1904 presbyteri,
2844 1844 2898 1889 et
2920 1838 3102 1891 caeteri
3133 1839 3330 1908 gradus
3366 1840 3744 1906 ecclesiastici,

490 1965 628 2002 vum.
665 1946 730 2000 In
755 1947 852 1999 hoc
868 1954 1170 2016 cognoscent
1187 1960 1384 1996 omnes.
1411 1940 1705 2010 Diligamus
1719 1957 1810 1994 nos
1827 1939 2064 1993 invicem.

487 2031 555 2084 In
579 2030 760 2084 diebus
786 2027 912 2082 illis.
945 2029 1079 2082 Ante
1116 2027 1253 2079 diem
1281 2026 1467 2096 festum
1495 2021 1737 2077 Paschtr.
1799 2019 2065 2076 Charitas.

489 2123 584 2177 llis
614 2121 802 2186 ﬁnitis,
844 2121 1113 2174 nudantur
1142 2119 1330 2171 altaria
1375 2115 1488 2184 jam
1530 2115 1676 2169 circa
1731 2122 1964 2178 noctem,
2014 2119 2071 2166 et

488 2213 569 2266 sic
593 2218 912 2282 permanent
939 2226 1110 2278 usque
1133 2209 1198 2262 ad
1225 2208 1522 2262 Sabbatum
1573 2213 1841 2261 sanctum.
1882 2203 2068 2258 Altare

488 2301 763 2356 Christum
787 2301 1075 2370 signiﬁcat,
1115 2299 1207 2366 qui
1239 2306 1365 2351 tunc
1415 2298 1650 2350 nudatus
1701 2304 1783 2348 est
1833 2310 1862 2348 a
1907 2293 2068 2348 vesti-

491 2393 706 2453 mentis,
735 2391 840 2444 hoc
877 2398 978 2453 est,
1008 2406 1038 2442 a
1063 2387 1358 2458 discipulis,
1388 2389 1602 2456 quando
1634 2386 1822 2442 relicto
1850 2401 1914 2439 eo
1946 2400 2065 2438 om-

491 2496 589 2535 nes
617 2479 966 2550 fugerunt..ln
996 2479 1098 2533 hac
1123 2478 1268 2532 enim
1296 2485 1450 2533 nocte
1477 2476 1726 2531 Christus
1754 2476 1920 2530 veteri
1963 2473 2066 2545 legi

489 2570 652 2625 ﬁnem
680 2573 792 2634 dat,
819 2585 938 2639 quae
960 2585 1064 2623 non
1093 2568 1331 2623 solvebat
1349 2577 1590 2638 peccata,
1638 2567 1732 2621 sed
1765 2563 2021 2638 puniebat
2047 2580 2063 2620 :

491 2664 584 2719 dat
631 2662 841 2716 initium
873 2661 995 2715 novi
1029 2660 1354 2724 testamenti,
1386 2675 1482 2729 per
1509 2659 1651 2728 quod
1699 2669 1914 2729 peccata
1967 2655 2065 2712 ab-

489 2753 789 2808 solvuntur.
847 2752 930 2805 Ab
976 2752 1078 2805 hac
1135 2751 1282 2805 enim
1331 2760 1489 2806 nocte
1535 2766 1703 2821 usque
1746 2749 2061 2816 Sabbatum,

467 2843 731 2900 ‘nonnulli
757 2842 896 2897 servi
915 2841 1008 2894 Dei
1049 2840 1324 2896 imitantes
1377 2841 1668 2910 apostolos,
1713 2839 1881 2911 jejuni
1936 2855 2064 2910 per-

491 2944 710 2989 manent
739 2952 752 2988 :
778 2932 940 3001 aliqui
967 2945 1096 2986 vero
1122 2931 1359 2985 contenti
1388 2939 1514 2985 sunt
1559 2947 1698 3000 pane
1753 2939 1962 2986 tantum
2011 2938 2067 2986 et

491 3024 693 3091 herbis,
727 3032 888 3092 atque
915 3021 1273 3092 leguminibus
1293 3038 1388 3076 seu
1418 3022 1592 3078 Sicera

1069 3135 1294 3191 CAPUT
1315 3135 1496 3191 XVIII.

708 3220 733 3248 ⁸
755 3222 822 3262 DE
843 3223 999 3262 FERIA
1021 3221 1210 3272 SEXTA,
1247 3223 1365 3270 ρυιε
1401 3222 1500 3260 EST
1525 3221 1844 3260 PAIIASCE"I'..

563 3299 862 3354 Parasceve
883 3299 1201 3368 prteparatio
1229 3299 1635 3367 interpretatur,
1671 3312 1790 3365 quze
1813 3304 1869 3351 et
1910 3304 2064 3352 sexta

494 3389 717 3445 Sabbati
741 3389 956 3443 dicitur.
986 3387 1044 3442 In
1069 3389 1171 3443 hoc
1197 3390 1342 3442 enim
1371 3389 1458 3442 die
1483 3390 1858 3458 przeparabant
1895 3386 2064 3442 Judaei

491 3496 557 3533 ea
584 3494 704 3549 qua:
733 3478 787 3532 in
813 3478 1035 3533 sabbato
1073 3486 1227 3532 erant
1253 3480 1556 3533 necessaria
1579 3518 1593 3543 ,
1630 3479 1781 3548 juxta
1829 3479 1972 3548 quod
1998 3479 2066 3534 de

494 3583 690 3622 manna
726 3575 1049 3638 praeceptum
1074 3575 1157 3622 est
1193 3584 1204 3620 :
1242 3566 1404 3621 Sexta
1431 3569 1516 3622 die
1562 3569 1821 3640 colligetis
1846 3569 2065 3639 duplum

494 3659 692 3729 (Exod.
733 3675 843 3724 xvi,
871 3659 924 3729 5)
956 3676 969 3712 :
999 3670 1053 3712 et
1085 3658 1205 3712 ideo
1234 3658 1636 3713 insolemnitatc
1661 3657 1907 3726 habetur,
1935 3660 2064 3728 quia

492 3764 558 3802 eo
583 3749 665 3805 die
692 3748 941 3804 Christus
981 3748 1294 3820 mysterium
1343 3751 1521 3804 crucis
1545 3750 1796 3820 explevit,
1845 3759 2066 3821 propter

495 3841 636 3908 quod
667 3840 721 3893 in
769 3841 912 3894 hunc
959 3840 1218 3893 mundum
1256 3851 1494 3906 venerat,
1524 3851 1586 3895 ut
1611 3843 1700 3911 qui
1748 3842 1892 3913 ligno
1941 3858 2067 3912 per-

493 3931 638 3986 cussi
667 3929 941 3985 fueramus
964 3929 1016 3984 in
1044 3930 1236 3996 Adam,
1296 3947 1508 3986 rursum
1554 3948 1654 4002 per
1697 3933 1824 4004 ligni
1873 3942 2068 4004 myste-

491 4024 630 4078 rium
660 4037 991 4078 sanaremur.
1021 4022 1190 4096 Hujus
1215 4024 1358 4078 enim
1388 4040 1551 4080 causa
1577 4026 1833 4094 triumphi
1873 4026 2065 4082 huma-

493 4130 561 4166 na
587 4113 914 4183 possibilitas
933 4113 1150 4168 Christo
1169 4128 1266 4183 per
1287 4129 1500 4169 omnem
1540 4114 1797 4169 mundum
1821 4115 2067 4185 celebri-

495 4214 660 4260 tatem
691 4221 925 4259 annuam
968 4207 1191 4275 praebet,
1232 4221 1331 4276 pro
1387 4221 1454 4260 eo
1509 4207 1652 4275 quod
1699 4207 1948 4278 dignatus
1984 4217 2069 4265 est

492 4297 751 4365 sanguine
780 4297 1045 4365 passionis
1067 4311 1176 4351 suae
1197 4298 1462 4352 redimere
1519 4305 1803 4366 peccatum
1854 4299 2063 4368 mundi,

491 4395 548 4437 et
573 4400 669 4454 per
705 4401 918 4440 crucem
947 4397 1119 4441 morte
1145 4387 1354 4442 devicta
1379 4387 1676 4443 absolvere.

561 4474 854 4543 Tripartita
881 4485 1060 4532 autem
1083 4477 1224 4531 ratio
1251 4477 1537 4532 Dominica:
1575 4479 1846 4546 passionis
1892 4490 2068 4536 osten-

490 4565 654 4618 ditur.
694 4564 893 4631 Prima,
926 4574 984 4620 ut
1010 4567 1257 4626 Christus
1295 4583 1392 4637 pro
1442 4577 1597 4622 reatu
1623 4571 1806 4628 mundi
1851 4573 2066 4627 redem-

492 4657 604 4726 ptio
623 4655 864 4723 daretur,
895 4666 950 4712 et
987 4658 1156 4713 hostis
1180 4659 1434 4728 antiquus
1485 4659 1633 4716 velut
1678 4662 1840 4716 hamo
1888 4665 2067 4719 crucis

492 4754 799 4813 caperetur,
842 4747 1048 4801 scilicet
1076 4756 1136 4801 ut
1177 4762 1312 4817 quos
1366 4749 1720 4807 absorbuerat
1767 4762 2062 4821 evomeret,

490 4847 598 4888 non
619 4835 857 4914 potentia
885 4837 1080 4903 victus,
1105 4839 1199 4892 sed
1221 4839 1452 4909 justitia.
1491 4841 1737 4896 Secunda
1764 4857 1928 4897 causa
1961 4853 2062 4911 est,

489 4934 546 4979 ut
571 4929 909 4984 secutoribus
921 4930 1230 4986 hominibus
1255 4932 1374 4987 vitze
1387 4933 1752 5003 magisterium
1765 4934 2028 5002 praeberet
2047 4950 2062 4989 :

485 5016 554 5068 ad
575 5017 680 5070 hoc
701 5017 845 5071 enim
872 5019 1116 5074 ascendit
1140 5021 1193 5075 in
1217 5037 1453 5088 crucem,
1486 5032 1545 5076 ιιι
1594 5024 1749 5079 nobis
1795 5025 2062 5093 passionis

485 5115 539 5158 et
570 5108 983 5163 resurrectionis
1006 5109 1270 5178 praaberet
1309 5113 1634 5182 exemplum.
1665 5114 1845 5168 Tertia
1897 5131 2062 5170 causa

483 5204 567 5264 est
595 5208 858 5269 susceptae
891 5202 1088 5266 crucis,
1113 5210 1171 5256 ut
1198 5205 1447 5272 superbia
1479 5206 1656 5260 saeculi
1696 5215 1750 5259 et
1771 5205 1954 5260 inﬂata
1979 5221 2064 5261 sa-

484 5288 706 5358 pientia,
726 5307 823 5360 per
849 5293 1027 5347 crucis
1049 5293 1264 5347 stultam
1283 5335 1296 5356 ,
1324 5304 1382 5348 ut
1437 5305 1676 5364 putatur,
1727 5297 2062 5367 praedicatio-

485 5394 608 5432 nem
635 5381 915 5437 humiliata
943 5392 1238 5447 corruerct,
1272 5393 1330 5438 ut
1376 5395 1604 5454 pateret,
1642 5389 1786 5458 quod
1838 5389 2060 5443 stultum

477 5471 580 5541 Dei
613 5482 715 5535 est,
740 5484 942 5542 quanto
981 5476 1050 5530 sit
1073 5476 1366 5544 sapientius
1399 5478 1718 5533 hominibus.
1756 5479 1860 5533 Sed
1886 5481 2062 5535 adhuc

486 5563 777 5618 videndum
806 5575 910 5631 est,
959 5583 1129 5636 quare
1192 5569 1450 5624 Dominus
1499 5570 1604 5624 tale
1648 5587 1817 5639 genus
1872 5575 2063 5630 mortis

557 5687 582 5749 ιδ
610 5676 812 5749 Amal.,
834 5695 950 5749 cap.
989 5681 1074 5735 15.

565 5746 593 5796 lt
617 5746 810 5806 Annal.
838 5746 941 5808 loc.
970 5753 1062 5810 cit.
1093 5768 1212 5832 cap.
1251 5753 1334 5813 15.
1368 5753 1496 5832 Leg.
1531 5752 1729 5811 Mabill.
1757 5753 2058 5820 Comment.

2169 1929 2224 1974 et
2245 1922 2424 1975 omnia
2447 1937 2780 1994 quaecunque
2801 1925 3237 1993 sanctiﬁcantur;
3270 1929 3372 1984 hoc
3392 1930 3547 2001 signo
3567 1931 3745 1986 Domi-

2168 2010 2304 2064 nicze
2330 2013 2528 2078 crucis,
2559 2029 2682 2068 cum
2721 2015 3056 2071 invocatione
3096 2016 3297 2073 Christi
3325 2021 3564 2076 nominis
3582 2063 3598 2086 ,
3623 2038 3746 2078 con-

2167 2111 2468 2156 secrantur.
2497 2103 2631 2158 Nam
2663 2105 2778 2176 ipsa
2807 2123 2942 2162 crux
2970 2124 3228 2179 magnum
3259 2109 3315 2164 in
3341 2126 3401 2165 se
3428 2116 3742 2184 mysterium

2167 2193 2424 2256 continet,
2451 2196 2604 2265 cujus
2629 2199 2824 2267 positio
2849 2199 2972 2255 talis
2997 2203 3568 2274 est,utsuperiorpars
3580 2207 3744 2262 caelos

2166 2290 2332 2353 petat,
2365 2285 2590 2340 inferior
2627 2296 2786 2344 terra;
2815 2290 3071 2346 inhaereat
3094 2292 3220 2357 lixa,
3263 2294 3600 2352 infernorum
3639 2299 3742 2353 ima

2168 2379 2485 2450 contingat:
2529 2381 2754 2437 latitudo
2798 2377 3130 2456 autem‘ejus
3157 2371 3338 2457 partes
3377 2392 3566 2446 mundi
3593 2408 3745 2462 appe~

2168 2475 2264 2522 tat.
2296 2469 2433 2536 Quia
2475 2480 2529 2526 et
2569 2473 2818 2529 Christus
2859 2492 2956 2547 per
2989 2479 3293 2548 passionem
3327 2485 3510 2537 crucis
3541 2483 3743 2552 angelis

2165 2557 2369 2628 profuit
2393 2561 2447 2615 in
2478 2563 2635 2630 coelo,
2653 2580 2882 2634 quorum
2905 2582 3181 2636 numerus,
3207 2573 3296 2640 qui
3319 2589 3417 2642 per
3443 2583 3744 2644 apostatam

2167 2651 2414 2718 angelum
2455 2653 2768 2712 imminutus
2822 2658 3028 2726 fuerat,
3066 2676 3134 2716 ex
3183 2663 3468 2718 animabus
3509 2665 3744 2722 ﬁdelium

2165 2743 2404 2810 quotidie
2434 2746 2788 2817 adimpletur;
2828 2759 2882 2804 et
2914 2755 3087 2820 nobis,
3119 2755 3210 2824 qui
3241 2771 3431 2813 sumus
3480 2759 3536 2813 in
3579 2769 3745 2828 terra,

2166 2839 2221 2885 et
2251 2833 2356 2889 illis
2383 2837 2476 2904 qui
2505 2850 2727 2908 propter
2750 2839 3010 2912 Originale
3047 2857 3326 2916 peccatum
3365 2851 3746 2910 detinebantur

2167 2925 2307 2993 apud
2337 2926 2568 2996 inferos;
2599 2933 2692 2987 sed
2719 2944 2774 2989 et
2797 2935 2947 3004 ipsis,
2966 2939 3133 3006 quiin
3160 2940 3390 2998 diversis
3414 2947 3603 3002 mundi
3626 2963 3746 3016 par-

2167 3017 2310 3072 tibus
2332 3020 2664 3076 habitabant.
2691 3024 2808 3094 Ipse
2836 3035 2919 3081 est
2941 3029 3084 3082 enim
3111 3045 3207 3084 rex
3231 3033 3558 3100 cmlestium,
3583 3047 3746 3092 terre-

2171 3110 2363 3164 strium
2407 3119 2460 3166 et
2504 3112 2872 3183 infernorum,
2919 3127 2974 3172 ut
3003 3120 3168 3174 omnis
3209 3121 3390 3193 lingua
3436 3127 3745 3195 conﬁteatur

2089 3181 2138 3248 C
2166 3203 2306 3272 quod
2335 3203 2589 3260 Dominus
2608 3206 2765 3262 Jesus
2791 3181 3026 3264 C/iristus
3049 3212 3103 3266 in
3124 3181 3309 3283 gloriav
3321 3225 3397 3268 est
3435 3181 3549 3271 Dei.
3573 3181 3743 3274 Patris

2168 3293 2334 3367 (Phil.
2365 3313 2424 3363 ιι,
2461 3298 2570 3371 Il).
2603 3299 2798 3357 Iacens
2823 3318 2952 3358 vero
2983 3319 3115 3358 crux
3149 3314 3382 3376 quatuor
3412 3311 3601 3364 mundi
3625 3326 3744 3380 par-

2167 3394 2247 3440 tes
2283 3387 2507 3456 appetit,
2538 3390 2802 3446 orientem
2827 3393 3100 3459 videlicet,
3123 3403 3176 3448 et
3211 3396 3572 3462 occidentem,
3597 3400 3743 3468 aqui-

2165 3475 2344 3533 lonem
2384 3487 2432 3533 et
2467 3481 2768 3548 meridiem,
2797 3485 2923 3553 quia
2956 3494 3010 3540 et
3036 3486 3285 3542 Christus
3313 3503 3413 3558 per
3437 3493 3740 3559 passionem

2165 3585 2317 3628 suam
2345 3587 2532 3629 omnes
2561 3584 2746 3645 gentes
2769 3579 2837 3631 ad
2864 3593 2921 3633 se
2961 3580 3128 3633 trahit
3156 3598 3168 3633 :
3204 3588 3260 3636 et
3290 3583 3474 3636 omnia
3499 3585 3602 3638 sibi
3625 3585 3744 3638 sub-

2159 3661 2560 3732 jugavit,juxta
2600 3666 2743 3734 quod
2785 3667 2898 3736 ipse
2944 3683 3171 3739 surgens
3213 3687 3244 3725 a
3291 3675 3545 3736 mortuis,
3578 3675 3743 3730 dicit:

2165 3752 2306 3808 Data
2359 3765 2436 3808 est
2487 3757 2615 3812 mihi
2675 3759 2845 3814 omnis
2895 3771 3120 3830 potestas
3179 3763 3236 3817 in
3270 3763 3398 3819 caelo
3437 3776 3484 3820 et
3531 3768 3586 3821 in
3611 3779 3746 3820 terra

2167 3842 2382 3916 (Matth.
2422 3863 2613 3913 xxvm,
2645 3848 2752 3922 18).

2238 3935 2265 3974 b
2294 3935 2404 3991 Cur
2431 3947 2612 3993 autem
2637 3939 2798 3996 hodie
2821 3941 2985 3996 missa
3011 3957 3116 4008 non
3141 3954 3414 4012 cantatur,
3443 3947 3540 4002 sed
3576 3963 3748 4017 neque

2166 4028 2221 4081 in
2262 4027 2500 4083 Sabbato
2546 4040 2753 4098 sancto,
2779 4033 2950 4088 donec
2975 4035 3040 4089 ad
3066 4035 3280 4104 vigilias
3303 4038 3501 4101 noctis,
3530 4047 3750 4092 sanctus

2165 4116 2508 4174 Innocentius
2547 4135 2685 4191 papa
2731 4122 2787 4176 in
2821 4121 3190 4181 Decretalibus
3224 4125 3357 4181 dicit
3392 4146 3406 4180 :
3450 4127 3564 4182 Isto
3591 4126 3750 4199 479

2165 4207 2330 4264 biduo
2380 4220 2720 4268 sacramenta
2758 4215 2974 4285 penitus
3016 4231 3122 4272 non
3160 4216 3449 4282 celebrari,
3475 4219 3606 4289 quia
3635 4233 3750 4288 per-

2167 4313 2357 4354 cussus
2386 4309 2469 4355 est
2491 4311 2764 4372 pastor,et
2784 4320 2913 4359 oves
2935 4305 3053 4376 ejus
3076 4309 3253 4378 gregis
3279 4308 3560 4376 dissipata:
3594 4317 3748 4374 sunt;

2167 4404 2263 4444 seu
2291 4391 2434 4458 quod
2465 4393 2753 4461 apostolos,
2771 4411 2905 4463 quos
2927 4397 3126 4451 imitari
3155 4398 3435 4465 debemus,
3453 4400 3562 4453 isto
3591 4399 3752 4454 biduo

2169 4483 2222 4536 in
2259 4482 2477 4536 tristitia
2521 4491 2576 4537 et
2622 4499 2856 4541 maerore
2903 4486 3092 4554 fuisse,
3137 4499 3190 4544 et
3229 4489 3447 4561 jejunos
3485 4506 3660 4561 usque
3699 4491 3752 4544 in

2171 4574 2624 4628 resurrectionem
2653 4578 3013 4645 permansisse
3047 4581 3339 4635 credimus.
3379 4580 3440 4634 In
3468 4582 3559 4635 die
3591 4581 3752 4636 Para-

2172 4679 2328 4719 sceve
2351 4665 2470 4720 ideo
2493 4662 3034 4740 non'cantatur,quia
3056 4673 3173 4741 ipsa
3199 4672 3287 4728 die
3316 4673 3476 4730 Jesus
3505 4675 3752 4729 Christus

2171 4759 2408 4828 seipsum
2439 4761 2669 4815 hostiam
2699 4761 2894 4817 obtulit
2916 4763 3024 4819 Deo
3051 4764 3200 4820 Patri
3231 4782 3329 4836 pro
3355 4770 3536 4832 nobis,
3561 4779 3618 4824 et
3641 4770 3752 4840 ipsa

2168 4851 2369 4904 oblatio
2404 4852 2598 4907 sutiicit
2625 4853 2692 4907 ad
2727 4854 2950 4910 salutem
2973 4857 3329 4912 credentium.

2239 4941 2295 4993 In
2327 4943 2440 5010 ipso
2471 4951 2650 4998 autem
2693 4946 2778 5000 die
2808 4948 2941 5001 hora
2978 4948 3166 5017 quinta
3191 4949 3510 5018 deportatur
3544 4949 3752 5014 lumen,

2167 5039 2228 5084 ut
2273 5048 2457 5102 supra,
2495 5037 2562 5089 ab
2597 5037 2977 5094 archidiacono
3005 5054 3100 5094 seu
3132 5042 3444 5111 praeposito,
3470 5050 3524 5096 et
3559 5043 3754 5096 illumi-

2168 5135 2366 5179 nantur
2395 5125 2669 5194 lampades
2699 5139 2903 5198 septem
2931 5149 2942 5183 :
2967 5132 3206 5201 pontifex
3243 5141 3424 5186 autem
3449 5149 3548 5186 seu
3577 5133 3751 5188 clerus

2167 5223 2329 5282 atque
2354 5215 2578 5283 populus
2619 5218 2917 5285 procedunt
2942 5219 3009 5274 ad
3034 5219 3338 5274 ecclesiam.
3371 5223 3600 5276 .nterim
3625 5236 3751 5276 vero

2166 5303 2441 5374 egreditur
2476 5307 2885 5362 archidiaconus
2921 5324 3043 5362 cum
3080 5309 3201 5382 aliis
3224 5309 3546 5364 diaconihus
3572 5311 3641 5366 de
3665 5327 3750 5366 sa-

2165 5397 2368 5460 crario,
2401 5397 2568 5450 induti
2609 5399 2813 5454 scilicet
2841 5401 3071 5468 planetis
3113 5401 3297 5468 fuscis,
3327 5414 3382 5456 et
3409 5405 3518 5458 duo
3561 5421 3747 5460 cereo-

2164 5497 2331 5544 strata
2361 5497 2484 5544 ante
2528 5491 2674 5560 ipsos
2718 5509 2840 5547 cum
2884 5495 3056 5548 cert-is
3100 5497 3342 5550 accensis
3388 5497 3750 5566 procedentes

2167 5598 2334 5652 usque
2363 5585 2428 5638 ad
2458 5584 2626 5638 altare
2656 5601 2778 5640 cum
2824 5585 3067 5653 silentio,
3097 5595 3148 5641 et
3175 5589 3418 5644 oratione
3455 5588 3749 5661 completa,

2165 5696 2218 5749 in
2241 5697 2484 5753 ordinem
2518 5698 2746 5754 Roman.
2781 5715 2902 5774 pag.
2933 5715 3159 5774 LXXXIII,
3184 5700 3314 5758 edit.
3345 5699 3550 5774 Paris,
3582 5699 3742 5762 tm.
