4032 6354
1369 321 1433 377 s.
1466 319 1538 377 ιτ.
1575 318 1807 379 ALBINI
1843 318 1976 381 seu
2011 315 2294 377 ALCURNI
2329 318 2617 381 ornavit
2649 318 2833 379 rans
2858 317 2959 378 ix.
3038 270 3043 275 ’

3646 323 3793 380 1313

432 422 437 427 “
518 437 744 512 pientia,
786 444 946 510 atque
984 435 1207 501 libertas
1246 452 1545 495 servorum.
1593 436 1737 496 Crux
1782 436 2093 494 scandalum
2122 437 2169 497 Δ
2199 447 2311 493 tam
2354 440 2552 496 audivi.
2587 438 2739 498 Unde
2789 441 2950 497 toties
2997 446 3052 495 te
3094 447 3376 511 rogantem
3422 441 3630 505 distuli.
3657 446 3791 514 quia

518 527 824 585 Iudaeorum
869 539 1030 600 atque
1069 529 1299 599 perditio
1330 528 1636 599 impiorum.
1680 529 1831 584 Crux
1873 528 2097 599 templo-

522 640 641 680 rum
673 624 970 678 destructio
995 632 1050 678 et
1081 622 1313 694 repnlsio
1345 622 1628 677 idolorum.
1655 642 1672 675 ι

597 718 711 787 Qua
741 718 969 773 salutata
1014 728 1069 772 et
1098 719 1332 788 reposita
1362 718 1414 771 in
1447 718 1564 773 loco
1590 733 1687 773 suo
1706 759 1718 778 ,
1747 718 1893 772 venit
1924 726 2098 786 ponti-

521 809 608 865 fex
642 820 767 866 ante
802 810 974 867 altare
1019 819 1075 865 et
1102 811 1233 866 dicit
1258 829 1270 841 ο
1302 809 1584 881 Praeceptis
1630 809 1950 865 salutaribus
1990 825 2101 862 mo-

521 902 637 955 niti.
690 900 850 957 Pater
888 912 1089 954 noster.
1140 899 1327 955 Libera
1359 919 1472 963 nos.
1505 918 1825 972 qtta'sumus,
1856 900 2095 955 Domine.

522 990 655 1047 Cum
685 1006 811 1046 \ero
850 991 1107 1057 dixerint,
1139 990 1326 1055 Amen,
1356 994 1519 1046 sumit
1542 993 1606 1047 de
1636 1007 1774 1063 pane
1806 1000 2015 1055 sancto,
2047 1000 2101 1047 et

519 1086 670 1155 ponit
699 1085 751 1139 in
779 1086 999 1141 calicem
1023 1086 1248 1142 silendo.
1284 1084 1399 1139 Pax
1420 1084 1633 1139 Domini
1652 1101 1763 1140 non
1797 1084 1947 1147 dicit,
1975 1085 2099 1161 quia

523 1193 627 1233 non
656 1189 956 1249 sequuntur
988 1178 1170 1235 oscula
1199 1176 1687 1233 circumstantium.
1720 1174 2102 1230 Sanctificatur

524 1277 703 1323 autem
754 1270 936 1325 vinum
980 1286 1086 1324 non
1135 1280 1503 1325 consecratum
1558 1284 1654 1338 per
1708 1268 2102 1323 sanctiﬁcatum

523 1374 718 1431 panem
748 1373 796 1414 ιι.
846 1361 997 1416 Tunc
1034 1360 1440 1417 communicant
1472 1375 1658 1415 omnes
1698 1376 1818 1415 cum
1864 1358 2099 1423 silentio,

523 1457 577 1506 et
607 1449 817 1522 expleta
846 1458 972 1506 sunt
999 1450 1271 1507 universa.
1302 1451 1378 1506 De
1404 1449 1507 1506 hac
1535 1461 1711 1507 autem
1743 1451 2107 1507 communica-

524 1542 671 1597 tione
697 1552 877 1597 utrum
901 1543 1091 1598 debeat
1120 1542 1255 1605 fieri,
1282 1558 1447 1613 supra
1470 1543 1703 1599 relatum
1727 1552 1829 1598 est.
1862 1544 2103 1615 Denique

526 1642 744 1705 petente
764 1635 921 1691 hodie
936 1651 1130 1705 corpus
1146 1635 1355 1691 Domini
1378 1634 1573 1705 Joseph
1594 1650 1738 1701 sero,
1765 1636 2102 1705 etaspicien-

528 1716 674 1781 tibus
709 1725 1023 1782 mulieribus
1046 1742 1234 1797 usque,
1261 1725 1485 1796 sepulto,
1503 1736 1834 1783 revertentes
1853 1736 2104 1784 emerunt

2198 547 2299 587 nec
2326 532 2441 597 tibi,
2474 548 2570 588 nec
2596 533 2889 602 quidquam
2922 530 3218 604 [cuiquam]
3254 533 3455 602 aliquid
3482 535 3671 591 dicere
3698 554 3793 592 vo-

2198 622 2307 687 lui,
2337 623 2480 692 quod
2528 638 2632 676 non
2680 623 2917 678 evidenti
2968 624 3206 683 ratione.
3238 633 3331 678 aut
3377 624 3793 696 Scriptor-arum

2200 713 2522 769 auctoritate
2550 728 2758 785 possem
2780 716 3030 785 probare.
3060 715 3199 784 Quid
3221 726 3401 774 autem
3432 720 3562 775 mihi
3587 724 3717 776 exin
3742 725 3791 778 .‘e

2199 806 2463 870 videatur,
2501 806 2622 861 viva
2651 823 2783 863 voce
2825 816 3096 877 utcunque
3123 809 3216 864 tibi
3262 811 3413 865 nisus
3440 826 3561 867 sum
3590 814 3790 883 expla-

2200 912 2347 959 nare,
2378 898 2539 952 utsic
2568 914 2654 953 tne
2698 899 3050 956 sululucerem
3078 903 3147 957 ab
3194 903 3297 959 hac
3342 907 3786 974 scrupulositate.

2200 986 2331 1042 Cum
2380 989 2522 1043 enim
2560 989 2706 1044 dicat
2749 988 3024 1053 Salomon,
3068 992 3271 1047 Altior:
3320 1005 3378 1049 te
3426 1013 3492 1050 ne
3534 999 3789 1052 scrutaris

2202 1077 2391 1147 (Eccli.
2424 1096 2505 1144 ut,
2535 1080 2648 1152 22),
2697 1096 2890 1136 vereor
2920 1083 3011 1137 illa
3035 1094 3288 1154 appetere
3310 1088 3383 1142 ad
3406 1102 3528 1157 qua:
3550 1090 3793 1144 tenuitas

2202 1168 2451 1238 ingenioli
2496 1172 2601 1226 mei
2644 1187 2749 1226 non
2782 1173 2960 1229 valeat
2995 1191 3302 1247 assurgere.
3336 1179 3611 1235 hlodulnm
3642 1183 3790 1236 enim

2202 1275 2355 1314 suum
2384 1278 2820 1333 unumquemque
2846 1267 3192 1323 considerare
3220 1270 3523 1339 prudenter
3554 1287 3663 1327 nos
3686 1273 3787 1327 ad-

2203 1363 2387 1409 mouet
2413 1355 2628 1425 lyricus.
2662 1356 2848 1412 dicens
2873 1377 2887 1413 :

2356 1445 2443 1496 Est
2464 1449 2700 1509 quoddam
2722 1450 2920 1511 prodire
2940 1460 3107 1513 tenus,
3133 1453 3174 1501 si
3200 1465 3298 1503 non
3319 1453 3463 1502 datur
3484 1453 3633 1505 ultra.

2204 1528 2336 1585 Cum
2366 1546 2495 1600 ergo
2539 1531 2698 1601 hujus
2728 1532 2804 1586 rei
2844 1534 3173 1589 audientiam
3221 1535 3314 1589 tibi
3345 1534 3593 1592 snlIicere
3624 1538 3787 1593 dixis-

2206 1634 2343 1683 sent,
2370 1630 2621 1676 causatus
2645 1637 2705 1677 es
2732 1621 3136 1701 fragilem‘esse
3166 1626 3415 1681 humana:
3440 1629 3644 1682 menzis
3671 1644 3784 1684 me-

2207 1712 2456 1777 moriam,
2487 1728 2585 1769 nec
2612 1714 2795 1769 audita
2835 1715 2925 1769 diu
2955 1716 3207 1778 retinere,
3234 1727 3289 1773 et
3325 1720 3394 1774 ob
3430 1720 3536 1775 hoc
3578 1721 3787 1776 litteras

529 1827 793 1885 aromata,
825 1828 880 1876 et
925 1789 1559 1892 unguenta,et'sahbato
1606 1824 1851 1890 sequenti
1879 1832 2099 1892 propter
2135 1789 2178 1850 Β
2204 1816 2323 1858 esse
2364 1810 2633 1874 repellas:
2679 1806 2875 1875 quibus
2914 1806 3080 1862 οδίίιδ
3124 1824 3221 1878 ρετ
3267 1809 3553 1875 incuriam,
3578 1812 3789 1881 Ρωδείοι

532 1910 841 1965 mandatum
892 1912 1176 1976 siluerunt,
1221 1922 1580 1983 parantesque
1610 1924 1877 1981 aromata,
1923 1931 2104 1979 mane,

528 2008 589 2054 ut
609 2009 872 2070 ungerent
896 2017 1091 2072 corpus
1117 2002 1352 2067 Domini,
1386 2014 1673 2060 venerunt.

599 2088 835 2157 Quaestio
863 2110 875 2145 :
904 2093 1082 2161 Quare
1111 2095 1325 2150 dicatur
1350 2096 1612 2153 Dominus
1642 2098 1815 2154 tribus
1840 2098 2033 2154 diebus
2051 2102 2108 2155 et

530 2181 704 2239 tribus
752 2184 1001 2240 noctibus
1044 2183 1214 2240 fuisse
1257 2186 1309 2241 in
1358 2188 1521 2243 corde
1566 2196 1742 2251 terrae,
1787 2204 1940 2253 cum,
1969 2190 2109 2245 sicut

530 2272 859 2343 evangelista
911 2272 1096 2337 refert,
1126 2274 1426 2331 Parasceve
1474 2278 1607 2332 hora
1656 2286 1809 2333 sexta
1836 2279 1907 2333 sit
1934 2280 2109 2335 cruci-

531 2363 691 2429 ﬁxus,
723 2373 780 2418 et
824 2365 1040 2420 circiter
1080 2368 1212 2421 hora
1246 2382 1404 2432 nona.
1438 2369 1693 2425 inclinato
1720 2372 1917 2440 capite,
1945 2373 2110 2442 spiri-

534 2464 644 2510 tum
676 2455 935 2520 emiserit,
959 2458 1182 2513 sabbato
1203 2459 1256 2513 in
1278 2460 1525 2530 sepulcro
1549 2462 1832 2531 quieverit,
1855 2472 1911 2517 et
1936 2464 2109 2532 prima

533 2545 746 2601 sabbati
776 2546 929 2603 valde
952 2547 1184 2604 diluculo
1208 2566 1236 2604 a
1258 2557 1486 2609 mortuis
1513 2555 1844 2609 surrexerit?
1876 2553 1982 2610 Sed
2004 2555 2110 2611 hoc

532 2635 956 2706 synecdochicos
1009 2640 1378 2709 aet-ipiendnm
1428 2654 1550 2710 est,
1581 2660 1612 2699 a
1660 2654 1812 2716 parte
1859 2646 2110 2702 videlicet

530 2733 721 2781 totum.
775 2725 908 2783 Nam
947 2729 992 2784 si
1036 2740 1243 2799 partem
1287 2732 1617 2791 Parasceves
1661 2753 1782 2793 cum
1835 2739 2108 2808 praeterita

531 2823 688 2871 nocte
718 2832 823 2888 qna
855 2822 1277 2891 comprehensus
1302 2834 1403 2889 est,
1433 2827 1685 2898 accipias,
1717 2824 1951 2898 itemque
1980 2831 2106 2885 sab-

528 2904 712 2960 batum
742 2924 865 2963 cum
894 2925 989 2987 sua
1018 2912 1370 2970 nihilominus
1396 2926 1573 2984 nocte,
1597 2927 1651 2973 et
1682 2935 1869 2975 rursus
1895 2914 2133 2976 noctem—

530 2994 863 3053 Dominicam
906 3016 1027 3056 cum
1076 3004 1422 3072 eodem’die,
1448 3024 1555 3078 quo
1601 3009 1946 3067 illucescente
1990 3028 2109 3068 sur-

530 3089 694 3153 rexit,
733 3089 973 3147 invenies
1019 3096 1259 3163 proiecto
1305 3098 1572 3169 integrum
1609 3102 1843 3157 triduum
1891 3114 1948 3158 et
1997 3114 2108 3160 tres

530 3187 737 3233 noctes.
792 3179 1080 3239 Sciendum
1113 3186 1297 3252 etiam,
1325 3189 1468 3257 quod
1498 3190 1654 3261 dupla
1681 3205 1799 3247 erat
1828 3210 1974 3248 mors
2012 3211 2108 3253 no.-

532 3279 667 3334 stra,
697 3270 748 3324 in
780 3272 962 3326 anima
993 3275 1241 3331 videlicet
1285 3286 1339 3331 et
1375 3279 1428 3333 in
1459 3296 1706 3350 corpore.
1735 3284 1934 3339 Christi
1978 3302 2109 3344 vero

531 3378 680 3418 mors
706 3364 897 3436 simpla
924 3367 1043 3434 fuit,
1067 3371 1192 3440 quia
1216 3382 1518 3443 peccatum,
1546 3379 1687 3446 quod
1710 3389 1792 3435 est
1816 3396 1963 3438 mors
1992 3385 2110 3439 ani-

531 3469 651 3520 mae,
682 3472 790 3513 non
817 3459 1068 3528 admisit;
1100 3463 1241 3519 sicut
1270 3466 1386 3535 ejus
1416 3472 1741 3526 resurrectio
1766 3475 1955 3543 simpla
1984 3475 2105 3532 fuit.

529 3544 790 3603 Dominus
812 3560 995 3607 autem
1023 3554 1243 3625 triginta
1271 3572 1366 3612 sex
1396 3559 1546 3615 horis
1560 3560 1733 3629 jacnit
1754 3565 1808 3618 in
1835 3567 2105 3636 sepulcro,

529 3650 636 3689 uno
668 3637 916 3696 videlicet
938 3642 1027 3697 die
1054 3653 1110 3698 et
1136 3644 1343 3702 duabus
1369 3650 1637 3706 noctibus.
1666 3651 1957 3709 Duodecim
1982 3671 2109 3712 vero

529 3725 676 3782 hora:
691 3730 818 3796 diei,
842 3732 907 3787 ad
929 3733 1116 3805 viginti
1143 3746 1373 3807 quatuor
1401 3741 1563 3797 horas
1585 3742 1813 3799 duarum
1844 3746 2104 3812 noctium,

529 3819 777 3892 simplum
829 3826 897 3881 ad
938 3825 1177 3898 duplum.
1230 3831 1299 3885 Et
1351 3833 1631 3890 duodecim
1692 3838 1910 3907 quidem
1960 3839 2109 3905 horae

531 3910 757 3977 diurnzc,
772 3915 977 3986 simpla:
997 3922 1158 3975 morti
1186 3926 1354 3979 nostri
1379 3928 1734 3999 redemptoris
1756 3934 2103 3990 conveniunt:

526 4004 715 4078 viginti
744 4020 975 4078 quatuor
1000 4023 1179 4069 autem
1201 4026 1498 4087 nocturnae,
1527 4022 1595 4077 ad
1618 4023 1834 4093 duplam
1861 4038 2106 4083 nostram

528 4100 872 4156 consentiunt
900 4114 1151 4161 mortem.
1189 4107 1380 4179 Magno
1426 4113 1591 4182 igitur
1635 4128 1975 4173 sacramento
2002 4135 2107 4181 una

527 4190 613 4249 die
639 4200 692 4247 et
719 4193 925 4252 duabus
948 4200 1197 4257 noctibus
1216 4201 1389 4271 jacuit
1410 4204 1463 4259 in
1486 4208 1755 4277 sepulcro,
1780 4211 1905 4278 quia
1930 4211 2117 4269 lucem

527 4282 732 4354 simpla:
784 4289 971 4343 mortis
1019 4306 1149 4355 suae,
1182 4295 1417 4351 tenebris
1469 4297 1640 4368 dupla:
1685 4301 1876 4358 mortis
1908 4314 2108 4360 nostrae

528 4372 788 4441 adjunxit.
834 4377 1068 4435 Veniens
1098 4383 1242 4437 enim
1273 4386 1340 4439 ad
1370 4401 1490 4449 nos,
1519 4388 1608 4456 qui
1641 4389 1695 4443 in
1725 4400 1899 4446 morte
1926 4395 2108 4450 carnis

2130 3135 2179 3198 C

2206 1896 2513 1964 recuperari
2543 1910 2640 1965 per
2667 1896 3021 1967 diligentiam,
3047 1907 3104 1954 et
3142 1900 3264 1955 ileo
3301 1901 3482 1956 acrius
3522 1903 3785 1969 institisti,

2204 1994 2266 2039 ut
2294 1985 2408 2039 hmc
2441 1986 2532 2039 tibi
2564 1985 2922 2057 qualicunque
2950 1989 3089 2060 stylo
3128 1990 3321 2046 litteris
3367 1992 3625 2045 mandata
3670 2008 3786 2047 con-

2209 2076 2495 2132 traderem.
2546 2076 2603 2131 Si
2647 2078 2777 2149 quid
2823 2094 2952 2150 ergo
3001 2080 3239 2149 ineptum
3288 2084 3641 2151 processerit,
3686 2098 3785 2138 non

2206 2182 2339 2223 mete
2370 2169 2685 2233 temeritati,
2713 2170 2809 2226 sed
2834 2179 2937 2225 tuae
2955 2171 3155 2241 justins
3195 2172 3550 2242 imputabitur
3584 2174 3785 2242 impor-

2210 2262 2443 2315 tunitati.
2474 2260 2791 2332 Quanquam
2817 2263 2958 2317 haud
2989 2264 3124 2330 scio,
3154 2274 3466 2321 utrumnam
3494 2264 3643 2335 quod
3672 2280 3787 2320 sen-

2209 2356 2302 2422 tio,
2328 2357 2507 2412 verbis
2531 2356 2735 2412 valeam
2764 2359 3057 2428 explicare.

2279 2446 2487 2513 Quaeris
2518 2447 2680 2517 igitur
2722 2463 2844 2502 cum
2869 2457 3181 2504 sanctorum
3209 2449 3341 2511 dies,
3370 2449 3569 2518 quibus
3594 2448 3665 2503 de
3690 2448 3788 2504 hoc

2209 2538 2405 2593 saeculo
2436 2539 2824 2609 migraverunt,
2864 2541 3177 2596 solemniter
3203 2549 3259 2596 et
3292 2556 3417 2595 cum
3464 2556 3665 2610 magna
3701 2554 3789 2594 ex-

2208 2628 2500 2684 sultatione
2542 2631 2902 2695 celebremus,
2928 2632 3065 2688 adeo
3090 2640 3146 2686 ut
3178 2632 3231 2686 in
3263 2632 3417 2702 ipsis,
3445 2632 3785 2687 abstinentia

2209 2720 2597 2789 aliquantulum
2647 2721 2823 2793 rigore
2853 2723 3060 2788 laxato,
3096 2724 3369 2793 paululum
3408 2724 3693 2779 remissius
3719 2722 3787 2777 ti-

2209 2826 2421 2876 vamus,
2439 2828 2538 2865 cur
2555 2810 2697 2868 diem
2722 2814 2987 2882 passionis
3008 2814 3230 2877 Christi,
3248 2830 3356 2884 quo
3376 2815 3444 2869 de
3465 2816 3576 2870 hoc
3596 2815 3787 2868 mundo

2207 2917 2306 2971 per
2347 2910 2576 2957 mortem
2617 2904 2845 2966 transiit,
2881 2905 3020 2959 sicut
3058 2904 3408 2975 Evangelium
3453 2914 3711 2967 testatur,
3738 2904 3786 2958 in

2210 3009 2401 3063 magna
2433 2994 2720 3051 alllictione
2760 3005 2815 3049 et
2860 2997 3043 3051 carnis
3087 2996 3456 3052 maceratione
3502 2997 3787 3064 cordisque

2210 3084 2532 3139 contritione
2551 3082 2839 3152 jubeamur
2867 3085 3141 3140 celebrare
3159 3126 3173 3152 ,
3201 3100 3364 3156 quam
3392 3087 3473 3154 (ut
3505 3085 3610 3154 ais)
3638 3098 3788 3155 Opor-

2211 3185 2387 3230 tuerat
2418 3184 2567 3231 tanto
2596 3177 2911 3245 sublimius,
2940 3187 3197 3248 tantoque
3234 3177 3504 3242 festivius,
3536 3179 3648 3233 imo
3682 3176 3785 3231 ala-

2207 3266 2350 3322 crius
2392 3267 2661 3332 excolere,
2690 3279 2891 3339 quanto
2921 3278 3137 3324 constat
3161 3270 3440 3325 Christum
3479 3278 3786 3324 sanctorum

2206 3360 2447 3414 omnium
2492 3361 2744 3415 meritum
2800 3362 3200 3418 transcendere.
3250 3361 3427 3429 Quod,
3456 3371 3519 3415 ut
3551 3372 3787 3427 autumn,

2208 3458 2356 3511 recte
2383 3450 2673 3516 diceretur,
2695 3449 2950 3521 justeque
2974 3453 3091 3507 dies
3135 3451 3223 3506 illa
3253 3454 3465 3507 cunctis
3490 3450 3789 3506 festivitati-

2207 3541 2308 3597 bus
2331 3542 2624 3597 solemnior
2652 3542 2965 3608 haberetur,
2992 3559 3055 3598 ac
3078 3542 3375 3611 jucundius
3403 3543 3785 3609 celebraretur,

2208 3633 2253 3687 si
2286 3632 2556 3697 Christus,
2584 3644 2641 3687 ut
2663 3650 2831 3705 purus
2861 3636 3040 3701 homo,
3065 3650 3161 3705 per
3187 3634 3544 3704 temporalem
3566 3642 3788 3689 mortem

2208 3726 2278 3781 ad
2317 3742 2437 3781 eam
2488 3726 2714 3797 gloriam
2763 3728 3070 3793 transisset,
3098 3743 3259 3796 quam
3307 3736 3470 3781 antea
3516 3738 3788 3795 nunquam

2209 3815 2503 3873 habuisset.
2551 3814 2679 3873 Jure
2721 3820 2867 3874 enim
2915 3820 3033 3890 ejus
3081 3820 3262 3890 gloriae
3302 3820 3787 3889 congaudenmns,

2207 3922 2371 3977 quam
2400 3922 2521 3962 eum
2550 3923 2647 3979 per
2675 3919 2902 3964 mortem
2933 3918 3281 3965 consecutum
3310 3909 3477 3966 fuisse
3508 3912 3785 3966 sciremus.

2207 3996 2278 4050 At
2308 4012 2436 4051 vero
2456 4013 2578 4053 cum
2604 3998 2839 4053 sciamus
2866 3998 3142 4054 Christum
3171 4000 3267 4056 Dei
3298 4000 3500 4055 Filium
3527 4011 3659 4055 ante
3686 4014 3787 4054 om-

2208 4088 2299 4143 nia
2349 4089 2542 4144 smcula
2572 4105 2784 4160 semper
2812 4092 3047 4146 existere
3087 4092 3395 4164 gloriosum.
3428 4092 3663 4162 ejusque
3692 4091 3790 4163 glo-

2207 4182 2364 4246 riam,
2405 4183 2560 4238 sicuti
2604 4200 2704 4239 nec
2748 4184 2941 4249 minui,
2973 4186 3045 4239 ita
3078 4201 3178 4240 nec
3206 4186 3392 4257 augeri
3418 4201 3616 4255 posse;
3648 4200 3789 4240 eum-

2207 4275 2329 4330 dem
2376 4286 2551 4331 tamen
2589 4294 2695 4348 pro
2728 4287 2912 4333 nostra
2954 4279 3325 4350 redemptione
3367 4289 3584 4334 tantum
3616 4296 3673 4336 se
3701 4280 3791 4333 bu-

2208 4369 2468 4433 miliasse,
2514 4379 2573 4424 ut
2603 4386 2708 4426 non
2750 4371 2922 4426 solum
2968 4380 3166 4427 nostra:
3193 4372 3377 4427 carnis
3418 4372 3789 4426 morticinium

526 4467 698 4533 pressi
746 4483 986 4533 eramus,
1028 4486 1194 4525 uuam
1247 4488 1424 4541 suam,
1453 4478 1505 4532 id
1535 4489 1620 4534 εει
1648 4483 1832 4537 mis
1876 4494 2104 4540 momen,
2136 4483 2188 4542 υ
2211 4461 2523 4532 dignaretur
2550 4480 2848 4529 assumere,
2880 4481 3066 4519 verum
3101 4466 3265 4520 etiam
3289 4466 3383 4535 qui
3417 4476 3543 4521 erat
3574 4466 3789 4519 immor-

525 4553 754 4622 detulit,
803 4566 860 4613 et
904 4560 1038 4617 duas
1088 4572 1306 4620 nostras
1356 4568 1621 4623 absolvit:
1651 4572 1898 4641 simplam
1950 4568 2105 4641 suam

526 4645 701 4718 dupla:
750 4659 948 4709 nostra:
999 4656 1249 4723 contulit,
1275 4667 1332 4714 et
1361 4660 1577 4730 duplam
1609 4675 1850 4721 matram
1867 4669 2102 4739 subegit.

529 4757 937 4825 Qtttrstio:Cur
970 4767 1225 4843 iustitia
1274 4783 1576 4828 sanctorum
1620 4775 1677 4830 in
1732 4776 1941 4843 (milia,
1997 4779 2105 4835 Pa-

597 4848 809 4958 Ζιέἒῗὲἷ
824 4853 942 4961 11:53
960 4855 1025 4946 inc
1038 4841 1250 4895 tristitia
1273 4842 1623 4914 "celebremus;
1654 4849 1720 4904 ab
1750 4841 1965 4921 Elpric'o
1994 4869 2107 4915 mae

949 4928 980 4961 α
1037 4949 1051 4961 ι

949 4928 1051 4963 (1⁸⁵.

595 4994 953 5064 Ωιιωειίοηθηι
983 5018 1012 5057 a
1049 5013 1138 5058 tua
1168 5005 1455 5065 dilectione
1486 5011 1617 5067 mihi
1656 5014 2011 5085 propositam,
2039 5031 2105 5072 eo

524 5085 787 5146 difﬁcilius
833 5095 1118 5166 aggredior
1163 5097 1556 5169 elucidandam,
1587 5120 1694 5174 quo
1739 5106 1877 5163 hanc
1907 5125 2007 5166 nec
2048 5111 2105 5167 in

523 5178 740 5238 Patrum
771 5186 987 5257 scriptis
1016 5190 1318 5258 expositam
1346 5192 1605 5249 hactenus
1636 5200 1832 5268 reperi,
1863 5217 1961 5257 nec
1991 5219 2106 5259 ma-

522 5270 813 5342 gistrorum
847 5277 1135 5333 traditione
1164 5283 1403 5352 percepi,
1430 5285 1522 5339 sed
1552 5302 1651 5342 nec
1677 5290 1746 5344 ab
1776 5290 1884 5346 ullo
1911 5295 2105 5363 qumsi-

593 5404 619 5433 ι
657 5390 781 5447 [hoc
819 5410 926 5450 non
965 5403 1037 5471 tta
1085 5400 1419 5471 accipienda,
1448 5417 1601 5471 quasi
1630 5405 1811 5460 vinum
1842 5424 1946 5462 non
1976 5425 2105 5465 con-

521 5472 914 5546 secratutn__per
937 5466 1602 5546 ejusmodi’admistionem
1632 5485 1870 5532 transeat
1899 5480 1947 5533 in
1979 5497 2107 5535 san-

519 5533 734 5617 guinem
759 5532 989 5617 Christi}
1009 5539 1115 5617 sed
1139 5543 1279 5617 quod
1302 5544 1781 5602 sanctiﬁcationem
1813 5532 2102 5617 quam-diuit

519 5604 849 5689 exteriorem
878 5606 930 5659 in
975 5604 1237 5689 ejusmodi
1270 5617 1644 5689 commistione
1690 5604 1965 5689 percipiat.
2021 5604 2100 5676 Es

517 5689 629 5758 quo
654 5676 1017 5758 notandaest'
1038 5682 1643 5758 amiqua‘consuetudo,
1671 5676 1793 5758 quas
1819 5676 1994 5745 adhuc
2023 5695 2103 5748 vi-

520 5750 631 5817 get,
664 5746 807 5813 quod
1148 5746 1429 5815 celebrans
1474 5758 1531 5815 in
1562 5746 1753 5817 coacta
1798 5746 2101 5822 Parasceve

2210 4554 2337 4608 talis
2363 4554 2416 4608 in
2439 4571 2533 4609 sua
2556 4565 2766 4619 natura,
2789 4558 2924 4613 mori
2948 4557 3264 4628 dignaretur
3286 4557 3341 4610 in
3364 4566 3557 4611 nostra
3580 4565 3784 4616 natura.

2208 4645 2264 4699 in
2294 4632 2401 4716 qua
2429 4657 2603 4702 morte
2642 4648 2761 4716 plus
2797 4649 3107 4703 humiliatus
3140 4650 3353 4704 videtur
3388 4664 3557 4719 quam
3586 4650 3787 4704 exalta-

2208 4748 2327 4805 tus;
2355 4748 2412 4795 et
2434 4740 2576 4795 nulla
2603 4742 2686 4796 sui
2715 4744 3069 4808 necessitate,
3097 4743 3192 4798 sed
3226 4742 3460 4812 benigna
3490 4751 3545 4798 et
3574 4751 3789 4811 sponta-

2208 4847 2310 4887 nea
2356 4833 2649 4899 voluntate,
2679 4849 2781 4888 nec
2805 4849 2906 4904 pro
2944 4850 3023 4899 se,
3052 4842 3235 4905 utpote
3263 4834 3357 4904 qui
3386 4835 3555 4888 morti
3588 4834 3666 4888 nil
3704 4834 3789 4887 de-

2205 4923 2343 4989 buit,
2395 4924 2488 4978 sed
2539 4940 2639 4995 pro
2689 4925 2870 4991 nobis,
2922 4927 3015 4995 qui
3063 4926 3223 4981 morti
3273 4940 3498 4981 eramus
3551 4925 3786 4987 obnoxii,

2207 5017 2462 5072 sustinuit
2497 5018 2734 5088 :justum
2766 5027 2852 5074 est
2870 5029 2928 5073 ut
2954 5020 3033 5084 hi,
3054 5018 3215 5091 εει
3246 5034 3347 5090 pro
3369 5018 3573 5087 quibus
3601 5031 3789 5088 passus

2205 5124 2290 5167 est
2337 5110 2704 5181 impassilnlis,
2732 5126 2856 5165 cum
2894 5112 3042 5167 omni
3086 5109 3246 5179 hujus
3287 5111 3471 5166 saeculi
3520 5120 3781 5178 ternpwe,

2207 5214 2322 5260 tum
2349 5204 2618 5274 pnecipuc
2646 5204 2699 5259 in
2744 5204 2833 5260 die
2861 5221 2972 5261 sum
2999 5206 3268 5274 passionis
3287 5205 3336 5259 ei
3366 5204 3782 5273 eompatiantur,

2206 5312 2304 5367 pro
2348 5311 2407 5350 se
2448 5296 2645 5351 dolenti
2683 5297 3025 5361 condoleant,
3055 5312 3152 5366 pro
3195 5312 3253 5351 se
3282 5296 3523 5350 tristanti
3556 5294 3784 5349 tristitiae

2206 5410 2307 5464 sul)
2327 5411 2480 5465 unica
2508 5411 2771 5464 duntaxat
2791 5411 2967 5479 specie
2988 5410 3369 5465 communicet.
3400 5408 3554 5465 Hoco
3578 5407 3783 5462 lem.

2207 5497 2304 5534 nos
2332 5492 2444 5534 not.
2482 5482 2589 5535 293
2617 5483 2668 5535 in
2702 5482 2792 5535 lib.
2828 5483 3070 5536 Sacram.
3105 5482 3162 5536 S.
3194 5481 3461 5551 Gregorii.

2280 5553 2305 5591 δ
2346 5553 2421 5604 Ab
2468 5553 2710 5623 Elperiro
2752 5555 3026 5616 monacho,
3059 5555 3149 5621 qni
3198 5547 3335 5623 vivit
3380 5568 3505 5605 sec.
3537 5566 3596 5604 ι.

2206 5623 2462 5677 Monitum
2495 5618 2771 5691 pinevinm.
2809 5624 3005 5676 Mahnl.
3043 5618 3234 5676 A‘nnal.
3262 5621 3347 5675 lih.
3386 5637 3577 5689 vattt,
3611 5637 3665 5675 ο.
3692 5618 3776 5686 95,

2204 5703 2260 5753 et
2283 5694 2526 5747 Analect.
2557 5708 2677 5765 pag.
2700 5693 2825 5757 431,
2849 5693 2988 5765 Edit.
3020 5693 3192 5748 Paris.
3214 5693 3345 5765 anni
3376 5692 3531 5749 1735.

2279 5775 2304 5807 ι
2347 5763 2571 5822 Titulus
2584 5763 2675 5821 hic
2696 5764 2752 5821 in
2780 5778 2883 5821 ms.
2913 5764 3163 5821 habetur.
3194 5763 3474 5832 Qusncsr.
