4032 6354
250 387 392 454 1215

1062 396 1211 453 OPP.
1253 394 1651 453 SUPPOSITA.
1687 425 1759 436 —
1794 388 1923 447 Lm.
1965 390 2053 446 DE
2091 389 2339 447 DWlNiS
2374 390 2680 448 OFFICIIS.

3355 392 3495 449 1218

246 509 425 564 vicem
474 504 791 576 rependant,
819 518 1003 561 amore
1043 519 1144 577 pro
1191 520 1249 562 se
1295 505 1575 560 morientis
1619 503 1674 558 in
1719 502 1823 557 hac
1850 502 1898 559 Α
1924 497 1991 553 de
2033 514 2256 556 carcere
2284 500 2351 556 ad
2394 500 2725 568 libertatem,
2756 499 2824 558 de
2866 476 3120 558 servitute
3154 500 3221 556 ad
3246 514 3491 577 regnum.

248 601 592 672 potissimum
634 599 718 653 die
747 599 815 653 ab
842 598 986 652 omni
1025 594 1203 653 cdrnis
1245 598 1598 653 delectatione
1629 603 1825 650 semet-

251 692 398 759 ipsos
422 688 886 745 commortificent.
912 687 967 742 Si
996 688 1156 748 enim,
1177 688 1330 757 juxta
1358 687 1687 757 Apostolum,
1719 700 1824 740 uno

251 785 434 851 aliquo
484 782 696 836 dolente
742 782 1001 845 membro,
1037 780 1322 835 condolent
1368 781 1593 849 reliqua,
1622 787 1825 848 quanto

252 874 427 943 magis
466 887 678 927 summo
721 874 957 942 patiente
1005 872 1267 932 membro,
1300 872 1351 925 id
1381 881 1464 926 est
1502 870 1674 939 capite
1719 884 1825 937 quo

252 971 513 1034 reguntur
538 964 717 1017 omnia
745 963 1004 1024 membra,
1030 962 1261 1031 compati
1292 962 1482 1015 debent
1509 960 1593 1014 illa
1614 975 1735 1028 qum
1758 960 1826 1013 ab

250 1068 318 1107 co
364 1062 620 1123 reguntur
658 1052 932 1107 membra?
958 1051 1159 1106 Christi
1197 1060 1375 1105 autem
1419 1065 1538 1104 esse
1584 1048 1824 1103 membra

250 1145 536 1200 credentes
582 1144 637 1197 in
677 1158 832 1207 etim,
863 1143 1144 1214 ipsumque
1190 1149 1350 1211 caput
1392 1139 1630 1196 omnium
1674 1139 1727 1192 in
1768 1153 1826 1192 se

251 1234 606 1297 credentium,
638 1233 816 1287 nullus
858 1233 1071 1301 ignorat
1100 1230 1351 1285 fidelium.
1399 1228 1549 1283 Sicut
1577 1243 1607 1282 e
1636 1240 1825 1281 contra

253 1326 421 1393 iniqui
466 1324 705 1378 membra
748 1332 876 1377 sunt
904 1322 1121 1385 diaboli,
1170 1322 1313 1375 inter
1338 1335 1457 1389 qua:
1497 1318 1827 1389 praecipuum

254 1416 431 1471 locum
463 1423 645 1469 tenent
674 1414 839 1469 Judaei
877 1423 1250 1483 persecutores
1277 1410 1514 1475 Christi,
1540 1425 1675 1479 quos
1710 1409 1829 1464 luce

252 1506 451 1561 clarius
472 1513 685 1559 coiistat
707 1505 967 1559 invidiose
989 1506 1201 1575 gavisos
1223 1502 1387 1557 fuisse
1411 1503 1462 1555 in
1484 1510 1657 1555 morte
1676 1500 1777 1555 Cb:
1792 1500 1831 1553 i-

252 1595 323 1651 sti
369 1613 381 1648 :
423 1596 563 1653 sicut
596 1611 627 1650 e
672 1604 858 1649 contra
909 1594 1114 1663 apostol
1142 1609 1210 1656 vs,
1239 1593 1329 1662 qui
1379 1599 1504 1646 sunt
1560 1590 1829 1660 pamcipua

252 1688 494 1741 membra
520 1686 741 1746 Christi,
768 1685 1156 1739 admirabiliter
1173 1684 1521 1738 contristatos
1541 1680 1607 1735 de
1631 1680 1829 1749 injusta

252 1794 388 1835 nece
412 1779 636 1835 Christi.
668 1779 821 1843 Quod
850 1778 895 1832 si
927 1791 1024 1831 nos
1054 1773 1192 1830 inter
1216 1775 1453 1829 membra
1501 1773 1702 1829 Christi
1745 1774 1827 1827 vel

1926 586 2078 644 Unde
2114 598 2169 643 et
2199 606 2312 645 mos
2352 592 2750 646 ecclesiasticus
2789 591 3038 656 obtinuit,
3087 592 3201 646 dies
3232 576 3351 647 illos
3390 605 3496 645 non

1924 678 2197 745 funebres,
2236 683 2331 735 sed
2365 683 2634 737 natalitios
2681 684 2969 752 appellare.
3006 682 3134 737 Jnre
3175 684 3316 738 enim
3350 682 3497 738 nasci

1925 770 2199 835 dicuntur,
2228 774 2318 841 qui
2357 774 2421 827 de
2462 776 2729 844 pressuris
2758 774 2915 844 hujus
2943 776 3122 829 mundi
3156 783 3406 844 tanquam
3432 774 3499 827 de

1924 861 2185 932 angustiis
2221 861 2492 931 cujusdam
2526 866 2812 920 arctissimi
2844 867 3071 927 ventris,
3107 867 3173 920 ad
3205 867 3346 919 illam
3380 881 3501 935 spa-

1924 950 2271 1004 tiosissimain
2322 960 2376 1005 et
2422 951 2805 1008 lacidissimam
2859 955 3096 1009 caelestis
3152 954 3501 1010 habitationis

1925 1042 2243 1096 emittuntur
2285 1040 2640 1096 latitudinem.
2680 1044 2738 1098 Si
2777 1059 2904 1116 ergo
2938 1061 3037 1100 nos
3073 1060 3260 1101 eorum
3307 1046 3503 1103 fratres

1926 1145 2046 1185 esse
2082 1130 2488 1201 praesumimus,
2524 1148 2660 1200 quos
2701 1134 2776 1188 ita
2821 1135 3146 1205 glorificalos
3189 1136 3500 1208 aSpicimus,

1926 1222 2146 1292 dignum
2172 1231 2255 1277 est
2282 1237 2468 1277 eorum
2494 1222 2735 1278 felicitati
2763 1228 3218 1296 congratnlemur,
3242 1236 3296 1282 et
3317 1240 3504 1281 eorum

1926 1310 2125 1366 laetitia:
2158 1312 2503 1378 collmtemur,
2536 1313 2762 1369 fratrum
2800 1324 3107 1370 nostrorum
3150 1316 3331 1386 giarizc
3379 1330 3505 1371 con-

1929 1403 2277 1474 gaudeamus,
2299 1418 2593 1474 eorumque
2610 1406 2915 1476 tritunphis,
2939 1406 3131 1475 quibus
3152 1422 3246 1477 per
3267 1407 3505 1461 divinum

1931 1492 2188 1546 auxilium
2220 1493 2490 1547 diabolum
2520 1497 2763 1551 vicerunt
2789 1508 2844 1551 et
2868 1497 3145 1563 surculum,
3186 1498 3359 1569 dignis
3394 1498 3507 1552 lau-

1928 1583 2089 1637 dibus
2130 1584 2382 1638 cmlestes
2413 1600 2601 1639 eorum
2650 1586 2857 1641 natales
2899 1586 3076 1641 debita
3119 1588 3397 1642 alacritate
3423 1602 3512 1641 ve-

1932 1687 2205 1726 neremur.
2256 1671 2391 1726 Nam
2440 1674 2486 1727 si
2521 1689 2617 1728 eos
2665 1675 2958 1745 lugubriter
3000 1685 3092 1730 aut
3126 1691 3247 1730 eum
3280 1689 3512 1730 maerore

1936 1766 2326 1834 transigamus,
2363 1764 2560 1834 duplici
2614 1766 2999 1836 redarguemur
3041 1783 3243 1831 errore,
3273 1769 3396 1837 quia
3439 1766 3514 1822 vi-

252 1870 475 1923 ultimos
498 1868 819 1923 conti-limus
842 1867 1108 1937 deputari,
1136 1866 1391 1921 debemus
1410 1880 1533 1921 cum
1558 1864 1832 1919 sublimio—
1864 1841 1907 1900 Β
1934 1857 2125 1911 demur
2149 1865 2243 1911 aut
2268 1871 2374 1911 non
2404 1858 2625 1912 credere
2657 1873 2749 1911 eos
2788 1858 2855 1912 ad
2893 1858 3114 1928 gloriam
3146 1860 3425 1925 transisse,
3456 1870 3513 1915 et

252 1960 408 2014 ribus
434 1959 696 2015 membris
739 1958 882 2012 illius
924 1957 975 2011 in
1014 1958 1261 2027 passione
1287 1956 1478 2027 capitis
1509 1957 1675 2011 nostri
1706 1971 1834 2010 con-

254 2052 482 2114 tristari,
512 2066 597 2115 ne,
631 2052 676 2105 si
707 2051 759 2105 in
792 2051 894 2105 hac
923 2050 1011 2105 die
1036 2049 1363 2105 voluerimus
1403 2049 1669 2121 corporali
1702 2048 1835 2103 laeti-

250 2143 346 2201 tia!
374 2158 587 2207 vacare,
618 2158 724 2199 non
757 2158 881 2198 cum
925 2142 1181 2214 apostolis
1206 2141 1483 2197 Christum
1511 2157 1714 2206 amare,
1740 2141 1835 2196 sed

256 2250 380 2288 cum
421 2232 621 2287 Judzeis
668 2234 949 2288 videamur
987 2232 1103 2301 ejus
1144 2234 1302 2287 morti
1348 2231 1639 2294 insultare;
1675 2239 1836 2299 atque

257 2321 553 2391 ideo,quod
566 2336 905 2391 consequens
924 2329 1029 2386 est,
1054 2336 1160 2377 non
1182 2322 1323 2377 inter
1346 2321 1588 2375 membra
1609 2320 1833 2383 Christi,

256 2431 379 2487 quae
393 2418 641 2472 nolumus
655 2417 874 2481 imitari,
890 2418 981 2472 sed
1003 2419 1179 2487 potius
1195 2418 1338 2472 inter
1352 2416 1591 2472 membra
1617 2414 1835 2482 diaboli,

246 2510 454 2581 quibus
499 2510 739 2564 videmur
772 2510 1060 2575 colitetari,
1108 2524 1417 2566 mereamur
1460 2508 1624 2582 (quod
1671 2507 1836 2580 absit)

252 2599 377 2670 iure
395 2602 714 2671 computari.
742 2600 1045 2656 Tristcmur
1063 2616 1189 2673 ergo
1215 2602 1269 2656 in
1296 2612 1471 2657 morte
1490 2600 1689 2656 Christi
1714 2615 1839 2655 cura

260 2691 539 2761 apostolis,
572 2690 676 2763 [ut]
708 2706 1013 2745 mereamur
1039 2693 1091 2746 in
1129 2693 1523 2747 resurrectione
1559 2691 1675 2761 ejus
1709 2707 1839 2762 gau-

260 2783 392 2838 dere
438 2799 560 2837 cum
614 2784 742 2838 illis.
784 2784 1069 2843 Doleamus
1103 2785 1498 2841 exsultantibus
1536 2785 1755 2855 iniquis,
1784 2793 1843 2839 ut

259 2874 600 2946 postmodum
630 2875 956 2942 gaudeamus
984 2876 1288 2944 lugentibus
1326 2876 1449 2931 illis.
1486 2874 1651 2929 Jnd:ei
1696 2890 1844 2929 nam-

258 2980 392 3035 que,
418 2965 559 3020 sicut
590 2965 643 3019 in
666 2974 839 3020 morte
865 2963 981 3033 ejus
1010 2965 1201 3035 gavisi,
1226 2966 1296 3020 ita
1328 2965 1622 3036 probantur
1646 2966 1697 3018 in
1725 2963 1842 3035 ejus

254 3057 659 3110 resurrectione
706 3056 925 3110 tristati.
964 3055 1125 3121 Ecce,
1154 3063 1214 3109 ut
1261 3056 1427 3127 potui,
1479 3055 1662 3124 paucis
1703 3070 1840 3110 enu-

1934 1947 2056 2002 ideo
2081 1947 2235 2016 quasi
2267 1955 2511 2002 mortuos
2538 1948 2757 2018 lugere:
2794 1957 2885 2001 aut
2926 1948 2970 2002 si
2999 1949 3199 2003 scimus
3234 1964 3326 2003 eos
3348 1949 3514 2004 felici-

1934 2037 2031 2091 tati
2058 2038 2306 2102 donstos,
2350 2046 2407 2093 et
2452 2052 2556 2091 non
2586 2038 3038 2109 congratulemur,
3076 2037 3256 2108 gloriae
3303 2039 3513 2093 illorum

1936 2125 2178 2181 invidere
2198 2127 2586 2181 convincimur.
2608 2128 2681 2181 'Et
2708 2144 2831 2182 cum
2854 2128 3102 2196 antiquos
3130 2128 3369 2182 natalitia
3397 2144 3514 2195 sua,

1936 2219 2022 2273 vel
2052 2234 2273 2273 suorum
2297 2218 2559 2283 allinium,
2586 2220 2780 2289 quibus
2824 2222 2876 2274 in
2907 2222 3047 2275 hanc
3077 2222 3330 2275 miseram
3362 2221 3518 2275 eli‘usi

1936 2316 2063 2364 sunt
2088 2309 2276 2376 vitam,
2303 2317 2454 2364 tanta
2480 2309 2761 2364 alacritate
2784 2311 3083 2366 invenimus
3110 2312 3437 2374 celebrasse,
3462 2319 3521 2365 ut

1938 2400 1994 2455 in
2031 2400 2113 2453 his
2154 2399 2317 2455 etiam
2348 2399 2494 2454 omni
2529 2412 2803 2471 corporeae
2844 2400 3105 2469 voluptati
3142 2401 3368 2457 licenter
3393 2417 3521 2472 ope-

1938 2506 2056 2545 ram
2091 2493 2320 2549 darent:
2348 2501 2552 2562 quanto
2580 2509 2678 2549 nos
2712 2494 2979 2563 spirituali
3003 2494 3276 2551 hilaritate
3303 2506 3518 2551 sancto-

1939 2597 2058 2635 rum
2074 2582 2303 2659 Patrum
2326 2583 2569 2638 natalitia
2594 2585 2844 2639 convenit
2868 2585 3163 2650 celebrare,
3195 2585 3391 2655 quibus
3412 2601 3521 2641 non

1942 2673 2009 2727 ad
2049 2675 2301 2730 miserias
2352 2684 2670 2741 nascuntur,
2698 2678 2792 2732 sed
2841 2678 2909 2732 de
2945 2679 3176 2733 miseriis
3220 2679 3288 2732 ad
3329 2678 3522 2749 gaudia

1943 2769 2273 2823 transierunt
2301 2770 2419 2825 sine
2456 2769 2562 2825 flne
2606 2770 2959 2839 possidenda;
2994 2786 3100 2825 non
3137 2785 3235 2825 nos
3272 2784 3525 2839 corpora-

1942 2858 2083 2914 libus
2108 2860 2371 2917 illecebris
2400 2861 2755 2928 resolventes,
2787 2871 2847 2916 ut
2882 2861 3149 2918 faciebant
3187 2862 3409 2932 pagani;
3438 2875 3527 2917 ve-

1945 2972 2065 3010 rum
2101 2958 2328 3013 canticis
2354 2958 2746 3028 spiritualibus,
2781 2958 3100 3029 livmnisque
3129 2959 3441 3015 emlestibus
3466 2958 3522 3013 in

1944 3048 2162 3105 Christo
2208 3051 2592 3121 tripudiantes,
2648 3061 2709 3105 ut
2750 3051 3066 3106 Christiani.
3114 3050 3368 3119 Quamvis
3416 3069 3524 3109 non

163 3214 174 3222 ν
263 3147 457 3211 cleavi,
483 3163 580 3202 cur
600 3147 687 3202 die
707 3147 980 3203 Passionis
1014 3147 1213 3204 Christi
1246 3149 1297 3203 in
1326 3147 1612 3203 afflictione
1640 3148 1840 3211 carnis,
1871 3181 1920 3247 C
1950 3142 2304 3215 denegemus,
2339 3143 2501 3198 etiam
2539 3144 2895 3215 corporaliter
2928 3143 3314 3214 aliquantulum
3343 3146 3528 3201 remis-

256 3245 321 3290 et
345 3236 669 3290 contritione
701 3236 924 3306 spiritus
951 3237 1238 3291 conveniat
1271 3236 1554 3293 celebrari.
1598 3238 1845 3307 quamvis

262 3329 430 3383 verba
475 3342 579 3381 non
625 3328 1104 3396 suppeditaverint,
1138 3327 1334 3399 quibus
1360 3328 1502 3401 quod
1533 3329 1711 3384 sentio
1748 3343 1844 3383 ex-

260 3419 504 3488 primere
524 3432 634 3473 nou
666 3418 839 3472 valeo.

340 3509 526 3564 Restat
569 3525 731 3572 nunc,
757 3516 916 3577 prout
958 3508 1205 3563 facundia
1230 3508 1445 3580 lingure,
1475 3509 1704 3563 Domino
1731 3508 1825 3563 lar.

266 3601 473 3671 giente,
501 3596 796 3661 suﬂ'ecerit,
822 3598 1004 3652 itidem
1036 3599 1274 3653 breviter
1298 3598 1571 3668 expedire,
1597 3613 1696 3651 cur
1722 3613 1850 3653 san-

268 3697 481 3745 ctorum
508 3687 641 3751 dies,
666 3687 862 3756 quibus
887 3687 955 3741 ab
982 3686 1085 3742 hoc
1105 3687 1301 3742 saeculo
1331 3686 1676 3748 transierunt,
1700 3702 1849 3740 sum-

258 3778 378 3833 mis
416 3776 664 3831 laudibus
695 3784 749 3831 et
792 3791 987 3847 magna
1034 3775 1335 3831 recolamus
1382 3774 1697 3829 alacritate?
1745 3773 1846 3831 Ubi

271 3870 453 3942 primo
501 3869 842 3925 recoiendum
896 3882 1124 3933 censeo,
1170 3882 1357 3922 omnes
1408 3864 1744 3927 Christianos
1793 3866 1849 3920 in

270 3961 493 4019 Christo
520 3961 714 4016 fratres
739 3975 881 4024 esse,
908 3962 1024 4031 ipso
1056 3960 1283 4015 Domino
1328 3959 1535 4015 cunctis
1562 3959 1613 4012 in
1639 3975 1699 4014 se
1734 3972 1853 4013 cre-

274 4051 528 4109 dentibus
559 4053 635 4107 sic
658 4060 993 4122 protestante
1019 4069 1031 4102 :
1072 4049 1284 4105 Patrem
1316 4049 1473 4103 nolite
1504 4049 1641 4103 vobis
1670 4066 1852 4104 vocare

274 4162 433 4216 super
456 4155 666 4199 terram.
714 4143 858 4198 Unus
883 4153 956 4198 est
982 4145 1117 4197 enim
1150 4142 1309 4196 Pater
1347 4152 1527 4205 vester,
1558 4158 1735 4197 omnes
1766 4158 1852 4196 ros

277 4239 469 4309 fratres
512 4238 632 4291 estis
664 4236 877 4307 (Matth.
904 4252 1055 4301 xxtn,
1080 4237 1155 4306 9).
1184 4235 1383 4291 Omnes
1423 4235 1603 4306 itaque
1629 4237 1717 4305 qui
1739 4235 1852 4305 jam

277 4331 348 4386 de
373 4332 473 4384 hoc
501 4331 697 4384 mundo
730 4337 1085 4392 recesserunt,
1115 4330 1228 4383 sive
1253 4330 1345 4399 qui
1376 4330 1549 4385 adhuc
1570 4337 1856 4385 versantur

278 4420 336 4476 in
356 4420 577 4484 mundo,
608 4419 721 4474 sive
740 4421 830 4491 qui
860 4420 1023 4474 futuri
1046 4428 1171 4475 sunt
1195 4435 1363 4491 usque
1390 4421 1457 4475 ad
1486 4420 1645 4477 linem
1673 4420 1854 4475 srculi

277 4511 562 4566 credentes
595 4510 647 4564 in
678 4510 914 4573 Christo,
942 4510 1134 4565 fratres
1159 4525 1280 4566 esse
1314 4511 1581 4566 veraciter
1619 4520 1851 4575 constat,

276 4610 341 4655 ut
382 4608 506 4669 pote
556 4616 663 4654 una
712 4599 1049 4670 baptismatis
1093 4606 1497 4673 regeneratione
1545 4602 1601 4658 in
1641 4604 1857 4659 Christo

276 4700 520 4757 renatos,
562 4692 720 4746 unius
757 4692 946 4747 matris
992 4692 1243 4748 Ecclesim
1279 4694 1535 4748 uberibus
1577 4695 1857 4760 educatos,

279 4783 445 4838 unius
477 4781 511 4835 fl
534 4783 598 4836 lei
632 4783 842 4838 vinculo
874 4794 1127 4853 tauquam
1155 4783 1481 4839 dulcissima:
1508 4782 1861 4840 fraternitatis

288 4871 541 4929 sﬂinitate
581 4886 873 4940 connexos,
918 4874 984 4928 ad
1024 4888 1185 4927 unam
1232 4873 1584 4943 eamdemque
1626 4873 1860 4928 caelestis

282 4964 435 5035 regni
476 4964 843 5019 haereditatem
870 4965 938 5019 ab
963 4966 1151 5021 eodem
1177 4965 1421 5035 piissimo
1450 4965 1606 5021 Patre
1633 4964 1744 5020 Deo
1772 4965 1861 5036 pia

282 5055 571 5124 adoptione
589 5063 826 5110 vocatos.
853 5055 1118 5111 Debemus
1140 5056 1318 5124 itaque
1343 5056 1544 5121 omnia,
1570 5072 1688 5127 quae
1708 5056 1863 5112 nobis

282 5146 564 5211 accidunt,
595 5144 833 5200 fraterno
868 5144 1062 5199 affectu
1103 5146 1331 5200 invicem
1362 5147 1783 5213 communicare,
1811 5146 1863 5201 id

272 5247 389 5303 est,
418 5246 475 5292 et
498 5237 553 5292 in
577 5236 818 5291 adversis
844 5234 1046 5304 pariter
1068 5235 1398 5300 contristari,
1424 5246 1478 5290 et
1504 5236 1558 5288 in
1591 5234 1866 5306 prosperis

278 5330 648 5386 communiter
686 5326 1066 5398 congratulari.
1098 5325 1292 5379 Notum
1334 5337 1513 5381 autem
1540 5326 1704 5381 habet
1747 5342 1866 5381 om-

280 5423 392 5487 nis,
431 5421 524 5491 qui
569 5433 697 5475 vere
728 5417 1065 5473 Christianus
1092 5425 1194 5481 est,
1228 5424 1463 5481 sanctos,
1492 5432 1615 5472 cum
1653 5416 1723 5472 ab
1762 5417 1865 5473 hac

288 5510 625 5582 corruptibili
671 5510 777 5564 vita
808 5508 1091 5573 decedunt,
1134 5507 1199 5561 ad
1226 5506 1524 5572 meliorem,
1556 5507 1606 5561 id
1642 5518 1747 5573 est,
1779 5508 1864 5562 in-

289 5602 713 5674 cormptibilem,
738 5608 794 5656 et
820 5598 1215 5655 interminalem
1237 5598 1641 5670 transmigrare,
1665 5599 1869 5654 scilicet

291 5700 360 5756 de
389 5697 623 5753 tenebris
643 5694 711 5750 ad
736 5694 910 5751 lucem
931 5702 1268 5765 perpetuam,
1295 5693 1361 5748 de
1390 5707 1625 5763 mmrore
1647 5694 1713 5748 ad
1739 5709 1870 5767 gau-

292 5792 443 5853 dium
471 5787 872 5865 sempiternum,
897 5786 966 5846 de
989 5784 1174 5845 labore
1196 5786 1265 5844 ad
1282 5785 1525 5860 requiem
1550 5799 1864 5860 perennem,

1951 3236 2064 3290 sius
2100 3250 2259 3304 quam
2283 3237 2493 3290 caeteris
2522 3249 2643 3291 esse
2662 3236 2948 3291 vivendum
2967 3279 2980 3303 ,
3022 3250 3242 3308 propter
3269 3239 3528 3307 quosdam

1947 3326 2027 3400 (ut
2057 3328 2198 3398 reor)
2225 3327 2548 3391 hebetiores,
2579 3328 2669 3398 qui
2695 3327 2828 3382 nihil
2858 3338 3047 3399 putant
3091 3343 3212 3384 esse
3252 3327 3527 3395 festivum,

1945 3420 2049 3477 nisi
2072 3420 2213 3490 quod
2243 3419 2473 3474 viderint
2497 3420 2763 3489 corporali
2790 3419 3146 3476 delectatione
3175 3420 3451 3475 mellitum.

2020 3509 2160 3563 Sane
2187 3508 2310 3577 quia
2341 3516 2557 3563 sanctos
2583 3509 2801 3563 eosdem
2835 3510 2901 3564 ad
2938 3510 3075 3563 hanc
3106 3523 3267 3578 quam
3298 3509 3529 3564 diximus

1942 3599 2276 3661 felicitatem,
2310 3611 2409 3664 per
2451 3595 2790 3652 afflictionem
2836 3613 2944 3653 non
2982 3599 3294 3668 ignoramus
3337 3610 3530 3666 perve-

1948 3689 2094 3743 nisse
2134 3686 2516 3755 temporalem,
2551 3702 2773 3742 necesse
2806 3696 2991 3752 estut,
3020 3689 3157 3744 sicut
3188 3698 3401 3742 aeterna:
3440 3700 3532 3743 eo-

1949 3794 2069 3833 rum
2088 3777 2493 3848 congaudemus
2521 3778 2740 3844 laetitiae,
2768 3779 2845 3834 sic
2870 3778 3146 3849 temporali
3173 3791 3387 3847 quoque
3417 3775 3533 3832 illo-

1951 3866 2071 3927 runt
2099 3870 2492 3940 eompatiamur
2516 3870 2795 3940 angustiae,
2822 3878 3088 3939 quatenus
3116 3884 3214 3938 per
3238 3867 3421 3922 omnia
3446 3880 3533 3922 eo-

1950 3978 2071 4017 rum
2113 3971 2401 4032 sequentes
2448 3961 2703 4032 vestigia,
2737 3961 2805 4016 ad
2838 3960 3027 4020 eadem
3060 3958 3165 4014 illis
3198 3957 3533 4013 interceden-

1950 4054 2096 4109 tibus
2126 4066 2432 4108 mereamur
2459 4052 2767 4122 pertingere
2795 4051 3004 4123 gaudia.
3031 4050 3110 4104 Ad
3147 4050 3288 4120 quod
3318 4049 3533 4119 signan-

1954 4146 2081 4200 dum
2134 4142 2561 4214 praecedentibus
2619 4142 2806 4196 eadem
2863 4140 3105 4195 natalitia
3152 4139 3363 4202 diebus,
3399 4152 3536 4207 quas

1954 4238 2112 4309 vulgo
2147 4235 2362 4307 Vigilias
2390 4248 2576 4289 eorum
2614 4232 2960 4304 appellamus,
2987 4231 3145 4287 solito
3184 4232 3401 4301 parcius
3442 4244 3535 4287 ve-

1956 4337 2169 4384 scentes
2194 4328 2380 4382 eadem
2406 4325 2663 4381 solemnia
2690 4325 2885 4380 debitis
2902 4323 3227 4394 jcjuniorum
3262 4321 3534 4392 obsequiis

1956 4428 2013 4474 et
2054 4417 2417 4472 maceratione
2456 4417 2636 4470 carnis
2675 4416 2863 4470 devote
2915 4414 3293 4484 pnevenimus,
3339 4422 3398 4467 ut
3439 4429 3534 4483 per

1888 4538 1936 4601 ο
1959 4509 2259 4579 pridianam
2295 4505 2567 4575 puriticati
2608 4505 3009 4569 abstinentiam,
3046 4505 3259 4575 dignius
3296 4503 3535 4560 celebre-

1958 4615 2079 4654 mus
2100 4602 2373 4669 Sequentis
2397 4600 2518 4656 festi
2544 4601 2803 4657 laetitiam.
2830 4600 2981 4656 Unde
3003 4609 3058 4655 et
3086 4601 3138 4655 in
3161 4600 3334 4656 officio
3356 4602 3534 4657 missae

1956 4694 2265 4748 earumdem
2315 4693 2619 4764 vigiliarum
2685 4691 3086 4746 festivissimum
3152 4691 3534 4746 alleluiaticum

1960 4784 2128 4841 melos
2162 4786 2582 4848 intermitlimus,
2619 4783 2760 4838 sicut
2801 4783 2920 4837 aliis
2953 4780 3280 4850 jejuniorum
3324 4781 3531 4846 diebus,

1958 4877 2065 4932 nisi
2092 4875 2233 4932 forte
2268 4876 2540 4930 Dominica
2570 4876 2685 4929 dies
2714 4874 2894 4941 fuerit,
2923 4892 3081 4945 quam
3115 4877 3259 4931 nullo
3292 4885 3534 4944 tempore

1955 4967 2222 5039 jejunare,
2247 4967 2341 5021 sed
2374 4979 2587 5035 semper
2615 4965 2861 5021 festivam
2889 4981 3009 5022 esse
3036 4968 3324 5022 Dominica:
3361 4979 3540 5019 resur-

1962 5058 2218 5113 rectionis
2242 5056 2534 5110 auctoritas
2559 5057 2719 5128 cogit.
2746 5058 2897 5125 Quod
2923 5052 3231 5129 utrumque,
3258 5066 3312 5111 et
3338 5069 3539 5127 praece-

1963 5151 2178 5205 dentem
2223 5149 2387 5203 totius
2426 5148 2679 5205 Ecclesiae
2715 5160 3021 5207 sanctorum
3062 5149 3334 5205 alllictioni
3387 5163 3537 5204 com-

1961 5241 2292 5311 passiooem,
2318 5250 2375 5293 et
2401 5240 2467 5295 de
2495 5256 2682 5295 eorum
2705 5243 2868 5314 gloria
2894 5252 3205 5311 sequentem
3233 5238 3540 5295 exsultatio-

1966 5346 2090 5387 nem
2125 5331 2383 5387 Dominus
2406 5332 2458 5385 in
2482 5332 2773 5404 Evangelia
2793 5335 2893 5389 sub
2915 5335 3093 5403 specie
3122 5331 3360 5389 mulieris
3389 5346 3541 5402 para-

1968 5421 2141 5477 bolice
2169 5423 2434 5493 designat,
2471 5438 2592 5478 cum
2636 5440 2756 5479 eam
2793 5425 3178 5496 parturientem
3211 5425 3402 5481 asserit
3441 5425 3539 5479 tri-

1969 5516 2143 5571 stari:
2183 5530 2304 5569 cum
2344 5524 2519 5570 autem
2556 5518 2791 5587 peperit,
2835 5516 2886 5569 in
2922 5516 3241 5571 immensum
3282 5516 3538 5590 gratulari

1973 5603 2152 5675 (Jorm.
2177 5621 2297 5670 xvi,
2322 5605 2433 5676 21).
2469 5605 2603 5672 Quia
2650 5606 2791 5661 enim
2823 5606 3094 5675 parturire
3135 5605 3385 5668 dicimus,
3416 5613 3541 5661 ante

1970 5706 2183 5768 partum
2218 5698 2456 5763 aaxiari;
2491 5713 2683 5766 parere
2717 5706 2925 5760 autem,
2973 5707 3189 5768 partum
3229 5697 3539 5754 elundere:

1964 5785 2086 5859 jure
2108 5786 2321 5853 mulier,
2342 5800 2442 5859 per
2461 5800 2624 5857 quam
2645 5792 2827 5842 sancta
2851 5783 3115 5858 figuratur
3132 5785 3392 5861 Ecclesia,
3417 5799 3544 5846 cum
