4032 6354
542 330 682 408 ίεῐξ

1381 341 1442 395 Β.
1482 340 1547 395 F.
1579 338 1805 395 ALBINI
1839 337 1972 393 SEU
2011 335 2290 415 ALCUINI
2328 334 2614 392 OPERUM
2650 336 2831 392 PARS
2867 336 2960 394 IX.

3670 352 3808 408 lilﬁ

541 450 800 523 parturit,
830 451 1013 507 dolere
1048 450 1262 517 dicitur,
1290 452 1417 521 quia
1464 468 1588 507 cum
1612 452 1758 506 ﬁlios
1798 466 1946 516 suos,
1987 464 2121 520 quos
2148 455 2198 510 Α
2224 448 2355 528 bus,
2375 455 2591 502 sanctus
2615 447 2925 519 Gregorius,
2954 447 3133 507 oleum
3157 449 3414 520 instituit,
3445 460 3665 527 quando
3691 478 3807 534 my-

544 541 648 595 ﬁde
678 544 1007 611 conceperit,
1037 552 1324 613 antequam
1353 542 1405 595 in
1444 551 1699 596 aeternam
1730 543 1907 610 pariat
1932 540 2120 604 vitam,

543 630 771 684 diversis
799 632 1231 686 tribulationibus
1262 632 1327 686 ab
1360 632 1536 701 impiis
1566 632 1809 700 impediri
1840 630 2120 700 conspicit,

545 730 797 790 tanquam
828 722 1140 776 difﬁcultate
1170 723 1410 792 pariendi
1440 723 1763 792 angustiata,
1794 722 2001 791 magnis
2031 722 2124 774 do—

542 812 744 867 loribus
783 812 947 884 482
995 813 1300 883 iugemiscit
1329 832 1341 865 :
1374 828 1496 867 cum
1540 828 1668 865 vero
1714 825 1826 877 eos,
1866 827 2001 880 quos
2048 811 2123 864 ita

539 904 887 973 parturierat,
916 903 982 958 de
1008 903 1166 972 hujus
1196 904 1379 958 mundi
1410 903 1671 974 angustiis
1698 903 1762 956 ad
1786 902 2005 956 cmleste
2032 915 2125 970 pe-

537 997 677 1065 perit
722 1012 965 1067 regnum,
1001 997 1102 1051 dici
1149 1013 1255 1052 non
1291 1006 1470 1071 potest
1513 1004 1774 1065 quantum
1815 996 1880 1049 de
1927 994 2124 1049 felicis-

537 1088 675 1142 simo
722 1088 952 1142 ﬁliorum
983 1100 1140 1160 partu
1185 1090 1458 1159 tripudiat.
1487 1088 1638 1156 Quod
1683 1089 1959 1157 primitiva
2001 1089 2122 1158 qui-

535 1182 656 1235 dem
724 1182 961 1238 Ecclesia
1019 1184 1410 1255 persecutionis
1459 1192 1699 1252 tempore
1770 1182 2123 1237 historialiter

506 1271 726 1343 ,agebat
759 1292 771 1330 :
801 1275 894 1328 sed
935 1289 1032 1339 ea,
1075 1289 1194 1343 quae
1236 1289 1378 1327 nunc
1416 1281 1500 1327 est
1527 1272 1789 1339 Ecclesia,
1835 1288 1865 1326 a
1906 1272 2121 1327 Christo

535 1382 667 1435 pace
695 1366 807 1434 jam
845 1367 1073 1429 reddita,
1102 1366 1189 1435 pia
1214 1365 1555 1420 aemulatione
1586 1364 1900 1433 spiritaliter
1930 1379 2121 1434 reprae-

534 1464 729 1509 sentat.
774 1456 1084 1509 Praeteritos
1126 1456 1290 1525 igitur
1329 1454 1704 1524 parturitionis
1730 1453 1846 1522 ejus
1884 1454 2116 1519 dolores,

534 1546 589 1599 in
637 1546 832 1616 vigiliis
880 1554 1221 1610 sanctorum,
1252 1543 1475 1612 jejuniis
1509 1552 1563 1597 et
1608 1543 1894 1599 aﬁlictione
1940 1546 2119 1600 carnis

534 1637 845 1691 imitamur:
875 1646 1189 1705 sequentem
1216 1651 1343 1689 vero
1378 1633 1495 1701 ejus
1518 1635 1632 1704 jam
1659 1635 1831 1689 enixa:
1865 1635 2119 1689 alacrita-

535 1734 673 1789 tem,
708 1726 872 1794 ipsius
907 1725 1245 1794 jucunditate
1298 1723 1606 1778 festivitatis
1646 1724 1981 1778 aemulantur.
2016 1725 2119 1779 lm-

2224 526 2388 593 stéria
2418 538 2691 594 Paschalis
2721 541 2842 611 agni
2876 544 3158 596 rmeravit.
3187 543 3341 609 Quod
3370 545 3398 584 ἀ
3421 526 3567 603 enim
3588 568 3621 606 a
3654 526 3807 613 nobis

2225 649 2413 689 cereus
2450 634 2804 700 beneilicitur,
2837 636 3083 691 Zosimus
3128 654 3265 708 papa
3295 651 3318 678 ε
3346 641 3597 698 instituit.
3631 647 3808 719 Signi.

2225 723 2351 777 ﬁcat
2381 725 2522 777 enim
2553 724 2859 792 Dominum,
2888 728 2979 795 qui
3008 730 3345 796 prtecedebat
3382 731 3525 787 ﬁlios
3551 735 3716 791 Israel
3753 741 3807 795 in

2224 816 2470 871 columna
2503 816 2661 884 ignis.
2698 816 2834 871 Cera
2867 820 3257 874 humanitatem
3284 821 3487 878 Christi
3536 826 3807 898 designat.

2224 904 2328 959 Mel
2380 905 2577 974 quippe
2630 908 2683 960 in
2732 924 2855 961 cera
2907 917 2991 964 est
3032 909 3289 966 divinitas
3336 914 3391 967 in
3446 914 3805 977 humanitate.

2223 996 2527 1051 Concordat
2554 1013 2744 1052 cereus
2774 999 2861 1052 hic
2892 1000 2944 1053 in
2976 1000 3369 1071 signiﬁcatione
3399 1021 3525 1060 cum
3554 1008 3805 1068 columna

2222 1085 2381 1153 ignis,
2419 1087 2511 1155 qui
2561 1086 2896 1143 illuminabat
2928 1092 3184 1160 populum
3229 1093 3392 1150 Israel
3436 1098 3490 1150 in
3542 1110 3809 1167 nocte,tlt

2222 1174 2351 1230 illud
2396 1176 2450 1230 in
2482 1178 2598 1246 ipsa
2641 1179 3051 1237 benedictione:
3081 1180 3186 1236 Sed
3224 1185 3341 1254 jam
3381 1186 3651 1244 columna-
3696 1194 3806 1261 ejus

2220 1269 2483 1335 praeconia
2511 1270 2765 1324 novimus.
2789 1270 3047 1328 Columna
3076 1275 3165 1330 illa
3206 1277 3485 1335 Christum
3514 1284 3801 1351 signiﬁcat.

2227 1356 2247 1395 ί
2273 1357 2364 1412 Illa
2410 1360 2657 1415 columna
2695 1366 3031 1432 praecedebat
3076 1367 3216 1423 ﬁlios
3256 1370 3457 1426 Israel:
3491 1385 3684 1431 nostra
3715 1395 3804 1434 eo-

2220 1448 2423 1515 Iumna,
2466 1452 2518 1506 id
2570 1461 2684 1519 est,
2721 1469 2908 1510 cereus
2950 1461 3201 1526 praecedit
3247 1465 3677 1523 catechumenos
3715 1486 3809 1526 no-

2218 1550 2379 1598 stros.
2409 1543 2613 1634 Lumen
2645 1547 2812 1615 ipsius
2841 1548 3113 1605 Christum
3144 1554 3430 1625 signiﬁcat,
3455 1574 3568 1628 quo
3593 1570 3649 1616 et
3675 1581 3809 1634 pne-

2218 1645 2343 1686 sens
2372 1647 2479 1686 nox
2501 1633 2816 1701 illustratur,
2846 1640 3018 1707 gratia
3048 1642 3256 1696 scilicet
3282 1633 3724 1715 resurrectionis,
3752 1664 3807 1711 et

2218 1724 2596 1779 catechumeni
2627 1727 2694 1780 ad
2724 1728 3047 1797 baptismum
3070 1735 3306 1787 venturi.
3333 1735 3488 1803 Quod
3516 1756 3551 1794 a
3581 1742 3805 1801 diacono

532 1814 849 1884 portunitati
888 1823 1008 1879 tuae,
1047 1814 1353 1868 dulcissime
1386 1812 1478 1877 ﬁli,
1510 1813 1612 1867 etsi
1657 1830 1761 1867 non
1790 1812 1891 1883 [ut]
1924 1814 2111 1878 debui,
2150 1808 2193 1867 Β
2219 1816 2574 1882 benedicitur,
2600 1834 2806 1874 morem
2832 1823 3109 1890 sequimur
3137 1824 3460 1883 Romanum.
3486 1831 3547 1885 In
3572 1848 3639 1887 eo
3662 1838 3804 1893 enim

532 1918 591 1960 ut
624 1909 772 1977 potui
823 1917 1018 1974 tamen,
1048 1908 1361 1962 satisfacere
1404 1908 1595 1971 institi,
1628 1922 1937 1976 quanquam
1982 1907 2117 1961 dilIi-

533 1998 728 2055 cultate
744 2000 1057 2069 quaestionis
1075 2008 1320 2070 cogente,
1350 1998 1632 2053 verbosior
1664 1998 1889 2053 forsitan
1910 1999 2115 2052 exstiti.

1122 2092 1349 2147 CAPUT
1388 2089 1530 2145 XIX.
2084 2108 2085 2111 η

806 2202 871 2241 DE
908 2201 1144 2241 SABBATO
1173 2201 1374 2240 SANCTO
1404 2200 1566 2239 VIGIL.
1601 2200 1833 2240 PASCBE.

602 2277 823 2334 Sabbati
866 2276 1141 2331 Paschalis
1185 2275 1463 2329 veneratio
1506 2274 1633 2327 hinc
1677 2274 2002 2338 celebratur,
2051 2288 2115 2327 eo

528 2372 674 2442 quod
713 2372 826 2441 ipso
864 2370 949 2425 die
998 2368 1255 2423 Dominus
1303 2368 1357 2421 in
1403 2368 1649 2436 sepulcro
1694 2369 1918 2438 quievit.
1963 2368 2115 2423 Unde

530 2464 791 2519 IIebraice
833 2464 1068 2533 requies,
1098 2465 1211 2519 sive
1238 2466 1380 2534 quod
1410 2480 1475 2520 eo
1516 2466 1601 2520 die
1636 2466 1836 2520 mundo
1879 2465 2115 2535 perfecto

528 2556 812 2623 requievit.
832 2555 931 2609 llic
951 2564 1131 2611 autem
1158 2556 1272 2611 dies
1298 2556 1438 2609 inter
1465 2565 1691 2610 mortem
1723 2556 1923 2611 Christi
1954 2566 2007 2611 et
2031 2568 2115 2612 re-

527 2647 923 2703 surrectionem
962 2648 1171 2703 medius
1198 2657 1299 2714 est,
1344 2648 1656 2719 signiﬁcans
1700 2650 1989 2719 quamdam
2028 2666 2115 2707 re-

527 2739 709 2808 quiem
739 2738 1043 2794 animarum
1076 2740 1144 2794 ab
1178 2741 1324 2795 omni
1361 2739 1545 2795 labore
1583 2750 1706 2809 post
1734 2750 1986 2807 mortem,
2016 2756 2114 2811 per

526 2844 688 2898 quam
714 2828 773 2883 ﬁt
796 2831 1055 2885 transitus
1078 2847 1176 2900 per
1199 2832 1651 2886 resurrectionem
1676 2834 1856 2888 carnis
1877 2834 1943 2887 ad
1967 2833 2112 2888 illam

524 2920 721 2985 vitam,
769 2935 933 2990 quam
978 2921 1225 2976 Christus
1270 2923 1529 2977 Dominus
1573 2939 1668 2977 sua
1710 2927 2111 2980 resurrectione

525 3017 945 3077 praemonstrare
971 3009 1218 3079 dignatus
1240 3019 1342 3064 est.
1376 3010 1444 3064 Et
1468 3011 1595 3079 quia
1624 3013 1678 3067 in
1712 3020 1857 3067 tanta
1884 3028 2112 3068 venera-

527 3097 673 3152 tione
717 3098 785 3151 ab
832 3099 1083 3153 omnibus
1117 3098 1441 3155 Christianis
1485 3102 1768 3168 excolitur,
1818 3119 1912 3160 seu
1966 3104 2109 3173 quod

2218 1907 2629 1964 archidiaconus
2657 1911 2874 1967 conﬁcit
2900 1927 3086 1983 agnos.
3117 1914 3216 1982 Qui
3246 1932 3442 1974 cereus
3470 1936 3566 1990 per
3596 1938 3801 1994 septem

2217 1999 2331 2052 dies
2359 2001 2750 2070 neophytorum
2778 2004 3038 2071 praecedit
3059 2008 3391 2074 pontiﬁcem,
3418 2012 3513 2080 qui
3537 2023 3622 2068 est
3644 2024 3806 2086 caput

2214 2092 2416 2163 populi,
2445 2094 2573 2162 quia
2600 2094 2847 2149 columna
2876 2098 3016 2166 ignis
3039 2101 3318 2169 praecessit
3344 2105 3611 2172 populum
3635 2088 3801 2177 insone

2216 2184 2283 2238 ad
2316 2193 2515 2239 terram
2544 2190 3023 2256 repromissionis.’

2282 2274 2402 2342 Ipso
2430 2276 2516 2331 die
2547 2278 2679 2340 hora
2716 2281 2943 2349 septima
2972 2285 3282 2352 procedunt
3305 2302 3499 2344 omnes
3528 2292 3597 2346 ad
3628 2292 3813 2349 eccle-,

2215 2366 2372 2432 siam,
2398 2374 2453 2421 et
2480 2369 2798 2439 deportatur
2838 2372 3016 2428 lumen
3049 2378 3117 2431 ab
3144 2379 3400 2449 episcopo
3430 2383 3549 2438 sive
3587 2386 3796 2452 abbate,

2213 2467 2573 2527 prosequente
2599 2476 2721 2516 eum
2749 2463 2944 2533 populo
2966 2466 3109 2519 sicut
3132 2483 3320 2538 supra,
3346 2480 3403 2525 et
3431 2472 3799 2531 illuminantur

2214 2559 2419 2621 septem
2444 2551 2737 2621 lampades.
2764 2555 2968 2611 Cereus
2993 2572 3122 2613 vero
3142 2561 3235 2628 qui
3264 2561 3676 2621 benedicendus
3696 2577 3795 2633 est,

2206 2642 2319 2711 jam
2345 2641 2504 2696 debet
2545 2656 2664 2697 esse
2701 2655 3038 2715 przeparatus
3080 2648 3133 2701 in
3162 2650 3340 2704 medio
3370 2652 3638 2718 ecclesiaz,
3678 2670 3797 2711 con-

2213 2738 2433 2799 gregato
2464 2731 2587 2784 hinc
2613 2732 2737 2786 inde
2764 2736 2909 2787 omni
2938 2735 3084 2791 clero
3111 2752 3203 2792 seu
3230 2740 3429 2808 populo
3454 2759 3467 2794 :
3496 2744 3693 2800 deinde
3715 2762 3795 2801 ve-

2213 2822 2366 2877 niens
2396 2823 2807 2880 archidiaconus
2850 2825 2983 2882 facit
3011 2844 3226 2885 crucem
3252 2831 3306 2885 in
3334 2848 3426 2899 eo,
3450 2843 3508 2888 et
3534 2835 3798 2892 illuminat

2212 2912 2362 2966 illum
2390 2913 2456 2967 de
2485 2929 2625 2969 novo
2653 2916 2796 2985 igne,
2826 2925 2987 2986 atque
3028 2920 3330 2990 completur
3370 2924 3442 2979 ab
3473 2940 3542 2979 eo
3580 2927 3795 2983 benedi-

2210 3004 2318 3059 ctio
2353 3006 2516 3060 cerei.
2556 3005 2735 3060 Prima
2768 3009 2920 3077 quasi
2953 3009 3008 3063 in
3040 3012 3258 3065 modum
3282 3012 3515 3083 legentis
3544 3018 3663 3070 ita:
3696 3018 3797 3072 £1—

2212 3094 2367 3149 sullet
2403 3097 2521 3165 jam
2556 3097 2795 3167 angelica
2844 3100 2996 3152 turba
3027 3100 3304 3166 calorum,
3331 3112 3389 3157 et
3434 3105 3667 3175 reliqua.
3701 3106 3796 3163 Se-

525 3202 697 3256 usque
719 3189 788 3242 ad
811 3191 1048 3245 medium
1073 3191 1246 3245 noctis
1272 3192 1465 3261 vigilia:
1487 3196 1868 3261 extenduntur,
1891 3205 2110 3252 sanctus
2139 3173 2183 3236 (ἶ
2216 3188 2389 3242 cunila
2420 3188 2756 3242 decantandi!
2788 3197 2873 3243 θεῖ
2900 3190 2954 3243 in
2995 3192 3213 3245 mOdum
3241 3173 3602 3261 Ρΐιῐὶῖειιίοηίέ·
3633 3197 3796 3252 (ἵεται

528 3278 889 3350 Hieronymus
923 3281 997 3334 ita
1041 3282 1237 3337 docet:
1267 3294 1293 3323 ει
1330 3281 1570 3338 Traditio
1615 3286 1976 3354 apostolorum
2027 3290 2113 3344 vel

528 3369 836 3428 Iudaeorum
866 3383 973 3440 est,
1024 3374 1299 3429 Christum
1333 3376 1509 3431 media
1548 3384 1707 3431 nocte
1741 3388 2027 3435 venturum
2057 3382 2113 3437 in

529 3464 935 3521 similitudinem
961 3466 1203 3539 Egyptii
1236 3470 1513 3539 temporis,
1544 3472 1760 3540 quando
1791 3472 1994 3530 Pascha
2026 3492 2114 3532 ce-

526 3557 795 3615 lebratum
824 3569 927 3616 est.
970 3560 1121 3616 Unde
1147 3570 1203 3616 et
1233 3578 1355 3616 reor
1383 3563 1729 3618 traditionem
1763 3568 2113 3635 apostolicam

528 3652 913 3721 permansisse,
939 3661 1000 3706 ut
1042 3652 1129 3708 die
1166 3653 1473 3724 vigiliarum
1511 3656 1733 3711 Paschae
1779 3667 1904 3712 ante
1939 3662 2113 3716 noctis

529 3742 767 3797 medium
815 3744 1037 3814 populos
1069 3743 1345 3799 dimittere
1368 3764 1369 3767 η
1390 3760 1494 3800 non
1526 3746 1704 3813 liceat,
1736 3758 2113 3819 exspectantes

529 3834 813 3887 adventum
878 3833 1099 3889 Christi.
1154 3835 1447 3906 Postquam
1512 3854 1642 3893 vero
1709 3840 1837 3896 illud
1902 3850 2113 3913 tempus

531 3923 836 3988 transierit,
891 3926 1178 3979 securitate
1233 3937 1592 3996 prmsumpta,
1641 3927 1837 3983 festum
1902 3932 2113 3987 cunctis

527 4028 687 4084 agere
716 4015 878 4069 diem.
908 4016 1218 4070 Manifestat
1245 4026 1301 4071 et
1324 4018 1426 4072 hoc
1452 4019 1755 4075 benedictio
1783 4023 1947 4088 cerei,
1979 4023 2111 4078 Han:

529 4118 633 4157 nos;
661 4112 737 4158 est
762 4118 781 4156 .'
804 4113 858 4159 et
891 4107 945 4160 in
972 4108 1214 4163 oratione
1235 4108 1287 4162 in
1322 4110 1484 4163 missa
1511 4128 1523 4164 :
1557 4112 1714 4175 Deus,
1745 4113 1834 4183 qui
1862 4114 1996 4168 lianc
2024 4133 2112 4170 sa-

527 4197 873 4252 cratissimum
903 4209 1121 4253 noctem.
1153 4200 1211 4255 In
1243 4201 1483 4255 Romana
1510 4205 1654 4258 enim
1685 4204 1925 4259 Ecclesia
1970 4207 2110 4263 infra

529 4289 757 4356 Urbem,
790 4307 949 4346 mane
978 4294 1155 4361 primo
1185 4295 1394 4349 sabbati
1425 4297 1571 4350 venit
1616 4297 2027 4353 archidiaconus
2054 4299 2107 4353 in

528 4381 838 4448 ecclesiam,
865 4392 919 4436 et
953 4383 1127 4438 fundit
1152 4401 1332 4439 ceram
1365 4387 1417 4439 in
1447 4402 1575 4440 vase
1607 4389 1826 4453 mundo,
1854 4397 1911 4443 et
1932 4389 2110 4444 misci-

529 4478 609 4523 tat
632 4471 685 4523 in
715 4487 779 4526 ea
804 4472 1000 4537 oleum,
1027 4475 1151 4528 inde
1181 4476 1448 4531 benedicit
1474 4494 1674 4544 ceram,
1713 4488 1767 4533 et
1795 4495 1862 4534 ex
1889 4495 1951 4535 ea
1985 4480 2107 4535 fun-

528 4564 609 4618 dit
650 4566 1055 4620 similitudinem
1096 4582 1354 4637 agnorum
1383 4569 1433 4633 ι),
1469 4578 1524 4623 et
1561 4580 1741 4625 servat
1778 4587 1872 4626 eos
1902 4573 1955 4626 in
1987 4573 2104 4628 loco

528 4660 746 4714 mundo.
778 4658 834 4711 In
876 4659 1084 4714 octavis
1110 4674 1238 4713 vero
1276 4659 1496 4715 Paschze
1525 4661 1720 4715 dantur
1749 4664 1849 4732 ipsi
1885 4665 2007 4733 agni
2040 4666 2106 4719 ab

527 4750 909 4805 archidiacono
937 4761 1059 4822 post
1103 4752 1300 4808 missas
1328 4754 1382 4807 in
1409 4753 1637 4809 ecclesia
1672 4764 1726 4808 et
1767 4758 2105 4811 communio-

526 4862 652 4902 nem
681 4846 898 4917 populo,
925 4856 981 4901 et
1015 4863 1081 4902 ex
1115 4847 1194 4901 eis
1241 4847 1444 4902 faciunt
1486 4848 1538 4901 in
1569 4848 1816 4903 domibus
1863 4851 1975 4903 suis
2016 4866 2106 4904 ac-

525 4942 678 4997 cendi
705 4942 1005 5005 incensum,
1028 4950 1082 4994 et
1113 4941 1179 4995 ad
1219 4941 1585 5011 fumigandum
1614 4940 1666 4994 in
1699 4941 1946 4996 domibus
1970 4942 2102 5007 suis,

522 5049 621 5103 pro
648 5047 964 5104 quacunque
990 5032 1069 5085 eis
1102 5032 1425 5087 necessitate
1452 5031 1710 5085 evenerit.
1746 5030 2005 5086 Similiter
2044 5032 2099 5086 in

524 5124 849 5179 suburbanis
877 5124 1187 5178 civitatibus
1212 5124 1277 5177 de
1323 5124 1443 5177 oleo
1485 5121 1712 5176 faciunt.
1744 5134 1765 5162 ο
1797 5121 1934 5193 Agni
1964 5137 2101 5191 quos

523 5214 750 5269 Romani
788 5216 1010 5278 faciunt,
1055 5230 1249 5285 agnum
1279 5230 1376 5284 pro
1414 5214 1570 5269 nobis
1615 5214 1815 5268 factum
1850 5217 2103 5269 immacu-

520 5308 689 5363 latum
720 5311 997 5379 designant
1023 5322 1038 5362 :
1066 5308 1316 5363 omnibus
1348 5308 1492 5361 enim
1524 5308 1686 5363 rebus
1719 5309 1967 5363 Christus
2006 5325 2103 5363 no-

518 5400 603 5458 bis
644 5406 710 5459 ad
741 5405 1056 5460 memoriam
1096 5402 1431 5470 frequentius
1466 5403 1804 5459 reducendus
1839 5412 1941 5458 est.
1972 5402 2097 5471 Quis

590 5551 614 5580 ει
655 5538 851 5605 Amal.,
877 5556 995 5609 cap.
1026 5540 1107 5593 16.

588 5610 616 5648 ιι
656 5612 775 5664 νῑει.
808 5607 977 5679 litigo.
1000 5610 1259 5677 λιθυετ-(1.,
1287 5611 1341 5666 in
1362 5608 1457 5663 lib.
1486 5609 1800 5666 Sacramen.
1831 5608 1887 5664 S.
1930 5607 2094 5681 Greg.

520 5689 633 5735 not.
659 5682 765 5737 300
790 5683 842 5734 iu
872 5686 997 5735 line.

594 5761 615 5791 ο
655 5752 852 5821 Amal.,
877 5766 997 5823 cap.
1024 5754 1110 5808 l7.

2212 3277 2496 3331 benedicto
2523 3276 2665 3331 illico
2691 3278 3063 3333 illuminantur
3081 3281 3148 3335 ab
3171 3282 3363 3337 eodem
3384 3284 3479 3339 alii
3504 3289 3653 3341 cerei
3675 3288 3795 3352 duo,

2213 3376 2476 3423 staturam
2513 3367 2747 3423 hominis
2777 3369 3057 3425 habentes.
3099 3370 3323 3439 Cereus,
3366 3376 3461 3445 qui
3502 3393 3644 3433 novo
3681 3380 3799 3450 igne

2212 3459 2542 3523 accenditur,
2570 3474 2762 3513 novam
2789 3460 2993 3515 Christi
3016 3463 3320 3518 doctrinam
3345 3467 3461 3520 sive
3482 3471 3715 3538 gratiam
3745 3472 3797 3525 in

2213 3566 2352 3605 novo
2392 3558 2736 3617 testamento,
2768 3568 3066 3623 novamque
3095 3557 3353 3626 gratiam,
3388 3574 3497 3627 qua
3537 3577 3645 3615 nox
3690 3561 3796 3617 Do-

2212 3643 2411 3697 minica
2458 3642 2784 3709 illustratur,
2818 3643 3080 3715 designat.
3130 3646 3248 3701 Duo
3290 3648 3383 3716 qui
3423 3648 3799 3707 illuminantur

2213 3731 2282 3785 ab
2310 3747 2397 3796 eo,
2424 3732 2725 3786 doctrinam
2756 3733 3119 3802 apostolorum
3150 3736 3464 3807 designant,
3493 3741 3694 3808 quibus
3722 3742 3800 3796 di-

2213 3824 2383 3877 citur:
2421 3822 2519 3877 Vos
2543 3824 2664 3905 estis
2687 3823 2780 3878 tua:
2807 3825 2987 3878 mundi
3017 3826 3231 3897 (Matth.
3258 3843 3311 3891 v,
3340 3829 3447 3899 14).
3474 3829 3633 3896 Quod
3657 3834 3799 3887 enim

2212 3914 2631 3969 catechumenos
2678 3916 2989 3984 praecedunt
3029 3918 3099 3973 ad
3135 3919 3496 3987 baptismum,
3530 3923 3803 3993 signiﬁcat
3902 3918 3911 3929 ’

2210 4008 2336 4073 hoc,
2361 4008 2503 4077 quod
2520 4009 2779 4079 columna
2806 4009 2945 4079 ignis
2970 4011 3310 4078 praecedebat
3334 4011 3474 4067 ﬁlios
3500 4013 3692 4079 Israel,
3715 4032 3803 4070 an-

2212 4107 2429 4167 tequam
2459 4114 2609 4153 mare
2648 4099 2887 4154 Rubrum
2919 4102 3235 4156 transirent.
3271 4102 3371 4158 Ubi
3398 4105 3565 4159 etiam
3606 4105 3804 4178 ﬁgura-

2211 4190 2334 4244 liter
2360 4191 2571 4244 initium
2597 4191 2829 4261 sumpsit
2864 4192 3163 4262 baptismus
3189 4210 3201 4245 :
3230 4193 3529 4263 Baptizati!
3546 4237 3560 4259 ,
3592 4198 3801 4268 inquit,

2212 4280 2436 4351 Moyses,
2466 4284 2522 4335 in
2550 4282 2683 4335 nube
2719 4291 2767 4336 et
2810 4284 2944 4336 mari
2977 4282 3029 4354 (Ι
3051 4281 3173 4337 Cor.
3199 4299 3265 4349 Χ,
3298 4284 3375 4355 2).
3415 4284 3627 4342 Habuit
3671 4305 3803 4360 ergo

2209 4389 2359 4428 mare
2380 4374 2609 4428 formam
2630 4375 2902 4445 baptismi,
2929 4374 3099 4429 nubes
3119 4373 3353 4444 Spiritus
3372 4380 3570 4443 sancti,
3598 4395 3801 4434 manna

2208 4481 2338 4521 vero
2370 4467 2523 4535 panis
2548 4466 2690 4519 vitae.
2718 4466 2919 4520 Deinde
2945 4466 3241 4535 baptizavit
3267 4465 3507 4523 Joannes
3534 4470 3589 4523 in
3622 4472 3800 4540 pomi-

2137 4536 2184 4594 Ῐ)
2208 4560 2396 4621 tentia,
2423 4566 2545 4626 post
2577 4558 2722 4611 hunc
2760 4556 3007 4611 Christus
3033 4556 3331 4626 perfectum
3368 4536 3673 4629 baptizavit
3702 4565 3797 4617 bac

2205 4652 2463 4720 ptismum
2486 4651 2541 4703 in
2559 4648 2761 4717 Spiritu
2778 4657 2963 4703 sancto
2987 4657 3043 4702 et
3062 4650 3202 4719 igne.
3228 4650 3353 4703 Tria
3377 4653 3801 4724 etenimgenera

2208 4750 2335 4795 sunt
2364 4741 2613 4811 baptismi
2642 4759 2655 4793 :
2683 4742 2939 4809 primum,
2972 4756 3078 4809 quo
3104 4743 3293 4797 sordes
3320 4755 3672 4813 peccatorum
3702 4764 3801 4819 per

2207 4832 2483 4885 lavacrum
2514 4831 2823 4884 abluuntur.
2859 4829 3191 4898 Secundum,
3218 4849 3324 4902 quo
3361 4835 3485 4903 quis
3530 4840 3801 4908 sanguine

2207 4938 2304 4977 suo
2340 4938 2436 4992 per
2463 4923 2779 4993 martyrium
2822 4922 3148 4991 baptizatur,
3177 4939 3284 4994 quo
3327 4927 3498 4980 etiam
3538 4928 3803 4985 Christus

2204 5013 2466 5081 baptizari
2498 5013 2748 5082 dignatus
2773 5020 2874 5067 est.
2904 5013 3146 5068 Tertium
3175 5014 3563 5087 lacrymarum,
3595 5023 3802 5090 quibus
3873 5010 3885 5033 ⁸

2205 5104 2371 5157 David
2397 5111 2450 5155 et
2478 5101 2725 5156 Ninivitaa
2752 5102 3179 5157 misericordiam
3208 5108 3487 5160 consecuti
3514 5121 3668 5162 sunt.
3704 5112 3803 5166 De-
3874 5118 3887 5141 '

2202 5196 2364 5266 nique
2393 5196 2445 5248 in
2476 5194 2744 5263 baptismo
2771 5204 2981 5264 septem
3011 5196 3213 5265 gradus
3256 5205 3403 5261 sunt,
3450 5206 3566 5254 tres
3612 5202 3667 5254 in
3700 5203 3801 5257 de-

2202 5302 2414 5352 scensu,
2439 5295 2661 5356 propter
2683 5286 2785 5339 tria
2811 5286 3006 5355 quibus
3030 5287 3406 5342 renuntiamus
3432 5307 3443 5341 :
3477 5298 3593 5344 tres
3621 5291 3720 5346 alii
3746 5294 3795 5348 ir.

2201 5394 2447 5443 ascensu,
2467 5388 2688 5447 propter
2710 5377 2812 5431 tria
2834 5394 2955 5446 qua:
2978 5376 3316 5432 conﬁtemur.
3338 5378 3618 5450 Septimus
3636 5399 3801 5451 vero,

2270 5512 2297 5552 ἀ
2336 5511 2534 5571 Amal.,
2560 5525 2677 5578 cap.
2710 5508 2793 5562 18.

2274 5595 2296 5623 e
2337 5582 2576 5654 Zosimus
2599 5597 2753 5654 papa.
2787 5578 2903 5634 Vid.
2930 5579 3101 5654 l-lugo.
3130 5579 3397 5648 Meuard,
3426 5593 3543 5639 not.
3567 5584 3672 5640 cit.

2277 5654 2296 5693 ί
2335 5652 2535 5745 Amab,
2564 5652 2666 5706 loc.
2692 5651 2784 5705 cit.
