4032 6354
264 358 401 415 1217

1073 353 1219 412 ΟΡΡ.
1262 350 1659 412 SUPPOSITA.
1696 378 1770 391 —
1800 346 1929 403 LIB.
1966 345 2056 401 DE
2092 345 2337 404 DlVlNlS
2370 346 2671 407 OFFICIIS.

3362 349 3498 409 1218

260 477 352 547 qui
383 478 607 544 quartus
631 469 821 527 similis
848 470 958 526 filio
993 470 1249 534 hominis,
1278 469 1629 539 exstinguens
1656 460 1912 520 forna-A
1934 459 2053 515 oleo
2108 465 2442 535 perungitur,
2498 473 2557 519 ut
2605 464 2755 535 signo
2805 470 3006 521 sancta
3058 463 3237 521 crucis
3287 464 3499 523 diabolo

259 581 377 623 cem
404 565 542 636 ignis
554 576 601 614 ι.
626 562 906 617 Lectiones
930 562 1111 630 itaque
1128 568 1379 630 quatuor,
1400 573 1519 628 qua
1538 563 1835 625 sequuntur
1929 551 2213 607 claudatur
2243 555 2543 626 ingressus.
2575 554 2869 625 Signantur
2892 564 2948 611 et
2971 556 3223 626 scapula,
3253 565 3313 611 ut
3339 558 3497 612 undi-

259 664 386 710 ante
428 654 752 723 baptismum
800 667 922 706 cum
973 652 1199 707 canticis
1238 665 1333 704 seu
1379 646 1736 710 orationibus,
1763 644 1829 698 ad

204 746 213 749 “
259 746 669 803 instructionem
699 745 1211 799 catechumenorum
1252 751 1413 812 atque
1439 742 1829 812 neophytorum

255 836 547 907 pertinent.
580 836 606 873 ιδ
627 834 779 901 Quod
802 849 930 889 vero
960 850 1065 888 non
1104 835 1520 903 pronuntiantur
1548 834 1601 887 in
1630 831 1825 901 capite,

255 935 315 981 ut
348 926 463 979 alia
496 924 770 988 lectiones,
800 923 957 977 sicuti
982 931 1086 989 est,
1109 923 1293 979 Lectio
1320 915 1439 977 libri
1466 922 1691 978 Genesis
1716 921 1829 976 sive

254 1016 447 1079 Exodi,
480 1024 535 1070 et
563 1023 770 1069 catera
807 1029 903 1084 per
929 1014 1193 1079 ordinem,
1224 1014 1337 1068 hac
1366 1014 1503 1067 ratio
1536 1020 1620 1067 est
1646 1031 1658 1065 :
1687 1010 1825 1065 Dicit

252 1109 401 1164 enim
421 1106 738 1176 Apostolus:
756 1105 1087 1177 Sapientibus
1106 1117 1152 1160 et
1169 1106 1526 1176 insipientibus
1546 1104 1708 1177 483
1734 1103 1826 1157 de-

254 1199 390 1252 bitor
402 1214 517 1251 sum
532 1195 709 1267 (Rom.
729 1213 770 1260 ι,
788 1195 1280 1267 14).Οίιιθεὶιυωεηί
1295 1195 1670 1265 insipientibus
1684 1208 1826 1249 com-

250 1298 544 1359 parantur,
570 1289 689 1344 ideo
710 1290 789 1344 eis
826 1289 1082 1345 lectiones
1106 1288 1437 1343 dissimiliter
1470 1288 1824 1357 pronuntian-

250 1390 361 1445 tur,
375 1388 435 1434 ut
456 1380 744 1436 reducatur
762 1381 830 1436 ad
846 1382 1161 1436 memoriam
1183 1381 1398 1435 cacitas
1418 1380 1597 1435 cordis
1609 1394 1817 1445 eorum,

249 1474 340 1541 qui
372 1474 607 1527 nondum
646 1486 977 1544 cognoscunt
1012 1474 1158 1529 cives
1196 1472 1435 1528 calestis
1460 1471 1817 1527 Hierusalem.

204 1560 207 1561 ⁷
247 1561 471 1617 Frustra
484 1564 564 1618 eis
580 1565 960 1633 pronuntiatur
980 1574 1172 1618 auctor
1187 1562 1509 1631 incognitus,
1525 1561 1718 1630 quibus
1733 1559 1822 1614 ﬁr-

246 1654 490 1710 missima
513 1656 808 1711 auctoritas
830 1663 1008 1725 potest
1037 1655 1298 1711 vilescere
1318 1668 1415 1722 per
1438 1652 1817 1723 ignorantiam.

313 1747 618 1818 Antequam
649 1748 794 1802 enim
827 1748 1074 1818 legantur
1103 1746 1381 1811 lectiones,
1420 1746 1690 1814 accipiunt
1712 1746 1818 1799 duo

242 1842 446 1895 notarii
494 1842 890 1912 suprascriptos
933 1857 1123 1896 cereos
1150 1855 1427 1903 accensos,
1454 1847 1510 1894 et
1540 1844 1723 1893 tenent
1752 1835 1815 1889 il-
1845 1810 1895 1872 Β

241 1933 347 1998 los,
380 1950 519 1988 unus
548 1935 603 1988 in
634 1935 857 1990 dextero
886 1950 1058 1990 cornu
1085 1934 1290 1999 altaris,
1341 1934 1476 1987 alter
1506 1934 1558 1987 in
1588 1932 1814 1986 sinistro

239 2039 417 2093 usque
460 2026 526 2079 ad
553 2024 748 2080 fontes.
804 2025 1007 2082 Deinde
1034 2028 1273 2081 ascendit
1310 2026 1481 2080 lector
1508 2025 1575 2078 ad
1632 2024 1814 2092 legen-

241 2113 395 2177 dum,
428 2114 631 2184 absque
663 2115 1101 2183 pronuntiatione
1128 2116 1395 2171 lectionis.
1432 2115 1618 2169 Lectio
1642 2114 1816 2184 prima

239 2218 309 2258 ex
342 2202 481 2257 libro
512 2202 785 2259 Geneseos
815 2205 889 2258 ita
940 2206 1262 2260 inchoatur:
1296 2204 1362 2259 In
1388 2206 1641 2276 principio
1672 2221 1816 2258 crea-

237 2294 309 2347 vit
344 2292 481 2346 Deus
509 2293 692 2347 coelum
741 2303 789 2347 et
816 2305 1031 2358 terram,
1063 2303 1117 2350 et
1146 2295 1371 2365 reliqua.
1415 2294 1671 2364 Sequitur
1694 2310 1815 2349 ora-

236 2384 317 2438 tio
356 2385 557 2453 absque
583 2384 944 2440 salutatione:
985 2386 1127 2439 Deus
1153 2387 1242 2455 qui
1287 2385 1598 2439 mirabiliter
1626 2384 1814 2437 creasti

236 2472 517 2526 hominem.
558 2472 745 2528 Lectio
793 2475 1027 2529 secunda
1078 2490 1143 2528 ex
1174 2474 1312 2528 libro
1340 2474 1511 2528 Exodi
1540 2492 1554 2527 :
1586 2472 1812 2527 Factum

238 2572 313 2615 est
337 2563 392 2614 in
420 2561 597 2631 vigilia
620 2564 898 2617 matutina.
932 2563 1063 2619 Can.
1098 2563 1377 2619 Cantemus
1410 2564 1651 2618 Domino.
1685 2564 1814 2619 Ora-

237 2652 316 2707 tio
343 2670 356 2705 :
392 2652 531 2707 Deus
550 2655 633 2708 cui
657 2654 913 2708 miracula
939 2656 1176 2726 antiqua.
1200 2655 1267 2709 Et
1290 2656 1451 2709 lectio
1475 2656 1636 2710 tertia
1661 2654 1813 2710 Isaia

231 2744 552 2813 propheta:
585 2745 977 2814 Apprehendent
1016 2756 1208 2816 septem
1246 2745 1511 2800 mulieres.
1545 2745 1677 2815 Can.
1717 2744 1812 2799 Vi-

232 2853 333 2890 nea
361 2837 505 2906 facta
525 2845 620 2890 est.
665 2834 908 2892 Oremus.
952 2837 1093 2892 Deus
1114 2838 1204 2908 qui
1235 2855 1328 2892 nos
1350 2837 1418 2891 ad
1444 2836 1810 2892 celebrandum

232 2923 455 2980 Pascha:
478 2937 881 2981 sacramentum.
906 2928 1091 2983 Lectio
1113 2939 1307 2999 quarta
1327 2928 1479 2984 Isaia
1498 2930 1807 2998 propheta:

231 3012 365 3068 Hac
396 3024 471 3069 est
516 3016 813 3070 hareditas.
854 3015 986 3070 Can.
1039 3016 1256 3070 Attende
1302 3016 1505 3071 coelum.
1563 3014 1805 3072 Oremus.

229 3105 372 3160 Deus
394 3108 482 3177 qui
509 3105 801 3160 Ecclesium
827 3116 990 3161 tuam.
1022 3107 1097 3161 De
1135 3107 1344 3177 psalmo
1374 3124 1461 3162 xu
1490 3107 1763 3163 canticum
1789 3125 1803 3162 :

1926 659 2031 714 que
2058 644 2349 699 muniatur.
2393 647 2526 702 item
2580 648 2633 701 in
2656 649 2890 717 pectoris
2926 646 3033 720 [ΑΙ.
3085 648 3233 714 add.,
3286 658 3339 705 ct
3374 665 3495 706 sca-

1923 733 2085 807 pula]
2132 736 2383 792 unctione
2424 740 2668 809 signatur
2702 740 2825 795 ﬁdei
2877 739 3123 806 ﬁrmitas,
3161 751 3215 797 et
3268 758 3492 809 operum

1923 824 2186 880 bonorum
2240 830 2679 896 perseverantia:
2715 830 2905 885 deinde
2957 842 3160 886 sanctae
3211 832 3494 889 Trinitatis

1926 917 2066 970 trina
2112 917 2484 973 submersione
2537 920 2858 986 baptizatur.
2900 921 2966 975 Et
2988 932 3134 979 recte
3188 926 3366 988 homo,
3400 926 3493 995 qui

1923 1008 1992 1063 ad
2018 1009 2307 1077 imaginem
2350 1019 2549 1065 sancta
2573 1010 2854 1069 Trinitatis
2876 1025 2959 1070 est
2980 1016 3249 1083 conditus,
3282 1034 3377 1088 per
3404 1019 3486 1072 in-

1921 1101 2258 1155 vocationem
2286 1110 2487 1157 sancta
2509 1101 2789 1161 Trinitatis
2827 1107 2895 1161 ad
2929 1110 3173 1163 eamdem
3199 1119 3492 1166 renovatur

1921 1190 2231 1262 imaginem,
2267 1201 2322 1247 et
2353 1194 2443 1264 qui
2476 1196 2636 1250 tertio
2680 1197 2847 1266 gradu
2873 1201 3102 1268 peccati,
3150 1201 3205 1255 id
3232 1210 3335 1265 est,
3367 1218 3495 1257 con-

1922 1296 2102 1348 sensu,
2130 1283 2324 1339 cecidit
2351 1285 2405 1338 in
2450 1293 2699 1351 mortem,
2736 1288 2896 1342 tertio
2938 1288 3179 1345 elevatur
3225 1292 3289 1347 de
3322 1292 3490 1361 fonte,

1918 1382 1981 1429 ut
2004 1388 2101 1445 per
2128 1376 2355 1445 gratiam
2384 1386 2567 1447 surgat
2592 1377 2673 1451 ad
2692 1378 2879 1432 vitam.
2918 1378 3121 1435 Deinde
3158 1383 3294 1440 albis
3318 1386 3493 1440 indui-

1920 1472 2009 1519 tur
2035 1466 2372 1521 vestimentis
2404 1476 2621 1537 propter
2668 1469 2897 1537 gratiam
2940 1468 3075 1542 [Al.,
3107 1474 3385 1547 gaudium]
3414 1493 3496 1533 re-

1919 1560 2300 1630 generationis,
2348 1569 2403 1615 et
2428 1562 2731 1617 castitatem
2764 1564 2908 1630 vita,
2949 1572 3004 1620 et
3034 1567 3265 1637 angelici
3300 1558 3492 1639 ’splen-

1920 1655 2068 1710 doris
2089 1656 2356 1710 decorem.
2396 1655 2546 1711 Tune
2570 1672 2727 1713 sacro
2767 1660 3062 1716 chrismate
3103 1670 3265 1734 caput
3292 1679 3493 1734 perun-

1920 1745 2084 1816 gitur,
2123 1754 2178 1800 et
2203 1747 2434 1818 mystico
2468 1748 2667 1818 tegitur
2716 1750 3004 1818 velamine,
3045 1761 3105 1807 ut
3141 1754 3409 1826 intelligat
3435 1771 3494 1812 se

1920 1838 2165 1892 diadema
2184 1840 2355 1910 regni,
2382 1847 2436 1894 et
2470 1841 2753 1896 sacerdotii
2774 1842 3090 1913 dignitatem
3116 1856 3351 1919 portare,
3373 1848 3496 1919 jux-

1917 1936 1973 1983 ta
1999 1928 2319 1999 Apostolum
2373 1948 2386 1984 :
2427 1930 2530 1985 Vos
2560 1933 2682 1987 estis
2708 1950 2868 2005 genus
2898 1934 3139 2003 electum,
3173 1939 3368 2010 regale,
3404 1958 3492 1995 sa-

1918 2019 2196 2085 cerdotale,
2242 2022 2512 2089 offerentes
2566 2029 2896 2097 vosmetipsos
2944 2026 3055 2081 Deo
3099 2036 3233 2094 vivo,
3262 2030 3488 2085 hostiam

1916 2119 2152 2163 sanctam
2184 2119 2232 2163 et
2262 2110 2370 2165 Deo
2402 2115 2688 2181 placentem
2719 2114 2766 2184 (1
2802 2114 2920 2171 Pet.
2945 2132 3005 2183 ιι,
3032 2116 3107 2188 9).
3142 2117 3234 2173 Sic
3260 2135 3490 2190 corpore

1916 2207 1973 2253 et
2003 2201 2263 2270 sanguine
2308 2201 2589 2260 Dominico
2620 2205 2992 2275 conﬁrmatur,
3032 2219 3092 2265 ut
3135 2212 3278 2268 illius
3306 2215 3377 2270 sit
3401 2230 3493 2269 ca-

1914 2291 2041 2359 pitis
2071 2293 2391 2359 membrum,
2418 2295 2511 2364 qui
2537 2312 2636 2365 pro
2664 2312 2729 2352 eo
2749 2313 2941 2367 passus
2963 2309 3065 2364 est,
3084 2309 3139 2356 et.
3168 2307 3489 2361 resurrexit.

1914 2379 2217 2437 Novissime
2244 2399 2339 2453 per
2359 2386 2757 2456 impositionem
2789 2405 2983 2445 manus
3009 2407 3039 2445 a
3061 2408 3275 2450 summo
3309 2411 3493 2453 sacer-

1916 2474 2043 2551 dote‘
2068 2474 2397 2544 septiformis
2421 2480 2607 2548 gratiae
2634 2478 2894 2549 Spiritum
2936 2484 3152 2554 accipit,
3192 2495 3252 2539 ut
3278 2486 3493 2543 robore~

1915 2573 2004 2618 tur
2030 2581 2125 2634 per
2150 2564 2413 2636 Spiritum
2432 2576 2677 2623 sanctum
2708 2570 2774 2624 ad
2796 2572 3226 2641 pradicandum,
3252 2576 3372 2631 aliis
3399 2578 3491 2646 qui

1913 2657 2016 2711 fuit
2044 2658 2099 2712 in
2132 2658 2402 2729 baptismo
2429 2674 2527 2730 per
2553 2660 2784 2729 gratiam
2810 2662 2923 2716 vita
2949 2664 3180 2720 donatus
3203 2674 3426 2721 aterna.
3466 2688 3485 2720 ι

1984 2745 2154 2800 Hodie
2178 2754 2357 2801 autem
2387 2748 2520 2803 hora
2542 2763 2683 2802 nona
2715 2749 3013 2820 baptismus
3041 2753 3362 2821 celebratur,
3393 2757 3493 2812 sic-

1912 2845 1973 2890 ut
2001 2837 2056 2890 in
2081 2835 2421 2903 Pentecoste,
2452 2853 2515 2893 ea
2542 2840 2608 2893 de
2644 2854 2830 2905 causa,
2876 2842 3003 2910 quia
3031 2843 3251 2913 angelus
3276 2845 3490 2903 Domini

1912 2930 2063 2983 venit
2085 2930 2152 2983 ad
2179 2929 2486 2985 Cornelium
2521 2931 2657 2987 hora
2688 2934 2998 3005 nona.(Act.
3036 2951 3092 3002 x,
3122 2938 3157 2992 5
3186 2938 3318 3011 seq.)
3347 2979 3363 3005 ,
3399 2956 3491 2996 an-

1912 3024 2167 3077 nuntians
2208 3024 2258 3078 ei
2312 3026 2454 3095 quod
2520 3025 2794 3080 orationes
2860 3026 2976 3094 ejus
3028 3044 3093 3084 ac
3137 3029 3491 3103 eleemosyna

1911 3116 2254 3171 aseenderint
2299 3117 2351 3171 in
2392 3127 2736 3187 conspectum
2779 3117 3010 3174 Domini.
3056 3119 3157 3187 Qui
3192 3137 3317 3177 mox
3342 3123 3491 3179 misit

228 3197 377 3254 Sicut
407 3217 603 3256 cervus.
637 3200 861 3256 Oratio:
904 3199 1160 3266 Concede,
1190 3217 1509 3271 quasumus.
1538 3199 1659 3254 Alia
1683 3216 1807 3256 ora-
1828 3179 1879 3246 α
1909 3206 1977 3262 ad
2004 3206 2245 3273 Petrum,
2298 3217 2353 3263 et
2400 3179 2700 3279 promeruit
2759 3179 3158 3267 sacramentum
3212 3214 3486 3284 baptismi.

226 3291 325 3356 tio,
356 3290 412 3346 in
458 3292 646 3347 eodem
694 3290 899 3361 psalmo
939 3308 1027 3346 xu
1066 3306 1081 3344 :
1115 3290 1454 3360 Omnipotens
1498 3291 1807 3362 sempiterna

223 3377 391 3444 Deus,
422 3380 617 3449 respice
644 3381 902 3450 propitius
922 3379 997 3451 ad
1021 3380 1344 3434 devotionem
1373 3380 1553 3451 populi
1583 3382 1680 3434 tui.
1712 3380 1801 3435 In-

222 3480 310 3528 ter
345 3473 460 3527 hac
484 3474 589 3528 duo
619 3473 853 3537 cantica,
884 3489 990 3528 non
1017 3481 1100 3527 est
1128 3473 1289 3528 lectio
1312 3475 1644 3536 necessaria,
1675 3474 1803 3543 quia

219 3574 447 3635 propter
485 3564 913 3619 convenientiam
962 3564 1207 3619 lectionis
1229 3572 1284 3619 et
1312 3566 1539 3620 duorum
1566 3565 1801 3633 psalmo-

220 3673 367 3722 rum,
388 3657 505 3712 sine
532 3656 700 3711 altera
714 3656 945 3712 lectione
965 3671 1200 3727 congrue
1224 3656 1642 3726 conjunguntur.
1660 3653 1803 3709 Fini-

219 3748 292 3804 tis
320 3747 646 3802 lectionibus
686 3745 1120 3801 descendendum
1152 3755 1239 3801 est
1273 3744 1342 3799 ad
1392 3744 1794 3814 baptizandum.

289 3835 406 3902 Qua
441 3837 578 3892 hora
601 3836 900 3906 baptismus
932 3835 1092 3890 hodie
1125 3835 1322 3891 debeat
1368 3834 1653 3898 celebrari,
1685 3835 1798 3890 sive

214 3929 555 3995 Pentecoste,
578 3929 664 3984 vel
688 3930 818 3999 quid
840 3928 1147 3984 sacerdotes
1174 3927 1458 3997 neophytis
1478 3926 1793 3995 praedicent,

213 4023 308 4078 hic
344 4036 635 4091 parumper
656 4021 1012 4076 intimandum
1061 4028 1162 4075 est.
1204 4037 1222 4069 ι
1260 4018 1444 4073 Primo
1474 4030 1495 4058 ο
1530 4031 1794 4087 paganus,

210 4124 273 4169 ut
303 4116 726 4170 catechumenus
752 4115 865 4178 ﬁat,
911 4114 1177 4169 accedens
1206 4112 1274 4167 ad
1321 4112 1670 4181 baptismum,
1711 4124 1795 4164 re-

210 4207 428 4261 nuntiet
462 4205 698 4276 maligno
731 4207 945 4276 spiritui
988 4214 1042 4261 et
1067 4206 1317 4261 omnibus
1353 4205 1628 4260 damnosis
1676 4204 1794 4275 ejus

205 4300 461 4368 pompis;
495 4297 811 4354 exsulilatur
837 4300 1020 4363 etiam,
1050 4310 1109 4353 ut
1136 4298 1317 4369 fugato
1346 4297 1581 4359 diabolo,
1630 4296 1791 4352 Chri-

205 4401 294 4445 sto
326 4391 553 4445 Domino
605 4399 826 4460 paretur
878 4391 1165 4456 introitus;
1199 4392 1567 4453 exorcizatur,
1600 4391 1652 4444 id
1685 4397 1788 4454 est,

204 4480 527 4548 conjurat‘ur
557 4483 823 4553 malignus
868 4484 1108 4552 spiritus,
1157 4492 1216 4535 ut
1250 4492 1409 4537 exeat
1443 4491 1497 4535 et
1546 4483 1783 4547 recedat,

1909 3297 2014 3354 Sed
2041 3304 2095 3353 et
2138 3300 2240 3354 hoc
2272 3299 2713 3356 decentissimum
2760 3310 2863 3367 est,
2892 3312 2952 3357 ut
3007 3306 3133 3375 quia
3184 3307 3319 3361 hora
3345 3324 3489 3365 nona

1906 3400 2097 3446 auctor
2117 3392 2242 3446 vita
2264 3392 2447 3447 emisit
2470 3393 2738 3463 spiritum,
2763 3395 2953 3448 eadem
2976 3395 3107 3449 hora
3134 3412 3273 3451 nona
3302 3398 3490 3455 Eccle-

1903 3482 1984 3536 sia
2020 3492 2210 3554 sangta
2236 3483 2502 3552 percipiat
2546 3492 2794 3538 sanctum
2845 3485 3130 3554 baptisma.
3173 3488 3327 3554 Quod
3354 3503 3489 3545 vero

1903 3587 2009 3625 non
2040 3544 2420 3641 licgatprater
2468 3572 2628 3626 hodie
2656 3582 2711 3627 et
2762 3544 3119 3629 Pentecosten
3164 3544 3489 3647 generaliter

1900 3660 2229 3729 baptismum
2281 3656 2567 3723 celebrari,
2602 3668 2821 3715 sanctus
2869 3659 2978 3715 Leo
3008 3676 3149 3731 papa
3173 3663 3306 3719 satis
3330 3664 3488 3720 dene-

1900 3759 2009 3819 gat,
2039 3749 2139 3803 nisi
2170 3747 2313 3803 forte
2333 3747 2619 3803 inﬁrmitas
2640 3748 2967 3805 interfuerit.
2995 3749 3181 3822 Neque
3206 3752 3309 3808 hoc
3330 3754 3489 3809 omit-

1900 3842 2121 3898 tendum
2152 3851 2237 3895 est
2284 3839 2428 3909 quod
2459 3838 2689 3894 Romani
2715 3839 2857 3895 infra
2883 3840 3361 3911 Quadragesimam
3389 3860 3483 3901 sex

1900 3934 2160 3989 scrutinia
2212 3931 2510 3996 celebrant,
2550 3940 2606 3986 et
2642 3930 2801 3986 hodie
2845 3932 3151 4001 septimum.
3190 3934 3249 3988 ln
3275 3934 3380 3990 isto
3405 3950 3471 3989 se

1898 4024 2145 4096 ptenario
2181 4022 2551 4092 intelliguntur
2584 4030 2791 4092 septem
2840 4023 2980 4077 dona
3023 4023 3257 4094 Spiritus
3306 4028 3479 4083 sancti

1898 4115 1951 4168 in
1981 4116 2301 4184 baptismate
2358 4114 2504 4169 data.
2560 4113 2691 4169 Post
2740 4114 2930 4168 horam
2970 4115 3203 4185 denique
3260 4118 3477 4174 tertiam

1896 4206 2120 4260 sabbato
2174 4214 2549 4275 praparantur
2606 4206 2674 4260 ad
2713 4205 2998 4262 ecclesiam
3036 4208 3126 4277 qui
3168 4209 3479 4280 baptizandi
3520 4223 3527 4230 '

1894 4306 2039 4364 sunt,
2072 4297 2229 4351 simul
2271 4313 2393 4352 cum
2424 4297 2654 4366 patrinis
2697 4306 2751 4351 et
2776 4297 3043 4363 matrinis,
3073 4307 3128 4353 et
3162 4301 3478 4359 ordinantur

1893 4388 1962 4441 ab
1992 4388 2239 4459 acolyto:
2276 4389 2499 4443 masculi
2546 4387 2614 4441 ad
2643 4388 2943 4454 dexteram,
2989 4387 3203 4445 femina
3252 4407 3380 4447 vero
3410 4393 3476 4448 ad

1894 4480 2191 4544 sinistram,
2236 4488 2292 4533 et
2321 4487 2450 4533 tunc
2468 4479 2559 4549 qui
2608 4488 2855 4549 possunt,
2906 4479 3137 4536 reddunt
3166 4482 3478 4540 Orationem

202 4534 967 4629 a...;’s.;...;a:s1;m;;.
989 4534 1121 4645 (si;
1156 4534 1265 4627 .5...
1302 4534 1481 4645 telo].
1514 4534 1785 4628 san:
1815 4534 1869 4596 Β
1891 4534 2228 4625 Dominicain
2264 4578 2320 4625 et
2354 4534 2695 4641 Symbolum,
2727 4534 2855 4626 sive,
2880 4534 3461 4644 patriniﬁpro—ipsisawt

196 4678 398 4718 menus
422 4663 648 4718 audiens
677 4663 789 4718 sive
818 4664 1048 4733 adjutor,
1076 4664 1241 4719 salem
1268 4666 1480 4733 accipit,
1515 4672 1575 4718 ut
1608 4664 1786 4734 putria

197 4755 268 4810 da
303 4763 357 4809 et
382 4753 522 4809 ﬂuxa
553 4752 668 4822 ejus
703 4764 927 4826 peccata
966 4756 1245 4825 sapientia
1292 4757 1403 4811 sale
1455 4758 1638 4810 divino
1666 4772 1784 4810 mu-

193 4860 334 4902 nere
371 4849 713 4904 mundentur.
739 4848 943 4903 Deinde
971 4847 1213 4918 Symboli
1247 4848 1527 4917 apostolici
1555 4847 1785 4902 traditur

191 4938 250 4993 ei
285 4936 442 5001 ﬁdes,
474 4945 533 4991 ut
555 4952 724 4993 vacua
750 4941 960 5005 donius,
1012 4948 1067 4993 et
1092 4955 1123 4994 a
1146 4941 1326 5009 prisco
1360 4940 1664 4994 habitatore
1690 4938 1781 4994 de-

191 5024 390 5080 relicta
432 5025 537 5081 ﬁde
574 5034 817 5091 ornetur,
868 5033 922 5080 et
972 5036 1309 5097 praparetur
1362 5027 1625 5082 habitatio
1675 5025 1781 5079 Do-

190 5116 366 5183 mino.
396 5116 561 5172 Fiunt
606 5118 890 5183 scrutinia,
943 5126 1004 5172 ut
1048 5118 1360 5187 exploretur
1400 5121 1596 5189 saepius
1644 5116 1777 5190 [Al.,

189 5195 428 5279 servus],
462 5223 531 5263 an
554 5218 673 5279 post
696 5210 1147 5264 renuntiationem
1171 5209 1409 5273 Satanae,
1432 5225 1591 5265 saera
1616 5211 1779 5265 verba

189 5300 334 5355 data
360 5300 483 5355 ﬁdei
530 5301 789 5356 radicitus
831 5301 992 5356 corde
1020 5300 1325 5356 deﬁxerint.
1383 5301 1700 5372 Tanguntur
1726 5309 1779 5356 et

187 5404 375 5455 nares,
400 5399 457 5445 ut
501 5391 741 5460 quandiu
783 5391 1036 5461 spiritum
1084 5390 1304 5446 naribus
1343 5392 1547 5457 trahat,
1582 5390 1636 5445 in
1670 5389 1777 5445 ﬁde

185 5490 415 5550 accepta
440 5482 735 5551 perduret:
768 5490 956 5551 pectus
972 5496 1186 5553 quoque
1202 5482 1393 5538 eodem
1423 5480 1557 5554 [Al.,
1574 5479 1773 5554 eidem]

261 5611 286 5639 ιι
328 5598 509 5653 Locus
531 5606 837 5668 corruptus.

260 5669 291 5708 ι’
328 5668 653 5740 ᾼωιιιιιινὶιιε,
685 5684 803 5740 cap.
830 5670 920 5726 2i.

264 5750 293 5778 θ
336 5737 453 5795 Vid.
487 5741 647 5810 epist.
683 5737 1011 5809 90‘Alcuini,
1041 5756 1163 5814 pag.
1202 5740 1304 5795 109
1339 5740 1483 5796 circa
1512 5740 1693 5817 ﬁnem.
1719 5747 1775 5794 et

1888 4678 1993 4734 que
2025 4662 2272 4714 matrina
2301 4676 2513 4726 eorum,
2547 4662 2639 4729 qui
2687 4678 2781 4717 eos
2834 4663 3138 4733 suscepturi
3188 4673 3334 4719 sunt.
3367 4664 3477 4721 De-
3534 4664 3539 4667 ⁴

1887 4753 2011 4809 inde
2036 4751 2165 4805 facit
2190 4750 2477 4820 presbyter
2518 4766 2640 4805 cum
2677 4750 2867 4819 pollice
2914 4751 2968 4804 in
2998 4751 3265 4808 frontibus
3286 4769 3476 4810 eorum

1887 4845 2097 4916 signum
2126 4844 2322 4907 crucis,
2352 4840 2580 4896 dicendo
2613 4860 2624 4894 :
2666 4839 2733 4894 In
2769 4843 2976 4896 nomine
3004 4841 3204 4908 Patris,
3244 4853 3293 4899 et
3318 4843 3473 4913 Filii,

1885 4947 1932 4991 et
1964 4937 2191 5007 Spiritus
2247 4936 2434 4988 sancti.
2473 4933 2602 4987 Post
2633 4934 2748 4988 hac
2774 4933 2924 5003 ponit
2968 4950 3161 4989 manus
3192 4951 3354 5005 super
3376 4951 3471 4991 ca-

1884 5029 1996 5099 pita
2044 5042 2252 5090 eorum,
2292 5035 2346 5078 et
2404 5024 2533 5078 dicit
2574 5024 2874 5079 orationem
2910 5026 2978 5079 ad
3027 5026 3470 5082 eateehumenum

1883 5119 2191 5173 faciendum
2221 5135 2234 5170 :
2269 5113 2606 5184 Omnipotens
2643 5114 2948 5185 sempiterne
2988 5115 3143 5170 Deus.
3178 5116 3278 5171 Hic
3312 5116 3469 5186 juxta

1884 5221 2131 5267 sanctum
2166 5207 2487 5280 Gregorium
2543 5207 2771 5262 reddunt
2817 5206 3132 5278 Symbolum
3170 5219 3224 5263 et
3254 5210 3468 5265 Oratio-

1882 5320 2007 5360 nem
2060 5302 2421 5366 Dominicam,
2477 5307 2570 5353 aut
2602 5299 2800 5369 patrini
2848 5316 2947 5370 pro
2982 5298 3135 5368 ipsis.
3186 5297 3467 5358 Posthac

1881 5404 2183 5469 sequuntur
2211 5394 2487 5451 orationes
2512 5393 2565 5448 in
2613 5391 2839 5447 sabbato
2880 5396 3065 5444 sancto
3112 5387 3180 5443 ad
3228 5392 3466 5448 catechi-

1880 5490 2113 5546 zandum
2140 5486 2423 5542 infantem.
2454 5483 2579 5539 inde
2614 5497 2743 5537 vero
2787 5479 2960 5549 tangit
2998 5478 3077 5534 eis
3101 5494 3261 5535 nares
3289 5488 3344 5535 et
3368 5496 3465 5535 au-

1879 5607 2037 5677 epist.
2074 5605 2140 5660 ad
2168 5602 2436 5677 Oudinum
2479 5599 2545 5655 de
2574 5597 2873 5653 Caremon.
2903 5591 3183 5662 Baptismi,
3219 5592 3324 5650 col.
3357 5592 3457 5649 6M

1879 5674 2100 5749 hujusce
2133 5674 2287 5732 tomi.
