4032 6354
290 299 426 359 1221

1104 298 1256 356 OPP.
1299 298 1702 358 SUPPOSITA.
1733 329 1802 340 —
1839 298 1966 353 LlB.
2008 299 2097 354 DE
2131 300 2380 357 DlVlNlS
2417 300 2502 360 OF
2507 304 2724 363 FlClIS.

3408 316 3548 375 £322

286 418 553 473 Exorcizo
578 425 645 481 te,
675 424 917 472 creatura
940 431 1109 487 aqua,
1135 416 1187 470 in
1212 417 1419 470 nomine
1449 413 1647 478 Patris,
1680 422 1727 468 et
1759 414 1862 467 Do-
1888 416 1935 476 Α
1965 422 2195 483 tantum,
2220 427 2446 487 possunt
2479 420 2702 494 intelligi
2729 431 2972 481 aromata
3007 425 3120 495 illa,
3145 443 3265 500 qua:
3292 431 3548 494 mulieres

284 510 417 563 mini
453 507 620 562 nostri
670 505 799 561 Iesu
837 506 1030 561 Christi
1087 505 1211 560 Filii
1258 506 1355 560 Dei
1386 507 1503 572 rivi,
1542 515 1591 560 et
1639 504 1866 575 Spiritus

283 601 478 663 sancti,
512 600 557 652 si
604 598 741 668 quod
785 599 1116 668 phantasma,
1171 614 1361 668 usque,
1405 600 1460 651 in
1514 598 1867 650 remissionem

286 692 522 745 omnium
563 699 911 760 peccatorum,
976 690 1029 743 in
1064 691 1270 744 nomine
1300 690 1511 743 Domini
1540 690 1703 743 nostri
1735 685 1865 741 Iesu

285 778 503 844 Christi,
540 781 631 849 qui
684 791 928 834 venturus
964 790 1040 835 est
1082 781 1328 851 judicare
1363 781 1498 835 vivos
1530 791 1585 834 et
1613 789 1863 845 mortuos,

282 882 334 926 st
365 871 617 927 circulum
639 888 748 943 per.
789 872 1038 942 Baptizas
1059 888 1201 935 eum,
1246 880 1300 927 et
1328 870 1451 927 linis
1485 873 1549 927 dc
1576 872 1867 927 chrismate

282 962 339 1019 in
366 964 614 1029 cerebro,
653 971 707 1018 et
755 964 891 1019 dicis
937 963 1012 1018 illi
1046 981 1059 1017 :
1096 961 1318 1033 Baptizo
1354 974 1399 1017 te
1425 964 1479 1017 in
1511 964 1718 1017 nomine
1752 960 1860 1015 Pa—

283 1057 403 1121 tris,
437 1065 487 1109 et
523 1053 667 1117 Filii,
703 1062 753 1108 et
776 1053 1006 1125 Spiritus
1056 1055 1244 1108 sancti.
1293 1053 1486 1109 Postea
1538 1054 1714 1123 tangis
1740 1066 1864 1106 eum

284 1152 350 1207 de
374 1150 666 1206 chrismate
717 1148 770 1202 in
806 1148 1003 1219 capite,
1038 1155 1092 1202 et
1138 1147 1274 1201 dicis
1326 1146 1625 1201 orationem
1684 1145 1860 1197 hanc:

282 1243 425 1299 Deus
449 1243 788 1313 omnipotens,
841 1240 1004 1294 Pater
1028 1239 1240 1293 Domini
1282 1240 1444 1292 nostri
1477 1234 1607 1291 Iesu
1644 1234 1858 1291 Christi.

280 1336 661 1393 Communicas
680 1343 734 1389 et
755 1332 1045 1389 conﬁrmas
1076 1347 1221 1394 eum,
1256 1338 1315 1385 ut
1349 1346 1531 1401 supra.

350 1436 528 1492 Finito
551 1436 713 1491 etiam
747 1434 1056 1507 supradicto
1082 1434 1352 1503 baptismo
1388 1433 1440 1486 in
1467 1429 1706 1486 Sabhato
1733 1443 1861 1483 san-

278 1538 389 1595 cto,
438 1529 575 1584 ﬁunt
602 1529 801 1584 litanias
850 1541 916 1581 ex
964 1524 1124 1596 jussu
1160 1524 1432 1598 pontiﬁcis
1466 1533 1591 1577 ante
1646 1523 1856 1576 altare:

275 1626 451 1695 primo
503 1622 1077 1694 septentc,quintena:,
1115 1628 1169 1674 et
1216 1628 1399 1679 ternm,
1471 1615 1606 1670 ﬁunt
1657 1615 1859 1669 litanias

275 1716 421 1771 circa
450 1714 750 1784 haptisterii
777 1711 1257 1773 consecrationem,
1294 1707 1706 1761 intercessiones
1730 1720 1855 1759 san—

1969 515 2092 560 ante
2112 507 2283 562 lucem
2308 511 2374 565 ad
2388 512 2692 582 ungendum
2726 514 3009 573 Dominum
3032 516 3360 579 detulerunt.
3389 526 3546 594 Quod

1968 604 2144 649 autem
2169 607 2287 666 post
2331 598 2677 672 Evangelium
2726 622 2830 660 non
2868 617 3118 664 cantatur
3155 610 3464 684 Olierenda,
3487 626 3546 675 et

1968 695 2216 741 cantores
2239 698 2479 760 tempore
2497 694 2745 750 sacriﬁcii
2767 697 2943 763 silent,
2966 700 3031 754 ad
3049 704 3366 760 memoriam
3381 708 3542 763 redu-

1967 773 2108 828 citur
2129 776 2452 833 sacrilicium
2476 797 2568 836 seu
2596 784 2866 840 silentium
2891 787 3174 844 mulierum
3200 810 3212 845 :
3240 792 3369 863 ipsa:
3396 797 3541 853 enim

1968 872 2095 920 tunc
2113 875 2481 954 tantummodo
2502 888 2771 947 unguenta
2790 881 3117 938 detulerunt.
3144 882 3389 954 Sanctus,
3408 888 3543 946 San-

1967 962 2100 1018 ctus,
2120 952 2361 1019 Sanctus,
2381 961 2519 1028 quod
2541 972 2623 1017 est
2644 967 2952 1035 angelorum
2977 980 3188 1038 cantus,
3208 973 3328 1030 ideo
3352 952 3538 1033 canta-

1966 1048 2075 1107 tur,
2098 1044 2413 1117 quia‘angeli
2440 1064 2544 1102 non
2574 1059 2856 1110 tacuerunt
2875 1057 2939 1112 de
2960 1056 3076 1126 ejus
3112 1051 3535 1123 resurrectione.

1964 1130 2163 1225 lterum
2201 1136 2319 1189 vice
2358 1136 2641 1195 mulierum
2679 1145 2904 1200 reticent
2941 1157 3193 1206 cantores
3213 1151 3393 1224 Agnus
3414 1156 3538 1225 Dei,

1965 1224 2089 1292 quia
2106 1226 2320 1293 quando
2341 1226 2693 1300 interrogavit
2709 1233 2873 1289 Maria
2896 1238 3269 1297 hortulanum:
3294 1224 3538 1315 Domine,

1963 1316 2088 1410 situ
2104 1316 2363 1410 sustulisti
2383 1336 2520 1383 eum,
2556 1321 2715 1377 dicito
2738 1326 2864 1380 mihi
2888 1327 3069 1399 (Joan.
3110 1350 3209 1399 xx,
3232 1335 3344 1409 15),
3366 1338 3542 1410 magis

1964 1407 2219 1461 credebat
2242 1407 2389 1501 illum
2414 1410 2556 1466 furto
2579 1428 2698 1471 esse
2722 1417 3017 1485 sublatum,
3044 1439 3205 1493 quam
3224 1407 3411 1484 tollere
3421 1407 3541 1501 pec-

1963 1499 2281 1596 (istamundi
2302 1517 2314 1552 :
2332 1515 2395 1554 ac
2413 1510 2692 1596 propterea
2708 1509 2931 1576 audivit,
2954 1512 3140 1570 volens
3154 1532 3275 1572 eum
3296 1499 3535 1591 tangere,

1965 1585 2091 1639 Noli
2112 1604 2189 1640 me
2203 1597 2432 1658 tangere.
2454 1590 2718 1650 Sacerdos
2733 1599 2921 1667 quiest
2943 1603 3180 1661 vicarius
3200 1585 3422 1676 Christi
3440 1585 3539 1669 im;

1963 1676 2239 1747 pletsuum
2261 1680 2520 1737 ofﬁcium.
2548 1684 2804 1755 Sequitur
2842 1694 2913 1747 ad
2930 1698 3304 1765 coutplendam
3341 1704 3534 1759 oratio.

271 1815 485 1863 ctorum
543 1821 643 1876 pro
696 1803 1135 1859 renascentibus:
1168 1801 1245 1855 ita
1284 1799 1425 1853 enim
1490 1797 1853 1852 inchoantur:

1962 1768 2254 1876 Destituam
2284 1788 2474 1831 omnes
2495 1782 3033 1852 communicaverint,
3061 1790 3193 1845 dicit
3231 1793 3491 1851 diaconus
3520 1810 3536 1850 :

272 1899 399 1956 Stat
426 1898 764 1970 primicerius
800 1912 939 1950 unus
973 1895 1028 1949 in
1083 1893 1307 1949 dextero
1363 1892 1556 1957 choro,
1614 1898 1670 1945 et
1721 1888 1857 1944 dicit

271 2006 398 2047 cum
422 1992 558 2060 ipso,
594 1987 756 2060 Kyrie
788 1988 1001 2051 eleison,
1033 1993 1086 2040 et
1110 1985 1399 2056 respondet
1452 1982 1858 2041 secundicerius

271 2096 397 2137 cum
429 2082 650 2136 sinistro
703 2080 890 2143 choro,
954 2075 1118 2149 Kyrie
1170 2076 1383 2139 eleison,
1445 2086 1614 2143 usque
1644 2081 1853 2143 quater.

270 2172 477 2229 Deinde
508 2169 711 2227 Christe
736 2170 946 2234 eleison,
973 2184 1144 2239 usque
1171 2175 1273 2232 ter,
1310 2166 1365 2220 id
1391 2164 1523 2219 ﬁunt
1551 2173 1755 2234 septem
1780 2164 1859 2219 vi.

214 2302 215 2305 η
271 2279 365 2322 ces
397 2265 657 2336 repetitae,
692 2264 833 2317 unde
860 2269 915 2316 et
937 2268 1171 2330 septemc
1208 2258 1475 2313 dicuntur.
1524 2254 1637 2310 Hoc
1665 2254 1857 2311 ordine

248 2356 410 2413 ‘ﬁunt
430 2357 703 2428 quinteaaz
725 2360 779 2409 et
802 2362 982 2407 ternze.
1015 2349 1141 2405 Post
1165 2350 1299 2413 haec,
1330 2344 1556 2411 Christe,
1581 2345 1706 2399 audi
1736 2363 1853 2410 nos,

270 2464 443 2519 usque
467 2447 686 2517 septies,
736 2452 790 2498 et
821 2443 899 2498 sic
935 2457 1032 2512 per
1059 2438 1302 2494 ordinem
1339 2434 1623 2491 intervallo
1686 2434 1849 2489 facto.

273 2539 585 2610 Sequuntur
633 2536 828 2591 litanim
887 2534 1063 2604 quium
1108 2530 1395 2603 quinquies
1452 2528 1718 2598 repetitrc.
1760 2526 1854 2582 llis

274 2632 461 2695 ﬁnitis,
496 2630 779 2701 pulsantur
834 2626 984 2696 signa
1022 2623 1089 2678 ad
1123 2622 1341 2676 missam
1393 2618 1688 2689 publicam.
1717 2615 1853 2670 Nam

269 2722 506 2779 ministri
532 2721 607 2774 ita
651 2718 847 2773 debent
904 2730 1022 2770 esse
1064 2710 1349 2783 purpurati
1381 2717 1507 2763 ante
1534 2708 1729 2761 ostium
1762 2721 1851 2759 sa-

269 2816 518 2880 crarii,ut
541 2827 661 2869 cum
685 2818 876 2865 cantor
898 2806 1123 2862 dixerit:
1144 2802 1442 2865 Accendite,
1462 2802 1665 2869 alisque
1702 2814 1853 2852 mora

158 2964 169 2973 ,
266 2909 566 2981 procedant
600 2918 773 2975 usque
803 2903 869 2957 ad
899 2901 1088 2954 altare.
1123 2894 1648 2968 Sequunturlitani-c
1675 2893 1847 2956 trime,

269 3002 435 3074 Kyrie
465 3000 693 3064 eleison,
740 3004 795 3051 et
840 2995 1067 3064 reliqua,
1106 3005 1296 3060 usque,
1324 2986 1433 3041 Fili
1470 2986 1586 3049 Dei,
1625 2996 1671 3039 te
1703 3001 1854 3053 roga-

269 3113 407 3152 mus.
427 3092 577 3148 Tunc
602 3090 874 3162 egreditur
896 3084 1135 3158 pontifex
1165 3084 1229 3137 de
1252 3080 1492 3135 sacrario
1517 3095 1636 3133 eum
1663 3078 1850 3148 iugen-

268 3188 309 3243 ti
352 3188 567 3249 decore,
615 3190 669 3238 et
724 3178 980 3251 praedicta
1013 3182 1347 3232 cereostrata
1389 3182 1513 3226 ante
1543 3170 1689 3225 illum
1724 3185 1847 3224 cum

267 3276 433 3353 485
467 3272 933 3348 thymiamateriis,
958 3278 1012 3325 et
1041 3283 1162 3323 cum
1200 3264 1398 3321 dixerit
1426 3262 1632 3326 schola,
1666 3261 1845 3331 Agnus

265 3351 388 3435 Dei,
421 3368 564 3421 dicat
596 3373 786 3420 cantor
820 3360 1028 3417 excelsa
1051 3371 1204 3420 voce,
1231 3355 1527 3410 Accendite.
1565 3352 1714 3407 Tunc
1738 3351 1849 3422 pri-

264 3476 415 3515 mum
453 3458 822 3514 illuminantur
846 3467 1032 3508 omnes
1078 3450 1221 3503 cerei
1270 3447 1682 3518 neophytorum,
1710 3459 1847 3513 quos

264 3552 517 3607 manibus
543 3556 746 3611 tenent,
785 3547 1213 3599 demonstrantes
1250 3540 1353 3593 hoc
1404 3538 1545 3606 quod
1569 3552 1664 3606 per
1697 3535 1847 3588 illum

263 3643 501 3713 Agnum,
540 3639 629 3708 qui
689 3635 825 3690 tollit
862 3641 1081 3705 peccata
1111 3631 1314 3691 mundi,
1368 3626 1736 3695 unusquisque
1764 3626 1849 3679 lu-

263 3746 392 3791 men
416 3732 661 3801 accipere
684 3728 891 3783 debeat.
921 3724 1072 3792 Quod
1107 3738 1236 3777 vero
1267 3721 1334 3774 ah
1361 3718 1625 3789 imperitis
1650 3718 1851 3772 exstin-

264 3835 508 3900 guuntur
542 3827 595 3881 in
629 3821 1037 3879 consecratione
1065 3817 1247 3881 fontis,
1272 3817 1485 3885 quando
1517 3813 1591 3868 illi
1618 3811 1851 3881 majores

263 3920 553 3977 illuminati
587 3919 951 3989 deponuntur,
989 3912 1063 3967 nil
1093 3909 1431 3965 auctoritatis
1477 3916 1577 3963 est.
1618 3906 1747 3961 Sine
1772 3906 1853 3959 lu-

264 4012 415 4067 mine
446 4010 589 4065 enim
626 4016 750 4062 sunt
776 4020 949 4075 usque
995 4004 1061 4058 ad
1112 4004 1255 4057 hanc
1282 4001 1490 4062 horam,
1529 4014 1635 4068 qua
1666 3997 1848 4053 cmteri

264 4101 412 4157 cerei
445 4098 811 4154 illuminantur
865 4094 1127 4158 ecclesias,
1159 4107 1222 4146 ea
1272 4089 1522 4145 videlicet
1576 4103 1763 4152 causa,
1794 4094 1852 4140 ut

260 4196 418 4269 prius
451 4192 717 4263 accipiant
742 4189 1138 4259 impositiouem
1173 4202 1366 4240 manus
1400 4183 1658 4254 episcopi,
1696 4191 1751 4235 et
1774 4182 1851 4236 sic

260 4303 362 4343 eos
387 4287 669 4343 credamus
695 4282 987 4338 illuminari
1026 4280 1231 4350 Spiritu
1264 4286 1492 4332 sancto:
1525 4286 1688 4346 atque
1714 4276 1853 4330 sicut

259 4380 437 4455 gloria
462 4375 874 4432 resurrectionis
925 4372 1187 4428 illustrata
1217 4378 1301 4425 est
1334 4384 1461 4434 uox,
1495 4368 1547 4422 in
1575 4383 1679 4438 qua
1713 4366 1852 4421 cele-

258 4474 488 4529 bramus
524 4470 765 4530 missam,
798 4467 871 4520 ita
898 4465 1193 4519 illustretur
1222 4470 1277 4515 et
1316 4461 1517 4513 lumine
1539 4472 1841 4513 cereorum.
1876 4485 1925 4544 υ

262 4562 525 4633 Sequitur
554 4562 730 4630 Agnus
758 4559 848 4612 Dei
874 4576 890 4623 ;
929 4572 991 4611 ea
1014 4572 1143 4611 vero
1167 4570 1285 4622 qua:
1308 4560 1625 4621 sequuntur,
1658 4549 1845 4604 tandiu

259 4656 461 4712 debent
486 4667 698 4709 morose
729 4651 918 4721 repeti,
946 4657 1002 4702 ut
1026 4646 1255 4702 ministri
1302 4655 1501 4715 queant
1530 4644 1841 4715 procedere.

263 4746 544 4817 Sequitur,
578 4742 781 4797 Christe
806 4740 931 4794 audi
970 4756 1083 4802 nos,
1115 4735 1276 4805 Kyrie
1308 4734 1521 4788 eleison.
1551 4732 1644 4787 llis
1668 4731 1847 4801 exple-

260 4828 360 4900 tis,
394 4836 523 4891 dicit
549 4830 812 4904 pontifex,
839 4828 1020 4883 Gloria
1058 4830 1108 4880 in
1140 4824 1355 4880 excelsis
1384 4825 1513 4878 Deo.
1545 4824 1620 4877 Ex
1656 4822 1847 4876 Decre-

262 4925 465 4983 talihus
512 4921 803 4977 lnnoceutii
859 4934 1008 4989 paprc
1052 4916 1304 4979 diximus,
1353 4914 1579 4967 sabbato
1628 4913 1845 4967 missam

261 5032 374 5074 non
409 5015 669 5071 celebrari
703 5031 715 5065 :
742 5012 882 5081 quod
906 5010 978 5063 ita
1006 5024 1126 5063 esse
1147 5007 1509 5076 comperimus
1543 5020 1606 5059 ex
1635 5002 1839 5068 Officio,

261 5110 410 5183 quod
466 5116 630 5163 totum
669 5115 877 5161 noctem
915 5100 1148 5155 illustrat
1183 5098 1440 5161 futuram,
1480 5108 1537 5151 ut
1592 5098 1643 5149 in
1671 5096 1843 5165 prima

261 5201 515 5259 oratione
556 5200 776 5254 missam
812 5195 949 5249 Deus
993 5193 1082 5263 qui
1131 5193 1266 5244 hanc
1294 5188 1712 5241 sacratissimum
1748 5203 1843 5238 no-

262 5305 418 5351 ctem.
458 5292 594 5346 Nota
628 5305 761 5343 voce
790 5286 1156 5342 ministrorum
1185 5283 1248 5335 ad
1268 5280 1564 5349 neophytos
1587 5291 1756 5345 usque
1780 5275 1847 5328 ad

264 5381 634 5454 Evangelium,
671 5391 724 5454 ut
744 5380 918 5435 illul:
956 5377 1013 5431 Si
1039 5371 1440 5428 censui-resistis
1472 5385 1589 5423 cum
1617 5368 1843 5422 Christo.

263 5453 533 5534 Cantator
554 5453 703 5546 prius
736 5470 983 5532 Alleluia,
1022 5466 1266 5538 quodest
1306 5463 1588 5519 Hebraeum
1628 5468 1849 5530 propter

222 5634 225 5635 ν
262 5572 561 5646 primatum
605 5568 763 5637 hujus
786 5566 979 5635 lingua:
1003 5581 1015 5616 :
1041 5562 1166 5615 hinc
1197 5557 1426 5613 Tractus
1462 5556 1671 5610 Latine.
1700 5554 1850 5620 Quod

265 5669 600 5723 autemaute
620 5656 974 5728 Evangelium
1003 5668 1108 5710 non
1130 5658 1401 5723 portatur,
1426 5649 1529 5704 nisi
1552 5646 1850 5720 thymiama

342 5790 363 5819 ι
402 5770 732 5839 Amalarius,
750 5784 870 5842 cap.
894 5768 985 5827 ³54.

1961 1861 2060 1928 Ite,
2084 1866 2352 1922 missust.
2374 1868 2778 1940 Respondetur:
2803 1876 2908 1931 Deo
2933 1883 3154 1949 gratias.
3180 1883 3238 1939 In
3261 1887 3362 1942 hac
3377 1896 3534 1945 nocte

1960 1954 2027 2010 de
2036 1959 2383 2059 vespertinali
2398 1964 2589 2031 synaxi
2607 1967 3028 2059 apudRomanos
3049 1973 3122 2028 nil
3138 1976 3333 2046 agitur,
3357 1995 3535 2052 neque

1959 2055 2084 2102 ante
2097 2055 2337 2111 missam,
2361 2066 2538 2121 neque
2553 2065 2675 2125 post
2689 2058 2935 2126 missam,
2959 2063 3085 2132 quia
3103 2068 3397 2122 secundum
3419 2069 3533 2127 Au-

1957 2142 2233 2212 gustinum
2257 2153 2315 2198 et
2326 2145 2469 2201 alios
2482 2148 2751 2218 doctores,
2770 2154 2912 2210 istud
2929 2153 3226 2215 Sahbatum
3251 2174 3357 2217 non
3372 2162 3537 2221 habet

1956 2245 2261 2303 mpm”
2537 2308 2766 2368 CAPUT
2797 2313 2897 2369 xx
2921 2352 2938 2369 .

2391 2425 2457 2477 nn
2495 2427 2582 2464 me
2621 2428 2837 2469 ξηαπ-θ’
2864 2428 3092 2471 essent.

1952 2508 1957 2513 '
2025 2509 2051 2539 ³
2083 2499 2183 2554 Die
2198 2508 2393 2557 sancto
2412 2501 2656 2569 Pascha,
2680 2505 2739 2559 in
2757 2506 2981 2563 introitu
3008 2524 3219 2580 perora
3249 2515 3537 2586 mpheta-

1954 2602 2073 2645 mm
2102 2600 2394 2660 praesentat
2417 2607 2475 2647 se
2500 2592 2750 2650 Christus
2781 2596 2843 2651 in
2863 2597 3103 2655 Ecclesia
3130 2601 3281 2659 Patri
3306 2616 3425 2671 suo,
3456 2606 3540 2662 di-

1953 2695 2084 2735 cens
2107 2699 2119 2733 :
2142 2680 2445 2738 Resurrexi.
2468 2683 2654 2741 Oratio
2673 2688 2848 2757 prima
2876 2700 3141 2747 monstrat
3160 2695 3363 2751 aditum
3386 2698 3537 2768 regni

1952 2771 2193 2828 caelestis
2209 2782 2455 2842 apertum
2479 2775 2633 2831 nobis
2652 2792 2791 2844 esse,
2818 2794 2918 2849 per
2942 2784 3141 2853 capitis
3159 2786 3331 2840 nostri
3358 2801 3538 2842 resur-

1953 2864 2268 2920 rectionem.
2301 2866 2540 2937 Epistola
2588 2869 2845 2925 admonet
2885 2886 2989 2927 nos
3023 2877 3275 2944 separari
3304 2890 3340 2931 ε
3364 2878 3530 2943 vitiis,

1952 2965 2141 3014 contra
2188 2972 2308 3028 quae
2357 2962 2686 3016 certavimus
2734 2974 2832 3032 per
2862 2964 3363 3036 quadragesimum!
3398 2969 3533 3025 dies

1954 3050 2375 3121 Responsoer
2426 3063 2711 3120 monstrat,
2772 3068 3035 3127 quantum
3082 3059 3257 3116 lauari
3291 3072 3537 3134 oporteat

1952 3158 2047 3198 eos
2074 3145 2169 3215 qui
2195 3153 2495 3215 purgantur
2519 3162 2549 3201 a
2593 3148 2757 3202 vitiis.
2786 3148 2845 3203 lo
2872 3147 3100 3205 Alleluia
3128 3155 3449 3220 ostenditur,
3480 3157 3535 3213 in

1951 3252 2060 3307 quo
2087 3238 2159 3292 sit
2180 3239 2347 3292 totius
2370 3254 2534 3294 causa
2560 3240 2778 3296 laetitiae
2806 3243 3152 3315 Evangelium
3175 3249 3395 3317 exponit
3419 3260 3536 3320 pert-

1950 3332 2144 3387 fectius
2169 3348 2387 3388 causam
2420 3334 2584 3389 totius
2622 3334 2840 3390 laetitiae.
2872 3336 3077 3392 Eodem
3120 3339 3206 3395 die
3238 3342 3307 3395 ad
3334 3340 3535 3412 Vespe-

1949 3438 2040 3511 ras
2067 3424 2137 3478 ad
2163 3424 2421 3480 Sanctum
2451 3424 2715 3481 Joannem
2744 3438 3104 3500 congregatur
3133 3435 3395 3489 maturius
3419 3435 3536 3491 uni-
3594 3472 3597 3479 ι

1946 3529 2157 3589 versu.
2184 3516 2385 3586 gradus
2435 3517 2835 3574 ecclesiasticus
2872 3519 2927 3572 in
2955 3522 3181 3577 ecclesia
3224 3524 3447 3593 majore,
3479 3526 3536 3583 in

1949 3604 2069 3660 loco
2115 3606 2209 3674 qui
2237 3613 2463 3659 vocatur
2497 3606 2797 3662 Cruciﬁxio
2821 3622 2841 3661 :
2864 3610 3045 3679 ibique
3079 3611 3301 3667 inchoat
3328 3614 3532 3681 schola,

1951 3694 2117 3765 Kyrie
2150 3696 2343 3751 eleison
2372 3710 2390 3748 :
2419 3704 2474 3751 et
2517 3711 2584 3752 eo
2628 3707 2901 3754 concentu
2923 3703 3244 3770 perveniunt
3273 3720 3440 3775 usque
3467 3705 3534 3761 ad

1950 3788 2143 3843 altare.
2166 3788 2419 3844 Posthac
2436 3789 2722 3844 inchoatur
2739 3790 2966 3845 Alleluia
2987 3792 3055 3846 ad
3077 3793 3364 3863 psalmum,
3391 3796 3535 3851 Dixit

1951 3882 2477 3939 Dorainus‘Domino.
2503 3882 2631 3937 lude
2652 3882 2967 3951 Conﬁtebor,
2993 3899 3115 3941 cum
3140 3886 3369 3942 Alleluia
3396 3904 3414 3940 :
3444 3890 3535 3956 Et,

1951 3975 2147 4031 Beatus
2166 3978 2262 4042 vir,
2279 3991 2401 4030 cum
2418 3974 2667 4028 Alleluia.
2696 3974 2813 4041 Quo
2829 3976 2999 4044 ﬁnito,
3025 3976 3272 4052 sequitur
3284 3981 3532 4038 Alleluia.

1952 4067 2441 4132 Pascha-nostrum,
2463 4082 2583 4122 cum
2599 4082 2781 4133 versu,
2806 4070 3110 4140 Epulemur.
3131 4073 3258 4129 inde
3280 4074 3530 4139 melodis,

1951 4164 2077 4219 inde
2108 4163 2342 4234 Epistula
2372 4164 2665 4217 secundum
2689 4161 2982 4219 Romanos.
3014 4163 3235 4234 Antiph.
3261 4164 3376 4220 Cito
3413 4182 3535 4221 eun-

1951 4266 2047 4311 tes.
2079 4257 2235 4312 Vers.
2278 4255 2414 4311 Ecce
2441 4256 2696 4327 prtecedet
2721 4270 2830 4310 vos.
2874 4254 3315 4325 ltcm'antipho‘rr.
3358 4256 3429 4312 Et
3459 4273 3535 4312 re-

1950 4351 2194 4420 spiciens.

2021 4442 2077 4496 ln
2108 4442 2210 4496 hac
2247 4438 2583 4495 hebdomada
2626 4454 2731 4493 non
2761 4438 3007 4507 sequitur
3032 4446 3157 4509 post
3182 4438 3557 4511 Evangelium’

1953 4533 2117 4604 Hyrie
2143 4533 2357 4597 eteison,
2381 4532 2472 4587 sed
2500 4531 2751 4586 sacerdos
2780 4530 2909 4584 dicit
2931 4532 3254 4597 orationem,
3284 4547 3393 4601 qua
3421 4530 3536 4587 ηηίο

1955 4635 2030 4689 ta,
2055 4624 2387 4679 descendunt
2413 4623 2478 4676 ωτι
2505 4622 2685 4677 fontes
2711 4637 2839 4676 cum
2851 4620 3140 4690 Antiphon.
3167 4622 3235 4677 In
3255 4622 3338 4676 die
3366 4626 3537 4677 resur-

1955 4712 2219 4773 rectionis.
2272 4715 2526 4785 Sequitur
2577 4714 2816 4784 psalmus
2849 4731 2860 4765 :
2893 4710 3132 4768 Laudate
3189 4715 3359 4785 pueri,
3406 4724 3532 4771 eum

1953 4809 2199 4865 Alleluia.
2226 4808 2354 4862 Inde
2384 4804 2608 4859 Alleluia
2628 4846 2641 4867 ,
2672 4804 2928 4857 Dominus
2954 4806 3203 4875 regnarit.
3238 4804 3391 4861 Vers.
3420 4804 3532 4859 Pa-

1954 4884 2069 4956 rata
2092 4901 2237 4955 sedes
2259 4910 2368 4952 tua.
2397 4898 2528 4951 ltem
2553 4910 2694 4949 vers.
2715 4893 3079 4950 Elevarerunt.
3122 4896 3527 4959 lndemelodia,

1952 4996 2077 5050 inde
2127 4990 2489 5060 Evangelium.
2544 4986 2767 5058 A‘ntiph.
2836 4984 2985 5041 Venit
3034 4987 3228 5041 Maria.
3275 4987 3533 5055 Sequitur

1952 5088 2156 5144 Oratio.
2188 5085 2314 5137 lude
2341 5083 2540 5135 vadunt
2568 5081 2632 5135 ad
2663 5080 2920 5135 Sanctum
2946 5079 3205 5135 Joannem
3237 5080 3302 5132 ad
3332 5076 3535 5133 Fontes

1951 5194 2043 5235 seu
2070 5179 2133 5232 ait
2162 5175 2400 5239 Vestem,
2426 5190 2545 5229 cum
2571 5175 2774 5243 antiph.
2804 5172 3073 5243 Lapidem.
3107 5170 3363 5240 Sequitur
3383 5170 3530 5238 psal-

1954 5286 2105 5335 mus,
2148 5270 2213 5323 In
2251 5270 2423 5332 eritu,
2464 5282 2584 5322 cum
2633 5266 2906 5321 Alleluia:
2930 5278 3045 5336 quo
3084 5263 3255 5326 ﬁnito,
3287 5261 3534 5331 sequitur

1951 5363 2199 5417 Alleluia.
2241 5358 2439 5426 Venite,
2486 5356 2822 5412 exsultemus.
2878 5356 3031 5410 Vers.
3074 5349 3533 5422 Prttoc‘cupemus.

1948 5457 2080 5512 ltem
2112 5470 2255 5509 vers.
2291 5451 2462 5506 Hodie
2484 5452 2528 5505 si
2552 5466 2737 5504 vocem.
2773 5448 2898 5501 huic
2927 5445 3179 5507 melodia,
3209 5443 3261 5497 in
3292 5443 3533 5511 Evange-

1950 5549 2024 5605 lio
2051 5548 2339 5617 antiphona
2368 5563 2379 5597 :
2413 5536 2510 5607 Ite,
2539 5541 2791 5596 nuntiate.
2826 5539 2977 5593 Vers.
3007 5535 3090 5591 Ibi
3118 5550 3255 5589 eum.
3278 5534 3411 5590 item
3438 5548 3532 5588 an-

1954 5645 2195 5717 tiphona,
2247 5637 2420 5693 Nolite
2465 5647 2819 5705 expauescere.
2872 5628 3131 5701 Sequitur
3176 5626 3373 5683 oratio.
3415 5623 3528 5694 Qua
