4032 6354
535 327 674 384 1225

1367 329 1426 386 s.
1467 302 1800 386 eamne
1836 297 2291 384 SEU’ALCUINI
2325 324 2614 385 OPERUM
2651 325 2833 384 psus
2872 325 2960 383 ιχ.

3679 331 3816 388 ιω

532 445 704 512 ﬁnita,
759 452 990 517 pergunt
1038 445 1105 501 ad
1153 460 1372 503 crucem
1431 419 1554 501 cum
1620 446 1940 514 antiphona,
1995 441 2117 496 Vidi
2147 444 2188 500 Α
2221 449 2530 496 canuntur:
2567 443 2821 512 primum,
2863 443 2991 512 quia
3029 442 3137 498 vita
3182 443 3457 514 redditur;
3489 450 3813 510 secundum.

531 552 742 607 aquam.
788 535 972 605 Ibique
1024 545 1224 590 canunt
1269 537 1466 589 iterum
1513 535 1784 604 psalmum
1825 533 1939 588 ειη
1975 535 2120 586 exitu

533 626 724 692 Israel,
756 635 808 682 et
837 626 1080 680 Alleluia.
1119 625 1297 680 Venite
1326 625 1664 691 exsultemus,
1691 634 1750 680 ut
1779 641 1961 696 supra.
1994 625 2122 680 Inde

534 719 785 789 Evangel.
833 717 1052 787 Antiph.
1095 715 1402 772 Prtecedam
1443 735 1551 784 ros,
1585 727 1639 774 et
1667 721 1912 789 sequitur
1945 719 2122 773 oratio

533 807 844 862 sacerdotis.
873 806 968 861 His
992 807 1178 871 ﬁnitis,
1202 815 1257 861 et
1276 808 1507 879 eulogiis
1535 807 1794 878 acceptis,
1823 808 2122 863 remittitur

532 900 904 969 unusquisque
933 899 1000 953 ad
1044 899 1258 953 titulum
1301 915 1478 964 suum,
1530 909 1590 955 ut
1624 900 1824 954 ibidem
1856 898 2120 968 Vesperas

531 990 786 1046 celebret.
850 989 954 1060 Ipsi
1001 990 1147 1044 enim
1203 1006 1364 1060 super
1415 990 1681 1061 psalmum
1747 990 2120 1044 tantummodo

530 1078 758 1133 Alleluia
789 1080 990 1143 dicunt,
1021 1088 1076 1135 et
1105 1089 1231 1136 ante
1256 1081 1602 1151 Evangelium
1629 1080 1812 1136 dicunt
1837 1096 2121 1149 responso-

532 1173 672 1226 rium
709 1190 722 1202 ·
757 1171 888 1227 Ηανσ
925 1173 1056 1238 dies,
1090 1173 1207 1228 sine
1245 1190 1425 1229 versu.
1462 1173 1586 1229 Haec
1623 1175 1798 1230 oratio
1824 1190 1920 1245 per
1950 1183 2120 1229 totam

531 1263 924 1319 hebdomadam
981 1275 1230 1320 servatur
1287 1282 1457 1336 usque
1506 1268 1558 1321 in
1610 1267 1948 1322 Dominicam
1998 1277 2122 1338 post

529 1354 716 1422 Albus,
756 1356 1005 1421 Alleluia,
1037 1366 1090 1412 et
1118 1359 1429 1428 antiphonis
1455 1361 1675 1413 mutatis
1704 1368 1910 1414 tantum
1938 1361 2120 1433 singu-

529 1445 598 1504 lis
624 1449 832 1516 diebus,
864 1449 1099 1520 psalmos
1126 1466 1254 1505 vero
1273 1451 1488 1507 eosdem
1521 1459 1721 1505 canunt

1089 1575 1115 1603 α
1167 1563 1394 1618 CAPUT
1432 1563 1574 1617 XXI.

1006 1674 1072 1711 DE
1112 1673 1347 1712 SABBATO
1381 1675 1432 1712 IN
1473 1674 1641 1713 ALBIS.

603 1751 773 1808 Hodie
803 1751 1002 1816 Albuti,
1031 1752 1155 1820 quia
1205 1752 1257 1804 in
1291 1751 1527 1804 Sabbato
1570 1750 1826 1820 baptizati
1873 1747 2111 1815 fuerunt,

2223 531 2348 601 quia
2377 533 2723 600 sempiterna.
2759 532 3020 589 Similiter
3050 536 3100 589 in
3137 535 3436 594 Dominicis
3479 541 3679 597 diebus
3715 545 3815 602 duo

2221 621 2450 676 Alleluia
2493 625 2870 691 terminantur,
2895 642 3065 697 usque
3095 629 3147 682 in
3178 629 3556 688 Pentecosten.

2292 713 2408 768 Duo
2437 723 2584 778 sunt,
2633 717 2776 771 unde
2827 719 3005 773 anima
3034 721 3086 774 in
3129 724 3360 792 septima
3401 725 3508 790 die,
3541 727 3595 781 id
3623 739 3734 796 est,
3759 732 3811 789 in

2219 805 2407 874 requie
2435 806 2616 860 laudet
2639 807 2926 863 Dominum
2959 829 2971 864 ε
3007 827 3193 878 unum,
3225 815 3291 869 de
3316 828 3572 887 percepta
3597 820 3805 890 gloria;

2219 894 2473 960 alterum,
2506 897 2571 951 de
2592 899 2941 970 percipienda
2976 905 3412 961 resurrectione:
3442 908 3610 963 homo
3631 921 3807 968 autem

2219 982 2274 1037 in
2306 989 2702 1042 resurrectione
2731 992 3002 1046 constabit
3043 1009 3108 1047 ex
3155 1011 3381 1064 corpore
3421 1007 3477 1054 et
3513 1002 3730 1068 anima;
3759 1015 3808 1059 et

2217 1076 2345 1145 quia
2392 1081 2718 1135 resurrectio
2749 1081 3025 1138 Dominica
3055 1089 3332 1154 prmeessit
3377 1090 3431 1144 in
3467 1099 3666 1146 octava
3705 1096 3804 1160 die,

2219 1167 2360 1234 quod
2401 1166 2639 1222 futurum
2670 1183 2752 1225 est
2783 1172 2834 1224 in
2881 1176 3296 1242 resurrectione,
3339 1178 3444 1233 hoc
3475 1181 3694 1252 agimus
3717 1199 3806 1253 per

2218 1257 2528 1315 Dominicos
2554 1261 2669 1317 dies
2685 1280 2854 1334 usque
2879 1267 2931 1320 in
2953 1267 3331 1338 Peuteeosten,
3358 1273 3411 1327 id
3436 1287 3545 1338 est,
3581 1286 3638 1330 ut
3663 1295 3804 1336 mens

2217 1362 2272 1408 et
2299 1369 2497 1425 corpus
2523 1355 2704 1411 laudet
2726 1359 3040 1426 Dominum;
3073 1364 3274 1433 et-quia
3303 1366 3525 1422 interim
3551 1371 3674 1426 sine
3691 1388 3802 1427 cor-

2214 1460 2347 1514 pore
2376 1448 2552 1501 anima
2578 1448 2760 1503 laudat
2783 1451 3084 1516 Dominum,
3115 1470 3212 1523 per
3234 1457 3477 1528 singulos
3500 1462 3620 1517 dies
3644 1480 3800 1520 unum

2215 1535 2442 1590 Alleluia
2488 1539 2812 1596 celebratur.
2856 1543 2925 1598 At
2967 1547 3142 1600 media
3190 1564 3281 1603 sex
3313 1550 3496 1607 ofﬁcia
3535 1554 3802 1615 Paschalis

2215 1626 2565 1685 hebdomadas
2601 1635 3001 1702 responsorium
3043 1645 3226 1694 tenent
3255 1650 3312 1696 et
3358 1644 3612 1701 Alleluia.
3660 1648 3799 1705 Sicut

2217 1723 2556 1789 septenarius
2579 1739 2837 1779 numerus
2861 1729 3100 1798 requiem
3129 1730 3420 1801 signiﬁcat,
3451 1736 3526 1792 ita
3561 1743 3798 1798 senarius

531 1845 774 1899 vestibus
796 1844 931 1898 albis
957 1795 1245 1898 emittatur.
1274 1843 1449 1898 Albati
1482 1795 1671 1899 auter;
1693 1852 1914 1913 propter
1937 1851 2115 1899 vestes
2146 1795 2190 1856 Β
2218 1824 2430 1913 09°”?
2460 1821 2523 1913 ei
2657 1815 2758 1913 ha?
2794 1816 2906 1870 "ila
2953 1817 3108 1873 bonis
3150 1823 3405 1913 operibus
3451 1825 3799 1885 ίηδίδιθυάυηι

529 1932 682 1986 albas
723 1932 881 2003 vulgo
911 1933 1247 2002 appellantur
1277 1933 1322 1986 ι).
1359 1933 1511 1986 Sicut
1548 1941 1750 2003 septem
1804 1933 1919 1987 dies
1946 1934 2114 2002 perti-

531 2032 661 2078 nent
690 2024 757 2078 ad
803 2032 958 2078 vetus
1000 2031 1380 2079 testamentum
1420 2034 1641 2094 propter
1680 2025 1998 2089 sabbatum,
2042 2025 2116 2077 ita

529 2122 653 2170 octo
676 2114 791 2169 dies
829 2115 895 2168 ad
925 2130 1121 2168 novum
1165 2123 1387 2184 propter
1414 2122 1662 2169 octavum
1704 2115 2118 2169 resurrectionis

529 2207 698 2263 diem.
725 2207 771 2261 A
799 2207 1025 2262 sabbato
1051 2222 1221 2276 usque
1257 2207 1323 2260 ad
1355 2207 1638 2261 sabbatum
1670 2213 1954 2276 portantur
1985 2205 2118 2260 alba:

529 2308 732 2364 vestes,
761 2314 882 2369 quae
905 2299 1060 2353 nobis
1091 2299 1324 2368 speciem
1354 2307 1634 2368 prtestant,
1665 2297 1852 2367 quales
1875 2312 1994 2350 esse
2020 2295 2115 2350 de-

529 2390 752 2444 beamus
782 2389 836 2442 in
879 2405 1019 2443 novo
1046 2397 1391 2453 testamento,
1419 2400 1473 2443 et
1504 2389 1684 2458 qualia
1716 2405 1941 2458 corpora
1971 2403 2119 2442 recc-

529 2481 674 2551 pturi
718 2481 772 2534 in
823 2489 1016 2535 octava
1064 2481 1171 2546 die,
1204 2481 1256 2534 in
1287 2497 1390 2550 qua
1439 2481 1755 2550 praesentari
1787 2495 1884 2534 nos
1907 2487 2120 2549 oportet

529 2581 656 2628 ante
682 2573 966 2628 Dominum
985 2588 1108 2628 eum
1140 2573 1256 2643 ipso
1279 2573 1526 2643 pignore,
1559 2574 1700 2641 quod
1733 2571 2044 2640 accepimus
2065 2571 2119 2622 in

525 2665 816 2734 baptismo.
843 2663 977 2718 Alba
1006 2674 1184 2719 autem
1237 2665 1556 2719 veSIimenta
1599 2664 1920 2726 albatorum,
1955 2676 2119 2731 opera

527 2766 654 2813 sunt
691 2757 984 2826 iustorum,
1017 2757 1214 2810 munda
1245 2764 1300 2810 et
1339 2757 1566 2810 candida
1595 2755 1762 2827 486
1803 2756 1948 2809 omni
1985 2765 2122 2810 tem—

526 2863 677 2919 pore.
707 2847 861 2914 Quod
885 2862 1014 2902 vero
1041 2847 1095 2901 in
1119 2847 1345 2901 sabbato
1364 2853 1636 2900 exuuntur
1657 2846 1771 2914 ipsa
1794 2847 2118 2900 vestimenta

525 2943 628 2998 hoc
669 2941 956 3012 signiﬁcat,
1001 2941 1143 3010 quod
1184 2940 1363 2994 anima
1407 2937 1773 3008 cujuscunque
1823 2937 1994 2992 ﬁdelis
2022 2938 2121 2990 mi-

526 3048 689 3103 grans
708 3047 738 3086 e
759 3046 1005 3101 corpore,
1034 3031 1270 3085 inveniet
1291 3030 1594 3091 sabbatum,
1628 3029 1679 3082 id
1703 3036 1804 3090 est,
1834 3028 2075 3096 requiem
2102 3044 2115 3081 :

527 3128 584 3175 et
605 3121 926 3176 vestimenta
970 3134 1066 3172 sua
1092 3119 1181 3173 hic
1203 3119 1458 3181 dimittet,
1495 3118 1546 3170 id
1570 3125 1676 3181 est,
1708 3131 1921 3185 corpus,
1953 3123 2011 3168 ut
2036 3130 2117 3169 re-

2217 1909 2318 1964 est,
2347 1911 2402 1956 et
2428 1918 2457 1956 a
2487 1905 2582 1958 Dei
2613 1904 2770 1960 laude
2813 1923 2918 1962 non
2956 1912 3300 1966 cessandum.
3326 1914 3386 1969 In
3417 1915 3526 1972 ﬁne
3554 1934 3799 1975 versuum

2219 1993 2565 2060 responsorii,
2616 1993 2746 2047 "(ec
2775 1996 2907 2058 dies,
2953 2009 3316 2069 prmposterus
3343 2006 3478 2060 ordo
3509 2017 3613 2062 est.
3644 2009 3799 2065 Bene-

2217 2080 2388 2134 dictus
2419 2083 2508 2151 qui
2538 2085 2694 2148 venit,
2723 2088 3052 2156 praeponitur
3087 2089 3140 2142 in
3183 2093 3371 2160 quinta
3423 2095 3564 2151 feria
3605 2102 3798 2166 versui,

2219 2171 2470 2242 Lapidem
2499 2193 2648 2245 quem
2670 2180 3090 2248 reprobaverunt,
3121 2184 3211 2252 qui
3239 2193 3324 2238 est
3349 2185 3404 2239 in
3435 2188 3633 2243 ordine
3670 2191 3802 2260 psal-

2220 2263 2292 2316 mi
2322 2265 2471 2332 prior
2499 2279 2512 2318 :
2545 2267 2640 2320 sed
2664 2278 2815 2322 sexta
2845 2269 2981 2324 feria
3011 2282 3279 2340 cantatur,
3321 2278 3449 2345 quia
3481 2280 3627 2336 inter
3653 2294 3801 2340 aete-

2221 2370 2308 2408 ros
2354 2359 2621 2426 praecipue
2651 2372 2807 2414 sonat
2847 2362 2914 2416 de
2941 2365 3192 2433 passione
3238 2366 3476 2436 Domini,
3505 2387 3630 2440 qua
3667 2374 3798 2430 facta

2219 2457 2303 2501 est
2330 2459 2481 2502 sexta
2507 2449 2661 2504 feria.
2685 2469 2742 2506 ιιι
2769 2452 2857 2507 illa
2881 2457 3309 2525 reprobaverunt
3325 2459 3619 2518 Dominum
3642 2465 3800 2522 Judaei

2219 2538 2572 2606 aediﬁcantes,
2607 2544 2660 2595 in
2705 2543 2792 2597 illa
2821 2543 2998 2601 factus
3031 2559 3114 2603 est
3145 2549 3199 2603 in
3229 2562 3392 2623 caput
3418 2556 3624 2624 anguli.
3655 2558 3798 2625 Quod

2221 2639 2399 2683 autem
2444 2632 2608 2686 semel
2640 2634 2816 2703 agitur
2843 2637 3163 2706 baptismus,
3197 2642 3469 2712 signiﬁcat
3499 2647 3626 2715 quia
3655 2647 3801 2702 Chri-

2221 2731 2334 2777 stus
2364 2724 2527 2778 semel
2566 2741 2662 2794 pro
2714 2728 2870 2782 nobis
2906 2739 3151 2787 mortuus
3181 2743 3284 2789 est.
3315 2735 3375 2790 In
3406 2753 3517 2807 quo
3545 2739 3802 2811 baptismo

2220 2815 2355 2871 duas
2375 2818 2654 2886 pactiones
2681 2819 2796 2874 ﬁeri
2839 2837 2945 2876 non
2972 2825 3192 2879 dubium
3221 2836 3323 2892 est,
3356 2832 3600 2899 primum
3621 2834 3800 2890 videli-

2221 2918 2306 2964 cet
2348 2912 2730 2968 abrenuntiare
2781 2915 2993 2971 diabolo
3039 2927 3094 2972 et
3137 2922 3349 2991 pompis
3393 2922 3546 2990 ejus;
3579 2928 3801 2982 secundo

2221 3007 2444 3060 credere
2466 3007 2516 3061 in
2545 3010 2860 3078 mysterium
2892 3021 3092 3066 sancta’
3113 3020 3168 3068 et
3191 3013 3483 3070 individua:
3507 3017 3798 3075 Trinitatis.

2221 3097 2433 3152 Parvuli
2465 3109 2664 3166 autem,
2696 3101 2800 3155 alio
2830 3103 3116 3173 prolitentc
3149 3105 3308 3160 ﬁdem
3337 3107 3582 3176 illorum,
3617 3112 3803 3168 idcirco

527 3159 584 3175 ν.
616 3159 926 3176 ,ναυηωωα
970 3159 1066 3172 ω...
1092 3159 1181 3173 ...ν
1204 3159 1458 3181 ...μη-,νη
1572 3159 1676 3181 νυ,
1709 3159 1921 3185 -ν.,,....,
1955 3159 2011 3168 ,η
2036 3159 2090 3169 ,ν

527 3211 693 3281 cipiat
719 3210 848 3264 illud
878 3210 1071 3264 iterum
1101 3210 1155 3264 in
1187 3209 1478 3264 novissima
1517 3210 1621 3264 die.
1661 3207 1794 3262 Octo
1824 3208 1938 3261 dies
1989 3223 2116 3262 neo-

2223 3190 2580 3258 baptitaut’nr,
2616 3192 2738 3260 quia
2768 3159 2943 3248 adhuc
2972 3193 3116 3265 loqui
3144 3197 3226 3250 vel
3258 3200 3485 3256 credere
3517 3159 3796 3273 nequeunt.

525 3303 818 3372 phytorum
862 3316 1080 3355 cursum
1119 3301 1401 3370 prtcsentis
1443 3299 1569 3352 vitae
1599 3307 1922 3353 monstrant.
1967 3297 2118 3353 Sicut

527 3375 672 3447 enim
714 3391 1013 3445 Hebraicus
1054 3391 1144 3446 ille
1179 3389 1428 3460 populus,
1471 3389 1696 3442 transito
1727 3390 1861 3442 mari
1911 3389 2113 3456 Rubro,

527 3482 780 3538 columna
812 3482 952 3552 ignis
979 3483 1080 3536 sibi
1106 3482 1442 3552 praecedente
1480 3491 1661 3545 noctu,
1690 3498 1787 3551 per
1812 3498 1970 3562 οων
2013 3484 2117 3538 iter

526 3578 582 3632 in
632 3586 830 3632 terram
879 3578 1316 3648 repromissionis
1367 3579 1707 3648 triumphans
1755 3582 1820 3634 de
1873 3582 2118 3638 hostibus

525 3669 736 3724 introiit
763 3687 775 3723 :
802 3670 874 3724 ita
905 3670 1076 3724 nostri
1104 3670 1384 3738 baptizati,
1409 3670 1697 3724 exstinctis
1717 3673 1955 3739 peccatis
1980 3681 2116 3742 prte-

434 3815 442 3824 ,
527 3760 722 3822 teritis,
775 3761 1047 3815 ducuntur
1091 3761 1330 3830 quotidie
1385 3762 1452 3816 ad
1503 3763 1824 3829 Ecclesium,
1867 3765 2116 3820 columna

524 3853 668 3906 cerei
698 3851 998 3907 illuminata
1041 3854 1378 3923 praecedente
1417 3869 1529 3909 eos.
1572 3855 1724 3911 Unde
1777 3857 2112 3927 intelligitur,

525 3943 595 3998 ad
621 3943 796 3999 nullos
837 3943 971 3997 alios
1015 3960 1146 3998 usus
1175 3945 1228 3998 in
1253 3944 1579 4013 quibuslibet
1611 3945 1740 4000 locis
1771 3961 1889 4000 eam
1921 3947 2118 4003 debere

527 4035 770 4100 accendi,
803 4036 902 4089 nisi
933 4035 985 4088 in
1013 4036 1388 4090 recordatione
1415 4036 1635 4090 luminis
1660 4037 1897 4106 Spiritus
1918 4037 2114 4103 sancti,

525 4132 652 4186 dum
683 4131 792 4184 itur
835 4131 902 4185 ad
929 4131 1232 4186 ecclesiam.
1266 4130 1400 4185 Octo
1428 4131 1545 4186 dies
1581 4132 1974 4202 neophytorum
2003 4133 2115 4187 dis-

524 4225 844 4295 tinguuntur
873 4241 904 4278 a
955 4227 1181 4287 caeteris,
1213 4226 1267 4280 id
1295 4234 1398 4289 est,
1442 4235 1690 4290 octavus,
1721 4224 1903 4279 Primo
1945 4228 2117 4280 conci-

525 4320 620 4372 nit.
645 4320 778 4373 Octo
800 4319 1000 4383 ofﬁcia,
1016 4331 1135 4390 qua:
1156 4319 1290 4373 ﬁunt
1315 4320 1367 4373 in
1393 4320 1962 4375 commemorationem
1988 4335 2117 4374 neo—

523 4413 837 4481 phytorum,
861 4413 1268 4481 distinguuntur
1286 4428 1315 4465 a
1341 4412 1551 4466 exteris
1571 4393 1922 4480 sequentibus
1945 4428 2115 4481 usque

526 4502 578 4556 in
612 4500 987 4555 Peutecostcn.
1039 4500 1281 4552 Primum
1328 4501 1488 4554 habet
1527 4500 1661 4554 duas
1691 4502 1896 4563 laudes,
1928 4502 1978 4555 id
2008 4510 2114 4566 est,
2147 4522 2193 4580 ι)

525 4590 778 4656 Alleluia,
809 4589 1164 4658 Con/itemini,
1188 4598 1242 4643 ct
1271 4600 1524 4655 tractum,
1550 4591 1788 4646 Laudale
1812 4594 2111 4649 Dominum.

526 4684 788 4740 Octavum
832 4683 965 4738 duas
1007 4683 1289 4746 similiter,
1322 4683 1374 4738 id
1402 4693 1512 4747 est,
1555 4686 1659 4739 duo
1699 4686 1956 4751 Alleluia,
1988 4687 2116 4742 "(ec

525 4776 660 4842 dies,
693 4782 748 4830 et
771 4774 1011 4829 Laudate
1034 4776 1201 4846 pueri.
1234 4774 1388 4842 Quod
1421 4792 1526 4830 non
1557 4776 1694 4832 litin
1727 4778 1836 4832 ullo
1865 4779 1970 4832 alio
1996 4779 2119 4834 sab-

522 4869 651 4924 bato
677 4885 848 4939 usque
865 4869 916 4922 in
941 4869 1315 4923 Pentecosten.
1346 4868 1450 4923 Sex
1480 4870 1654 4923 media
1677 4869 1878 4924 habent
1903 4886 2119 4940 respon-

523 4963 729 5018 sorium
759 4971 815 5017 et
838 4961 1086 5015 Alleluia.
1115 4961 1173 5014 In
1203 4961 1520 5015 memoriam
1552 4961 1732 5031 itaque
1758 4963 1944 5032 prima:
1969 4964 2112 5029 vitae,

523 5069 684 5124 quam
707 5054 894 5108 habuit
930 5052 1124 5116 Adam,
1147 5053 1323 5122 primo
1349 5053 1566 5107 canitur
1591 5052 1819 5107 Alleluia
1850 5071 1866 5106 :
1894 5061 1948 5108 et
1987 5055 2142 5124 quia-

524 5163 630 5202 non
673 5146 776 5201 fuit
805 5145 1157 5215 sempiterna,
1189 5155 1393 5199 tractus
1422 5145 1665 5213 sequitur
1702 5145 1990 5200 humiliore
2015 5145 2117 5199 lin-

524 5252 652 5306 gua,
681 5245 740 5290 ut
765 5237 1042 5292 humilitas
1068 5236 1386 5304 posterioris
1423 5235 1544 5289 vita:
1574 5235 1907 5289 recordetur.
1940 5234 1997 5288 In
2031 5249 2116 5288 re-

525 5328 840 5384 cordatione
867 5343 998 5382 vero
1027 5327 1322 5396 potissimm
1344 5327 1780 5390 restauratiouis,
1809 5327 1861 5380 id
1887 5335 1970 5382 est
1991 5327 2116 5381 ulti-

528 5436 630 5474 ma:
665 5419 895 5488 requiei,
923 5433 1042 5486 qua:
1067 5417 1310 5472 redditur
1335 5417 1387 5470 in
1429 5418 1656 5487 septima
1686 5418 1792 5483 die,
1820 5427 1875 5472 et
1900 5419 2114 5488 perﬁci-

527 5518 614 5565 tur
659 5509 713 5565 in
755 5518 944 5565 octavo
991 5510 1077 5564 die
1122 5518 1177 5563 et
1221 5517 1414 5564 octavo
1462 5509 1674 5574 oflicio,
1728 5510 1834 5564 duo
1888 5509 2116 5564 Alleluia

541 5647 546 5654 ι
599 5637 625 5666 ι
665 5626 722 5679 In
758 5641 863 5678 ms.
899 5631 1002 5688 est,
1042 5623 1121 5677 De
1149 5624 1365 5678 sabbato
1393 5623 1606 5695 quando
1649 5622 1797 5677 albas
1827 5623 2113 5693 deportant.

531 5695 881 5760 Quencsnn.

605 5765 632 5802 δ
668 5765 999 5830 Amalarius,
1029 5779 1155 5834 cap.
1167 5764 1262 5820 29.

2217 3281 2341 3348 Qui,
2375 3284 2417 3335 si
2459 3283 2773 3352 priusquam
2815 3298 3222 3356 regenerentur,
3251 3292 3599 3358 transierint,
3626 3295 3801 3365 procul

2217 3373 2381 3426 dubio
2411 3390 2439 3427 a
2471 3391 2636 3446 regno
2685 3376 2889 3433 Christi
2919 3379 3077 3435 alieni
3126 3383 3387 3439 existunt.
3423 3384 3632 3444 Patrini
3681 3404 3802 3444 vero

2218 3464 2429 3520 illorum
2460 3469 2757 3536 puevidere
2801 3471 3020 3538 debent,
3057 3481 3116 3527 ut
3149 3491 3272 3530 cum
3300 3477 3369 3532 ad
3415 3478 3800 3550 intelligibilem

2217 3569 2432 3614 aetatem
2458 3564 2822 3630 pervenerint,
2853 3567 2956 3621 ﬁde
2984 3575 3037 3620 et
3064 3567 3219 3623 bouis
3248 3571 3493 3626 moribus
3517 3573 3801 3636 instruant,

2216 3648 2527 3704 Orationem
2573 3652 2905 3708 Dominicam
2950 3663 3004 3709 et
3042 3654 3356 3726 Symbolum
3404 3675 3499 3714 eos
3547 3662 3805 3716 instanter

2217 3741 2489 3796 erudiant.
2542 3743 2692 3810 Quod
2729 3743 2773 3798 si
2815 3745 3165 3816 neglexerint,
3204 3749 3386 3804 norint
3431 3765 3488 3805 se
3543 3754 3803 3807 rationem

2216 3847 2316 3901 pro
2335 3833 2414 3886 eis
2446 3834 2752 3890 reddituros
2776 3845 2901 3892 ante
2928 3836 3233 3904 Dominum,
3256 3857 3487 3910 quorum
3517 3860 3804 3912 sponsores

2217 3925 2543 3979 exstiterint.
2597 3926 2808 3992 Quanto
2844 3937 3024 3985 autem
3075 3941 3315 4003 tempore
3367 3937 3702 4005 generaliter
3745 3938 3808 3992 ab

2219 4016 2460 4071 Ecclesia
2512 4018 2816 4074 celebratur
2868 4022 3130 4079 adventus
3168 4023 3398 4094 Spiritus
3443 4031 3621 4084 sancti
3654 4045 3809 4100 super

2220 4110 2526 4179 apostolos,
2575 4118 2725 4165 tanto
2773 4122 3016 4184 tempore
3068 4116 3226 4171 debet
3281 4118 3568 4174 observari
3631 4121 3810 4174 unctio

2221 4202 2534 4256 chrismatis
2569 4204 2710 4273 apud
2747 4221 3208 4276 unumquemque,
3247 4210 3338 4278 qui
3387 4212 3597 4280 accipit
3628 4229 3814 4266 manus

2220 4293 2639 4362 impositionem,
2681 4304 2735 4349 et
2782 4311 2886 4350 non
2919 4297 3190 4353 immerito
3224 4315 3238 4353 :
3271 4304 3528 4370 quoniam
3584 4303 3814 4373 Spiritus

2219 4395 2440 4438 sanctus
2487 4385 2550 4438 in.
2589 4394 2797 4456 septem
2827 4386 3163 4454 mulieribus,
3193 4390 3296 4444 hoc
3323 4399 3430 4456 est,
3459 4397 3683 4462 septem
3713 4395 3816 4446 vir-

2220 4473 2422 4527 tutibus
2441 4475 2590 4528 venit
2611 4475 2676 4528 ad
2698 4474 2964 4545 hospitem
2989 4493 3165 4531 suum.
3191 4479 3471 4535 Dominiea
3492 4491 3622 4552 post
3645 4483 3813 4546 albas,

2221 4566 2398 4630 idest,
2424 4566 2479 4620 in
2506 4567 2712 4622 octavis
2741 4569 2979 4632 Paschaa,
3018 4569 3190 4624 danda
3233 4579 3317 4625 est
3363 4587 3489 4625 cera
3533 4572 3816 4627 benedicta

2219 4677 2340 4735 post
2385 4665 2600 4719 Missam
2631 4664 2698 4717 ad
2725 4665 3198 4734 suffumigandum,
3231 4665 3439 4720 scilicet
3471 4666 3523 4720 in
3567 4666 3815 4720 domibus

2219 4758 2351 4820 suis,
2399 4773 2493 4811 seu
2519 4758 2824 4827 ponendum
2851 4757 2905 4811 in
2933 4759 3077 4828 agris
3100 4757 3181 4812 vel
3209 4759 3401 4822 vineis,
3436 4767 3667 4828 propter
3699 4759 3814 4812 illu-

2221 4847 2400 4903 siones
2428 4847 2745 4912 diabolicas,
2778 4850 2890 4903 sive
2913 4857 3103 4903 contra
3132 4848 3340 4919 fulgura
3365 4849 3453 4902 vel
3480 4851 3750 4903 tonitrua.

2805 4962 3031 5017 CAPUT
3069 4961 3230 5015 XXII.

2731 5068 2796 5106 DE
2830 5069 3047 5107 ιιτΑΝιΑ
3085 5067 3306 5106 IAJOBE.

2293 5157 2315 5184 ο
2343 5145 2587 5200 Romana
2625 5147 2957 5201 consuetudo
2983 5163 3148 5202 unum
3190 5147 3356 5212 diem,
3393 5145 3612 5200 scilicet
3655 5145 3820 5216 septi-

2221 5253 2365 5290 mum
2400 5237 2667 5292 Kalendas
2697 5238 2840 5302 Maii,
2871 5239 3184 5308 interponit,
3214 5253 3375 5307 quem
3402 5246 3562 5292 vocat
3589 5237 3648 5292 in
3673 5237 3821 5291 Lita-

2218 5324 2306 5378 nia
2347 5325 2580 5396 majore,
2634 5343 2740 5380 non
2782 5327 2833 5380 in
2881 5326 3099 5396 jejunio.
3130 5331 3366 5384 Λιτανεία
3395 5338 3580 5380 autem
3607 5325 3817 5394 Grteee,

2219 5415 2410 5469 Latine.
2437 5417 2747 5485 deprecatio
2770 5417 2852 5471 vel
2875 5417 3084 5487 rogatio
3107 5417 3322 5482 dicitur,
3353 5417 3478 5470 inde
3500 5427 3562 5471 et
3581 5418 3822 5488 rogatio—

2219 5525 2335 5565 nes.
2377 5509 2560 5563 Potest
2585 5511 2728 5564 enim
2758 5525 2948 5564 serena
2979 5525 3132 5565 mens
3160 5519 3216 5564 et
3257 5510 3432 5564 aliena
3470 5526 3502 5564 a
3535 5509 3820 5564 voluntate

2294 5634 2316 5662 ο
2346 5623 2671 5688 Amalarius,
2696 5639 2817 5692 cap.
2845 5624 2932 5688 37,
2959 5631 3090 5695 tom.
3115 5623 3230 5695 XIV
3269 5623 3370 5677 BB.
3395 5623 3506 5695 PP.
3532 5639 3664 5695 pag.
3693 5623 3816 5678 965.

2221 5695 2347 5766 lude
2399 5695 2640 5747 defectus
2681 5696 2899 5766 quidam
2943 5694 3240 5764 supplendi.
3289 5694 3440 5750 Adde
3490 5694 3622 5766 qua:
3676 5696 3819 5750 idem

2224 5765 2392 5820 refert
2424 5766 2544 5820 libr.
2572 5781 2645 5833 tv,
2672 5781 2792 5836 cap.
2819 5764 2890 5818 24
2928 5774 2983 5820 et
3013 5780 3167 5835 seqq.
