4032 6354
292 392 431 459 1223

1121 386 1271 460 opp.
1314 336 1715 459 summa.
1750 429 1821 442 _
1856 394 2001 456 Lm-
2029 396 2117 455 DE
2155 388 2404 455 unus
2442 392 2749 457 OFFlCllS.

3415 402 3555 463 1226

286 516 430 576 mala
458 517 670 590 precari
709 506 1014 585 Dominum,
1058 516 1305 589 quamvis
1345 515 1634 571 manducet
1667 514 1863 571 sobrie.
1898 528 1941 580 Α
1972 519 2161 567 sancto
2182 512 2425 569 Paschte.
2455 514 2760 585 Antequam
2786 513 2930 569 enim
2959 513 3318 571 descendatur
3338 517 3405 572 ad
3435 517 3556 573 fon-

285 610 367 668 Eo
386 610 533 667 enim
557 619 816 680 tempore,
840 608 896 665 id
922 618 1025 676 est,
1051 610 1283 680 scptimo
1310 605 1579 664 Kalendas
1604 606 1747 674 Maii,
1777 620 1868 663 so-

286 701 398 760 lent
426 702 632 758 inimici
665 717 1004 758 commovere
1038 699 1236 758 bellum
1263 702 1521 758 adversus
1559 699 1737 756 vicina
1784 714 1870 756 re-

285 809 423 867 gns;
456 794 584 850 hinc
617 809 741 851 reor
779 803 937 850 caute
974 795 1078 851 hoc
1102 808 1223 850 esse
1265 794 1560 866 provisum.
1610 791 1707 846 γει
1742 790 1870 861 quia

288 895 419 944 tunc
452 888 635 943 omnia
664 888 718 943 in
749 888 981 959 quodam
1016 887 1263 959 profectu
1287 896 1433 953 sunt,
1466 902 1672 944 messes
1699 885 1872 958 pullu~

285 977 423 1046 lant,
450 978 663 1034 arborei
686 978 892 1034 fructus
912 994 978 1034 ex
999 977 1131 1035 ﬂore
1148 978 1435 1049 prodeunt,
1452 978 1622 1032 vinea:
1641 984 1696 1031 et
1715 974 1870 1030 oliva:

286 1071 401 1126 suis
430 1069 712 1126 arboribus
731 1077 1044 1141 erumpunt,
1069 1068 1323 1125 animalia
1356 1083 1576 1139 campos
1624 1067 1866 1122 tondent.

286 1161 552 1231 Quoniam
572 1164 881 1220 necessaria
903 1164 1020 1220 haec
1049 1171 1177 1220 sunt
1204 1163 1411 1218 nostris
1436 1160 1644 1228 usibus,
1678 1170 1870 1232 peten-

287 1255 413 1312 dum
442 1265 525 1313 est
553 1266 612 1311 ut
638 1272 669 1313 a
690 1256 920 1313 Domino
942 1264 1353 1313 conserventur.

845 1366 1073 1424 CAPUT
1110 1364 1295 1423 XXIII.

714 1472 739 1502 ⁸
764 1474 829 1515 νε
871 1475 1056 1516 υιευυε
1077 1473 1435 1517 ιιοςλτιοςωι.

356 1547 385 1590 δ
420 1546 553 1605 Tres
578 1558 757 1606 autem
808 1549 925 1606 dies
968 1550 1349 1623 Rogationum,
1388 1549 1481 1621 qui
1528 1548 1873 1605 celebrantur

286 1650 410 1695 ante
442 1640 827 1697 Ascensionem
865 1641 1101 1706 Domini,
1138 1641 1297 1711 juxta
1333 1657 1539 1697 morem
1576 1640 1872 1698 Gallicana

212 1804 218 1808 δ
286 1729 543 1787 Ecclesiae
570 1732 854 1788 constituit
877 1741 1099 1787 sanctus
1120 1732 1467 1788 Hammer-tus
1491 1743 1514 1774 ε
1548 1733 1870 1789 Viennensis

286 1824 591 1894 episcopus,
635 1824 706 1880 ob
748 1823 1114 1880 incursionem
1146 1826 1350 1881 scilicet
1378 1825 1639 1880 malarum
1665 1825 1869 1881 bestia-

1968 611 2052 661 tes
2090 606 2160 661 ad
2195 605 2594 678 baptizandum,
2648 605 2845 678 legitur
2871 605 3034 662 lectio
3076 609 3275 679 prima,
3317 609 3555 668 Tentavit

1966 695 2109 753 Deus
2136 697 2421 753 Abraham.
2467 697 2617 755 Orat.
2656 697 2797 753 Deus
2829 700 2919 771 qui
2959 698 3187 755 Abraha'
3214 701 3422 771 famuli.
3457 702 3558 759 Le-

1968 788 2077 845 ctio
2097 788 2351 853 secunda,
2382 788 2605 859 Scripta
2637 787 2843 859 Moyse:
2871 789 3152 845 canticum.
3176 790 3309 847 Can.
3338 791 3558 850 Attende

1968 880 2169 936 caelum.
2208 880 2360 938 Orat.
2390 880 2553 947 Deus,
2584 882 2674 952 qui
2704 883 2849 937 nobis
2900 899 2992 955 per
3019 885 3391 954 prophetarum
3433 903 3556 941 ara-

1967 971 2107 1035 cula,
2131 979 2238 1028 etc.
2266 970 2456 1027 Lectio
2491 972 2671 1037 tertia,
2709 973 3104 1043 Apprehendent
3147 985 3341 1046 septem
3370 975 3559 1031 mulie-

1968 1078 2069 1119 res.
2093 1063 2225 1120 Can.
2272 1061 2432 1118 Vinea
2464 1062 2608 1133 facta
2634 1073 2729 1118 est.
2758 1064 2909 1120 Orat.
2935 1064 3101 1132 Deus,
3126 1068 3213 1139 qui
3250 1083 3344 1123 nos
3370 1067 3439 1122 ad
3474 1084 3558 1124 ce-

1966 1154 2294 1211 lebrandum.
2321 1154 2507 1211 Lectio
2528 1164 2748 1226 quarta,
2772 1155 2910 1210 Audi
2931 1155 3102 1211 Israel
3120 1168 3379 1229 pra'cepta
3401 1159 3557 1225 uitta;

1968 1245 2109 1303 Deus
2155 1247 2613 1302 incommutabilis.
2641 1245 2773 1303 Can.
2806 1247 2956 1303 Sicut
2996 1266 3194 1305 cervus.
3238 1250 3389 1307 Orat.
3417 1251 3560 1308 Con-

1970 1341 2110 1403 cede,
2130 1356 2449 1411 qutrsumus,
2474 1341 2795 1411 omnipotens
2817 1340 2979 1405 Deus,
3003 1351 3059 1395 ut
3077 1343 3166 1414 qui
3188 1342 3320 1413 festa
3340 1343 3549 1415 pascha-

1968 1432 2043 1489 lia
2070 1435 2289 1505 egimus.
2321 1432 2517 1489 Finitis
2541 1433 2885 1500 lectionibus,
2914 1433 3347 1492 descendendum
3383 1445 3468 1493 est
3488 1436 3557 1493 ad

1968 1524 2147 1582 fontes
2191 1541 2316 1582 cum
2364 1534 2552 1582 sancto
2595 1526 2891 1582 chrismate
2937 1536 2995 1583 et
3021 1526 3216 1595 cereis,
3264 1530 3319 1585 in
3357 1522 3561 1603 magna
3632 1526 3635 1529 ’

1971 1618 2273 1673 reverentia
2309 1616 2646 1673 decantando
2682 1616 2947 1673 litaniam.
2980 1617 3078 1676 llis
3103 1620 3351 1692 expletis,
3382 1621 3558 1693 bapti-

1970 1706 2203 1766 landum
2230 1721 2334 1777 est,
2366 1711 2507 1766 sicut
2532 1712 2586 1767 in
2611 1710 2793 1783 vigilia
2825 1708 3066 1768 Paschue.
3103 1712 3234 1769 Post
3267 1728 3558 1770 ascensum

1969 1818 2101 1861 vero
2126 1803 2311 1871 fontis,
2348 1805 2759 1877 ingrediendum
2802 1815 2887 1863 est
2929 1806 2994 1861 ad
3023 1806 3242 1861 miSSam
3287 1805 3556 1875 publicam

285 1893 433 1979 τέιιη,
456 1893 579 1985 φα,
599 1925 726 1970 tunc
748 1917 1007 1988 temporis
1027 1917 1347 1990 gravissime
1369 1916 1681 1974 διηρίθιεεηι
1704 1934 1871 1989 Imp“.
1899 1893 1948 1956 Β
1971 1896 2039 1951 ad
2067 1894 2328 1990 Sanctum
2372 1894 2760 1990 Joannemaln
2807 1897 2998 1990 primis
3040 1896 3415 1990 ﬁunt—litanias
3453 1897 3561 1951 iter

287 2003 401 2059 lum
430 2005 545 2061 Dei.
592 2005 727 2061 Nam
770 2022 891 2063 cum
939 2008 1278 2080 exigentibus
1309 2009 1547 2079 peccatis
1573 2006 1870 2065 Galliarum

285 2098 467 2168 populi
496 2100 739 2169 luporum
762 2100 912 2155 rabie
933 2101 1133 2156 acriter
1158 2100 1618 2167 interimerentur,
1644 2117 1744 2157 nec
1772 2102 1871 2156 hu-

274 2189 367 2261 jus
402 2190 594 2262 ﬂagelli
626 2191 840 2263 aliquod
866 2192 1165 2248 remedium
1187 2192 1541 2258 inveniretur,
1554 2184 1720 2266 ‘87
1739 2208 1871 2249 con-

281 2284 489 2358 gregati
519 2284 808 2340 traduntur
829 2284 1126 2341 Galliarum
1160 2286 1401 2357 episcopi
1426 2287 1567 2358 apud
1604 2285 1868 2342 Viennam

282 2377 613 2450 praecipuam
637 2376 824 2433 Gallia:
868 2378 1076 2443 urbem,
1108 2378 1199 2448 qui
1230 2378 1284 2432 in
1329 2392 1616 2434 commune
1659 2386 1867 2433 statue-

282 2478 432 2536 runt,
474 2477 532 2524 ut
556 2469 809 2526 triduano
827 2467 1035 2539 jejunio
1060 2469 1496 2526 misericordiam
1523 2469 1735 2525 Domini
1762 2470 1867 2525 im-

281 2563 582 2636 plorarent,
619 2563 966 2634 antiquorum
1016 2561 1241 2618 Patrum
1285 2563 1515 2635 vestigia
1554 2572 1865 2634 sequentes.

283 2654 529 2726 Cumque
561 2655 627 2711 ad
667 2670 857 2710 eorum
881 2668 1072 2726 preces
1098 2654 1286 2710 oculus
1316 2655 1512 2710 divina:
1535 2654 1756 2725 pietatis
1781 2669 1870 2710 re-

281 2748 536 2819 spiciens,
571 2746 761 2815 ﬂagelli
794 2745 955 2815 hujus
982 2753 1189 2816 pestem
1225 2744 1653 2801 misericorditer
1682 2744 1869 2799 abstu-

277 2838 451 2904 lisset,
478 2838 534 2893 bi
569 2839 685 2893 dies
733 2838 786 2892 in
811 2836 1257 2893 consuetudinem
1301 2850 1493 2890 annua:
1534 2835 1868 2891 celebritatis
1914 2871 1921 2878 -

278 2941 566 2996 venerunt,
596 2938 655 2984 ut
684 2945 781 3001 per
820 2928 1117 2986 Galliarum
1165 2928 1471 2999 provincias
1504 2936 1631 2983 ante
1663 2929 1865 2984 Ascen—

281 3023 450 3079 tionis
490 3023 635 3080 diem
679 3023 1083 3081 celebrarentur
1119 3040 1134 3077 :
1172 3036 1293 3092 quae
1339 3024 1670 3079 consuetudo
1723 3024 1865 3093 apud

279 3130 380 3172 nos
415 3132 586 3188 usque
611 3116 769 3173 hodie
795 3132 896 3189 pro
921 3115 1152 3172 diversis
1188 3115 1591 3172 calamitatibus
1632 3117 1866 3173 devotis-

280 3208 419 3266 sime
443 3209 720 3266 recolitur.

844 3279 1071 3339 CAPUT
1103 3280 1291 3338 XXIV.

751 3385 818 3426 οι
851 3387 1165 3429 λεοειίειοαε
1199 3387 1304 3427 DOI
1311 3387 1404 3429 ll“.

347 3461 693 3519 Ascensionis
721 3461 1013 3518 Dominica:
1052 3464 1366 3519 solemnitas
1392 3464 1514 3519 ideo
1538 3464 1867 3531 celebratur,

278 3556 409 3627 quia
451 3556 640 3610 eodem
669 3555 756 3610 die
797 3564 919 3625 post
944 3556 1130 3635 mundi
1166 3557 1471 3622 victoriam,
1502 3544 1625 3626 post
1673 3556 1870 3613 inferni

277 3658 586 3715 regressum
607 3645 899 3700 ascendere
922 3653 1253 3700 memoratur
1274 3646 1341 3702 ad
1363 3646 1550 3712 ctelos,
1575 3647 1715 3702 sicut
1733 3648 1872 3703 scri-

277 3745 430 3811 ptum
454 3744 538 3793 est
563 3756 577 3792 :
608 3738 852 3793 Ascendit
875 3739 931 3792 in
953 3737 1140 3802 altum,
1168 3739 1298 3809 cepit
1327 3739 1697 3809 captivitatem,
1723 3740 1868 3793 dedit

279 3831 424 3883 dona
460 3828 755 3883 hominibus
798 3827 1014 3901 (Ephes.
1040 3845 1113 3895 Iv,
1136 3829 1213 3901 8).
1265 3828 1395 3898 Qua:
1439 3827 1703 3886 festivitas
1748 3830 1872 3887 ideo

280 3932 382 3990 per
397 3917 699 3975 revolutum
720 3933 985 3975 annorum
1012 3918 1276 3975 circulum
1304 3918 1634 3986 celebratur,
1662 3929 1722 3975 ut
1750 3921 1869 3977 uni-

276 4014 369 4066 tas
394 4018 685 4081 assumpta:
707 4011 888 4067 carnis
911 4010 1254 4067 ascendentis
1277 4010 1345 4066 ad
1364 4011 1645 4068 dexteram
1668 4013 1868 4081 Patris,

283 4103 340 4161 in
368 4103 685 4160 memoriam
714 4111 1039 4160 revocetur:
1093 4103 1247 4175 cujus
1291 4119 1487 4176 corpus
1529 4106 1603 4161 ita
1647 4107 1702 4162 in
1731 4107 1871 4163 ctelo

286 4210 410 4253 esse
440 4196 732 4263 credimus,
754 4204 813 4252 ut
832 4206 972 4261 erat,
994 4199 1210 4268 quando
1230 4198 1491 4253 ascendit.
1519 4197 1669 4266 Quod
1694 4208 1749 4254 et
1770 4216 1870 4256 vox

277 4287 520 4361 angelica
534 4296 886 4359 protestatur,
909 4290 1095 4345 dicens
1111 4307 1124 4342 :
1151 4286 1241 4344 Sic
1257 4290 1419 4345 veniet
1435 4290 1869 4361 quemadmodum

279 4381 483 4437 uidistis
510 4398 629 4437 eum
653 4392 856 4436 autem
882 4382 938 4437 in
977 4381 1162 4437 caelum
1193 4381 1334 4454 (Act.
1360 4399 1402 4446 ι,
1436 4381 1545 4453 li),
1592 4382 1645 4436 id
1680 4390 1784 4447 est,
1817 4384 1868 4438 in

277 4478 469 4534 eadem
495 4478 675 4534 carnis
714 4478 893 4550 specie
923 4490 1083 4548 atque
1120 4477 1460 4535 substantia:
1512 4478 1601 4532 cui
1630 4476 1871 4548 profecto

282 4570 433 4625 carui
459 4568 924 4625 immortalitatem
947 4570 1185 4633 donavit,
1202 4577 1460 4624 naturam
1490 4584 1594 4623 non
1625 4568 1865 4625 abstulit.

1974 1988 2266 2058 repetendo
2300 1985 2351 2054 δ,
2379 1996 2436 2043 et
2480 2003 2603 2044 cum
2654 1988 2909 2053 dixerint,
2953 1989 3131 2059 Agnus
3180 1986 3299 2053 Dei,
3346 1988 3560 2042 dicatur

1970 2081 2183 2137 excelsa
2200 2095 2352 2146 voce,
2376 2081 2671 2137 Accendite.
2690 2082 2953 2137 Accensis
2969 2082 3221 2137 omnibus
3240 2080 3555 2145 luminibus,

1968 2173 2216 2243 procedit
2242 2172 2485 2243 pontifex
2512 2189 2635 2230 cum
2663 2175 2810 2230 omni
2838 2183 3035 2230 ornatu
3065 2188 3235 2243 usque
3266 2175 3333 2229 ad
3363 2174 3555 2236 altare,

1968 2272 2026 2319 et
2051 2264 2223 2320 dicit:
2269 2262 2452 2320 Gloria
2489 2267 2544 2322 in
2586 2267 2802 2323 excelsis
2841 2267 2973 2334 Deo,
3004 2277 3059 2324 et
3087 2267 3365 2339 peragitur
3391 2266 3559 2323 missa

1968 2355 2023 2411 in
2045 2355 2234 2412 ordine
2258 2371 2377 2413 suo.

2386 2442 2389 2443 '
2544 2428 2771 2487 CAPUT
2801 2429 2991 2487 XXVI.

2534 2536 2601 2576 DE
2621 2536 2978 2577 PENTBCOSTI.

2037 2610 2259 2667 Initium
2310 2606 2466 2668 sane'
2492 2619 2550 2667 et
2601 2628 2765 2668 causa
2820 2610 3136 2668 festivitatis
3188 2612 3558 2681 Pentecostes,

1965 2702 2127 2774 paulo
2155 2703 2319 2760 latius
2365 2705 2658 2776 repetenda
2704 2712 2809 2760 est.
2858 2703 3206 2760 Pentecostes
3250 2704 3395 2761 enim
3444 2704 3561 2783 dies

1966 2791 2093 2849 hinc
2117 2796 2261 2865 cepit
2281 2795 2587 2861 exordium,
2613 2796 2829 2865 quando
2859 2794 2954 2851 Dei
2983 2810 3087 2851 vox
3132 2796 3186 2850 in
3216 2794 3346 2849 Sina
3376 2802 3560 2849 monte

1967 2885 2198 2957 desuper
2225 2886 2522 2941 intonantis
2550 2887 2734 2942 audita
2763 2896 2868 2952 est,
2908 2895 2963 2941 et
2992 2885 3076 2942 lex
3099 2885 3225 2941 data
3250 2895 3334 2941 est
3363 2884 3555 2957 Moysi.

1964 2976 2024 3033 lu
2049 2977 2199 3034 Novo
2227 2990 2410 3035 autem
2437 2979 2783 3035 Testamento
2803 2978 3151 3035 Pentecostes
3171 2979 3355 3049 capit,
3388 2993 3563 3048 quan-

1966 3069 2035 3126 do
2058 3070 2352 3126 adventum
2380 3071 2553 3127 sancti
2589 3069 2844 3141 Spiritus,
2884 3085 3047 3141 quem
3074 3069 3328 3126 Christus
3351 3068 3558 3140 promi-

1967 3161 2060 3229 sit,
2091 3162 2358 3229 exhibuit,
2382 3177 2546 3234 quem
2584 3163 2660 3217 ait
2685 3178 2793 3218 non
2822 3177 2945 3220 esse
2970 3171 3280 3229 venturum,
3315 3161 3421 3217 nisi
3444 3162 3562 3232 ipse

1889 3273 1935 3338 ρ
1967 3254 2287 3309 ascenderet
2334 3255 2388 3309 in
2437 3253 2656 3310 coelum.
2709 3254 2953 3325 Denique
3005 3254 3132 3310 dum
3176 3262 3390 3325 portam
3434 3252 3562 3310 coeli

1968 3342 2219 3401 Chtistus
2244 3345 2521 3411 intrasset,
2569 3346 2755 3402 decem
2781 3344 2974 3401 diebus
2999 3344 3352 3416 interpositis,
3393 3344 3564 3399 intre-

1970 3436 2108 3491 muit
2154 3435 2356 3502 subito,
2405 3437 2689 3492 orantibus
2731 3435 3009 3507 apostolis,
3055 3436 3224 3500 locus,
3250 3448 3305 3490 et
3331 3435 3561 3491 descen-

1969 3528 2131 3584 dente
2154 3538 2345 3585 sancto
2374 3529 2580 3599 Spiritu
2608 3543 2771 3599 super
2794 3544 2909 3594 eos,
2943 3526 3260 3583 inﬂammati
3299 3534 3426 3583 sunt
3458 3527 3559 3595 ita,

1968 3621 2239 3692 utlinguis
2253 3623 2494 3677 omnium
2511 3621 2748 3691 gentium
2777 3620 2875 3676 Dei
2905 3620 3171 3693 magualia
3185 3619 3558 3691 loquerentur.

1967 3717 2247 3774 Adventus
2272 3719 2455 3788 itaque
2483 3718 2658 3791 sancti
2682 3715 2916 3787 Spiritus
2943 3731 3108 3787 super
3129 3714 3423 3786 apostolos,
3440 3731 3563 3787 gra-

1970 3806 2044 3862 tia
2100 3807 2157 3862 in
2210 3807 2473 3862 varietate
2526 3792 2832 3878 linguarum
2888 3805 3102 3871 diﬂ‘usa,
3161 3806 3564 3862 solemnitatem

1970 3897 2277 3954 transmisit
2307 3897 2363 3953 in
2392 3908 2661 3967 posteros,
2693 3913 2866 3969 eaque
2897 3898 2964 3953 de
3004 3913 3169 3954 causa
3216 3897 3565 3955 Pentecostes

1969 3988 2296 4055 celebratur,
2343 3998 2399 4045 et
2447 3991 2562 4046 dies
2610 3990 2724 4060 ipse
2772 3990 2990 4060 proprie
3035 3990 3260 4061 insignis
3309 3990 3559 4049 habetur.

1969 4081 2276 4138 Concordat
2296 4091 2480 4138 autem
2516 4083 2631 4140 haec
2656 4082 2923 4139 festivitas
2953 4081 3230 4153 Evangelii
3256 4098 3379 4138 cum
3404 4081 3563 4139 festi-

1967 4177 2136 4233 vitate
2182 4178 2359 4250 Legis.
2399 4179 2512 4235 Illic
2559 4179 2704 4234 enim
2744 4187 3095 4251 posteaquam
3143 4195 3317 4251 agnus
3361 4180 3561 4237 immo-

1969 4268 2112 4326 latus
2139 4279 2242 4335 est,
2274 4272 2609 4343 interpositis
2647 4272 3037 4342 quinquaginta
3080 4271 3289 4337 diebus,
3322 4271 3446 4327 data
3480 4281 3567 4329 est

1972 4366 2056 4423 lex
2090 4366 2257 4438 Moysi
2281 4368 2485 4438 scripta
2522 4368 2692 4439 digito
2714 4367 2846 4422 Dei:
2896 4367 2985 4423 hic
3027 4375 3315 4439 postquam
3349 4368 3563 4423 occisus

1971 4470 2054 4517 est
2076 4461 2351 4528 Christus,
2381 4462 2473 4533 qui
2504 4470 2761 4533 tanquam
2797 4461 2916 4518 ovis
2941 4461 3009 4516 ad
3040 4459 3425 4517 immolandum
3463 4461 3555 4515 du-

1971 4563 2092 4611 ctus
2117 4563 2222 4621 est,
2265 4554 2572 4611 celebratur
2601 4570 2790 4610 verum
2840 4553 3087 4619 Pascha;
3137 4562 3192 4609 et
3230 4553 3561 4623 interpositis

282 4657 520 4717 Dextera
561 4668 742 4715 autem
789 4658 985 4725 Patris,
1017 4660 1086 4715 ad
1117 4676 1279 4731 quam
1313 4660 1455 4717 idem
1487 4658 1655 4717 Filius
1681 4662 1868 4718 sedere
1897 4651 1950 4715 υ
1970 4646 2355 4718 quinquaginta
2383 4646 2592 4712 diebus,
2622 4646 2781 4701 dam"
2819 4646 3052 4717 δρίτίε¹¹³
3093 4656 3335 4711 “news:
3363 4647 3456 4716 ειυί
3480 4655 3560 4701 95'

284 4751 546 4814 creditur,
593 4758 815 4808 nou‘est
847 4766 1130 4823 corporea,
1181 4753 1325 4823 quod
1373 4752 1526 4810 nefas
1556 4759 1641 4809 est
1669 4753 1734 4809 de
1762 4754 1872 4809 Deo

281 4843 507 4909 sentire,
550 4844 645 4899 sed
673 4843 892 4899 dextera
937 4842 1115 4900 Patris
1153 4855 1238 4901 est
1271 4845 1549 4902 beatitudo
1590 4854 1868 4917 perpetua,

283 4951 407 5007 qua:
432 4936 638 4992 sanctis
663 4935 719 4990 iu
740 4937 1140 4993 resurrectione
1175 4937 1532 5008 promittitur,
1564 4938 1617 4994 id
1641 4947 1746 5005 est,
1776 4939 1873 4994 Ec-

236 5045 252 5049 ‘
284 5029 488 5093 clesite,
537 5045 658 5100 qua:
702 5038 787 5085 est
827 5045 1024 5100 corpus
1067 5030 1306 5088 Christi:
1362 5032 1503 5087 sicut
1549 5041 1607 5088 et
1652 5033 1874 5089 sinistra

282 5119 403 5191 ejus
465 5129 614 5177 recte
658 5121 981 5193 intelligitur
1020 5120 1239 5177 miseria
1285 5131 1341 5177 et
1384 5135 1544 5193 paena
1570 5134 1870 5195 perpetua,

281 5231 408 5289 qua:
436 5214 615 5286 impiis
642 5214 878 5271 dabitur.

866 5303 1095 5362 CAPUT
1129 5304 1295 5362 XXV.

926 5414 992 5453 DE
1022 5413 1241 5454 νιθιιιλο

355 5491 418 5551 ln
445 5492 629 5566 vigilia
654 5492 1004 5549 Pentecostes
1033 5491 1113 5548 ita
1151 5490 1348 5562 agitur,
1380 5487 1522 5547 sicut
1551 5487 1606 5546 in
1636 5487 1874 5546 Sabbato

363 5660 393 5732 ξ
421 5648 506 5732 at.
520 5690 534 5714 ,
552 5649 649 5732 .De.
674 5646 1073 5732 Rogationibus.

357 5713 391 5761 δ
413 5713 721 5776 Amalarius
749 5713 901 5787 ibid.,
928 5736 1052 5787 pag.
1081 5715 1206 5787 964.

362 5719 901 5873 δῗῖᾖῗξέδὲἶ
928 5719 1264 5873 Vigjgtgo
1288 5786 1609 5873 :bienardus
1651 5788 1714 5873 in.
1745 5784 1871 5873 libr.

286 5857 540 5924 Sacram.
573 5859 634 5919 S.
674 5860 835 5933 Greg.
867 5869 980 5918 not.
1015 5861 1153 5931 393;
1197 5857 1254 5921 ét
1297 5858 1541 5922 Hancne
1576 5859 1645 5923 de
1683 5861 1872 5937 Antiq.

696 5956 973 6027 Parum.
1021 5952 1125 6023 Cl.

1971 4740 2171 4815 digitus
2201 4742 2316 4807 Dei,
2347 4756 2511 4812 super
2536 4751 2755 4797 centum
2783 4739 2974 4811 viginti
2999 4739 3308 4813 discipulos,
3360 4740 3547 4796 Μυσαί-

1975 4848 2053 4891 ca:
2075 4833 2253 4891 aetatis
2281 4848 2506 4888 numero
2533 4831 2879 4888 constitutos.

2528 4940 2756 4998 CAPUT
2794 4940 3007 4999 XXVII.

2526 5049 2591 5090 DE
2618 5048 2869 5090 DOIINICA
2897 5048 3003 5088 DIE.

2048 5130 2386 5188 Dominicum
2439 5128 2580 5185 diem
2626 5127 2852 5199 apostoli
2899 5126 3022 5182 ideo
3068 5125 3318 5195 religiosa
3367 5124 3561 5180 solem-

1975 5223 2143 5279 nitate
2165 5228 2479 5287 sanxerunt,
2510 5219 2635 5291 quia
2664 5219 2719 5275 in
2748 5220 2939 5275 eodem
2966 5217 3223 5272 Dominus
3247 5224 3301 5270 et
3333 5214 3563 5270 Redem-

1975 5323 2100 5387 ptor
2132 5320 2317 5368 noster
2334 5326 2365 5367 a
2395 5311 2622 5367 mortuis
2644 5310 2978 5366 resurrexit:
3005 5308 3204 5378 quique
3238 5304 3359 5361 ideo
3380 5302 3565 5359 Domiv

1976 5406 2132 5463 uicus
2175 5404 2496 5477 appellatur,
2537 5411 2597 5459 ut
2644 5404 2699 5458 in
2746 5416 2812 5459 eo
2842 5416 2873 5457 a
2905 5399 3139 5456 terrenis
3180 5399 3435 5470 operibus
3478 5394 3561 5451 vel

1975 5500 2163 5556 mundi
2189 5496 2456 5554 illecebris
2480 5494 2833 5560 abstinentes,
2864 5500 3076 5548 tantum
3103 5489 3303 5546 divinis
3330 5487 3563 5546 cultibus

1974 5652 2120 5725 Eccl.
2149 5652 2395 5725 Discipl.,
2429 5667 2552 5723 cap.
2580 5648 2673 5725 ετ.
2703 5661 2853 5725 tum).
2882 5644 2936 5700 2.

2045 5724 2073 5765 ιι
2101 5725 2226 5793 Ms.,
2263 5714 2425 5781 tinus
2467 5714 2728 5794 petendo;
2767 5714 2908 5773 forte
2948 5714 3257 5790 legendum,
3290 5721 3370 5769 ter
3412 5726 3560 5783 repe-

1975 5796 2151 5854 tendo.
