4032 6354
484 378 624 444 1227

1296 379 1361 435 Β.
1400 374 1460 431 F.
1504 370 1729 432 ALBINI
1769 371 1902 430 SEU
1940 368 2220 451 ALCUINI
2258 358 2767 426 OPERUMPARS
2805 365 2899 423 lx.

3624 358 3772 421 1223

482 502 810 564 serviamus,
842 498 1031 552 danws
1057 493 1262 548 scilicet
1290 492 1418 546 huic
1457 489 1563 544 diei
1603 491 1861 544 honorem
1889 494 1943 541 et
1978 499 2065 540 re-
2098 494 2143 552 Α
2170 482 2352 553 phetia
2388 482 2441 535 in
2470 496 2576 535 uno
2598 479 2890 550 Evangelio
2920 466 3364 549 rccapitulantut‘,
3391 476 3539 548 quod
3566 475 3774 550 legitur

479 594 781 656 vermtiam
808 597 1026 662 propter
1046 600 1194 660 spem
1222 583 1638 641 resurrectionis
1662 593 1882 645 nostrm,
1906 595 2069 659 quam

480 672 749 747 habemus
773 683 829 737 in
851 680 962 737 illa.
988 662 1127 736 Nam
1146 678 1287 734 sicut
1304 677 1417 747 ipse
1443 675 1702 730 Dominus
1730 672 1886 728 Jesus
1914 672 2070 735 Chri-g

482 788 601 843 stus
624 785 680 832 et
704 775 957 857 Salvator
990 756 1177 827 noster
1215 769 1375 825 tertia
1535 768 1835 824 resurrexit
1864 783 1895 822 a
1924 782 2068 821 mor-

484 864 592 928 tuis
616 889 629 925 :
657 870 732 926 ita
768 875 824 925 et
850 881 949 922 nos
975 874 1382 922 resurrecturos
1424 859 1475 916 in
1508 860 1803 935 novissimo
1829 859 1917 913 die
1940 872 2065 928 spe-

480 942 688 1019 ramus.
716 958 872 1017 Unde
892 958 1056 1014 etiam
1095 958 1149 1011 in
1179 955 1457 1011 Dominico
1478 955 1563 1008 die
1593 961 1797 1029 stantes
1824 967 2067 1024 oramus,

482 1054 629 1129 quod
646 1060 732 1111 est
742 1053 954 1123 signum
976 1048 1172 1123 futura:
1194 1046 1619 1101 resurrectionis.
1647 1043 1884 1114 Apparet
1901 1042 2071 1115 488

485 1154 667 1206 autem
712 1145 859 1201 hunc
888 1141 1033 1197 diem
1075 1140 1240 1196 etiam
1279 1138 1335 1193 in
1376 1138 1580 1194 sanctis
1612 1134 1907 1211 Scripturis
1949 1148 2070 1207 esse

482 1238 799 1311 solemnem.
821 1234 941 1307 Ipse
969 1242 1053 1289 est
1074 1231 1217 1287 enim
1261 1231 1377 1309 dies
1400 1231 1609 1307 primus
1638 1227 1839 1293 saeculi,
1872 1228 1925 1281 in
1951 1228 2070 1296 ipso

479 1330 715 1389 formata
764 1336 891 1388 sunt
932 1327 1198 1384 elementa
1245 1326 1448 1388 mundi,
1481 1325 1536 1378 in
1584 1324 1700 1394 ipso
1744 1322 1911 1377 creati
1945 1327 2070 1377 sunt

483 1425 681 1497 angeli,
729 1424 785 1479 in
832 1424 949 1494 ipso
994 1435 1209 1491 quoque
1236 1435 1267 1474 a
1296 1420 1524 1474 mortuis
1572 1416 1868 1473 resurrexit
1913 1412 2073 1485 Chri-

484 1527 623 1583 stus,
656 1516 713 1570 in
750 1515 868 1584 ipso
896 1513 965 1568 de
1006 1511 1163 1568 etelis
1205 1525 1367 1580 super
1415 1508 1686 1581 apostolos
1727 1515 1946 1565 sanctus
1973 1506 2068 1561 de-

483 1608 695 1679 scendit
723 1605 978 1676 Spiritus,
1008 1620 1201 1658 manna
1234 1602 1423 1657 eodem
1458 1601 1512 1654 in
1537 1614 1723 1655 eremo
1745 1598 1980 1671 primum
2005 1598 2073 1652 de

482 1699 625 1757 coelo
653 1699 837 1753 datum
864 1704 965 1751 est.
1001 1693 1091 1751 Sic
1111 1694 1253 1748 enim
1276 1693 1405 1748 dicit
1430 1692 1725 1747 Dominus:
1758 1689 1865 1745 Sex
1891 1690 2072 1767 diebus

484 1790 735 1862 colligetis
765 1778 979 1855 manna,
1018 1789 1076 1841 in
1098 1786 1181 1840 die
1208 1795 1380 1840 autem
1404 1794 1550 1839 sexta
1578 1782 1795 1854 duplum
1819 1780 2071 1849 colligetis

2171 576 2225 643 in
2252 585 2407 630 sexta
2426 583 2586 631 aetate
2610 574 2817 628 mundi.

2738 680 2967 739 CAPUT
2990 679 3215 736 ΧΧΙΧει

2406 822 2429 836 ιη
2490 796 2573 837 »ε
2601 794 2839 834 ωελτο
2866 793 2917 832 IN
2959 793 3037 832 XII
3062 790 3431 833 ιιιετιαιηυι.

2238 889 2525 947 Lectiones
2543 890 2829 945 duodecim
2853 888 3385 960 propterduodecim
3422 888 3658 943 lectores
3684 887 3774 943 di-

2171 995 2385 1050 cuntur,
2411 985 2537 1055 quia
2561 984 2628 1039 ab
2651 982 2889 1052 antiquis
2912 981 3173 1036 Romanis
3192 981 3277 1036 bis
3296 980 3637 1051 legebantur.
3668 981 3775 1036 hoc

2170 1087 2271 1141 est,
2303 1078 2490 1132 Gmce’
2516 1084 2572 1131 et
2613 1072 2823 1142 Latine,
2869 1077 2986 1147 (sex
3030 1074 3175 1129 enim
3218 1081 3520 1139 tantummo
3545 1077 3595 1128 ὀ
3623 1071 3773 1145 sunt)

2170 1167 2273 1223 nisi
2309 1169 2336 1208 ι’
2366 1167 2545 1233 fallor,
2577 1169 2713 1223 duas
2745 1170 2821 1221 oti
2843 1176 3073 1221 causas:
3126 1178 3253 1229 una,
3302 1166 3427 1235 quia
3458 1167 3691 1219 aderant
3715 1173 3771 1219 et

2169 1260 2361 1325 Grieci,
2390 1261 2584 1330 quibus
2613 1261 2797 1330 ignota
2823 1265 2942 1312 erat
2966 1258 3147 1328 lingua
3178 1256 3369 1310 Latina
3395 1274 3408 1321 ;
3450 1257 3687 1310 aderant
3712 1265 3769 1309 et

2171 1353 2370 1417 Latini,
2415 1353 2611 1423 quibus
2644 1352 2932 1422 incognita
2961 1360 3080 1405 erat
3127 1348 3313 1405 Grates
3342 1368 3356 1401 :
3403 1350 3574 1403 altera
3608 1365 3768 1403 causa

2168 1453 2394 1516 propter
2447 1445 2859 1505 unanimitatem
2912 1444 3200 1512 utriusque
3258 1440 3459 1511 populi.
3510 1440 3616 1507 Qui
3656 1456 3771 1495 mos

2172 1538 2313 1608 apud
2356 1535 2857 1606 Constantinopolin
2905 1535 3105 1604 ubique
3142 1534 3303 1589 hodie
3342 1542 3617 1588 servatur.
3661 1533 3769 1589 Nec

2172 1629 2243 1687 ab
2269 1643 2329 1685 re
2349 1638 2452 1693 est,
2478 1630 2621 1698 quod
2642 1628 2697 1682 in
2725 1638 3047 1697 unoquoque
3085 1626 3293 1697 jejunio
3317 1635 3433 1680 tres
3466 1626 3589 1681 dies
3617 1636 3763 1691 sunt,

2170 1717 2298 1789 quia
2324 1718 2755 1786 unumquodque
2790 1724 3004 1787 tempus
3033 1723 3146 1770 tres
3187 1730 3402 1773 menses
3439 1716 3623 1777 habet,
3650 1700 3769 1785 pro

2142 1821 2501 1878 *unoquoque
2527 1822 2714 1862 mense
2743 1807 2936 1875 singuli
2973 1807 3089 1862 dies
3115 1803 3325 1877 jejunio
3355 1816 3766 1862 consecrantur.

486 1880 683 1955 (Exod.
715 1897 823 1945 xvr,
846 1879 902 1948 4,
931 1878 1008 1951 5).
1055 1877 1219 1970 Sexta
1263 1879 1407 1931 enim
1453 1876 1569 1970 dies
1616 1882 1699 1929 est
1744 1873 2066 1970 Parasceve,
2102 1888 2149 1949 Β
2242 1873 2317 1956 Et’
2344 1873 2517 1955 συὶ,ίῦ
2538 1901 2767 1955 sabbato
2795 1873 3133 1970 péussimum
3305 1899 3653 1953 consecratio
3677 1913 3767 1952 ω.

484 1990 604 2047 quae
632 1982 757 2039 ante
780 1972 1065 2029 sabbatum
1089 1969 1349 2040 ponitur;
1378 1968 1659 2045 sabbatum
1678 1986 1681 1987 ν
1702 1974 1883 2020 autem
1908 1964 2071 2032 septi-

483 2084 572 2125 ma
600 2069 714 2125 dies
750 2075 853 2133 est,
882 2080 1044 2135 quam
1074 2063 1318 2133 sequitur
1365 2058 1675 2115 Dominicus
1713 2057 1845 2120 dies,
1876 2057 1928 2109 in
1966 2070 2079 2135 quo

483 2162 715 2233 primum
760 2175 957 2216 manna
1002 2158 1069 2214 de
1111 2157 1250 2213 caelo
1293 2155 1458 2211 venit.
1500 2153 1652 2210 Unde
1688 2151 1939 2220 colligant
1981 2148 2074 2205 Ju-

483 2240 584 2310 ἆιεὶ
616 2256 730 2327 jam
774 2262 904 2308 tunc
948 2252 1229 2323 praelatam
1279 2263 1398 2304 esse
1443 2236 1666 2307 Iudaico
1710 2244 1933 2325 sabbato
1990 2239 2089 2312 ip-i

484 2362 671 2401 sorum
714 2346 1071 2411 Dominicam,
1108 2350 1344 2397 nostram
1379 2360 1391 2394 :
1437 2338 1553 2408 jam
1593 2347 1720 2395 tunc
1759 2338 2073 2409 indicatum,

486 2438 629 2509 quod
658 2438 833 2509 gratia
863 2436 957 2490 Dei
988 2437 1055 2490 ad
1099 2449 1194 2490 eos
1235 2434 1313 2489 de
1346 2432 1483 2488 melo
1523 2431 1667 2486 nulla
1701 2410 2072 2496 descenderit,
2115 2501 2123 2504 ν

486 2532 582 2587 sed
612 2530 668 2585 in
692 2536 881 2585 sancta
904 2527 1184 2588 Dominica
1215 2524 1508 2592 nostra,<in
1533 2539 1639 2596 qua
1670 2524 1905 2594 primum
1931 2537 2075 2577 eam-

487 2624 610 2689 dem
635 2621 898 2685 Dominus
923 2619 1081 2691 pluit.

1027 2730 1255 2789 CAPUT
1290 2728 1527 2787 XXVIII.
1558 2762 1562 2767 -

914 2840 993 2882 DE‘
1002 2838 1230 2881 ιεωιιιιε
1254 2838 1308 2878 ιν
1337 2835 1647 2878 'I‘EIPOIIUI.

516 2952 519 2957 ν
558 2918 803 2988 Quatuor
821 2925 950 2974 sunt
974 2926 1216 2987 tempora
1241 2915 1387 2979 anni,
1426 2912 1478 2967 id
1498 2921 1601 2977 est,
1628 2925 1741 2975 ver,
1770 2919 1952 2975 aestas,
1982 2918 2076 2964 au-

488 3021 722 3068 tumnus.
757 3017 813 3066 et
843 3010 1036 3065 hiems.
1087 3008 1215 3063 Haec
1245 3014 1486 3075 tempora
1520 3003 1697 3060 solent
1722 3018 1819 3058 nos
1857 3018 1952 3073 per
1980 3003 2075 3057 de-

479 3104 815 3159 iectamenta
840 3114 937 3155 sua
962 3112 1220 3154 revocare
1246 3099 1314 3151 ab
1336 3111 1527 3151 amore
1551 3095 1846 3149 charitatis.
1874 3094 1931 3147 In
1961 3094 2081 3162 qui-

489 3192 594 3248 bus
628 3198 843 3261 oportet
876 3203 978 3244 nos
994 3188 1259 3259 jejunare,
1288 3186 1498 3240 etiamsi
1528 3186 1736 3239 venerit
1778 3183 1914 3237 inl'ra
1942 3184 2077 3237 Pen-

2175 1996 2436 2061 lebretur,
2450 1995 2784 2066 Augustinus
2806 1994 3076 2051 scribitad
3091 1991 3410 2047 Januarium
3424 1992 3499 2046 ita
3517 2004 3538 2030 ε
3561 2010 3577 2046 :
3597 2010 3618 2042 ι
3640 1990 3771 2049 Sab-

2173 2087 2360 2143 batum
2388 2088 2831 2149 eotnmendatum
2854 2093 2937 2141 est
2979 2086 3145 2153 priori
3178 2084 3376 2154 populo
3413 2084 3471 2138 in
3513 2083 3630 2138 otio
3651 2098 3769 2139 eor-

2174 2177 2435 2249 poraliter
2458 2178 2862 2241 celebrandum,
2894 2185 2952 2230 ut
2989 2176 3161 2245 ﬁgura
3188 2183 3335 2229 esset
3376 2173 3766 2229 sanctificatio-

2175 2271 2350 2343 nisin
2398 2271 2583 2339 requie
2616 2269 2854 2339 Spiritus
2897 2269 3088 2323 sancti.
3138 2266 3415 2337 Scriptum
3454 2274 3541 2321 est
3584 2266 3763 2320 enim:

2178 2363 2538 2432 Sanctiﬁcavit
2587 2363 2732 2417 Deus
2782 2364 2920 2417 diem
2966 2362 3242 2432 septimm
3291 2358 3443 2429 (Gen.
3481 2376 3544 2423 ιι,
3576 2361 3634 2428 3)
3661 2346 3771 2438 {et

2176 2459 2320 2530 Quia,
2355 2459 2589 2513 alacritas
2618 2456 2715 2510 Dei
2737 2457 2934 2525 diffusa
2974 2464 3049 2510 est
3079 2457 3133 2510 in
3171 2454 3416 2508 cordibus
3456 2454 3655 2507 nostris
3682 2468 3770 2521 ριν

2178 2548 2435 2619 Spiritum
2456 2557 2694 2603 sanctum
2727 2546 2982 2619 (Rom.v,
3018 2546 3098 2617 5),
3143 2554 3612 2601 commemoratur
3648 2531 3771 2599 san-

2178 2640 2438 2695 ctilicatio
2469 2639 2523 2694 in
2563 2639 2795 2708 septimo
2838 2639 2945 2694 die.
2978 2658 2998 2691 ι
3034 2638 3281 2708 EpiseOpi
3310 2653 3440 2693 vero
3489 2650 3771 2692 consecra-

2090 2727 2094 2732 ’
2178 2730 2275 2794 tio,
2310 2732 2399 2799 qui
2431 2736 2517 2785 est
2541 2729 2781 2785 vicarius
2808 2731 3198 2800 apostolorum,
3226 2730 3336 2786 imo
3361 2737 3418 2784 et
3462 2728 3691 2793 Christi,
3712 2727 3769 2782 ﬁt

2092 2843 2097 2848 ·
2178 2822 2233 2876 in
2263 2821 2562 2887 Dominica,
2601 2821 2728 2890 quia
2779 2822 2969 2877 eodem
3016 2822 3103 2877 die
3136 2835 3235 2891 per
3282 2820 3483 2875 donum
3540 2818 3773 2888 Spiritu

2179 2913 2351 2967 sancti
2396 2913 2645 2983 dignatus
2690 2920 2775 2968 est
2828 2912 3099 2968 illustrare
3153 2911 3315 2966 corda
3374 2913 3764 2981 apostolorum.

2182 3004 2425 3060 Sahbato
2468 3006 2633 3075 igitur
2679 3016 2913 3074 quatuor
2952 3005 3205 3076 leguntur
3244 3005 3535 3070 lectiones,
3561 3005 3771 3077 quando

2139 3147 2142 3150 .
2180 3098 2488 3153 benedictio
2516 3097 2766 3170 largitur,
2793 3098 2920 3167 quia
2953 3098 2982 3137 ἀ
3026 3110 3261 3168 quatuor
3287 3107 3419 3153 sunt
3445 3100 3667 3154 ordines
3686 3098 3773 3152 be-
3856 3094 3859 3101 ’

2183 3192 2543 3245 nedicentiutn
2595 3190 2904 3256 Dominum,
2960 3201 3020 3244 ut
3069 3191 3199 3246 illud
3253 3191 3527 3246 Davidis:
3583 3191 3773 3246 Dama

491 3253 758 3346 tecosten,
809 3253 1385 3351 quando'celehratur
1434 3275 1700 3330 festivitas
1751 3274 2079 3344 septiformis
2106 3253 2152 3316 (ἶ
2182 3282 2371 3347 Israel,
2420 3282 2705 3335 benedicite
2750 3253 3034 3334 Dominum
3082 3278 3255 3352 (Psal.
3307 3297 3534 3347 cxxxrv,
3570 3282 3676 3351 l9),
3720 3281 3769 3335 id

493 3372 755 3444 Spiritus,
779 3379 840 3425 ut
866 3369 995 3424 illud
1032 3367 1415 3424 Dominicum:
1479 3364 1690 3419 Veniant
1731 3376 1905 3419 autem
1946 3366 2079 3431 dies,

489 3481 613 3521 cum
666 3464 935 3535 auferetur
980 3462 1044 3516 ab
1091 3462 1166 3515 eis
1219 3474 1461 3531 sponsus,
1512 3467 1561 3511 et
1592 3466 1715 3511 tunc
1760 3457 2081 3527 jejunabunt

493 3556 712 3631 (lauit.
736 3569 813 3620 ιι,
846 3553 956 3624 15).
1005 3552 1083 3607 De
1105 3552 1190 3607 his
1228 3552 1597 3619 Augustinus'
1634 3549 1892 3617 Quamvis
1935 3550 2084 3602 ordia

493 3648 644 3704 natio
668 3662 775 3701 non
802 3644 915 3711 ﬂat,
954 3642 1321 3701 necessarium
1367 3649 1547 3695 tamen
1577 3648 1663 3694 est
1711 3648 1913 3694 nostra:
1952 3638 2085 3693 reli-

495 3740 642 3814 gioni
672 3747 905 3809 quatuor
933 3746 1235 3806 temporum
1258 3731 1458 3804 jejunia
1480 3732 1770 3787 celebrare.
1797 3730 1873 3784 De
1894 3728 2083 3783 eodem

492 3832 697 3907 jejunio
717 3832 849 3887 dicit
871 3831 982 3886 Leo
1006 3843 1146 3900 papa
1176 3827 1229 3881 in
1260 3826 1506 3881 llumiliis
1525 3837 1551 3867 ι
1578 3844 1590 3878 :
1620 3825 1690 3880 Ut
1706 3822 1967 3895 jejunium
1990 3836 2083 3876 ce-

497 3924 741 3980 lebretur
784 3923 840 3977 in
872 3920 1160 3991 largitione
1192 3931 1481 3973 sacrorum-
1511 3914 1783 3979 ordinum,
1830 3912 2083 3968 Ecclesia:

496 4014 786 4087 primitivte
807 4028 927 4068 mos
949 4010 1199 4075 obtinuit,
1232 4018 1287 4063 ut
1316 4008 1445 4062 illud
1469 4026 1481 4059 :
1523 4005 1950 4060 Ministrantibus
1972 4002 2079 4058 ittis

498 4108 725 4163 Domino
752 4116 803 4161 et
820 4102 1206 4175 jejunantibus,
1228 4100 1363 4155 dixit
1389 4098 1619 4170 Spiritus
1643 4107 1855 4152 sanctus
1877 4110 1896 4148 :
1920 4094 2085 4167 Sepa-

500 4211 617 4257 rate
640 4200 773 4255 mihi
795 4198 1020 4255 Satrium
1062 4208 1112 4252 et
1138 4194 1522 4259 Barnabamjn
1553 4207 1681 4263 opus
1708 4190 2003 4254 ministerii,
2030 4197 2086 4244 et

500 4294 709 4363 reliqua
737 4290 876 4363 (Act.
904 4304 1023 4355 xui,
1056 4288 1135 4361 2).
1168 4286 1310 4341 Tum:
1329 4286 1635 4357 jejunantes
1661 4295 1707 4338 et
1735 4292 1961 4347 orantes,
1989 4284 2088 4336 im-

502 4392 847 4452 patientesque
886 4382 961 4435 eis
1008 4393 1217 4443 manus,
1260 4377 1568 4433 dimiserunt
1594 4376 1732 4431 illos.
1760 4376 1868 4430 Isto
1898 4374 2002 4439 die,
2033 4373 2087 4427 id

503 4484 609 4539 est,
635 4484 826 4544 quarta
852 4473 1009 4537 feria,
1052 4471 1303 4538 leguntur
1334 4469 1455 4526 dua:
1483 4469 1779 4525 lectiones:
1831 4469 2086 4538 quoniam

2180 3384 2283 3439 est,
2312 3373 2640 3427 lsraeliticus
2663 3371 2889 3442 populus
2914 3389 2928 3424 :
2962 3370 3160 3425 Domus
3190 3372 3391 3435 Ααι-οη,
3428 3373 3481 3424 id
3517 3380 3617 3434 est,
3648 3384 3773 3439 pra:-

2148 3518 2149 3521 η
2182 3465 2275 3521 lati
2311 3462 2347 3520 :'
2373 3465 2572 3519 Domus
2617 3462 2761 3527 Levi,
2790 3462 2845 3517 id
2884 3471 2987 3528 est,
3016 3462 3250 3517 ministri
3280 3462 3373 3516 Dei
3400 3476 3415 3514 :
3450 3460 3554 3526 Qui
3587 3457 3770 3529 timetis

2181 3557 2483 3620 Dominum,
2509 3555 2575 3611 de
2598 3556 2811 3610 cmteris
2841 3555 3177 3609 nationibus.
3205 3553 3261 3608 In
3310 3555 3430 3608 istis
3456 3553 3773 3607 lectiooibus

2183 3650 2500 3704 imbuuntur
2522 3648 2809 3703 ordinandi
2834 3648 2901 3700 ad
2925 3640 3171 3716 exempla
3192 3655 3507 3702 sanctorum
3536 3643 3769 3697 Patrum.

2179 3739 2441 3795 Proxima
2466 3738 2627 3794 lectio
2649 3738 3008 3794 ordinationis
3047 3738 3111 3792 de
3139 3738 3346 3791 continu
3388 3737 3527 3807 ignis
3558 3735 3772 3807 tegitur,

2181 3832 2307 3902 quia
2343 3848 2451 3888 non
2472 3840 2650 3902 potest
2690 3832 2792 3886 rite
2824 3834 2986 3887 homo
3026 3832 3091 3885 ad
3123 3826 3591 3886 consecrationem
3621 3842 3776 3891 acce-

2128 3974 2133 3977 .
2184 3925 2336 3990 dere,
2379 3925 2483 3980 nisi
2524 3934 2762 3979 transeat
2810 3938 2906 3992 per
2935 3922 3231 3987 fornacem,
3272 3929 3330 3976 et
3373 3921 3449 3975 ibi
3498 3919 3776 3975 benedicat

2183 4018 2371 4083 Deum,
2401 4028 2463 4071 ut
2487 4017 2613 4071 illud
2640 4035 2653 4070 :
2694 4015 2834 4070 Vasa
2863 4016 3015 4087 ﬁguli
3035 4015 3218 4085 probat
3242 4013 3455 4083 (ornas,
3490 4020 3551 4068 et
3575 4012 3775 4080 reliqua

2186 4104 2375 4179 (Eccli.
2425 4123 2597 4171 xxvii,
2635 4107 2713 4179 6).
2760 4106 3099 4177 Quapropter
3144 4105 3340 4161 debent
3390 4090 3776 4173 tnushsper

2184 4195 2478 4262 fornacem,
2525 4198 2672 4267 quod
2701 4206 2860 4252 sonat
2894 4196 3052 4250 lectio
3080 4206 3288 4266 quinta,
3317 4202 3379 4248 ut
3419 4194 3501 4249 sic
3544 4191 3775 4265 probati,

2186 4290 2445 4344 accedere
2485 4290 2552 4342 ad
2580 4302 2797 4343 sacrum
2844 4289 3158 4358 mysterium
3188 4287 3425 4349 valeant,
3463 4286 3612 4341 sicut
3649 4282 3776 4355 legi-

2188 4391 2276 4437 tur
2301 4382 2356 4436 in
2378 4389 2529 4437 sexta
2558 4382 2788 4437 lectione
2816 4400 2829 4435 :
2869 4380 3105 4437 Scientes
3126 4381 3265 4453 quod
3282 4379 3560 4433 tribulatio
3583 4380 3782 4449 patien-

2188 4475 2315 4528 tiam
2344 4486 2610 4544 Operatur,
2658 4482 2712 4528 et
2755 4474 2959 4543 reliqua
3009 4472 3187 4544 (Rom.
3223 4488 3277 4537 ν,
3303 4473 3380 4541 3).
3435 4471 3515 4525 De
3562 4472 3783 4539 respon-

503 4565 559 4621 hi
595 4565 689 4635 qui
718 4564 784 4619 ad
811 4578 1024 4621 sacrum
1057 4561 1307 4617 ordinem
1348 4568 1657 4627 transeunt,
1679 4561 1875 4616 debent
1900 4561 2085 4616 admo-
2113 4611 2161 4635 ,ι
2190 4565 2351 4619 soriis
2383 4578 2491 4619 non
2517 4575 2599 4620 est
2643 4568 2864 4620 necesse
2890 4564 3035 4619 aliud
3060 4563 3267 4626 dicere,
3294 4576 3459 4630 quam
3488 4559 3641 4629 quod
3675 4559 3781 4613 sin-

503 4657 643 4720 neri,
689 4663 751 4711 ut
794 4654 1027 4725 habeant
1078 4652 1329 4725 notitiam
1375 4650 1534 4722 Legis
1576 4660 1632 4705 et
1672 4650 2082 4719 Prophetarum.

504 4747 709 4816 Quarta
753 4748 900 4803 enim
944 4753 1103 4802 aetate
1131 4743 1247 4806 Lex
1286 4752 1343 4799 et
1367 4743 1651 4812 PrOpheta:
1699 4743 2001 4817 viguerunt,-
2032 4752 2088 4799 et

502 4839 675 4913 David
701 4838 1161 4901 bellicosissimus,
1187 4835 1280 4906 qui
1304 4835 1690 4903 interpretatur
1719 4851 1895 4895 manu
1911 4834 2087 4902 fortis,

502 4931 559 4986 in
595 4927 784 4985 eadem
820 4937 981 4983 aetate
1006 4925 1246 4993 Goliath,
1270 4926 1323 4980 id
1351 4934 1457 4991 est,
1480 4925 1755 4981 humilitas
1783 4926 2087 4994 superbiam

500 5020 816 5090 prostravit.
850 5018 1051 5074 Contra
1092 5032 1253 5089 quem
1291 5015 1527 5083 Goliath,
1570 5017 1621 5070 id
1648 5024 1751 5081 est,
1793 5016 2086 5080 diabolum,

505 5109 703 5165 debent
724 5109 778 5163 in
802 5107 1108 5164 humilitate
1141 5107 1424 5174 dimicare,
1448 5106 1538 5176 qui
1565 5108 1631 5161 ad
1657 5121 1842 5162 sacros
1869 5105 2084 5159 ordines

500 5200 892 5271 provehantur.
942 5199 1141 5270 Quinta
1174 5198 1309 5256 feria
1338 5198 1489 5254 deest
1528 5197 1759 5253 ollicium
1804 5206 1857 5254 et
1900 5197 2083 5263 missa,

505 5292 629 5350 ideo
664 5292 822 5349 debet
860 5293 1068 5350 cantari
1105 5293 1173 5349 de
1213 5292 1491 5347 Dominica
1520 5290 1884 5345 Pentecostes.
1926 5288 2084 5344 Feria

505 5391 659 5442 sexta
702 5401 810 5447 una
843 5392 1055 5441 tantum
1092 5383 1285 5457 legitur
1317 5382 1497 5448 lectio,
1546 5382 1672 5453 quia
1722 5381 1831 5435 Lex
1868 5390 1921 5435 et
1951 5377 2093 5437 Pro—7

579 5546 607 5579 ι
646 5535 774 5594 Haec
824 5547 1045 5609 accepta
1083 5536 1335 5594 videntur
1383 5550 1453 5592 ex
1499 5535 1659 5605 epist.
1708 5533 1743 5592 9
1785 5548 1910 5590 nov.
1957 5532 2085 5587 edit.

508 5602 725 5677 Venet.,
749 5624 869 5679 cap.
905 5602 955 5664 1.

580 5679 610 5722 δ
642 5678 949 5752 ᾼιιιειιὶιίιιβ
977 5680 1099 5733 libr.
1132 5695 1194 5743 ιι,
1220 5696 1338 5752 cap.
1363 5680 1397 5752 Vl
1429 5687 1483 5734 et
1509 5678 1563 5733 3.

583 5758 608 5821 ξ
638 5747 699 5821 S.
724 5749 869 5821 Aug.
885 5749 1006 5804 libr.
1027 5764 1090 5821 ιι,
1117 5747 1394 5818 ερὶει.’55,
1429 5766 1548 5821 cap.
1581 5748 1669 5804 I0.

584 5816 610 5855 ά
646 5814 840 5872 Δωειῖ
856 5819 960 5873 Ιοε.
990 5820 1083 5873 cit.
1112 5814 1232 5889 cap.
1269 5821 1321 5874 3.

2113 4611 2162 4671 D

2187 4656 2327 4728 gulis
2369 4656 2690 4712 lectiOtiibus
2741 4658 3082 4725 responsuris
3135 4655 3343 4724 singula
3394 4654 3775 4722 respondeant.

2188 4749 2521 4805 Gravitatem
2572 4765 2736 4819 quam
2786 4749 2943 4803 debet
2994 4758 3243 4803 sacratus
3289 4761 3530 4809 servare,
3578 4754 3781 4799 tractus

2190 4851 2476 4907 monstrat,
2509 4856 2577 4896 ne
2618 4841 2761 4897 forte
2800 4843 2853 4895 in
2899 4842 3151 4912 superbia
3173 4841 3348 4895 elatus
3384 4840 3596 4893 incidat
3620 4840 3675 4892 in
3703 4836 3777 4889 la-

2189 4947 2385 5000 queum
2410 4930 2606 4986 diaboli
2631 4948 2645 4994 ;
2676 4939 2882 4986 tractus
2901 4932 3044 4985 enim
3087 4945 3303 4999 semper
3328 4931 3383 4983 in
3403 4944 3573 4984 causa
3605 4927 3779 4981 humi-

2193 5024 2360 5083 litatis
2386 5023 2625 5093 ponitur.
2656 5021 2761 5077 Per
2782 5023 3020 5092 singulas
3046 5023 3323 5078 orationes
3341 5021 3604 5077 debeatis
3628 5034 3777 5074 men-

2187 5113 2260 5175 tis
2290 5113 2665 5185 humilitatem
2709 5126 2804 5182 per
2848 5110 3277 5183 genuﬂexionem-
3325 5113 3639 5179 ostendere,
3687 5122 3780 5164 ει⁹

2190 5216 2345 5272 cepto
2382 5201 2521 5256 infra
2548 5200 2921 5268 Pentecosten.

2182 5334 2187 5337 .
2266 5305 2289 5332 ο
2321 5292 2585 5365 [Quatuor
2611 5290 2941 5361 temporibus
2959 5306 3135 5347 annos
3159 5292 3409 5355 volvitur,
3438 5291 3779 5362 unumquod-

2192 5400 2297 5455 que
2328 5394 2535 5454 tempus
2559 5393 2672 5439 tres
2696 5398 2909 5439 menses
2934 5384 3114 5440 habet.
3145 5384 3250 5439 Pro
3277 5398 3607 5452 unoquoque
3634 5398 3781 5437 men—

2240 5540 2243 5541 ⁷
2274 5546 2297 5575 θ
2328 5535 2455 5602 Qua:
2499 5544 2796 5604 sequuntur
2834 5534 3046 5591 uncinis
3086 5534 3311 5599 inclusa,
3345 5545 3527 5591 assuta
3570 5543 3697 5589 sunt
3728 5530 3779 5587 in

2088 5660 2097 5665 -
2200 5623 2302 5662 ms.
2352 5622 2457 5676 quo
2498 5623 2628 5661 usus
2669 5616 2753 5660 est
2803 5608 3219 5673 QUCI'CCL‘Illne;
3271 5613 3412 5677 apud
3447 5606 3779 5677 Amalarium

2196 5674 2415 5740 omissa,
2455 5677 2542 5731 ubi
2587 5677 2768 5748 statim
2817 5688 2938 5748 post
2978 5679 3159 5748 priora
3199 5674 3361 5734 verba
3402 5678 3549 5746 infra
3596 5674 3783 5730 Pente-

2195 5760 2391 5873 cofslten,
2418 5748 2700 5819 sequitur;
2745 5747 2829 5804 1a
2859 5747 3066 5803 sola’dc
3114 5749 3321 5804 camino
3368 5750 3531 5819 ignis,
3570 5758 3679 5804 etc.
3724 5752 3783 5798 Ill

2193 5834 2232 5876 ιι
2304 5835 2352 5872 .ι.
3760 5852 3779 5863 -.
