4032 6354
365 354 383 414 l
396 358 501 415 £99

1171 356 1319 419 opp.
1359 360 1758 419 SUPPOSITA.
1796 391 1867 402 -
1903 348 2032 417 LIB.
2071 360 2158 418 DE
2197 354 2445 421 DlVINlS
2483 362 2784 423 ornans.

3471 366 3609 432 1230

350 498 410 538 se
456 476 651 548 singuli
686 470 803 535 dies
843 462 1049 547 jejunio
1090 486 1492 534 consecrantur.
1544 450 1649 531 Per
1693 474 1932 547 singulas
1963 482 2005 540 Α
2034 491 2190 529 cam:
2224 476 2293 533 In
2318 478 2409 533 illo
2443 489 2710 550 tempore:
2745 478 2976 551 Surgens
3019 470 3176 537 Iesus
3215 482 3281 538 de
3324 502 3631 563 synagoga.~

348 570 625 625 orationes
656 568 715 621 in.
740 584 812 622 xu
854 568 1177 624 lectionibus
1209 585 1349 640 genu
1380 567 1665 633 ﬂectimus,
1700 576 1926 637 excepto

350 662 405 717 in
437 670 629 716 octava
654 658 792 713 infra
822 659 1195 716 Pentecosten.
1223 660 1281 716 ln
1309 660 1423 716 sola
1460 671 1639 715 autem
1681 659 1931 713 oratione

345 754 411 806 de
434 753 640 807 camino
661 754 797 823 ignis
821 768 995 825 genua
1024 769 1131 808 non
1165 752 1444 815 ﬂectimus,
1477 750 1644 826 489
1670 753 1725 807 in
1753 751 1929 806 omni-

346 845 447 899 bus
472 860 552 898 uu
580 843 950 914 Temporibus.
996 843 1055 900 Si
1077 852 1254 901 autem
1285 847 1398 917 ipsa
1423 844 1755 905 hebdomade
1782 844 1924 899 Pen-

345 944 578 993 tecostes
595 937 649 992 in
674 951 860 993 mense
892 945 1087 1008 quarto
1109 939 1371 1002 evenerit,
1394 935 1654 1007 jejunium
1680 936 1775 992 ﬁat
1796 952 1848 989 ιγ
1872 942 1926 991 et

343 1042 395 1081 τι
422 1028 550 1083 etin
598 1026 841 1083 sabbato.
890 1028 1044 1084 Feria
1074 1045 1146 1089 tv.
1186 1029 1406 1098 Antiph.
1437 1028 1578 1085 Deus
1615 1027 1741 1085 dum
1781 1042 1925 1095 egre-

342 1120 557 1174 dereris.
609 1118 795 1176 Oratio
832 1122 950 1177 sine
987 1120 1306 1177 Flectamus.
1340 1119 1569 1185 Prtesta,
1600 1136 1920 1191 qutrsumus,

341 1222 397 1266 ut
446 1211 679 1280 Spiritus
727 1213 1022 1271 adveniens.
1078 1214 1265 1269 Lectio
1308 1213 1451 1269 Libri
1504 1211 1811 1283 Sapientiae.
1854 1211 1922 1266 In

336 1303 518 1356 diebus
548 1301 677 1368 illis,
703 1303 836 1359 dixit
880 1303 1133 1360 Salomon
1158 1304 1285 1373 ﬁliis
1309 1302 1497 1367 Israel,
1531 1303 1744 1373 Diligite
1762 1303 1924 1374 justi-

336 1397 485 1461 tiam,
522 1411 711 1464 usque,
758 1397 1029 1451 scientiam
1053 1396 1205 1451 habet
1231 1399 1391 1451 vocis.
1420 1396 1578 1451 Feria
1603 1413 1654 1450 v.
1694 1397 1917 1468 Antiph.

336 1485 530 1541 Emitte
556 1486 797 1557 spiritum
818 1497 984 1547 tuum.
1009 1485 1257 1553 Oremus,
1286 1488 1402 1547 sine
1429 1485 1748 1542 Flectamus.
1775 1488 1923 1543 Men-

269 1646 277 1651 .
333 1588 409 1637 tes
451 1589 675 1635 nostras.
711 1579 893 1635 Lectio
920 1579 1151 1634 Actuum
1184 1578 1583 1647 Apostolorum.
1632 1576 1697 1630 In
1739 1576 1920 1632 diebus

330 1670 461 1734 illis,
489 1680 636 1726 stam
673 1668 864 1726 Petrus
895 1687 1012 1724 cum
1038 1686 1114 1726 xu
1138 1668 1351 1725 elevavit
1378 1685 1550 1725 uocem
1579 1685 1751 1723 suam.
1777 1666 1921 1723 Alle-

2032 564 2270 621 Oremus.
2303 569 2547 635 Domine,
2590 572 2732 626 Deus
2772 572 2978 627 salutis.
3008 572 3229 631 Secreta
3258 594 3272 631 :
3308 575 3375 631 Ut
3400 590 3615 651 accepta

2026 658 2120 712 tibi
2162 661 2264 714 sint
2312 672 2488 717 nostra
2521 664 2750 735 jejunia.
2784 665 2936 721 Com.
2991 665 3117 721 Non
3164 686 3249 725 vos
3296 670 3606 742 relinquant.
3642 676 3651 693 '

2026 747 2295 804 Postcom.
2328 750 2509 807 Sancti
2540 753 2788 837 Spiritus,
2817 756 3058 823 Domine,
3089 761 3248 814 corda
3278 763 3503 837 nostra.]

2094 840 2151 895 In
2183 842 2293 896 sola
2323 846 2387 896 de
2438 828 2641 899 camiﬁo
2690 847 2823 918 ignis
2854 862 2901 915 δ,
2949 865 3054 905 non
3100 850 3368 909 flectimus
3412 828 3607 926 genua,

2025 931 2238 999 quando
2264 929 2758 991 Nabuchodonosor
2795 940 3150 1011 compellebat
3186 944 3439 1014 populum
3480 948 3610 1004 ado-

2025 1040 2147 1079 rare
2191 1034 2448 1093 statuam,
2476 1044 2637 1098 quam
2677 1030 2916 1099 fecerat;
2948 1042 3007 1088 ut
3046 1046 3293 1106 separata
3321 1038 3389 1093 sit
3421 1049 3609 1097 nostra

2022 1116 2218 1182 oratio,
2249 1132 2371 1188 quae
2397 1130 2477 1174 est
2510 1121 2576 1175 ad
2602 1137 2767 1175 unum
2791 1124 2980 1189 Deum,
3004 1126 3071 1181 ab
3095 1142 3281 1185 errore
3305 1131 3602 1201 gentilium.

2022 1206 2208 1265 Oratio
2248 1219 2370 1279 post
2403 1214 2835 1270 communionem
2876 1232 3038 1287 super
3075 1222 3329 1291 populum
3373 1238 3480 1281 non
3508 1225 3611 1282 lia-

2020 1297 2199 1363 betur,
2244 1301 2370 1370 quia
2416 1302 2559 1357 istud
2589 1301 2822 1360 officium
2853 1305 3161 1378 frequenter
3203 1312 3351 1369 circa
3389 1326 3607 1373 noctem

2020 1388 2356 1447 Dominicam
2389 1393 2525 1449 solet
2556 1394 2692 1463 ﬂeri,
2723 1397 2775 1453 in
2809 1412 2917 1468 qua
2951 1400 3172 1458 minime
3204 1403 3601 1475 genuflectitur.

2599 1514 2825 1574 CAPUT
2849 1518 3019 1576 XXX.

2339 1602 2368 1644 δ
2405 1620 2472 1660 ns
2505 1619 2709 1663 διιπειο
2750 1625 2948 1667 ιοΑΝΝε
2986 1628 3267 1672 ΒΑιιτιειτΑ.

2088 1694 2214 1751 ideo
2260 1704 2374 1753 tres
2420 1697 2600 1754 missa:
2628 1700 2972 1759 celebrantur
3000 1705 3055 1760 in
3084 1706 3378 1766 festivitate
3427 1713 3604 1771 sancti

330 1764 465 1819 luia.
522 1762 671 1831 Veni,
704 1774 882 1819 sancte
926 1763 1178 1835 Spiritus.
1227 1762 1574 1833 Evangelium
1623 1762 1916 1818 secundum

2020 1782 2264 1853 Joannis,
2292 1788 2421 1857 quia
2457 1789 2632 1845 tribus
2671 1790 2976 1863 insignibus
3018 1796 3303 1868 triumphis
3331 1762 3603 1861 excellent

329 1856 631 1915 δηθηηθωε
664 1856 843 1913 hmo
869 1856 1271 1953 εεηιηονειάίιῖῖίξ
1299 1854 1456 1953 {eius
1476 1854 1915 1953 disCiPi‘lifwi":
1950 1851 1997 1921 Β
2023 1886 2106 1933 ter
2134 1851 2361 1935 refulsit.
2392 1880 2476 1936 Ad
2513 1882 2617 1938 hoc
2664 1851 2811 1939 enim
2860 1886 3028 1952 venit,
3076 1896 3135 1943 ut
3179 1851 3321 1947 via—n1
3337 1851 3603 1953 v—D'omin-o

332 1949 504 2005 Nemo
537 1959 703 2023 potest
726 1950 897 2004 venire
923 1948 991 2005 ad
1029 1965 1133 2015 me,
1171 1948 1270 2003 nisi
1300 1945 1483 2013 Pater,
1512 1950 1603 2019 qui
1637 1947 1778 2002 misit
1815 1964 1917 2014 me,

264 2114 267 2115 ν
327 2043 549 2095 traxerit
592 2057 728 2101 eum.
780 2039 1017 2097 Oremus.
1066 2039 1380 2095 Meditabor.
1425 2039 1601 2111 Super
1640 2038 1912 2095 oblatam:

327 2133 538 2201 Accipe,
570 2149 890 2205 nummus,
936 2132 1181 2198 Domine,
1228 2149 1421 2191 munus
1463 2132 1715 2188 oblatum.
1760 2130 1913 2189 Com.

266 2296 270 2299 Δ
328 2223 523 2278 Parem
553 2234 717 2277 tuam.
749 2224 1016 2279 Postcom.
1047 2222 1228 2279 Sancti
1250 2222 1505 2295 Spiritus,
1530 2224 1772 2288 Domine,
1797 2242 1917 2279 cor-

325 2317 416 2373 da.
458 2316 617 2373 Feria
643 2333 696 2371 vt
738 2318 958 2386 Antiph.
1009 2315 1291 2386 Repleatur
1316 2334 1393 2372 os.
1448 2317 1687 2375 Versus:
1737 2316 1804 2372 In
1841 2325 1911 2384 te,

328 2407 569 2474 Domine,
603 2409 828 2479 speravi,
873 2425 996 2473 non.
1047 2407 1295 2472 Oremus,
1329 2408 1447 2464 sine
1489 2406 1793 2463 Flectamus
1820 2425 1912 2479 ge-

324 2515 450 2556 nua.
484 2501 587 2565 Da,
612 2516 934 2572 quaesumus,
977 2498 1222 2555 Ecclesia:
1247 2509 1371 2573 tute,
1413 2500 1706 2555 misericors
1748 2499 1912 2566 Deus,

324 2603 383 2649 ut
412 2590 617 2662 Spiritu
645 2600 825 2647 sancto
853 2601 1184 2661 congregata.
1216 2589 1401 2647 Lectio
1427 2590 1659 2645 Actuum
1683 2589 1913 2660 Aposto—

322 2682 516 2743 lorum.
545 2683 613 2739 In
636 2682 819 2738 diebus
844 2681 972 2747 illis,
1000 2682 1246 2753 Aperiens
1274 2680 1466 2737 Petrus
1491 2699 1545 2736 os
1569 2698 1721 2736 suum
1740 2681 1872 2736 dixit
1890 2696 1909 2734 .'

328 2772 443 2833 Viri
472 2775 747 2831 Israelitte.
778 2773 1022 2830 Alleluia.
1046 2774 1277 2845 Spiritus
1299 2774 1527 2829 Domini.
1558 2775 1908 2846 Evangelium

321 2869 617 2926 secundum
644 2867 1000 2925 Mattlueuut:
1045 2867 1113 2923 In
1142 2867 1234 2922 illo
1286 2878 1533 2939 tempore,
1576 2869 1708 2924 dixit
1751 2868 1907 2925 Jesus

318 2960 487 3016 turbis
509 2959 819 3016 Judatorum
847 2974 865 3011 :
889 2958 949 3015 Si
973 2976 1065 3030 ego
1094 2960 1150 3014 in
1172 2958 1376 3029 Spiritu
1407 2960 1499 3013 Dei
1531 2961 1681 3030 ejicio
1712 2962 1911 3015 dwmo-

320 3071 432 3119 nec,
458 3070 649 3124 usque,
679 3070 841 3125 neque
868 3054 923 3107 in
960 3052 1162 3121 futuro.
1198 3049 1438 3106 Oremus.
1464 3050 1672 3116 Lauda,
1702 3052 1900 3107 anima.

320 3144 578 3202 Secreta:
638 3143 937 3212 Sacriﬁcia,
986 3140 1225 3208 Domine,
1262 3142 1364 3195 tuis
1402 3140 1575 3195 oblata
1614 3142 1898 3210 conspecti-

263 3216 273 3307 ί
317 3239 430 3294 bus.
464 3239 614 3294 Com.
636 3238 865 3309 Spiritus
893 3236 980 3290 ubi
996 3236 1124 3290 vult.
1144 3235 1415 3293 Postcom.
1444 3233 1624 3291 Sancti
1648 3234 1897 3306 Spiritus,
1926 3224 1973 3290 C

313 3330 538 3388 Domine
568 3332 749 3387 corda.
786 3330 1023 3387 Sabbato
1067 3328 1287 3400 Antiph.
1340 3328 1584 3383 Charitas
1615 3327 1731 3383 Dei.
1768 3328 1899 3385 Ver-

313 3442 446 3485 sus:
474 3425 697 3481 Domine
721 3424 862 3479 Deus
900 3421 1104 3477 salutis.
1147 3420 1392 3486 Oremus,
1423 3422 1540 3477 sine
1574 3419 1894 3476 Flectamus.

263 3504 269 3509 I
313 3518 579 3576 Mentibus
617 3517 827 3580 nostris,
852 3531 1172 3587 qutesumus,
1203 3513 1443 3579 Dom'ne,
1485 3510 1740 3581 Spiritum
1777 3529 1901 3568 san-

311 3621 457 3667 ctum
504 3610 774 3681 benignus.
828 3610 1013 3665 Lectio
1049 3606 1213 3665 Joelis
1256 3610 1564 3679 prophetae:
1598 3606 1730 3662 Htec
1770 3607 1901 3663 dicit

309 3703 595 3769 Dominus,
635 3703 818 3759 Deus:
863 3700 1152 3771 Effundam
1184 3700 1439 3771 Spiritum
1482 3715 1674 3755 meum.
1727 3699 1894 3755 Grad.

311 3796 590 3853 Protector
613 3808 807 3853 noster.
850 3794 1092 3859 Oremus,
1131 3794 1248 3849 sine
1288 3792 1610 3848 Flectamus.
1646 3792 1751 3847 Illo
1777 3809 1897 3856 nos,

308 3905 632 3960 qutesumus,
667 3888 909 3952 Domine,
945 3887 1084 3957 igne.
1118 3885 1307 3943 Lectio
1355 3884 1476 3938 libri
1516 3883 1779 3941 Levitici:
1827 3883 1897 3939 In

308 3980 491 4041 diebus
521 3980 629 4035 illis
652 3980 860 4036 locutus
888 3989 961 4035 est
991 3979 1253 4035 Dominus
1288 3977 1357 4032 ad
1398 3976 1637 4048 Moysen,
1675 3976 1851 4031 dicens
1870 3990 1892 4032 .'

286 4068 543 4141 ‘Loquere
570 4070 699 4140 ﬁliis
740 4070 933 4126 Israel.
963 4070 1130 4126 Grad.
1168 4068 1454 4140 Propitius.
1506 4065 1748 4133 Oremus,
1778 4068 1894 4124 sine

306 4159 630 4218 Flectamus.
662 4162 801 4218 Deus
835 4164 925 4234 qui
963 4163 1031 4218 ad
1072 4163 1369 4219 animarum
1395 4146 1669 4217 medelam.
1708 4161 1893 4218 Lectio

307 4250 431 4309 libri
459 4255 857 4312 Deoteronomii
883 4276 896 4311 :
927 4256 1074 4312 Dixit
1098 4256 1302 4327 Moyses
1327 4269 1344 4307 :
1376 4255 1535 4317 Audi,
1557 4254 1746 4321 Israel,
1775 4272 1892 4327 qua:

305 4364 401 4418 ego
426 4350 671 4419 pracipio
709 4350 821 4404 tibi.
863 4349 1027 4405 Grad.
1059 4348 1327 4412 Converte,
1370 4347 1610 4401 Domine.
1645 4344 1889 4412 Oremus,

303 4439 423 4494 sine
444 4435 765 4493 Flectamus.
790 4438 1019 4502 Praesta,
1035 4455 1352 4508 quaesumus,
1378 4439 1701 4507 omnipotens
1722 4437 1888 4503 Deus,

301 4540 363 4586 ut
388 4531 730 4585 srrcularibus
749 4533 968 4602 jejuniis
1000 4533 1212 4588 eruditi.
1256 4533 1437 4589 Lectio
1464 4534 1589 4608 liliri
1617 4534 1841 4589 Levitici
1871 4552 1883 4587 :

2020 1980 2352 2040 praepararet
2377 1973 2625 2043 exemplo
2652 1989 2763 2029 suae
2805 1978 3254 2046 conversationis,
3284 1984 3375 2051 qui
3413 1987 3602 2042 trium-

2018 2061 2160 2130 phus
2212 2061 2514 2120 celebratur
2562 2066 2616 2119 in
2668 2066 2846 2138 vigilia
2884 2068 3145 2139 ejusdem.
3218 2066 3323 2128 Per
3356 2077 3603 2133 ministe-

2017 2153 2158 2209 rium
2203 2155 2456 2227 baptismi
2505 2158 2701 2214 claruit
2758 2160 2814 2214 iu
2851 2161 3039 2233 signis.
3106 2162 3275 2233 Hujus
3312 2167 3601 2226 ministerii

2014 2246 2324 2319 triumphus
2355 2250 2406 2304 iu
2434 2251 2610 2320 prima
2652 2253 2820 2309 missa
2854 2255 3128 2311 recolitur.
3178 2256 3452 2316 Nazareus
3474 2277 3598 2331 per-

2014 2340 2216 2395 mansit
2236 2355 2306 2396 ex
2331 2349 2484 2398 utero
2508 2345 2730 2399 matris:
2757 2346 2861 2401 hoc
2893 2348 3093 2404 donum
3118 2350 3376 2408 recolitur
3410 2355 3468 2409 in
3484 2355 3596 2412 die.

2577 2454 2804 2513 CAPUT
2828 2457 3018 2515 XXXI.

2230 2555 2255 2584 θ
2286 2561 2352 2600 DE
2380 2562 2666 2604 HOMINIBDS
2692 2566 2943 2613 QUA’I‘UOR
2965 2570 3381 2616 COBOXATOBUI.

2083 2633 2330 2701 Quatuor
2351 2637 2746 2697 Coronatorum
2769 2646 2985 2700 nomina
3008 2648 3124 2705 htec
3143 2664 3270 2707 sunt
3294 2673 3306 2708 :
3334 2653 3592 2727 Severus,

2013 2721 2356 2792 Severianus,
2386 2730 2696 2789 Victorinus
2730 2744 2785 2789 et
2809 2735 3209 2808 Carpophorus.
3236 2744 3474 2812 Quorum
3497 2721 3596 2805 ne;

2010 2816 2178 2908 mina,
2232 2827 2287 2874 ct
2326 2820 2442 2876 dies
2474 2823 2670 2880 natalis
2699 2840 2800 2895 per
2841 2828 3109 2889 incuriam
3152 2836 3450 2908 neglectus,
3493 2844 3596 2898 mi-

2009 2906 2154 2961 nime
2180 2910 2406 2979 reperiri
2421 2921 2670 2981 poterat:
2705 2916 2827 2973 ideo
2853 2928 3112 2978 statutum
3129 2906 3379 2991 est,utin
3402 2944 3594 2988 eorum

2007 2998 2236 3054 ecclesia
2255 3003 2494 3073 quinque
2524 3014 2847 3065 cancrorum
2873 3023 3187 3072 sanctorum
3213 3019 3306 3088 qui
3343 3020 3397 3076 in
3424 3022 3592 3079 missa

2008 3091 2330 3161 recitantur,
2371 3098 2570 3154 natalis
2616 3101 2943 3171 celebretur,
2986 3106 3042 3164 id
3079 3118 3184 3175 est,
3226 3110 3461 3181 Claudii,
3498 3115 3593 3171 Ni-

2006 3186 2248 3249 costrati,
2292 3186 2693 3259 Symphoriani,
2724 3193 2956 3252 Castorii
2989 3208 3157 3269 atque
3195 3202 3484 3276 Simplicii,
3528 3217 3597 3265 ut.

2001 3290 2126 3330 cum
2174 3278 2292 3333 istis
2327 3297 2516 3337 eorum
2556 3299 2771 3355 quoque
2817 3293 3078 3348 memoria
3130 3297 3338 3366 pariter
3390 3297 3583 3355 fieret:

1998 3382 2183 3441 postea
2227 3391 2359 3433 vero
2384 3394 2574 3435 eorum
2600 3384 2817 3440 nomina
2845 3388 3083 3444 revelata
3115 3402 3262 3447 sunt.
3312 3392 3585 3450 Solemni-

2000 3470 2085 3518 ηε
2115 3474 2317 3534 tamen,
2357 3479 2417 3524 ut
2446 3479 2648 3527 statuta
2678 3473 2873 3545 fuerat,
2905 3478 2963 3534 in
2993 3480 3227 3538 aliorum
3270 3495 3585 3547 sanctorum

1998 3559 2216 3615 nomine
2242 3562 2471 3618 celebris
2498 3569 2814 3635 permansit.

2556 3674 2784 3735 CAPUT
2808 3678 3023 3738 XXXII.

2210 3763 2239 3803 ἀ
2279 3781 2342 3820 DE
2369 3781 2739 3825 SOLEIINITATE
2775 3788 2983 3830 OINIUII
3022 3789 3361 3834 sanc'ronuu.

2070 3852 2344 3925 Scriptum
2374 3867 2457 3914 est
2489 3860 2540 3914 in
2587 3864 2753 3932 gestis
2792 3865 3218 3933 Pontiﬁcalibus,
3251 3870 3396 3941 quod
3420 3886 3580 3929 sanc-

1997 3952 2083 4001 tus
2103 3946 2413 4006 Bonifacius
2437 3950 2593 4022 papa'
2608 3957 2900 4024 quamdam
2932 3959 3153 4032 domum
3184 3960 3392 4029 Romae,
3430 3962 3578 4019 Pan-

1996 4047 2149 4101 theon
2194 4049 2429 4109 nomine.
2464 4066 2584 4121 qua:
2629 4063 2747 4108 erat
2775 4067 3092 4112 consecrata
3121 4058 3175 4113 in
3208 4060 3413 4117 honore
3454 4077 3576 4117 om-

1995 4139 2143 4192 nium
2203 4139 2610 4205 daemoniorum,
2664 4146 2954 4204 eliminatis
2990 4151 3238 4206 omnibus
3282 4154 3577 4222 spurcitiis,

1995 4230 2291 4283 sacraverit
2318 4231 2601 4287 ecclesiam
2640 4236 2692 4289 in
2731 4237 2936 4293 honore
2972 4249 3173 4296 sanctis
3215 4242 3308 4297 Dei
3334 4240 3576 4300 Genitri-

1994 4321 2091 4385 cis,
2132 4324 2480 4393 omniumque
2508 4325 2849 4384 Sanctorum.
2899 4331 3053 4389 Unde
3085 4334 3434 4391 constitutum
3466 4346 3573 4408 est,

1993 4423 2051 4467 ut
2081 4416 2229 4484 plebs
2259 4420 2508 4476 universa
2540 4436 2637 4493 per
2664 4433 2832 4479 totum
2872 4429 3058 4483 orbem
3094 4428 3148 4482 in
3176 4428 3428 4488 Kalendis
3456 4431 3568 4489 No-

1991 4506 2322 4571 vembribus,
2367 4510 2505 4565 sicut
2549 4512 2602 4567 in
2633 4514 2717 4569 die
2763 4514 2958 4570 natalis
2998 4517 3234 4587 Domini,
3284 4521 3352 4576 ad
3396 4524 3573 4580 eccle-

302 4623 373 4679 ιη
398 4625 579 4679 diem“
600 4625 727 4691 mis,
750 4596 885 4681 'di'xi,
919 4627 1173 4691 Dom-nm
1202 4628 1270 4681 ad
1300 4627 1515 4697 Moysen
1589 4628 1650 4683 Si
1676 4628 1730 4682 in
1756 4645 1886 4699 μηδ’
1912 4616 1966 4675 υ
1991 4596 2124 4699 siam
2258 4601 2463 4657 honore
2499 4605 2741 4699 omnium
2790 4606 3134 4674 Sanctorum,
3166 4611 3233 4667 ad
3280 4614 3572 4671 missarum

300 4718 461 4789 septis
484 4720 611 4773 meis
638 4719 1051 4774 ambulaneritis.
1093 4719 1258 4775 Grati.
1294 4720 1587 4791 Dirigatur.
1638 4718 1880 4787 Oremus,

300 4809 418 4865 sine
442 4808 763 4867 Flectamus.
796 4812 1022 4875 Praesta,
1039 4828 1358 4884 quaerimus,
1376 4814 1699 4883 omnipotens
1721 4811 1880 4877 Deus,

301 4903 379 4957 sic
409 4920 502 4957 nos
532 4905 595 4957 ab
617 4905 782 4975 epulis
806 4904 1105 4963 carnalibus
1128 4905 1405 4960 abstinere.
1435 4904 1620 4960 Lectio
1639 4905 1878 4960 Daniclis

299 4995 604 5063 prophetae:
636 4994 701 5049 In
729 4995 909 5049 diebus
949 4995 1079 5058 illis,
1104 4995 1322 5066 angelus
1360 4996 1577 5052 Domini
1616 4996 1881 5053 descendit

296 5100 418 5139 cum
474 5085 689 5141 Azaria.
746 5085 1055 5140 Benedictus
1103 5103 1177 5141 es.
1228 5085 1378 5141 Hanc
1428 5085 1877 5153 benedictionem,

298 5175 445 5231 nulla
472 5177 695 5232 collecta
721 5177 1062 5247 interposita,
1088 5178 1354 5247 sequitur,
1382 5174 1562 5232 Gloria
1593 5178 1648 5232 in
1666 5177 1881 5233 excelsis

296 5265 427 5327 Deo,
459 5267 529 5320 ob
554 5266 954 5321 solemnitatem
999 5265 1367 5323 Pcntecostes.
1403 5266 1607 5323 Deinde
1642 5268 1875 5323 dicitur:

294 5354 441 5410 Deus
487 5357 577 5428 qui
623 5356 787 5413 tribus
826 5358 1021 5429 pueris.
1064 5358 1248 5414 Lectio
1277 5359 1528 5429 Epistolas
1553 5359 1696 5414 beati
1728 5359 1879 5414 Pauli

294 5448 526 5519 apostoli
557 5450 625 5504 ad
670 5450 981 5509 Romanos:
1034 5449 1278 5517 Fratres,
1319 5451 1604 5522 justiﬁcati
1650 5468 1713 5505 ea:
1748 5450 1873 5521 ﬁde.

292 5541 451 5598 Allel.
477 5540 778 5598 Paraclitus
808 5542 1054 5616 Spiritus.
1083 5543 1433 5616 Evangelium
1456 5544 1750 5603 secundum
1779 5542 1880 5599 Lu-

367 5709 394 5739 ι
424 5695 731 5754 Amalarius
758 5699 860 5756 loc.
899 5700 987 5755 cit.
1022 5700 1074 5755 in
1100 5700 1224 5759 ﬁne.

368 5766 397 5807 δ
591 5771 882 5845 capitulum
920 5772 1065 5845 citat
1115 5772 1382 5845 integrum
1435 5770 1588 5845 [iugo
1631 5772 1873 5829 Menard.

370 5787 397 5807 "
431 5787 543 5822 HOC
591 5787 882 5852 οειριιιιιιιιη
933 5787 1065 5853 Olli“
1115 5787 1382 5843 integrum

294 5845 412 5902 not.
436 5837 566 5898 “8.
592 5839 696 5897 για
718 5842 894 5897 Ama].
917 5842 1042 5899 libr.
1071 5859 1156 5913 ut,
1180 5858 1301 5916 cap.
1334 5844 1424 5902 58.

1992 4690 2249 4747 solemnia
2293 4696 2582 4750 convenire
2631 4699 2883 4753 studeat:
2932 4699 3062 4754 illud
3100 4701 3461 4769 attendentes,
3513 4714 3575 4761 ut

1991 4782 2249 4853 quidquid
2284 4784 2551 4857 fragilitas
2578 4788 2810 4843 humana
2838 4803 2936 4860 per
2963 4791 3323 4862 ignorantiam
3348 4804 3443 4853 aut
3473 4814 3570 4855 nc-

1991 4878 2302 4948 gligentiam
2340 4878 2392 4933 in
2420 4879 2850 4936 solemnitatibus
2872 4892 3185 4942 sanctorum
3214 4890 3389 4945 minus
3412 4890 3572 4961 plene

1989 4970 2395 5044 peregisset,'in
2419 4973 2521 5027 hac
2556 4982 2744 5029 sancta
2771 4976 3151 5036 observatione
3171 4982 3493 5039 solveretur.

2425 5084 2593 5158 (.90
2632 5084 2858 5145 CAPUT
2885 5088 3124 5150 xxxm.

2256 5190 2280 5220 ο
2310 5195 2379 5234 ns
2405 5193 2760 5248 Ol-‘FERTOIIO,
2794 5179 2891 5239 Vir
2914 5196 3027 5240 erat
3052 5186 3108 5239 in
3138 5192 3302 5241 terra.

2056 5270 2232 5329 Verba
2270 5270 2529 5327 historica
2575 5272 2924 5333 continentur
2967 5275 3022 5331 in
3056 5273 3371 5346 oﬂ’ertorio;
3398 5278 3567 5336 verba

1982 5361 2083 5417 Job
2138 5361 2326 5433 aegroti
2384 5369 2441 5416 et
2500 5362 2733 5420 dolentis
2792 5366 3139 5422 continentur
3185 5383 3240 5423 ιιι
3295 5370 3565 5428 versibus.

1982 5453 2264 5524 Egi-ntus,
2297 5453 2451 5525 cujus
2472 5455 2743 5510 anhelitus
2776 5471 2885 5511 non
2927 5464 3009 5512 est
3037 5473 3222 5524 sanus,
3256 5474 3431 5532 neque
3457 5461 3568 5521 for-

1984 5547 2073 5615 tis,
2123 5546 2260 5603 solet
2297 5547 2461 5603 verba
2487 5546 2807 5619 imperfecta
2829 5548 3026 5619 sapius
3073 5560 3340 5624 repetere.
3393 5554 3566 5612 Oilicii

2057 5713 2079 5741 ο
2108 5701 2229 5758 Vid.
2262 5702 2599 5771 Menardum,
2629 5710 2740 5759 not.
2771 5701 2895 5760 499.

2052 5771 2079 5811 ἀ
2113 5774 2530 5849 Vid._eumrlcm,
2556 5785 2667 5831 not.
2706 5775 2833 5840 495,
2864 5783 2921 5849 et
2945 5778 3102 5849 epist.
3143 5780 3206 5837 9i
3234 5780 3468 5838 Alcuini.

2059 5856 2082 5885 ⁸
2107 5845 2417 5903 Amalarius
2444 5848 2567 5903 libr.
2597 5863 2678 5917 ιιι,
2716 5862 2836 5918 cap.
2865 5848 2955 5906 59.
