4032 6354
428 409 562 468 ηὸί

1277 400 1336 454 Β.
1378 398 1442 454 F.
1482 392 1708 451 ALBINI
1747 392 1875 449 SEU
1913 386 2188 447 ALCUINI
2226 382 2512 445 OPERUM
2549 378 2730 440 PARS
2765 379 2860 438 IX.

3551 378 3695 441 “3‘3

425 526 636 583 auctor,
680 523 739 569 ut
774 511 1085 568 aﬁ‘ectanter
1126 510 1279 565 nobis
1325 509 1393 562 ad
1422 505 1738 560 memoriam
1775 502 1999 557 reduce.
2030 503 2079 562 Δ
2106 508 2230 565 aeto
2276 497 2475 569 gradus
2520 496 2685 552 divini
2734 493 3040 558 ministerii,
3089 492 3156 548 de
3201 493 3397 563 quibus
3441 492 3695 552 {omnis

426 618 512 665 ret
555 611 905 677 aegrotantem
952 599 1085 665 Joh,
1137 597 1388 667 repetivit
1416 596 1611 664 saepius
1647 593 1812 647 verba
1857 604 2008 644 more
2106 592 2361 647 Ezechiel
2387 592 2650 661 propheta
2698 589 2749 643 in
2786 589 3015 660 mystica
3057 587 3238 659 templi
3268 588 3476 646 visione
3512 591 3689 646 dicit:

427 696 636 769 aegroti.
678 694 733 748 lu
772 691 1049 747 oﬁ'ertorio
1081 705 1185 742 non
1227 695 1353 741 sunt
1391 686 1553 739 verba
1586 683 1837 751 repetita,
1882 681 2006 750 quia

427 786 741 847 historicus,
800 782 1045 836 scribens
1080 779 1387 839 historiam,
1441 792 1548 847 twn
1600 773 1915 843 aegrotabat.
1952 770 2008 824 In

428 876 675 932 versibus
714 873 959 943 prmdicti
1002 869 1263 926 oﬁ‘ertorii
1295 868 1640 937 duplicantur
1685 866 1798 919 sive
1838 863 2011 931 tripli-

429 978 625 1027 cantur
663 981 725 1020 ac
755 964 1181 1034 multiplicantur
1210 959 1529 1017 verbm-Job
1560 957 1661 1012 fuit
1694 956 2013 1011 mirabiliter

429 1060 752 1134 ﬁagellatus,
782 1066 835 1114 et
865 1056 1186 1111 mirabiliter
1211 1070 1275 1108 ac
1306 1052 1654 1121 singulariter
1681 1049 1825 1103 inter
1872 1046 2012 1101 anti-

436 1168 576 1225 quos
624 1152 810 1205 Patres
850 1148 1077 1203 victoria
1120 1145 1392 1216 patientia:
1435 1143 1702 1197 laudatus.
1737 1141 1858 1194 Ideo
1904 1155 2009 1193 non

442 1244 699 1299 abhorret
727 1259 756 1296 a
785 1256 935 1305 vero,
978 1240 1022 1295 si
1054 1239 1159 1292 alio
1197 1238 1357 1291 modo
1383 1235 1680 1303 composita
1709 1233 1818 1286 sint
1846 1233 2011 1286 verba

440 1354 537 1394 sua
588 1353 685 1409 per
711 1352 836 1391 suos
880 1349 1089 1397 versus,
1123 1334 1176 1385 iti
1222 1330 1418 1401 quibus
1460 1329 1571 1399 ipse
1599 1328 1807 1381 videtur
1843 1324 2011 1394 loqui,

437 1447 598 1500 quam
628 1442 946 1487 cteterorum
987 1442 1260 1481 versuum.
1290 1423 1391 1479 Job
1422 1424 1560 1478 sicut
1590 1422 1796 1477 cithara
1822 1436 2016 1491 percu-

432 1523 688 1584 tiebatur,
723 1522 777 1576 id
806 1530 911 1583 est,
939 1519 1046 1573 cita
1074 1517 1358 1572 iteratione
1381 1513 1536 1568 dolor
1558 1513 1796 1568 dolorem
1823 1527 2017 1581 seque-

356 1602 361 1607 δ
436 1612 617 1676 batur,
635 1612 828 1665 vulnus
844 1610 1053 1664 vulnus.
1069 1607 1339 1662 Pncsente
1353 1605 1686 1674 nugigerulo,
1705 1604 1842 1658 alter
1855 1606 2016 1657 intra-

436 1702 549 1757 bat.
567 1702 827 1757 Convicto
854 1717 959 1756 uno
990 1716 1113 1767 rege
1135 1697 1453 1768 objurgante
1484 1713 1563 1761 se,
1579 1696 1724 1751 illico
1741 1696 1875 1750 alter
1893 1711 2016 1749 suc-

435 1793 679 1848 cedebat.
710 1792 981 1861 Multiplex
1014 1792 1113 1845 l'uit
1135 1791 1250 1860 ejus
1276 1790 1449 1854 dolor,
1481 1798 1535 1842 et
1556 1792 1850 1843 secundum
1880 1788 2017 1842 mul-

2112 682 2182 737 Et
2221 683 2276 735 in
2318 690 2432 735 octo
2459 681 2708 752 gradibus
2743 695 2988 734 ascensus
3018 680 3135 749 ejus
3187 678 3405 750 (Ezech.
3457 696 3546 747 ιι,
3597 681 3694 747 34,

2111 773 2222 845 37).
2261 773 2411 829 Nunc
2452 773 2739 829 dicendum
2776 782 2861 828 est
2896 772 2961 827 de
2991 770 3239 843 singulis,
3271 782 3327 828 et
3357 774 3491 844 quid
3530 772 3699 830 cilicii

2111 867 2394 929 haberent,
2427 866 2664 921 breviter
2695 865 3075 919 intimandum.

2186 958 2405 1013 Ostiarii
2435 968 2609 1022 erant,
2640 958 2733 1029 qui
2754 967 2811 1013 et
2829 958 3009 1013 aeditui
3035 957 3121 1013 vel
3140 959 3405 1030 janitores
3434 960 3700 1015 vocaban-

2080 1064 2221 1111 stur.
2274 1054 2363 1119 Ili,
2398 1064 2459 1109 ut
2499 1055 2553 1109 in
2585 1054 2722 1109 libro
2766 1053 3212 1124 Paralipomenon
3256 1055 3456 1127 legitur
3487 1074 3501 1109 :
3528 1055 3702 1110 Erant

2112 1162 2267 1216 super
2298 1146 2517 1199 exedras
2546 1154 2594 1199 et
2620 1146 2890 1199 thesauros
2923 1144 3110 1199 domus
3154 1144 3387 1210 Domini,
3416 1156 3465 1199 et
3490 1163 3585 1217 per
3607 1164 3703 1216 gy-

2113 1255 2230 1292 rum
2260 1236 2601 1292 morabantur
2624 1238 2677 1291 in
2701 1236 2949 1291 custodiis
2979 1238 3092 1291 suis
3115 1234 3326 1307 (Paral.
3359 1254 3436 1301 ιι,
3460 1237 3551 1300 26.
3582 1237 3700 1301 27),

2114 1328 2469 1385 observantes
2520 1338 2581 1384 ut
2624 1328 2802 1383 nullus
2852 1329 3161 1385 immundus
3188 1327 3447 1400 templum
3487 1330 3587 1385 Dei
3614 1330 3693 1384 in-

2117 1430 2305 1477 traret.

2186 1515 2461 1571 Lectorum
2510 1517 2645 1571 ordo
2697 1514 2929 1570 formam
2980 1524 3036 1570 et
3084 1515 3297 1571 initium
3345 1530 3376 1569 a
3419 1515 3705 1586 prophetis

2117 1608 2345 1677 accepit.
2391 1605 2529 1661 Sunt
2560 1606 2722 1677 igitur
2746 1605 2997 1672 lectores,
3029 1607 3123 1677 qui
3151 1607 3376 1662 verbum
3412 1604 3507 1663 Dei
3558 1622 3701 1677 pra:-

2117 1696 2318 1761 dicant,
2398 1695 2594 1766 quibus
2649 1693 3122 1762 dicitur:Clama,
3193 1711 3257 1751 ue
3312 1697 3703 1766 cesses:qu

2117 1788 2242 1842 tuba
2277 1786 2451 1841 exulta
2480 1803 2650 1841 vocem
2675 1796 2821 1840 tuam
2858 1785 2994 1857 (Isa.
3022 1802 3177 1850 tvm,
3211 1786 3286 1858 l).

432 1886 719 1943 titudinem
751 1859 972 1949 doloris,
997 1859 1267 1939 anhelitus
1298 1884 1555 1938 deﬁciens
1578 1884 1772 1952 szepius
1805 1892 2014 1952 repete-
2048 1859 2093 1922 Β
2190 1877 2484 1931 Exoreistte
2532 1885 2706 1940 erant,
2742 1878 2834 1947 qui
2863 1876 3203 1943 exorcismis,
3233 1878 3286 1932 id
3335 1887 3442 1944 est,
3488 1879 3704 1950 adjuva-

432 1978 546 2035 bat.
581 1976 728 2031 Solet
751 1976 895 2030 enim
925 1983 1114 2030 auctor
1148 1975 1509 2045 antiphonarii
1547 1984 1640 2028 aut
1667 1974 2015 2029 distinctione

430 2080 643 2132 cantus,
695 2080 786 2123 aut
832 2067 1181 2123 distinctione
1228 2068 1454 2129 ordinis.
1507 2067 1714 2121 varium
1762 2065 2013 2145 affectum

432 2174 734 2220 monstrare
770 2172 1122 2218 sanctorum:
1163 2162 1300 2217 sicut
1339 2162 1403 2215 de
1445 2159 1653 2215 Joanne
1704 2160 2014 2232 Symmysta

433 2256 561 2310 fecit
602 2272 700 2326 per
730 2270 979 2308 ncutnam
1006 2255 1153 2309 circa
1199 2253 1533 2307 intellectum
1581 2254 1890 2319 verborum,
1923 2269 2013 2306 sa-

431 2345 642 2415 pientite
671 2353 725 2398 et
766 2344 1082 2408 intellectus,
1130 2346 1183 2398 in
1217 2345 1576 2413 reSponsorio,
1606 2343 1671 2397 In
1700 2344 1869 2398 medio
1911 2343 2020 2397 Ec-

433 2439 627 2493 clesia'.
662 2440 716 2493 In
759 2454 866 2508 quo
895 2437 1293 2507 quodammodo
1324 2436 1566 2490 imitatur
1611 2440 1833 2489 verbum
1880 2434 2019 2489 inef-

433 2529 615 2596 fabile,
665 2531 730 2586 de
775 2544 881 2598 quo
925 2528 1178 2582 dicebat:
1214 2525 1280 2579 In
1322 2527 1577 2596 principio
1612 2538 1723 2580 erat
1783 2526 2012 2579 verbum.

435 2619 503 2674 Et
532 2621 670 2675 sicut
699 2620 829 2675 fecit
855 2620 907 2673 in
932 2618 1119 2674 ordine
1144 2618 1323 2681 oﬁicii,
1352 2619 1495 2687 quod
1520 2618 1734 2672 canitur
1761 2617 1827 2671 de
1853 2618 2018 2671 missa

433 2711 824 2777 Innocentium,
866 2713 918 2766 in
955 2728 1063 2782 quo
1099 2711 1460 2775 subtrahitur,
1486 2709 1667 2764 Gloria
1714 2710 1769 2763 in
1798 2709 2016 2763 excelsis

435 2805 567 2873 Deo,
603 2817 651 2860 et
699 2805 952 2869 Alleluia,
984 2814 1206 2875 pr0pter
1235 2804 1593 2873 ploratiouem
1640 2801 1863 2867 Rachel,
1895 2818 2017 2871 quae

435 2896 491 2950 in
518 2897 689 2968 ﬁgura
720 2897 1001 2966 prxcessit
1025 2896 1218 2949 matris
1246 2910 1446 2948 nostra:
1483 2903 1686 2948 saneta:
1717 2893 1972 2948 Ecclesiae
1999 2911 2012 2947 :

435 2998 530 3043 aut
564 2990 691 3058 quia
719 2999 929 3060 tempus
958 2996 1095 3051 erat,
1129 3002 1236 3057 quo
1272 2995 1401 3040 tunc
1436 2986 1505 3039 ad
1530 2984 1729 3041 inferni
1776 2984 2016 3040 claustra

435 3080 838 3135 descendebant
867 3080 1030 3148 passi,
1062 3088 1117 3133 et
1140 3079 1537 3148 exspectabant
1573 3076 1782 3147 antiqui
1827 3075 2018 3132 Patres

434 3173 638 3230 Christi
665 3176 1004 3229 descensum.

980 3262 1206 3320 CAPUT
1235 3264 1474 3319 XXXIV.

688 3371 754 3411 DE
792 3371 1082 3412 DIGNITATB
1115 3369 1503 3411 ECCLESIAS'I‘ICI
1536 3370 1764 3411 OIDINIS.

505 3446 749 3517 Dignitas
774 3446 1131 3502 ecclesiastici
1154 3447 1362 3502 ordinis
1389 3447 1459 3501 ab
1490 3446 1609 3517 ipso
1629 3447 1812 3502 Aaron
1839 3447 2017 3517 primo

437 3538 717 3594 sacerdote
763 3551 956 3593 causas
993 3546 1048 3593 et
1082 3536 1344 3607 originem
1373 3539 1537 3593 ducit.
1574 3537 1788 3595 Primus
1836 3549 2017 3596 autem

438 3628 656 3693 dicitur,
705 3638 967 3698 quantum
1024 3627 1093 3682 ad
1134 3629 1550 3685 ordinationem.
1610 3629 1743 3685 Nam
1800 3630 2019 3687 fuerunt

436 3729 566 3774 ante
611 3732 733 3774 eum
764 3720 856 3775 alii
886 3720 1217 3784 sacerdotes,
1251 3727 1308 3773 ut
1337 3720 1726 3777 Melchisedech
1766 3722 2018 3778 sacerdos

437 3810 535 3867 Dei
555 3810 779 3875 excelsi,
805 3812 896 3881 qui
926 3812 1034 3866 Deo
1068 3827 1261 3883 panem
1290 3820 1346 3865 et
1373 3811 1555 3865 vinum
1586 3811 1844 3878 offerens,
1870 3815 2014 3880 novi,

437 3908 545 3966 hoc
572 3916 673 3970 est,
701 3906 995 3976 evangelici
1038 3905 1290 3960 sacriﬁcii
1333 3905 1549 3959 modum
1594 3905 2019 3977 qualitatetuque

439 4000 786 4071 signiﬁcavit.
852 3997 1124 4053 Abraham
1172 4013 1407 4068 quoque,
1456 3996 1606 4052 Isaac
1654 4007 1710 4053 et
1743 3997 1931 4063 Jacob,
1963 4007 2020 4054 et

438 4088 594 4165 multi
643 4098 793 4154 ante,
832 4097 891 4142 ut
913 4088 1047 4142 Abel
1087 4097 1141 4142 et
1178 4088 1309 4153 Noe,
1358 4088 1466 4143 Deo
1511 4089 1716 4143 hostias
1759 4089 2020 4145 obtulisse

441 4180 697 4240 dicuntur
722 4198 736 4245 ;
767 4181 860 4235 sed
889 4180 1067 4234 nullus
1092 4194 1281 4234 eorum
1311 4181 1593 4236 ordinatus
1621 4181 1704 4233 vel
1735 4194 2019 4235 consecra-

442 4280 531 4328 tus
560 4273 615 4327 in
644 4273 1027 4337 sacerdotium,
1060 4287 1233 4341 neque
1262 4273 1435 4327 sacris
1476 4282 1530 4328 et
1574 4273 1815 4343 mysticis
1856 4274 2021 4329 vesti-

440 4361 544 4419 bus
575 4364 789 4419 indutus
811 4363 975 4419 fuisse
1000 4364 1295 4427 invenitur,
1318 4365 1419 4418 nisi
1444 4364 1648 4430 Aaron,
1672 4365 1763 4434 qui
1788 4366 2016 4435 primus,

435 4453 664 4525 iubente
691 4455 941 4520 Domino,
980 4456 1098 4510 oleo
1134 4465 1321 4509 sancto
1349 4457 1598 4512 inuuctus
1624 4468 1678 4512 et
1707 4461 2017 4516 Sacerdota-

441 4544 586 4601 libus
634 4544 874 4599 vestibus
922 4544 1225 4601 decoratus.
1275 4546 1519 4601 Tradunt
1565 4558 1746 4604 autem
1783 4550 2015 4620 llebrazi,

441 4638 587 4710 quod
616 4646 740 4692 ante
768 4637 946 4691 Aaron
980 4638 1320 4708 pritnogeniti
1351 4649 1533 4695 essent
1558 4644 1885 4699 sacerdotes.
1919 4643 2022 4700 De-

441 4731 607 4800 nique
632 4728 1020 4784 Melchisedech
1044 4738 1326 4783 autumant
1350 4729 1514 4787 fuisse
1550 4731 1674 4787 Sent
1704 4735 2028 4808 primogeni-

443 4831 560 4877 tum
593 4821 726 4886 Noe,
759 4822 1091 4876 sacerdotem
1122 4820 1215 4874 Dei
1243 4823 1456 4877 excelsi.
1491 4823 1569 4877 Ex
1599 4826 1850 4881 omnibus
1880 4830 2026 4883 enim

444 4913 694 4969 tribubus
743 4910 905 4966 Israel
938 4911 1099 4981 elegit
1128 4913 1269 4966 Deus
1296 4913 1493 4967 tribum
1535 4914 1681 4977 Levi,
1725 4926 1779 4969 et
1811 4932 1877 4973 ex
1924 4920 2025 4976 hac

445 5002 588 5056 tribu
629 5001 788 5070 elegit
813 5000 992 5055 Aaron
1032 5016 1300 5055 summum
1340 5002 1686 5072 pontiﬁcem;
1715 5004 1853 5060 ﬁlios
1893 5023 2023 5065 vero

442 5094 561 5165 ejus
597 5095 824 5150 minoris
876 5095 1076 5164 gradus
1125 5094 1206 5149 vel
1236 5096 1459 5160 ordinis,
1499 5111 1634 5166 quos
1680 5099 2022 5172 presbyteros

447 5186 797 5257 appellamus.
838 5184 1075 5239 Caeteros
1111 5186 1163 5239 in
1188 5186 1372 5240 eadem
1414 5189 1557 5241 tribu
1590 5191 1829 5259 generali
1861 5208 2020 5247 voca-

442 5279 571 5334 bulo
597 5278 814 5333 chitas
841 5287 1177 5347 nuncupant,
1230 5278 1456 5332 diversis
1482 5279 1737 5349 gradibus
1774 5290 1828 5337 et
1864 5284 2021 5339 mini-

443 5371 625 5425 steriis
654 5369 945 5439 delegatos.
972 5368 1198 5435 Quidam
1230 5369 1372 5422 enim
1405 5385 1467 5423 ex
1507 5371 1636 5440 ipsis
1662 5382 1819 5427 erant
1850 5376 2018 5429 ostia-

445 5460 533 5522 rii,
580 5470 634 5514 et
662 5460 718 5514 hi
766 5468 919 5513 erant
952 5460 1003 5512 in
1043 5459 1218 5528 primo
1262 5468 1314 5514 et
1362 5459 1415 5513 in
1448 5461 1687 5517 inferiori
1726 5465 1935 5534 gradu;
1965 5466 2017 5520 in

445 5552 679 5606 secundo
732 5551 998 5613 lectores;
1036 5550 1090 5604 iii
1138 5550 1297 5604 tertio
1354 5553 1672 5617 cxorcistze;
1718 5553 1771 5606 in
1825 5563 2021 5623 quarto

445 5643 638 5710 acolyti
664 5659 678 5707 ;
705 5644 760 5696 in
790 5644 980 5712 quinto
1020 5644 1331 5700 subdiaconi
1358 5662 1372 5712 ;
1406 5646 1460 5699 in
1501 5656 1655 5701 sexto
1687 5648 1898 5703 diaconi
1923 5664 1937 5713 ;
1966 5649 2019 5701 in

448 5732 676 5798 septimo
703 5733 1001 5802 presbyteri
1030 5751 1043 5797 ;
1069 5734 1121 5787 in
1150 5752 1422 5805 supremo,
1454 5738 1821 5793 excellentiori
1849 5740 2019 5809 gradu

450 5821 688 5890 episcopi
731 5823 845 5877 sive
872 5825 1155 5892 pontiﬁces
1193 5829 1466 5885 constituti
1521 5838 1696 5884 erant.
1749 5829 1815 5885 Ili
1864 5839 2023 5886 erant

2038 3219 2090 3284 Ο

2116 1970 2353 2027 tionibus
2385 1986 2415 2024 a
2452 1969 2741 2026 Salomone
2770 1973 3102 2043 compositis,
3144 1972 3420 2029 damones
3449 1974 3518 2028 ab
3546 1988 3702 2028 ener-

2118 2062 2365 2133 gumenis
2418 2060 2743 2134 effugabant,
2802 2065 2990 2133 quales
3057 2064 3308 2135 leguntur
3363 2065 3419 2120 in
3478 2066 3703 2121 Actibus

2115 2154 2494 2225 Apostolorum
2520 2154 2687 2211 fuisse
2714 2164 2920 2227 septem
2951 2156 3049 2213 ﬁlii
3074 2156 3260 2214 Sceva:
3294 2158 3436 2230 (Act.
3464 2174 3583 2225 ιιι,
3615 2158 3702 2224 l3,

2120 2244 2230 2320 it).

2187 2337 2391 2409 Acolyti
2419 2349 2596 2405 erant,
2625 2341 2717 2411 qui
2744 2341 3092 2399 tabernaculo
3112 2343 3211 2400 Dei
3237 2343 3480 2402 lucernis
3511 2361 3704 2403 acuet»

2117 2427 2307 2484 dendis
2357 2440 2659 2501 pmeerant,
2705 2432 2860 2503 juxta
2913 2436 3058 2505 quod
3107 2437 3162 2491 in
3217 2436 3402 2494 Exodo
3464 2438 3700 2511 legitur:

2119 2517 2356 2590 Pra'cipe
2384 2521 2511 2590 ﬁliis
2534 2520 2727 2589 Israel,
2753 2535 2809 2578 ut
2841 2525 3068 2595 afferant
3093 2526 3187 2581 tibi
3211 2527 3387 2582 oleum
3414 2528 3483 2584 de
3508 2531 3707 2585 arbori-

2119 2610 2212 2665 bus
2263 2610 2518 2667 olivarum
2570 2615 2933 2684 purissimum,
2985 2616 3193 2688 piloque
3244 2629 3548 2684 contusum,
3597 2630 3701 2675 etc.

2119 2705 2315 2777 (Exod.
2342 2723 2513 2772 xxvii,
2536 2707 2649 2779 20).
2676 2708 2740 2764 Hi
2768 2709 3224 2780 obsequebantur.
3249 2713 3303 2767 in
3327 2713 3585 2769 omnibus
3602 2728 3704 2770 ce-

2118 2798 2271 2861 teris,
2320 2800 2690 2870 superioribus
2731 2802 3026 2873 gradibus:
3062 2803 3214 2859 Unde.
3251 2804 3468 2875 acolyti,
3504 2806 3559 2861 id
3602 2814 3702 2873 est,

2118 2890 2479 2961 obsequentes
2532 2893 2903 2957 vocabantur;
2960 2894 3241 2951 ἀκολουθέει»
3288 2896 3435 2951 enim
3496 2896 3701 2961 Graece,

2117 2981 2308 3037 Latine
2353 2999 2552 3054 sequor
2591 2985 2807 3041 dicitur.
2839 2984 2991 3041 Nunc
3019 2987 3072 3041 in
3096 2985 3334 3043 Ecclesia
3371 2989 3704 3057 eereoferarii

2118 3072 2371 3129 dicuntur
2398 3091 2427 3129 a
2455 3072 2689 3132 ferendis
2718 3078 2909 3132 cereis.
2938 3076 3043 3132 Sed
3076 3086 3201 3134 tunc
3226 3078 3334 3133 dici
3358 3078 3465 3134 hoc
3487 3080 3703 3135 nomine

2118 3182 2225 3224 non
2266 3178 2531 3240 poterant,
2567 3170 2707 3240 quod
2744 3187 2842 3227 nec
2869 3171 2999 3237 mel,
3046 3187 3146 3229 nec
3175 3187 3301 3229 cera
3343 3171 3700 3229 iutrofereba-

2119 3268 2209 3317 tur
2242 3261 2296 3316 in
2324 3260 2588 3318 sacriﬁcio
2614 3262 2848 3318 Domini.

2188 3349 2511 3407 Subdiaeom'
2547 3364 2722 3421 erant,
2768 3369 2905 3426 quos
2937 3354 3249 3411 Nathimros
3286 3357 3579 3420 vocabant.
3614 3357 3701 3426 qui

2117 3443 2218 3500 sub
2258 3443 2460 3500 Levitis
2505 3454 2685 3511 erant,
2733 3447 3135 3503 subservientes
3173 3456 3230 3503 et
3276 3448 3704 3503 obsecundantes

2118 3536 2243 3592 illis.
2281 3536 2435 3595 Unde
2469 3548 2525 3594 et
2556 3538 2849 3605 Nathinwi,
2889 3540 2944 3595 id
2973 3528 3074 3606 est,
3111 3538 3364 3603 humiles,
3401 3538 3488 3594 vel
3513 3540 3566 3593 in
3603 3540 3700 3595 bu-

2117 3630 2346 3685 militate
2373 3631 2691 3697 servientes,
2723 3633 3075 3687 vocabantur.
3107 3632 3186 3687 Ει
3218 3632 3450 3687 istorum
3476 3645 3700 3687 numero

2117 3720 2222 3776 fuit
2262 3721 2583 3789 Nathanael,
2626 3724 2719 3795 qui
2758 3740 2788 3779 a
2816 3723 3043 3781 Domino
3080 3726 3133 3780 in
3170 3724 3464 3796 Evangelio
3498 3738 3702 3780 summa

2118 3815 2275 3871 laude
2317 3816 2659 3882 declaratur;
2698 3817 2871 3887 ipsum
2907 3832 3028 3873 esse
3073 3817 3169 3874 Dei
3210 3815 3385 3871 ﬁlium
3426 3825 3486 3871 et
3527 3829 3705 3888 regem

2118 3904 2282 3961 Israel
2312 3906 2594 3963 confessus
2620 3916 2705 3962 est
2727 3905 2909 3979 (Joan.
2939 3925 2978 3973 ι,
3008 3908 3122 3979 49).

2123 4014 2249 4072 Tres
2299 4018 2594 4088 superiores
2642 4017 2875 4088 gradus,
2927 4017 3221 4089 levitarum.
3259 4016 3701 4089 presbyterum,

2450 4089 2831 4159 episcoporum,
2877 4089 2984 4144 sive
3027 4088 3370 4157 Pontificum.

2190 4178 2490 4234 Levitarum
2546 4181 2680 4235 ordo
2735 4178 2805 4234 ab
2856 4179 2972 4251 ipsa
3029 4180 3175 4235 tribu
3230 4179 3358 4235 Levi
3421 4178 3703 4236 exordium

2120 4270 2350 4340 sumpsit
2394 4278 2450 4325 et
2500 4284 2714 4326 nomen.
2759 4270 3191 4340 lnterpretantur
3231 4270 3517 4340 assumpti,
3564 4266 3704 4338 quod

2118 4378 2218 4433 pro
2246 4365 2500 4420 omnibus
2540 4364 2788 4419 tribubus
2837 4364 3098 4434 assumpti
3148 4372 3324 4428 erant,
3375 4370 3432 4417 et
3484 4361 3705 4417 servitio

2120 4454 2334 4510 Domini
2369 4455 2630 4525 deputati.
2670 4454 2737 4509 Et
2760 4455 3010 4523 quamvis
3058 4455 3236 4511 θεωτί
3274 4469 3491 4524 quoque
3533 4454 3705 4506 miuo-

2048 4579 2101 4641 υ
2123 4548 2200 4603 ris
2232 4547 2442 4603 ordinis
2468 4547 2536 4601 de
2573 4547 2714 4601 tribu
2761 4547 2890 4601 Levi
2924 4555 3125 4609 essent,
3168 4546 3477 4616 specialiter
3526 4553 3704 4599 tamen

2123 4641 2212 4696 hic
2251 4639 2384 4695 ordo
2420 4638 2731 4693 Levitarum
2771 4639 2871 4694 sub
2905 4640 3238 4710 presbyteris
3277 4637 3581 4699 dicebatur,
3614 4633 3703 4703 qui

2121 4748 2221 4803 per
2258 4732 2657 4787 ordinationem
2699 4731 2882 4787 Aaron
2910 4740 2968 4787 et
3002 4732 3235 4786 ﬁliorum
3262 4727 3379 4799 ejus
3415 4744 3707 4785 consecras

2121 4826 2353 4878 bantur:
2410 4822 2738 4877 excubantes
2789 4837 3006 4893 semper
3059 4823 3112 4877 in
3169 4820 3367 4892 templo
3421 4819 3541 4876 Dei.
3604 4819 3703 4889 Ipsi

2121 4915 2405 4985 gestabant
2431 4928 2633 4976 arcam,
2667 4913 3074 4970 tabernaculum
3121 4922 3176 4968 et
3221 4912 3566 4967 victimarum
3594 4912 3706 4965 adi-

2121 5021 2245 5075 pem
2273 5006 2643 5061 sacerdotibus
2671 5004 2990 5062 offerebant.

2182 5098 2341 5170 5.91
2351 5097 2626 5169 Septimus
2637 5098 2772 5153 ordo
2787 5095 3130 5152 Sacerdotum
3145 5097 3229 5152 vel
3246 5093 3703 5168 Presbyterorim,

2122 5193 2219 5247 ﬁlii
2264 5190 2469 5247 scilicet
2502 5192 2708 5256 Aaron,
2744 5191 2941 5260 quibus
2974 5190 3242 5246 sacriﬁcia
3280 5199 3337 5244 et
3368 5189 3704 5251 holocausta,

2121 5294 2284 5355 atque
2308 5286 2484 5340 omnis
2505 5284 2687 5355 templi
2718 5284 2810 5339 Dei
2834 5283 3010 5340 cultus
3038 5283 3361 5340 commissus
3379 5295 3499 5339 erat
3526 5293 3583 5337 et
3608 5292 3707 5337 tra-

2120 5377 2286 5443 ditus,
2312 5392 2541 5447 quorum
2566 5387 2690 5433 erat
2707 5377 3017 5433 discernere
3044 5376 3186 5431 inter
3206 5374 3499 5447 profanum
3517 5386 3573 5429 et
3592 5389 3703 5428 san-

2126 5479 2293 5533 ctum,
2325 5470 2471 5524 inter
2500 5470 2835 5525 immundum
2873 5479 2930 5525 et
2969 5470 3259 5536 mundum;
3307 5478 3365 5524 et
3397 5470 3704 5539 quicunque

2126 5559 2419 5613 secundum
2447 5559 2616 5631 legem
2655 5560 3009 5620 mandandus.
3039 5560 3123 5615 vel
3164 5559 3523 5616 immunditie
3559 5559 3706 5627 adju-

2126 5648 2383 5704 dicandus
2407 5659 2543 5715 erat,
2575 5649 2786 5705 illorum
2805 5649 3010 5719 judicio
3034 5653 3267 5707 mundus
3286 5652 3370 5707 vel
3396 5653 3704 5707 immundus

2127 5741 2551 5797 discernebatur.
2580 5742 2971 5815 Interpretatur
2998 5755 3180 5801 autem
3204 5746 3475 5817 presbyter
3502 5747 3703 5809 senior,

2126 5834 2217 5903 qui
2258 5833 2593 5908 eligebantur
2634 5845 2792 5917 tetate
2836 5838 3042 5909 pariter
3091 5846 3147 5893 et
3185 5853 3401 5895 morum
3438 5837 3703 5910 gravitate
