4032 6354
378 391 519 450 1253

371 507 619 581 perfecti,
649 506 773 577 quia
806 505 949 577 Deus
973 503 1027 559 in
1053 503 1367 559 ordinaudis
1394 514 1574 556 mores
1602 496 1772 567 magis
1796 503 1850 551 et
1868 509 1947 549 sa-
1977 491 2033 552 Δ

368 603 945 679 pientiamapprobat,
982 616 1145 671 quam
1175 607 1384 654 mtates.
1424 590 1433 595 ’

443 692 556 749 Hos
591 692 919 762 sequebatur
960 698 1183 746 octavus
1229 689 1362 743 ordo
1400 684 1739 754 Pontiﬁcum,
1770 681 1863 752 qui
1896 689 1952 735 et

367 784 642 858 principes
701 782 1036 837 vocabantur
1098 780 1459 836 sacerdotum.
1521 776 1695 845 Super
1761 784 1951 826 omnes

368 876 718 936 sacerdotes,
763 872 848 927 vel
901 870 1249 943 presbyteros
1289 883 1426 922 unus
1467 864 1793 921 constitutus
1834 866 1952 915 erat

370 966 635 1039 pontifex,
676 963 889 1020 ceteris
933 961 1184 1016 omnibus
1224 957 1596 1020 excellentior,
1621 963 1676 1009 et
1710 951 1856 1007 velut
1895 950 1949 1003 in

370 1074 580 1115 summa
611 1056 884 1127 religionis
913 1068 1040 1108 arce
1070 1052 1299 1114 locatus,
1330 1050 1396 1104 ad
1431 1063 1590 1120 quem
1626 1043 1804 1101 creteri
1835 1056 1950 1096 res-

368 1149 648 1221 picerent,
673 1144 895 1215 ejusque
926 1141 1188 1215 judicium
1226 1141 1611 1207 decretumque
1646 1139 1945 1195 servarent.

368 1239 662 1299 Sciendum
691 1247 892 1302 autem,
916 1235 1041 1306 quia
1073 1234 1247 1305 primo
1277 1247 1415 1286 unus
1435 1228 1699 1302 pontifex,
1726 1227 1949 1296 jnbente

368 1332 619 1395 Domino,
660 1328 984 1385 constitutus
1014 1334 1138 1380 est:
1189 1338 1297 1393 quo
1324 1320 1638 1384 decedente,
1669 1318 1809 1372 ﬁlius
1833 1314 1949 1383 ejus

367 1422 594 1479 Eleazar
619 1417 980 1479 sacerdotium
1007 1414 1264 1485 suscepit,
1302 1420 1356 1468 et
1398 1412 1502 1465 hoc
1545 1418 1778 1472 mortuo,
1810 1406 1950 1461 ﬁlius

366 1512 495 1582 ejus
530 1510 723 1565 Finees
775 1506 1063 1564 sacerdotii
1102 1517 1385 1560 successor
1428 1500 1639 1557 exstitit
1698 1516 1711 1529 ·
1766 1497 1951 1566 sicque

368 1616 539 1678 usque
582 1600 653 1660 ad
701 1608 944 1671 tempora
997 1594 1164 1649 David
1206 1608 1346 1647 unus
1403 1597 1524 1661 post
1569 1603 1730 1641 unum
1777 1583 1953 1656 ponti-

364 1677 559 1754 ﬁcatus
585 1697 824 1751 baeredes
848 1685 1124 1749 exstilete.
1160 1682 1331 1743 David
1356 1696 1486 1752 ergo
1514 1694 1635 1735 cum
1664 1677 1952 1747 cogitasset

362 1789 636 1846 aediﬁcare
670 1785 931 1857 templum
959 1783 1205 1847 Domino,
1237 1787 1293 1835 et
1336 1772 1548 1830 divinos
1575 1770 1750 1825 cultus
1789 1767 1950 1822 vellet

364 1894 581 1952 augere,
608 1886 903 1933 convocata
933 1876 1079 1932 omni
1117 1871 1348 1927 ﬁliorum
1379 1864 1564 1924 Aaron
1592 1861 1869 1933 progenie,
1898 1866 1952 1913 et

364 1951 486 2029 illos
538 1973 762 2037 scilicet,
812 1970 904 2042 qui
962 1969 1030 2024 de
1072 1967 1320 2029 Eleazar,
1361 1970 1415 2017 et
1463 1954 1555 2029 qui
1607 1952 1674 2007 de
1717 1951 1955 2042 Ithamar

362 2064 534 2135 Stirpe
576 2039 1009 2133 descenderant,
1062 2056 1244 2112 divisit
1288 2069 1383 2109 eos
1431 2051 1487 2107 in
1531 2053 1719 2121 partes
1764 2039 1957 2112 viginti

360 2132 628 2227 quatuor,
678 2167 745 2209 ac
792 2153 859 2208 de
906 2149 1131 2222 singulis
1178 2145 1419 2218 singulos
1455 2139 1742 2213 pontiﬁces
1768 2132 1951 2227 elegit.

361 2245 603 2304 Caeteros
632 2259 764 2300 vero
801 2244 895 2316 qui
941 2243 994 2298 in
1041 2240 1289 2313 partibus
1332 2242 1488 2291 erant
1528 2225 1818 2288 sacerdotii
1849 2224 1952 2277 mi-

310 2396 329 2405 _
363 2340 531 2406 noris,
580 2339 674 2410 qui
719 2353 862 2393 nunc
906 2334 1293 2406 presbyteratus
1319 2329 1538 2392 dicitur,
1576 2323 1751 2379 ollicio
1799 2331 1954 2392 pres-

362 2430 641 2503 byteratus
671 2427 818 2498 fungi
849 2424 1103 2498 praecepit
1141 2441 1154 2476 :
1182 2421 1273 2492 qui
1302 2416 1586 2490 pontiﬁces
1611 2411 1802 2483 singuli
1828 2420 1953 2465 cum
2022 2494 2025 2497 Α

361 2521 467 2577 sibi
492 2517 748 2587 subjectis
777 2515 1180 2578 sacerdotibus,
1210 2527 1307 2584 per
1332 2519 1559 2566 octonos
1586 2505 1956 2561 ministrarent

365 2612 507 2678 dies,
535 2612 637 2666 hoc
661 2620 765 2677 est,
808 2624 839 2663 a
885 2607 1113 2663 sabbato
1141 2617 1312 2673 usque
1341 2601 1408 2655 ad
1442 2598 1745 2655 sabbatum.
1786 2592 1951 2648 Cum-

363 2719 471 2775 que
513 2715 704 2758 omnes
744 2697 1067 2755 sacerdotali
1102 2695 1270 2767 gradu
1299 2701 1482 2747 essent
1528 2689 1784 2758 aequales,
1814 2700 1953 2739 unus

365 2804 543 2851 tamen
577 2794 629 2849 in
661 2793 760 2858 eis,
790 2791 881 2862 qui
909 2789 1121 2861 dignior
1138 2786 1437 2848 videretur,
1462 2781 1681 2852 speciali
1706 2791 1956 2833 reveren-

365 2890 438 2944 tia
491 2887 815 2959 prtemiuens
864 2881 1060 2939 summi
1111 2876 1412 2935 sacerdotis
1463 2887 1658 2929 nomen
1706 2869 1949 2925 haberet.

366 2983 482 3056 Ipse
511 2995 726 3052 quoque
775 2993 872 3033 rex
905 2975 1073 3031 David
1116 2975 1325 3045 primus
1365 2969 1651 3042 delegavit,
1684 2966 1775 3037 qui
1804 2966 1952 3037 psal-

366 3092 484 3133 mos
526 3076 582 3131 in
641 3073 840 3145 templo
885 3069 1093 3126 Domqu
1146 3065 1419 3123 modulata
1468 3078 1599 3118 voce
1644 3069 1951 3123 cantantes,

366 3170 577 3225 animos
605 3164 783 3238 populi
811 3162 1141 3219 sublimitate
1163 3168 1219 3215 et
1243 3157 1508 3213 suavitate
1532 3153 1701 3217 vocis,
1731 3167 1837 3223 qua
1874 3148 1955 3203 di-

366 3260 649 3323 cebantur,
684 3255 1039 3318 oblectarent,
1085 3259 1141 3308 et
1183 3249 1252 3304 ad
1293 3261 1533 3303 amorem
1562 3243 1729 3299 divini
1775 3240 1954 3297 cultus

367 3353 600 3425 amplius
625 3350 1008 3408 accenderent.

439 3446 567 3502 Ηξεο
605 3445 672 3499 de
715 3451 837 3498 octo
866 3439 1122 3513 gradibus
1151 3436 1422 3497 diximus,
1465 3433 1557 3502 qui
1596 3429 1795 3487 veteris
1822 3427 1958 3500 legis

371 3549 609 3608 tempore
661 3531 1133 3590 observantisisime
1180 3526 1661 3587 custodiebantur,
1709 3521 1853 3591 quod
1902 3520 1957 3574 in

370 3631 521 3688 Novo
556 3629 900 3683 Testamento
947 3620 1183 3690 suscepit
1239 3616 1481 3672 Ecclesia
1534 3621 1686 3669 tanto
1742 3610 1955 3676 melius,

369 3728 575 3793 quanto
610 3725 663 3773 et
690 3714 869 3769 verius
896 3731 911 3767 :
943 3711 1067 3782 quia
1098 3708 1201 3764 illis
1227 3705 1407 3761 omnia
1437 3705 1489 3758 in
1539 3703 1708 3772 ﬁgura
1749 3704 1961 3756 contin-

371 3791 585 3890 gebant.
612 3810 786 3878 Quos,
827 3805 950 3877 quia
978 3799 1248 3858 notissimi
1283 3806 1434 3859 sunt,
1479 3803 1533 3851 et
1574 3793 1703 3864 quid
1735 3791 1960 3862 singulis

372 3884 688 3967 conveniat,
725 3899 919 3971 quidve
943 3897 1021 3951 eis
1069 3894 1123 3948 in
1169 3906 1265 3947 sua
1303 3888 1647 3945 ordinatione
1684 3884 1956 3948 tradatur,

374 3978 808 4069 frequentissimo
830 4007 930 4046 usu
956 3988 1126 4044 scitur
1151 3985 1218 4039 ab
1245 3981 1516 4045 omnibus,
1543 3976 1707 4048 paulo
1733 3973 1960 4030 inferius

375 4090 612 4150 breviter
635 4101 728 4142 eos
755 4092 1211 4141 commemorasse
1238 4070 1489 4131 sutIiciat.

929 4217 1158 4277 CAPUT
1196 4213 1420 4272 XXXV.

765 4348 791 4378 ⁸
832 4352 897 4392 νε
939 4347 1180 4390 τοκευιιλ
1215 4340 1573 4385 ειειιιοοιιυη.

449 4476 784 4534 Clericorum
812 4481 990 4526 autem
1020 4478 1241 4522 tonsura
1270 4478 1300 4517 a
1329 4459 1589 4516 Nazareis
1618 4456 1792 4511 fertur
1824 4470 1967 4511 sum-

1192 386 1341 445 OPP.
1384 381 1787 443 SUPI‘OSITA.
1824 410 1890 422 ——
1929 377 2059 434 LIB.
2099 377 2189 435 DE
2225 378 2474 437 DIVINIS
2513 377 2819 437 OFFICIIS.

3492 377 3634 437 ηδι

2591 491 2818 549 CAPUT
2858 490 3099 547 XXXVI.

2430 598 2497 639 DE
2536 596 2794 637 CRADIBUS
2830 596 3266 638 ECCLESIASTICIS.

2122 693 2299 751 Cieros
2330 698 2494 769 igitur
2524 697 2729 761 Graece,
2754 696 2946 752 Latine
2968 712 3085 751 sors
3107 693 3324 762 dicitur,
3347 696 3435 752 vel
3462 697 3636 754 haere-

2050 787 2192 843 ditas
2216 788 2446 843 Domini.
2473 788 2575 856 Qui
2602 805 2731 861 ergo
2763 790 2830 844 ad
2865 788 3153 844 clericatus
3174 789 3419 844 ordinem
3442 805 3635 861 perve-

2049 879 2150 943 nit,
2187 879 2282 935 Dei
2308 878 2595 936 baereditas
2617 896 2735 937 esse
2776 881 2933 937 debet
2966 899 2979 934 :
3013 881 3137 951 quia
3173 881 3276 936 hoc
3302 881 3464 935 debet
3492 896 3636 936 sem-

2050 990 2148 1046 per
2175 973 2489 1045 praavidere,
2518 984 2577 1029 ut
2605 975 2885 1028 Dominum
2911 973 3206 1044 possideat.
3236 982 3289 1028 et
3324 972 3437 1043 ipse
3467 989 3497 1026 a
3530 973 3638 1027 Do.

2051 1067 2198 1122 mino
2218 1066 2578 1136 possideatur,
2618 1072 2677 1119 ut
2702 1066 2873 1134 possit
2900 1065 3081 1119 dicere
3125 1078 3247 1118 cum
3291 1063 3579 1119 Psalmista
3619 1081 3632 1118 :

2050 1156 2305 1213 Dominus
2345 1174 2467 1227 pars
2509 1157 2833 1211 hwreditatis
2877 1173 3004 1211 mea:
3038 1153 3209 1227 (Psal.
3240 1171 3328 1221 xv,
3365 1155 3443 1227 5).
3483 1155 3640 1227 Legi-

2051 1267 2172 1306 mus
2220 1251 2273 1305 in
2321 1248 2501 1305 Veteri
2563 1250 2912 1305 Testamento
2976 1249 3264 1304 Dominum
3309 1249 3510 1304 dixisse
3570 1247 3639 1303 ad

2052 1343 2268 1416 Moysen
2301 1362 2313 1397 :
2346 1342 2393 1397 F
2396 1345 2500 1399 iliis
2526 1342 2647 1398 Levi
2668 1360 2771 1398 non
2799 1342 2947 1397 dabis
2972 1342 3349 1406 htereditntem,
3375 1358 3467 1412 ego
3499 1341 3639 1394 enim

2050 1451 2140 1489 ero
2189 1434 2469 1489 ha'reditas
2519 1434 2731 1488 illorum
2783 1431 2979 1504 (Deut.
3021 1448 3077 1497 x,
3128 1432 3223 1503 9).
3274 1433 3401 1488 Inde
3456 1431 3641 1487 clerici

2053 1523 2202 1589 dicti,
2236 1539 2301 1579 eo
2328 1524 2469 1595 quod
2496 1524 2561 1579 de
2588 1532 2734 1580 sorte
2766 1524 2859 1580 Dei
2888 1532 2944 1579 et
2980 1524 3295 1578 haereditate
3320 1525 3449 1588 sint,
3478 1524 3523 1578 si
3549 1537 3641 1577 re-

2054 1618 2315 1690 gulariter
2353 1618 2557 1672 vivunt.
2613 1616 2671 1672 Si
2712 1626 2891 1672 autem
2924 1631 3027 1670 non
3064 1616 3250 1669 vivunt
3297 1615 3639 1687 regulariter,

2053 1709 2194 1765 sicut
2245 1707 2463 1763 maximi
2517 1706 2719 1771 clerici,
2755 1707 2845 1777 qui
2898 1716 3068 1762 totum
3109 1706 3355 1761 laicalem
3397 1704 3643 1760 habitum

2055 1810 2378 1871 sequuntur,
2410 1801 2686 1870 cingentes
2714 1814 2887 1863 arma,
2916 1809 2971 1853 et
2993 1807 3188 1853 caetera
3219 1798 3498 1860 iacientes,
3524 1811 3645 1866 qua:

2056 1893 2191 1948 ordo
2217 1893 2513 1947 canonicus
2543 1890 2816 1961 prohibet,
2854 1889 2931 1943 illi
2967 1889 3101 1944 tales
3130 1904 3235 1944 non
3275 1897 3401 1944 sunt
3436 1887 3641 1943 clerici.

2056 1982 2195 2051 Quid
2229 1999 2358 2056 ergo
2388 1984 2546 2039 sunt?
2573 1981 2850 2053 Acephali,
2881 1969 3060 2044 id‘est,
3091 1982 3208 2037 siue
3234 1982 3411 2052 capite
3432 1980 3646 2051 religio-

2055 2075 2161 2130 nis.
2196 2072 2379 2129 Canon
2406 2072 2610 2138 Gmce,
2642 2072 2834 2128 Latine
2868 2070 3072 2143 regula,
3098 2086 3162 2125 eo
3185 2070 3327 2141 quod
3356 2077 3504 2124 recto
3533 2078 3646 2122 tra-

2054 2166 2185 2222 mite
2213 2166 2373 2222 ducat
2414 2166 2686 2221 hominem
2723 2163 2791 2217 ad
2826 2161 3099 2217 cmlestem
3138 2160 3394 2231 patriam,
3422 2168 3477 2213 et
3521 2159 3648 2214 inde

2054 2260 2355 2315 canonicus.
2392 2259 2686 2330 Regularis.
2722 2272 2787 2313 eo
2814 2255 2954 2326 quod
2987 2255 3311 2327 regulariter
3344 2253 3541 2309 debeat
3566 2251 3646 2305 vi—

2055 2367 2204 2415 vere,
2231 2352 2285 2405 id
2313 2359 2420 2415 est,
2455 2358 2603 2404 recte
2630 2349 2684 2402 in
2711 2355 2897 2403 sancta
2928 2345 3189 2400 Ecclesia.

2132 2414 2412 2496 ostiarius
2432 2440 2499 2494 ab
2526 2439 2666 2495 ostio
2696 2437 2948 2493 Ecclesia!
2975 2436 3190 2499 dicitur,
3213 2414 3354 2504 quod
3383 2434 3455 2487 ita
3492 2432 3648 2487 debet

2056 2535 2353 2606 prtevidere
2371 2575 2385 2597 ,
2418 2548 2485 2587 ne
2512 2532 2622 2586 ullo
2661 2530 2821 2585 modo
2845 2544 3089 2600 paganus
3118 2525 3449 2598 ingrediatur
3476 2523 3648 2578 eccle-

2053 2628 2211 2690 siam,
2260 2627 2389 2694 quia
2446 2639 2544 2678 suo
2581 2621 2801 2677 introitu
2847 2618 3037 2689 polluit
3079 2632 3220 2671 eam.
3268 2613 3437 2669 Debet
3480 2614 3646 2668 etiam

2054 2717 2332 2777 custodire
2357 2731 2420 2771 ea
2448 2730 2568 2785 quae
2593 2714 2732 2767 intra
2762 2709 3048 2767 ecclesiam
3072 2716 3217 2769 sunt,
3241 2714 3302 2759 ut
3326 2704 3473 2758 salva
3498 2704 3608 2758 sint
3630 2718 3643 2731 ·

2052 2809 2180 2881 quia
2229 2807 2303 2861 illi
2337 2804 2549 2859 tradita:
2584 2809 2709 2857 sunt
2739 2800 2950 2865 claves,
2987 2806 3042 2853 et
3070 2794 3359 2851 commissa
3391 2807 3521 2847 cura
3548 2804 3644 2853 cur

2054 2898 2350 2958 stodiendre
2387 2895 2648 2953 ecclesiae.
3010 2934 3017 2938 .

2131 2990 2322 3046 Lector
2353 2987 2551 3042 dicitur
2582 3001 2613 3040 a
2636 2982 2883 3056 legendo,
2914 2997 2980 3037 eo
3005 2980 3148 3051 quod
3182 2976 3545 3033 ministerium
3567 2973 3648 3029 le-

2058 3084 2219 3159 gendi
2251 3084 2447 3139 habeat
2478 3082 2530 3135 iu
2568 3078 2816 3135 ecclesia.
2842 3075 2922 3130 illi
2951 3064 3182 3128 traditus
3212 3077 3295 3125 est
3325 3068 3493 3123 cedex
3528 3066 3645 3137 api-

1980 3200 2029 3267 ρ
2057 3192 2183 3237 cum
2228 3175 2551 3235 divinorum,
2584 3180 2643 3225 ut
2687 3169 2939 3223 distincte
2969 3166 3033 3220 ad
3064 3160 3470 3235 intelligendum
3509 3158 3650 3215 divi-

2058 3284 2161 3325 nas
2185 3266 2448 3321 lectiones
2479 3258 2902 3333 pronuntiando,
2928 3254 3124 3327 populo
3150 3252 3381 3325 placeat.

2127 3359 2377 3432 Acolytus
2423 3356 2630 3420 Grmce,
2678 3352 2868 3407 Latine
2894 3347 3308 3409 cereoferarius,
3337 3344 3392 3400 id
3427 3350 3528 3406 est,
3562 3354 3651 3396 ce-

2056 3468 2211 3511 reum
2258 3451 2459 3506 ierens.
2528 3446 2748 3501 Illorum
2799 3441 3035 3499 ollicium
3087 3446 3206 3501 est,
3258 3444 3318 3490 ut
3368 3435 3653 3504 deportent

2059 3558 2249 3601 cereos
2288 3549 2415 3594 ante
2447 3537 2731 3591 diaconum
2762 3573 2776 3596 ,
2815 3530 3031 3601 quando
3068 3527 3263 3597 legitur
3297 3520 3649 3594 Evangelium

2059 3639 2113 3692 in
2148 3632 2397 3695 ecclesia,
2438 3637 2493 3684 et
2522 3643 2629 3681 non
2664 3625 2731 3679 ad
2766 3620 3079 3693 el'fugandas
3113 3617 3383 3678 tenebras,
3422 3625 3652 3684 praeser-

2061 3730 2157 3784 tim
2201 3740 2323 3781 eum
2369 3721 2450 3777 sol
2484 3722 2545 3779 in
2589 3719 2676 3773 die
2718 3714 2898 3770 rutilet
2945 3732 2956 3765 :
3003 3711 3095 3767 sed
3122 3718 3183 3764 ut
3216 3708 3639 3768 demonstretur,

2057 3819 2200 3892 quod
2227 3818 2291 3873 de
2312 3814 2548 3871 tenebris
2573 3806 2905 3864 infidelitatis
2930 3801 3179 3857 venimus
3202 3798 3268 3852 ad
3293 3798 3467 3852 lucem
3494 3794 3644 3857 fidei,

2058 3885 2113 3968 et
2136 3920 2196 3965 ut
2217 3910 2430 3979 signum
2451 3904 2651 3959 lmtitiae
2671 3901 2761 3966 sit,
2786 3905 3053 3969 quatenus
3076 3892 3177 3948 sub
3201 3900 3328 3963 typo
3352 3885 3652 3957 corporalis

2058 3975 2315 4066 luminis,
2337 3999 2430 4053 lux
2456 3997 2545 4052 illa
2578 3995 2631 4048 in
2665 3991 2925 4048 memoria
2964 3987 3249 4047 habeatur,
3283 3981 3349 4036 de
3376 3993 3482 4049 qua
3514 3975 3650 4032 dici-

2064 4108 2151 4156 tur
2186 4118 2198 4152 :
2238 4097 2371 4151 Erat
2405 4094 2496 4147 lux
2537 4108 2657 4146 vera
2694 4104 2811 4160 qua:
2838 4085 3104 4140 illuminat
3143 4095 3345 4136 omnem
3390 4076 3654 4131 hominem

2064 4189 2347 4245 venientem
2380 4185 2433 4237 in
2464 4183 2601 4235 hunc
2632 4177 2884 4231 mundum
2918 4172 3099 4243 (Joan.
3129 4186 3167 4234 ι,
3193 4170 3269 4239 9).

2137 4276 2479 4332 Exorcismus
2501 4271 2705 4331 Greece,
2732 4265 2923 4320 Latine
2946 4263 3143 4319 dicitur
3164 4271 3342 4315 sermo
3365 4252 3656 4324 adjuratio-

2063 4372 2149 4428 nis
2175 4368 2289 4425 sive
2327 4360 2712 4434 increpationis
2746 4377 2758 4411 :
2797 4366 2851 4412 et
2882 4355 3005 4410 inde
3030 4352 3311 4414 exorcista,
3346 4346 3645 4416 adjurator.

2067 4464 2285 4519 illorum
2310 4455 2546 4511 ollicium
2581 4460 2683 4513 est,
2713 4457 2773 4504 ut
2810 4454 3013 4519 ponant
3039 4456 3232 4498 manus
3257 4453 3419 4510 super
3452 4437 3653 4493 daemo-

378 4576 552 4644 psisse
589 4564 889 4622 exordium.
921 4559 1055 4615 Cum
1090 4557 1235 4612 enim
1261 4551 1384 4624 quis
1414 4558 1540 4605 voto
1572 4562 1630 4603 se
1652 4546 1960 4617 obligasset,
1992 4557 2044 4617 υ
2070 4554 2276 4614 niacos,
2307 4545 2469 4620 592
2498 4552 2553 4599 et
2583 4557 2681 4612 per
2718 4536 3113 4595 invocationem
3151 4530 3405 4587 nominis
3434 4527 3527 4583 Dei
3569 4540 3656 4580 re-

1593 4642 1604 4644 _
1853 4638 1864 4644 -
2326 4642 2335 4644 _
2412 4626 2419 4633 ι
2644 4634 2656 4644 ι
2742 4632 2753 4643 ο
2869 4628 3086 4644 ιιΑ--.Α-
3129 4641 3139 4644 _
3207 4621 3394 4644 14.2...-
3444 4627 3490 4644 ιι.
3550 4618 3619 4644 ὲ...

378 4638 440 4720 ut
469 4640 566 4733 per
584 4657 847 4729 jejunium
876 4662 1035 4723 atque
1074 4650 1303 4704 aliarum
1344 4658 1527 4700 rerum
1555 4638 1963 4695 observantiam

380 4771 440 4814 se
470 4729 751 4825 aliligeret,
796 4744 1099 4803 abstinebat
1122 4757 1181 4797 se
1207 4739 1276 4795 ab
1327 4736 1474 4793 omni
1510 4733 1653 4805 quod
1695 4729 1967 4787 inebriare

380 4858 437 4905 et
482 4854 683 4903 statum
727 4840 923 4897 mentis
953 4845 1201 4893 avertere
1245 4838 1455 4903 posset,
1491 4835 1715 4895 eratque
1755 4838 1968 4894 semper

381 4940 437 4997 in
486 4935 722 5008 templo,
758 4932 898 4989 unde
946 4938 1000 4984 et
1049 4926 1344 4989 Nazareus,
1394 4922 1447 4977 id
1499 4929 1617 4986 est,
1660 4927 1880 4975 sanctus
1913 4926 1969 4973 et

382 5032 610 5091 Domino
648 5034 995 5084 consecratus
1019 5021 1331 5075 vocabatur.
1380 5013 1620 5085 impletis
1648 5019 1828 5066 autem
1858 5009 1970 5065 voti

384 5128 467 5185 sui
490 5124 702 5188 diebus,
733 5118 984 5175 veniebat
1024 5114 1094 5170 ad
1129 5112 1389 5181 templum
1415 5106 1651 5172 Domini,
1689 5114 1744 5161 et
1770 5103 1968 5161 offere-

383 5224 480 5280 bat
524 5234 623 5292 pro
669 5232 760 5280 se,
810 5226 929 5283 qua:
969 5210 1085 5280 lege
1127 5204 1598 5277 praecipiebantur,
1637 5198 1971 5266 radebatque

386 5288 616 5386 capillos
644 5307 838 5379 capitis
862 5304 945 5359 sui
976 5309 1030 5357 et
1067 5298 1266 5362 barbae,
1303 5301 1627 5367 partemque
1652 5290 1880 5360 pilorum
1917 5288 1973 5342 in

386 5378 602 5466 ﬂamma
625 5401 812 5460 altaris
834 5396 1129 5460 cremabat,
1165 5392 1351 5461 sicque
1375 5387 1486 5442 voti
1508 5385 1648 5441 liber
1668 5381 1879 5437 redibat
1904 5378 1973 5434 ad

386 5498 628 5576 pmpria.
656 5493 852 5549 Fertur
871 5490 1062 5545 beatus
1084 5483 1279 5539 Petrus
1296 5479 1509 5552 primus
1530 5471 1835 5544 bujusmodi
1859 5478 1978 5527 ton-

388 5568 575 5652 suram
607 5588 711 5647 sibi
753 5584 947 5643 fecisse
977 5580 1046 5636 ad
1076 5573 1484 5635 similitudinem
1525 5568 1726 5643 spinea:
1760 5577 1975 5622 coronae

389 5685 607 5747 Domini
636 5701 650 5737 :
684 5680 799 5737 sive
822 5686 882 5732 ut
909 5672 1090 5732 clerici
1126 5686 1158 5725 a
1189 5668 1345 5723 laicis
1374 5679 1481 5722 non
1517 5660 1692 5720 solum
1722 5655 1975 5714 diﬂ‘erant

390 5780 601 5841 habitu,
637 5787 830 5831 verum
855 5769 1021 5826 etiam
1048 5773 1293 5820 tonsura.

466 5905 491 5933 ι
532 5888 688 5959 litigo
716 5878 987 5945 Κοίλη-ἁ..
1012 5860 1125 5933 not.
1158 5869 1283 5930 660.
1358 5922 1361 5927 ,

2067 4645 2275 4716 pellant
2307 4618 2579 4696 daemones
2609 4634 2677 4687 ab
2709 4632 2813 4695 eis,
2850 4628 3093 4683 dicentes
3127 4641 3140 4676 :
3192 4621 3396 4691 Adjuro
3442 4627 3509 4681 te,
3549 4618 3653 4669 im-

2068 4706 2260 4796 inunde
2290 4735 2528 4808 spiritus,
2551 4745 2643 4800 per
2670 4725 2835 4779 Deum
2867 4719 3106 4783 Patrem,
3130 4724 3178 4771 et
3208 4713 3250 4767 F
3255 4712 3423 4772 ilium,
3455 4719 3501 4763 et
3535 4706 3656 4779 Spi-

2071 4837 2228 4890 ritum
2267 4798 2529 4887 sanctum,
2552 4798 2631 4874 rut
2666 4815 2876 4871 recedas
2908 4812 2972 4866 ab
3002 4811 3100 4864 hoc
3130 4804 3329 4879 famulo
3358 4802 3473 4856 Dei.
3506 4798 3655 4854 istud

2068 4922 2448 4983 ministerium,
2497 4921 2557 4969 ut
2595 4921 2833 4966 canones
2873 4904 3077 4966 dicunt,
3111 4913 3269 4955 nemo
3307 4892 3464 4949 debet
3498 4905 3656 4944 usur-

2069 5033 2221 5093 pare,
2260 5012 2362 5068 nisi
2407 5006 2498 5079 qui
2539 5004 2680 5059 idem
2718 4997 2949 5053 oﬁicium
2983 4993 3206 5055 habent,
3243 4994 3337 5042 aut
3372 4984 3653 5047 diaconus,

2073 5088 2165 5166 aut
2190 5103 2574 5163 subdiaconus,
2608 5100 2701 5147 aut
2728 5088 3019 5146 exorcista.

2149 5205 2536 5265 Subdiaconus,
2588 5191 2954 5253 subminister,
2998 5199 3062 5239 eo
3094 5180 3235 5252 quod
3280 5174 3381 5231 sub
3426 5172 3655 5228 diacono

2074 5304 2163 5365 sit,
2210 5299 2263 5353 id
2289 5301 2388 5355 est,
2421 5288 2521 5346 sub
2558 5284 2823 5341 ministro.
2872 5278 3018 5334 Illius
3047 5266 3406 5328 ministerium
3440 5268 3559 5327 est,
3595 5267 3655 5315 ut

2022 5409 2036 5428 '
2074 5359 2346 5451 ministret
2374 5384 2622 5443 diacono,
2663 5375 2718 5429 id
2747 5381 2852 5438 est,
2888 5367 3098 5424 deferat
3122 5362 3172 5419 ei
3212 5359 3461 5422 linteum,
3488 5366 3654 5423 super

2076 5486 2219 5560 quod
2254 5477 2676 5539 consecrandum
2705 5476 2789 5525 est
2819 5476 3018 5560 corpus
3048 5466 3104 5515 et
3147 5451 3373 5560 sanguis
3412 5444 3653 5560 meini.

2077 5538 2297 5638 Béiém
2335 5573 2386 5630 ei
2421 5576 2677 5644 patenam
2701 5556 2833 5618 cum
2857 5550 3053 5644 oblatis
3074 5553 3178 5644 ,_et
3206 5538 3515 5644 calicemin
3548 5549 3657 5608 quo

2280 5628 2504 5734 tat—aqua
2531 5655 2813 5715 habeatur,
2837 5643 2962 5718 quia
2990 5641 3059 5697 de
3096 5638 3266 5693 latere
3290 5628 3505 5689 Domini
3530 5640 3655 5734 prp-

2034 5814 2037 5817 .
2077 5717 2488 5827 sanguis
2526 5757 2581 5804 et
2626 5756 2785 5813 aqua.
2819 5717 3048 5793 Peracto
3072 5724 3361 5806 sacrificio,
3399 5717 3657 5795 mysteria
