4032 6354
433 369 584 457 i235

438 612 669 669 diacono
693 612 987 684 colligenda
1017 612 1100 665 vel
1128 610 1459 681 deportanda
1488 606 1731 675 suscipit.

510 702 774 759 Diaconus
802 703 1003 764 Graece.
1036 701 1301 757 llebraice
1330 698 1537 767 Levita,
1561 696 1773 762 Latine,
1806 710 2015 749 assum-

432 810 564 876 ptus
585 800 667 856 vel
701 802 946 856 minister
972 800 1393 870 interpretatur:
1427 803 1755 863 assumptus,
1779 792 1902 861 quia
1928 805 2015 845 as-

438 892 689 959 sumitur,
736 893 787 947 id
816 901 917 957 est,
955 891 1171 963 eligitur
1203 889 1271 943 ad
1300 886 1577 943 servitium
1609 883 1823 947 altaris;
1856 880 2014 935 mini-

355 1040 368 1058 ,
439 995 571 1051 Ster,
605 986 729 1054 quia
766 984 1037 1038 ministrat
1064 981 1397 1053 presbytero.
1425 977 1582 1031 Ponit
1610 976 1831 1029 linteum
1865 972 1916 1025 in
1942 969 2015 1024 al-

439 1084 577 1141 tare,
604 1075 755 1145 ponit
774 1089 967 1145 panem
995 1082 1049 1128 et
1068 1072 1310 1135 calicem,
1339 1085 1459 1139 qua:
1490 1081 1590 1122 nec
1616 1065 1881 1127 mittendi,
1914 1079 2014 1118 nec

438 1169 717 1224 auferendi
762 1169 923 1222 habet
961 1173 1283 1236 potestatem
1314 1161 1617 1233 presbyter,
1663 1158 1706 1212 si
1756 1157 2013 1210 diaconus

436 1259 688 1315 adfuerit.
724 1259 875 1313 Sicut
904 1257 1218 1329 presbytero
1239 1252 1471 1309 cilicium
1498 1248 1849 1306 consecrandi
1871 1261 2014 1301 com-

433 1352 588 1422 petit,
623 1352 698 1405 iza
727 1352 954 1406 diacono
980 1346 1341 1403 ministrandi.

508 1440 788 1512 Presbyter
827 1439 1034 1503 Graece,
1065 1438 1258 1493 Latine
1285 1436 1466 1491 senior
1496 1432 1712 1496 dicitur,
1740 1444 1849 1484 non
1889 1441 2015 1498 pro-

434 1542 555 1603 pter
588 1539 941 1595 seuectutem,
975 1530 1067 1584 sed
1112 1536 1331 1599 propter
1368 1525 1714 1596 dignitatem,
1752 1521 2013 1575 honorem

433 1632 489 1680 et
525 1625 864 1695 sapientiam,
893 1623 1018 1693 quia
1044 1621 1348 1692 quicunque
1369 1617 1649 1689 presbyter
1675 1625 1775 1676 est,
1801 1615 2015 1682 sapiens

434 1730 556 1771 esse
598 1714 792 1777 debet,
841 1721 901 1767 ut
958 1712 1219 1782 intelligat
1257 1725 1323 1764 ea
1369 1723 1488 1779 qua:
1538 1707 1699 1777 legit;
1754 1703 2017 1775 intelligat

434 1805 729 1870 orationes,
774 1817 909 1873 quas
949 1802 1079 1856 dicit
1108 1810 1162 1855 et
1191 1800 1398 1855 diurnis
1438 1798 1774 1867 temporibus
1812 1804 1871 1851 et
1918 1811 2016 1848 no-

1296 398 1357 453 B.
1399 395 1462 452 1".
1506 396 1731 451 ALBlNl
1772 394 1902 450 SEU
1942 391 2217 449 ALCUNI
2257 393 2544 451 OPERUM
2582 394 2759 452 PARS
2797 395 2885 451 IX.

437 518 684 592 corporis
714 526 767 575 et
808 520 1083 592 sanguinis
1125 508 1353 582 Domini,
1403 532 1522 586 quae
1560 512 1948 585 super-fuerint,
1988 523 2019 562 a
2047 509 2096 571 Α
2124 510 2480 566 militudinem
2525 514 2663 583 gerit
2690 515 2846 568 modo
2882 512 3163 586 episcopus
3206 533 3220 570 :

3560 402 3693 461 {236

3268 516 3393 587 quia
3422 517 3563 575 sicut
3609 523 3694 578 ille

2116 606 2294 659 stabat
2326 606 2375 659 in
2411 607 2691 661 altitudine
2733 610 2921 673 turris,
2946 608 3025 663 sic
3062 612 3345 683 cpiscopus
3382 620 3437 666 et
3478 615 3694 687 presby-

2116 702 2199 748 ter
2222 695 2423 749 debent
2468 697 2766 754 consistere
2798 701 2851 754 in
2904 701 3186 757 altitudine
3215 705 3498 759 virtutum.
3542 705 3693 765 Sicut

2114 785 2256 838 enim
2308 785 2398 841 illa
2444 789 2610 843 turris
2636 801 2860 847 creteras
2892 791 3079 849 domos
3107 794 3437 861 excellebat,
3476 799 3553 853 sic
3583 799 3694 867 epi-

2115 891 2398 947 scoporum
2442 889 2496 934 et
2548 881 2985 952 presbyterorum
3043 885 3152 938 vita
3215 885 3373 940 debet
3426 887 3693 946 excellere

2115 969 2279 1023 vitam
2304 969 2668 1039 siibjectorum
2694 993 2706 1027 :
2733 983 2786 1027 et
2814 976 2952 1031 sicut
2980 974 3065 1030 ille
3087 979 3392 1047 speculator
3416 980 3695 1035 nuntiabat

2114 1060 2402 1117 adventum
2454 1063 2641 1126 hostis,
2676 1074 2733 1117 ut
2763 1081 2820 1121 se
2858 1068 3217 1138 prmviderent
3248 1070 3427 1133 cives,
3469 1072 3551 1125 sic
3579 1072 3692 1142 epi-

2116 1153 2269 1225 scopi
2312 1162 2367 1207 et
2410 1154 2714 1227 presbyteri
2763 1157 2957 1213 debent
2992 1161 3315 1216 annuntiare
3344 1162 3558 1233 populis
3595 1165 3694 1219 sibi

2116 1243 2374 1312 subjectis
2404 1248 2692 1301 adventum
2740 1250 3055 1318 nequissimi
3103 1251 3276 1306 hostis
3304 1250 3527 1318 diaboli,
3556 1262 3615 1306 ut
3638 1270 3696 1309 se
3751 1278 3761 1283 -

2115 1337 2465 1405 praevaleant,
2507 1354 2573 1390 ne
2604 1338 2719 1407 ejus
2746 1338 2939 1409 laqueo
2971 1343 3272 1411 capiantur.
3318 1342 3698 1415 Speculatores

2118 1429 2419 1493 animarum
2476 1430 2621 1485 dedit
2676 1429 2817 1486 Deus
2869 1433 3151 1503 episcopos
3209 1443 3263 1488 et
3313 1437 3693 1505 presbyteros,

2107 1526 2263 1598 juxta
2313 1528 2453 1597 quod
2495 1529 2608 1597 ipse
2659 1528 2792 1583 dicit
2837 1529 2903 1583 ad
2936 1530 3280 1586 Ezechiele-ii
3324 1534 3691 1602 prophetam:

2116 1618 2227 1673 Fili
2278 1619 2545 1683 hominis,
2588 1618 2967 1690 speculatorem
3011 1622 3132 1677 dedi
3187 1631 3236 1676 te
3291 1614 3474 1676 domui
3527 1621 3695 1677 Israel

2120 1708 2333 1782 (Ezech.
2369 1726 2455 1776 in,
2490 1709 2599 1781 17).

2187 1802 2415 1855 Antistes
2436 1802 2591 1871 quasi
2615 1810 2741 1857 ante
2768 1810 2938 1867 stans,
2970 1803 3021 1858 id
3053 1812 3158 1869 est,
3187 1814 3312 1860 ante
3342 1819 3512 1871 aram.
3542 1802 3699 1861 Unde

433 1897 674 1963 ctumis;
728 1895 987 1967 intelligat
1034 1909 1117 1960 ea,
1156 1906 1275 1963 qum.
1323 1900 1506 1947 cantat
1548 1891 1602 1944 in
1655 1890 1838 1944 missa.
1881 1886 2013 1942 Vere
2042 1879 2090 1942 Β
2115 1895 2334 1965 quidam
2364 1894 2660 1950 antistitem
2682 1897 2861 1952 dicere
2887 1897 3090 1952 volunt.
3133 1898 3321 1955 Melius
3354 1908 3537 1953 tamen
3566 1899 3698 1959 dici-

432 1987 649 2058 dignum
674 1996 721 2040 et
740 1986 947 2056 justum
970 1994 1065 2047 est,
1100 1983 1169 2037 Te
1195 1985 1379 2053 igitur,
1410 1979 1574 2035 Pater
1603 1991 1796 2044 noster,
1826 1987 1880 2035 et
1910 1995 2012 2034 cae-

431 2085 567 2143 tera,
599 2078 649 2132 id
680 2085 781 2139 est,
817 2077 997 2131 omnia
1031 2091 1151 2131 cum
1184 2073 1443 2147 symbolo.
1487 2072 1659 2127 Adam
1680 2072 1818 2126 vixit
1858 2072 2015 2126 annis

431 2184 733 2233 accccxxx,
778 2167 889 2222 Noe
938 2183 1105 2233 accc,
1157 2175 1213 2220 et
1260 2181 1419 2220 nemo
1461 2165 1673 2219 illorum
1715 2163 2013 2235 appellatus

431 2274 515 2320 est
561 2278 747 2319 senex.
792 2262 1064 2317 Abraham
1102 2275 1231 2315 vero
1285 2261 1376 2329 qui
1434 2260 1500 2313 ad
1554 2257 2015 2328 comparationem

431 2356 643 2411 illorum
673 2371 993 2427 perpaucum
1018 2356 1152 2409 vixit
1172 2363 1401 2422 tempus,
1431 2353 1586 2408 annis
1610 2353 1859 2407 videlicet
1879 2366 2014 2406 οων

435 2450 731 2520 appellatus
763 2458 846 2503 est
892 2463 1074 2504 senex.
1123 2446 1336 2515 Quare?
1386 2446 1520 2513 Quia
1567 2445 1863 2516 sapientior
1908 2443 2014 2499 illis

433 2538 555 2594 fuit.
590 2538 846 2595 Sacerdos
877 2537 1061 2593 Graece
1094 2550 1144 2603 ι,
1175 2537 1366 2592 Latine
1395 2537 1593 2591 dicitur
1614 2550 1828 2590 sacrum
1856 2534 2011 2601 dans,

433 2631 489 2687 id
518 2639 621 2695 est,
658 2639 899 2685 sanetum
928 2628 1253 2685 sacriﬁcium
1285 2627 1518 2683 offerens
1545 2627 1673 2681 Deo.

502 2721 810 2796 Presbyteri
846 2730 1166 2795 potestatem
1211 2722 1413 2785 habent
1462 2717 1870 2783 cateehizandi,
1919 2717 2016 2772 ba-

430 2814 695 2886 ptizandi,
716 2813 959 2871 inﬁrmos
984 2816 1249 2871 benedicti
1272 2815 1373 2869 olei
1405 2814 1637 2886 unguine
1658 2813 2011 2883 perungendi.

433 2905 532 2963 His
583 2922 797 2978 quoque
847 2922 1162 2963 concessum
1201 2916 1285 2963 est
1316 2906 1550 2961 cilicium
1584 2905 1909 2976 praedicandi
1959 2905 2015 2959 in

422 2998 682 3065 ecclesia.
736 2999 910 3071 Super
960 3001 1061 3056 hos
1114 3008 1238 3057 sunt
1289 3000 1522 3070 episc0pi
1549 3041 1562 3063 ,
1614 3000 1753 3053 sicut
1792 2998 1912 3054 loco
1962 3007 2018 3053 et

435 3090 713 3164 dignitate,
743 3092 821 3146 sic
849 3092 1153 3148 sanctitatis
1192 3102 1246 3147 et
1292 3092 1609 3147 eruditionis
1645 3091 2017 3162 singularitate

434 3182 734 3251 conspicui,
766 3184 961 3253 quibus
986 3181 1114 3238 solis
1150 3194 1232 3239 est
1265 3190 1505 3253 potestas
1541 3198 1753 3237 sacrum
1780 3183 2015 3237 chrisma

436 3273 725 3339 conﬁcere,
771 3285 825 3329 et
860 3274 1254 3345 baptizatorum
1304 3275 1510 3331 frontes
1553 3277 1786 3346 signare,
1828 3285 1882 3331 et
1921 3292 2016 3346 per

426 3380 632 3433 manus
657 3366 1053 3438 impositionem
1085 3365 1342 3437 Spiritum
1366 3376 1609 3422 sanctum
1634 3366 1735 3421 illis
1757 3368 2012 3424 tribuere.

428 3452 650 3525 llabent
678 3468 1001 3532 potestatem
1047 3462 1244 3533 ligandi
1270 3470 1432 3532 atque
1458 3461 1717 3517 solvendi.
1746 3460 1851 3516 Per
1874 3463 2018 3531 ipsos

428 3567 650 3623 quoque
687 3554 899 3624 publica
939 3555 1117 3626 populi
1161 3554 1427 3610 absolutio
1474 3556 1527 3609 in
1574 3554 1661 3610 die
1695 3554 1875 3611 Cinnae
1914 3556 2020 3610 Do-

426 3645 567 3709 mini
598 3645 821 3703 solemni
845 3664 993 3703 more
1021 3649 1314 3720 peragitur.
1348 3647 1638 3704 Sciendum
1668 3657 1846 3703 autem
1874 3649 2017 3719 quod

434 3735 626 3806 primis
654 3738 895 3795 ecclesia).
915 3740 1249 3809 temporibus
1269 3740 1430 3796 etiam
1460 3740 1760 3812 presbyteri
1793 3742 2017 3811 episcopi

435 3829 770 3901 vocabantur
814 3850 826 3884 :
871 3833 962 3887 sed
992 3834 1356 3903 postmodum,
1384 3833 1501 3887 utili
1525 3835 1657 3888 satis
1686 3833 2011 3905 provisione,

434 3924 789 3979 constitutum
811 3933 914 3990 est,
942 3934 1000 3979 ut
1028 3927 1130 3981 hoc
1163 3942 1353 3980 nomen
1386 3926 1513 3981 solis
1543 3926 1887 3997 pontiﬁcibus
1920 3926 2017 3980 tri-

435 4013 655 4081 buatur,
691 4032 917 4088 quorum
954 4016 1174 4086 majoris
1198 4020 1396 4089 gradus
1432 4019 1749 4075 excellentia
1783 4028 2011 4086 crescat,

437 4122 492 4169 et
538 4112 714 4168 minor
739 4116 872 4171 ordo
910 4131 1175 4183 mensuras
1207 4132 1315 4172 suae
1350 4116 1573 4171 limitem
1624 4124 2009 4186 recognoscat:

426 4203 615 4274 ,sitque
639 4204 943 4265 dilferentia
966 4208 1024 4264 in
1050 4208 1347 4275 vocabulis,
1373 4208 1513 4264 sicut
1532 4208 1839 4279 praeeelsior
1864 4208 2013 4264 locus

430 4298 681 4357 honoris.

508 4390 799 4465 Episcopus
827 4394 1034 4461 Graec,
1081 4395 1271 4450 Latine
1300 4396 1495 4452 dicitur
1520 4396 1965 4468 superintendens
1994 4416 2007 4452 :

436 4485 525 4541 irit
557 4499 740 4556 super,
777 4496 987 4543 σκοπιῑν
1026 4486 1329 4553 intendere,
1362 4490 1486 4543 binc
1508 4490 1788 4559 episcopus
1826 4504 2013 4558 super-

2110 1994 2222 2052 tttr,
2256 2003 2284 2040 a
2317 1988 2503 2052 verbo,
2536 1997 2755 2053 antesto,
2785 1998 3036 2054 antestas,
3066 1990 3208 2061 quod
3236 1990 3531 2063 signiﬁcat,
3562 1990 3695 2044 emi-

2112 2095 2239 2144 nec,
2268 2080 2474 2135 excelle
2501 2098 2512 2133 :
2539 2094 2604 2134 eo
2632 2081 2773 2149 quod
2803 2082 3113 2147 universum
3147 2082 3400 2154 populum
3434 2083 3699 2157 dignitate

2113 2181 2171 2230 et
2192 2174 2395 2231 honore
2426 2176 2846 2244 superemineat.

2184 2261 2457 2334 Pontifex,
2486 2266 2641 2345 quasi
2670 2275 2891 2336 pontem
2924 2265 3152 2332 faciens,
3183 2282 3248 2321 eo
3276 2269 3422 2337 quod
3448 2278 3694 2338 pontem,

2108 2358 2169 2417 id
2191 2366 2292 2419 est,
2318 2358 2462 2413 viam
2493 2358 2612 2413 aliis
2650 2362 2894 2428 prtebere
2931 2358 3124 2414 debeat
3150 2362 3309 2428 verbo
3339 2371 3394 2416 et
3423 2363 3693 2432 exemplo,

2115 2451 2260 2507 unde
2284 2449 2533 2507 homines
2560 2458 2842 2505 transeant
2866 2452 2929 2504 ad
2956 2451 3188 2521 patriam
3219 2450 3519 2519 cmlestem.
3556 2450 3697 2508 Pons

2114 2551 2297 2598 autem
2331 2550 2417 2598 est
2445 2541 2768 2605 tabulatum,
2799 2542 2940 2611 quod
2971 2542 3033 2595 ﬁt
3062 2557 3222 2612 super
3250 2556 3444 2611 aquas.

2634 2649 2815 2708 (ΖΑΡο
2829 2654 2869 2708 Τ
2911 2653 3002 2708 XX
3014 2654 3051 2707 Χ
3063 2652 3171 2708 Vll.

2116 2725 2146 2768 ιι
2168 2741 2433 2789 amurca
2464 2740 2742 2781 EPISCOPUS
2766 2741 3068 2781 oanissrua
3097 2741 3147 2777 IN
3178 2740 3389 2779 nouam
3424 2739 3696 2779 occasu.

2180 2815 2319 2871 Cum
2342 2817 2625 2887 episc0pus
2653 2816 2887 2870 civitatis
2930 2814 3093 2870 fuerit
3133 2813 3444 2878 defunctus,
3483 2813 3703 2884 eligitur

2117 2909 2254 2965 alius
2287 2925 2319 2964 a
2349 2908 2495 2963 clero
2525 2923 2618 2963 seu
2668 2908 2885 2977 pepulo,
2932 2906 3099 2975 ﬁtquc
3146 2906 3423 2961 decretum
3457 2906 3528 2959 ab
3569 2904 3700 2969 illis,

2117 3009 2173 3057 et
2202 3001 2423 3056 veniunt
2473 3000 2542 3057 ad
2596 3000 2953 3070 apostolicum
3000 3015 3123 3054 cum
3166 3013 3263 3053 suo
3303 2998 3503 3062 electo,
3549 2998 3699 3052 defe-

2114 3106 2301 3152 rentes
2325 3110 2507 3151 secum
2533 3096 2929 3167 suggestionem
2948 3134 2963 3158 ,
2997 3095 3101 3149 hoc
3122 3102 3203 3148 est
3231 3133 3244 3156 ,
3276 3092 3583 3164 rogatorias
3610 3091 3701 3145 lit-

2116 3201 2287 3256 teras,
2335 3199 2394 3246 ut
2434 3190 2514 3245 eis
2557 3197 2840 3245 consecret
2887 3188 3217 3258 episcopum.
3262 3186 3412 3241 Tunc
3448 3185 3700 3256 pontifex

2113 3284 2264 3353 jubet
2310 3298 2433 3337 eum
2482 3281 2679 3350 inquiri
2733 3280 2799 3334 de
2838 3286 3071 3348 quatuor
3108 3276 3358 3348 capitulis
3395 3276 3699 3341 canonicis,

2114 3378 2221 3432 hoc
2265 3384 2369 3439 est,
2418 3374 2484 3429 de
2510 3372 2857 3441 arsanoquita
2890 3382 2937 3447 °,
2968 3385 3068 3443 pro
3101 3370 3295 3425 ancilla
3326 3369 3436 3423 Deo
3462 3380 3699 3435 sacrata,

2106 3482 2215 3538 pro
2241 3464 2702 3538 quadrupedibus,
2750 3472 2863 3531 aut,
2887 3463 2932 3517 si
2963 3461 3244 3535 conjugem
3274 3462 3462 3516 habuit
3488 3477 3555 3515 ex
3596 3461 3700 3515 alio

2118 3559 2252 3619 viro,
2284 3559 2425 3628 quod
2457 3556 2646 3613 Graece
2674 3556 2874 3611 dicitur
2907 3554 3300 3629 δευτιρογαμία.
3353 3554 3416 3607 Et
3445 3554 3490 3609 si
3518 3554 3587 3607 de
3617 3554 3701 3608 bis

2118 3650 2457 3720 inculpabilis
2486 3649 2738 3703 inventus
2760 3646 2941 3711 fuerit,
2960 3645 3109 3715 jurat
3133 3646 3517 3701 archidiacono
3540 3661 3702 3716 super

2117 3751 2348 3813 quatuor
2393 3741 2709 3810 Evangelia,
2760 3740 2956 3795 deinde
2985 3739 3272 3794 conﬁrmat
3305 3754 3469 3809 super
3504 3755 3701 3808 corpus

2116 3834 2256 3889 beati
2304 3834 2451 3888 Petri
2483 3835 2549 3887 de
2582 3834 2665 3888 his
2712 3824 3092 3901 inculpabilem
3143 3844 3203 3884 se
3252 3830 3385 3885 fore.
3438 3830 3704 3885 Similiter

2114 3928 2417 3999 presbyteri
2448 3937 2503 3983 et
2532 3926 2766 3982 diaconi.
2808 3926 2936 3981 Post
2979 3926 3094 3979 h;ec
3120 3926 3393 3978 residente
3420 3924 3700 3996 pontiﬁce,

2117 4030 2170 4075 et
2192 4029 2402 4076 astante
2431 4021 2685 4075 universo
2719 4019 2867 4075 clero
2889 4060 2904 4085 ,
2939 4019 3236 4087 interrogat
3277 4034 3371 4073 eos
3408 4018 3501 4087 qui
3551 4018 3702 4071 illum

2118 4114 2476 4178 adduxerunt,
2523 4112 2589 4166 de
2630 4112 3042 4167 conversatione
3070 4126 3188 4172 sua,
3234 4126 3326 4164 seu
3364 4120 3499 4179 quot
3529 4124 3702 4164 annos

2116 4206 2168 4260 in
2207 4220 2529 4275 unoquoque
2558 4204 2723 4276 gradu
2756 4203 3109 4257 ministravit.
3152 4203 3353 4257 Deinde
3401 4203 3703 4274 interrogat

2116 4314 2261 4363 eum,
2292 4298 2431 4352 sitne
2478 4297 2545 4351 de
2586 4296 2700 4365 ipsa
2732 4295 2996 4360 Ecclesia,
3038 4303 3131 4349 aut
3178 4294 3242 4350 de
3272 4294 3375 4347 alia
3411 4313 3423 4347 :
3456 4304 3514 4349 et
3543 4296 3585 4349 si
3634 4297 3699 4350 de

2116 4392 2221 4450 alia
2249 4400 2353 4455 est,
2384 4390 2683 4458 interrogat
2711 4396 2889 4442 utrum
2914 4387 3106 4441 habeat
3138 4385 3299 4459 593
3328 4387 3699 4440 dimissoriam

2114 4483 2181 4539 ab
2212 4482 2466 4553 episcopo
2496 4495 2613 4535 suo.
2658 4479 2787 4548 Quze
2814 4488 3029 4534 ostensa
3058 4479 3319 4532 recitatur
3343 4479 3397 4532 in
3433 4480 3694 4534 medium.

436 4576 743 4646 intendens,
777 4579 831 4634 id
860 4589 941 4635 est
978 4581 1371 4649 supervidens:
1410 4580 1536 4649 quia
1577 4581 1689 4650 ipse
1730 4582 1889 4636 debet
1922 4598 2011 4637 su-
2039 4617 2090 4677 Β
2115 4577 2231 4645 Quo
2284 4574 2428 4630 facto
2470 4573 2745 4645 subjungit
2786 4571 3025 4653 pontifex
3068 4587 3079 4622 :
3126 4570 3266 4635 Quid
3308 4572 3447 4624 vobis
3494 4571 3700 4641 placuit

436 4668 720 4739 pervidere
746 4670 912 4725 vitam
952 4670 1316 4741 subjectorum
1356 4687 1595 4735 suorum,
1635 4671 1864 4741 qualiter
1895 4688 2013 4727 cre-
2039 4661 2086 4733 ξ’
2116 4670 2179 4724 de
2208 4668 2310 4723 eo?
2340 4666 2726 4737 Respondeant
2758 4682 2769 4717 :
2807 4662 3055 4725 Castitas,
3084 4661 3434 4733 hospitalitas,
3466 4662 3705 4733 benigni-

437 4759 588 4821 dant,
613 4761 846 4831 qualiter
878 4764 1083 4829 vivant,
1117 4764 1348 4834 qualiter
1390 4763 1483 4818 Dei
1522 4772 1786 4834 praecepta
1832 4773 2015 4817 custo-

436 4848 607 4907 diant.
652 4850 904 4921 Antiquis
949 4855 1281 4924 temporibus
1328 4854 1379 4909 in
1429 4855 1653 4926 singulis
1706 4854 2014 4911 civitatibus

435 4952 593 4998 erant
616 4951 804 5007 turres
828 4946 1102 5003 altissima:
1124 4957 1450 5005 constructre
1474 4967 1487 5003 ς
1518 4965 1853 5020 unaquteque
1880 4949 2012 5005 civi-

436 5042 520 5091 tas
545 5035 778 5093 habebat
807 5056 960 5094 suam
997 5043 1221 5108 turrim,
1260 5043 1314 5097 in
1352 5060 1457 5113 qua
1497 5043 1675 5098 stabat
1710 5044 2016 5112 speculator

432 5125 669 5196 assidue,
695 5137 805 5184 uta
825 5130 983 5204 longe
1004 5144 1185 5203 posset
1212 5136 1474 5205 aspicere,
1499 5137 1543 5190 si
1569 5138 1841 5191 exercitus
1867 5138 2017 5192 veni-

424 5226 519 5283 ret
542 5234 614 5276 ex
634 5220 820 5293 aliqua
838 5234 1027 5293 parte;
1050 5227 1097 5283 si
1122 5226 1331 5281 videret
1357 5228 1658 5283 exercitum
1680 5229 2012 5295 venientem,

416 5310 718 5369 «muniebat
748 5316 929 5370 statim
972 5318 1116 5389 regi,
1162 5325 1216 5371 et
1244 5320 1686 5388 prarparabantur
1714 5336 1904 5375 omnes
1946 5321 2015 5375 ad

425 5400 629 5467 bellum
667 5414 856 5461 contra
900 5407 1110 5464 hostem
1148 5408 1319 5463 illum.
1367 5408 1733 5479 Speculatoris
1760 5409 1904 5466 illius
1936 5413 2012 5466 si-

501 5532 528 5562 ι
561 5518 819 5577 Sacerdos
846 5542 1028 5596 ξιτ-(εει.
1061 5534 1166 5581 etc.
1196 5524 1308 5580 lmo
1338 5534 1392 5580 et
1422 5526 1595 5595 ipsum
1625 5527 1833 5596 origine
1858 5525 2008 5581 Lati-

424 5594 994 5669 qum'nomenaForte
1026 5598 1126 5668 leg.
1162 5612 1176 5650 :
1211 5595 1487 5659 Sacerdos,
1518 5596 1697 5669 Gra’ce
1717 5594 2007 5669 presbyter,

418 5661 616 5771 ιῗὶιιβ
642 5664 885 5720 sacerdos
914 5661 1128 5731 dicitur,
1156 5684 1245 5720 seu
1275 5684 1481 5720 sacrum
1511 5667 1662 5720 dans.

556 5732 699 5771 nnln
720 5733 855 5771 an
908 5752 1005 5771 un-
1053 5737 1168 5771 υηιι
1217 5753 1315 5771 non
1364 5738 1397 5771 ο
1417 5738 1592 5771 ὶιιιοωί
1619 5736 1655 5771 Ιι

556 5732 877 5806 quojtom.
908 5752 1026 5806 vin.
1052 5737 1189 5791 Μαι).
1216 5753 1334 5806 cap.
1364 5738 1398 5790 2
1417 5738 1593 5791 Musaei
1618 5736 1757 5801 ltal.,
1792 5744 1922 5792 tom.
1941 5736 2008 5805 ll,

426 5817 546 5873 pag.
578 5801 665 5857 86.
696 5802 880 5858 Baluz.
904 5805 1132 5875 Capitol.
1158 5801 1377 5874 ιοωξιι,
1397 5821 1521 5880 pag.
1554 5806 1710 5863 1572.

2115 4773 2217 4828 tas,
2249 4772 2294 4815 et
2326 4762 2501 4815 omnia
2529 4761 2661 4813 bona
2701 4774 2817 4828 qua:
2845 4757 2953 4810 Deo
2982 4768 3100 4810 sunt
3141 4766 3350 4825 arrepta
3367 4772 3387 4817 ;
3431 4766 3489 4808 et
3522 4757 3703 4824 pomi-

2114 4854 2201 4921 fex
2236 4872 2247 4906 :
2289 4850 2491 4914 Videte,
2523 4849 2737 4919 fratres,
2766 4864 2828 4901 ne
2858 4846 3087 4917 aliquam
3118 4845 3514 4915 promissionem
3546 4846 3704 4913 fecis-

2115 4955 2189 5000 set
2218 4943 2353 4997 robis
2381 4959 2396 4994 :
2422 4942 2615 4993 scimus
2642 4937 2780 5009 quod
2818 4936 3159 4991 simoniacam
3196 4943 3288 4995 est,
3324 4944 3370 4988 et
3394 4945 3577 4987 contra
3605 4953 3701 4988 m-

2119 5053 2297 5091 nones.
2324 5034 2432 5089 Illis
2460 5029 2923 5101 respondentibus,
2957 5028 3099 5082 Absit
3122 5045 3153 5080 a
3191 5028 3359 5091 nobis,
3394 5028 3702 5085 introduci-

2118 5138 2207 5184 tur
2228 5127 2431 5181 electus
2459 5132 2581 5178 ante
2608 5119 2915 5193 pontiﬁcem
2935 5161 2949 5183 ,
2978 5129 3250 5190 prostrato
3289 5135 3353 5175 eo
3390 5120 3442 5173 in
3470 5131 3696 5176 terram.

2110 5218 2213 5275 .Cui
2239 5216 2605 5287 apostolicus:
2638 5210 2883 5283 Protegat
2914 5229 3006 5266 nos
3042 5211 3317 5265 Dominus.
3366 5211 3433 5265 Et
3460 5219 3589 5266 tunc
3618 5215 3701 5266 in-

2116 5315 2357 5379 terrogat
2383 5308 2449 5361 de
2477 5306 2590 5361 suis
2617 5305 2919 5368 ordinibus,
2954 5314 3117 5372 atque
3160 5304 3381 5358 instruit
3419 5303 3491 5358 de
3526 5319 3699 5359 eano-

2110 5402 2239 5473 lnica
2270 5400 2610 5464 auctoritate,
2641 5405 2695 5451 et
2721 5396 2849 5451 dicit
2872 5410 2887 5449 :
2914 5393 3177 5461 Quoniam
3202 5395 3257 5449 in
3276 5405 3325 5449 te
3349 5394 3484 5449 bona
3513 5412 3703 5449 contra

2184 5544 2211 5572 ο
2253 5532 2626 5603 Arsanaguita,
2672 5545 2740 5603 ex
2780 5528 2968 5603 Graeco
3012 5529 3390 5603 ἁρςηοιοὶτης,
3420 5528 3699 5603 masculo-

2104 5620 2235 5677 [um
2279 5588 2623 5659 concubitor:
2663 5600 2816 5677 Apud
2840 5588 3060 5677 palus:
3095 5597 3200 5652 loc.
3231 5588 3353 5677 _cit.r
3381 5588 3418 5649 ⁷(
3452 5600 3701 5677 lnquirat

2115 5675 2263 5730 illum
2297 5678 2362 5729 de
2398 5682 2627 5742 quatuor
2658 5669 2929 5739 capitulis,
2977 5670 3027 5742 id
3079 5678 3180 5733 est,
3212 5670 3277 5723 de
3320 5672 3695 5741 arsenoquita,

2117 5746 2263 5818 quod
2288 5755 2387 5809 est,
2415 5740 2625 5799 cubans
2647 5758 2769 5797 cum
2798 5740 3062 5806 masculo,
3084 5750 3191 5795 etc.
3223 5759 3243 5794 ι
