4032 6354
317 382 345 439 1
358 385 458 440 '25?

1126 395 1275 459 ore.
1319 396 1720 469 SUPPOSJ'I‘A.
1750 428 1832 467 _—
1868 358 1995 477 LIB.
2038 397 2126 454 ne
2164 400 2415 459 amens
2453 401 2777 487 OFFICJIS.‘

3432 415 3572 475 1258

313 506 489 570 miunt,
515 504 790 569 abstinebis
816 517 863 563 te.
884 510 1052 575 hodie,
1079 514 1230 567 hodie
1258 515 1554 581 abstinebis,
1583 523 1629 571 et
1655 515 1884 568 crastina
1917 518 1959 603 β
1991 496 2208 579 liberet,
2251 522 2305 570 et
2342 516 2691 573 schismatum
2735 521 2941 581 semina
2978 523 3315 582 tollerentur.
3341 548 3360 581 ι
3400 527 3512 585 Cur
3539 548 3572 589 ε

315 600 426 656 Deo
463 599 684 670 juvante
713 604 1124 671 consecrabcris;
1155 617 1207 662 et
1252 618 1377 663 tunc
1402 598 1677 675 egrelitur
1722 596 1901 679 foras,

310 692 432 749 Alia
463 708 592 749 vero
622 694 707 749 die
735 710 853 766 qum
873 708 953 751 est
980 697 1273 765 Dominiva,
1305 704 1542 772 procedit
1574 701 1808 771 pontifex
1834 702 1886 756 in

311 788 601 847 ecclesiam
630 804 750 844 cum
784 792 933 847 omni
977 803 1191 859 ornatu,
1220 796 1565 865 praestolantc
1604 784 1732 851 eum
1772 794 1887 848 uni-

309 895 471 937 verso
515 881 661 938 clero
708 892 870 953 atque
918 887 1130 957 populo.
1166 888 1300 954 Quia
1341 905 1469 944 vero
1508 889 1559 942 in
1611 875 1885 942 Dominica

307 975 619 1041 ordinatur,
644 986 698 1031 et
726 977 918 1049 reliqui
946 981 1176 1035 ministri
1207 983 1258 1036 in
1288 983 1536 1046 sabbato,
1564 998 1725 1050 Supra
1755 974 1915 1051 scri-i

308 1075 461 1134 ptum
489 1076 589 1123 est.
624 1068 964 1140 lngredicnte
1006 1072 1299 1142 apostolico
1347 1074 1397 1126 in
1426 1056 1769 1137 sacrarium,
1808 1058 1915 1125 in-V

308 1152 473 1212 éhoat
497 1158 678 1215 schola
701 1161 766 1215 ad
796 1161 1070 1217 introitum
1094 1164 1439 1234 antiphonam
1465 1164 1515 1216 in
1540 1162 1886 1217 Orliuatione

296 1247 607 1307 Pontiﬁcis.
636 1250 913 1322 Complcto
941 1255 1176 1317 introitu,
1214 1270 1317 1308 non
1350 1256 1549 1309 dicitur
1582 1265 1693 1309 tum
1724 1254 1886 1323 Kyrie

309 1338 521 1405 aleison,
568 1344 661 1403 sed
691 1360 814 1399 mox
857 1346 984 1400 dicit
1024 1346 1351 1416 apostolicus
1380 1347 1700 1400 oralionem.
1748 1344 1886 1400 Can-

308 1434 549 1489 tantibus
574 1437 852 1511 egreditur
878 1436 1288 1493 archidiaconus
1309 1453 1430 1493 cum
1460 1435 1800 1499 subdiaconis
1834 1442 1888 1489 et

306 1526 571 1596 acolytis,
610 1536 664 1582 et
704 1529 877 1583 induit
918 1529 1149 1583 electum
1197 1529 1486 1583 dalmatira
1530 1543 1626 1583 seu
1665 1528 1884 1593 casula,

305 1625 364 1671 et
407 1617 703 1673 introducit
744 1634 867 1673 eum
913 1627 965 1673 et
1015 1618 1258 1688 pontifex
1296 1636 1311 1672 :
1350 1616 1534 1672 Clerus
1591 1619 1883 1684 universus,

303 1718 357 1764 et
382 1708 525 1783 plebs
553 1711 876 1767 consentiens
907 1712 1125 1764 civitatis
1147 1727 1266 1764 cum
1292 1709 1598 1779 adjacentiis
1627 1709 1756 1773 suis,
1792 1710 1888 1763 ele-

302 1811 492 1872 gerunt
516 1801 615 1855 sibi
645 1801 795 1859 illum
822 1801 1197 1872 presbyterum,
1236 1799 1311 1855 uel
1352 1800 1649 1861 diaconum,
1684 1802 1883 1870 episco—

1991 603 2165 659 tribus
2210 608 2292 661 vel
2342 614 2576 678 quatuor
2619 613 2885 685 episcopis
2927 616 3211 689 episcopus
3256 622 3571 695 ordinetur,

1988 695 2283 788 Gregorius
2306 716 2439 773 papa
2467 705 2624 759 docet
2654 717 2674 744 ε
2710 722 2723 760 :
2756 728 2772 757 ι
2800 707 2979 775 Tales,
3006 711 3196 781 inquit,
3225 716 3571 788 conveniant,

1987 788 2076 856 qui
2113 787 2196 839 vel
2238 789 2289 841 in
2327 791 2568 860 proh-cut
2611 796 2846 867 episcopi
2883 800 3114 856 ordinati
3154 805 3441 873 gaudeant,
3488 787 3575 865 vel

1987 894 2085 948 pro
2104 878 2219 946 ejus
2239 884 2482 939 custodia
2506 888 2859 957 omnipotenti
2887 893 2992 945 Deo
3012 910 3202 965 preces
3224 895 3519 959 effundant.
3550 921 3569 956 ι
3594 890 3602 905 ’

1989 966 2167 1034 Quare
2190 972 2517 1040 prouiititum
2549 974 2617 1028 sit
2646 979 2735 1030 uni
2761 979 2859 1034 hoc
2889 980 3087 1049 facere,
3110 983 3455 1044 Innocentius
3474 1005 3573 1060 pa-

1986 1073 2053 1129 pa
2085 1058 2110 1097 ά
2142 1071 2403 1117 monstrat
2430 1065 2482 1117 in
2514 1066 2882 1125 Decretalibus
2913 1088 3014 1144 cap
3052 1075 3105 1130 9.
3152 1094 3170 1127 ι
3193 1075 3270 1132 Ne
3295 1094 3436 1135 unus
3461 1058 3575 1150 epi-

1987 1160 2208 1220 scopum
2234 1156 2495 1211 ordinare
2523 1172 2829 1228 praesumat,
2865 1180 2930 1220 ne
2962 1164 3219 1231 furtivum
3248 1172 3571 1231 beneﬁcium

1985 1246 2286 1313 pnestitum
2324 1248 2585 1304 videatur.
2614 1271 2631 1303 ι
2677 1251 3005 1324 Augustinus
3034 1260 3083 1314 in
3114 1260 3249 1317 libro
3292 1263 3358 1319 de
3392 1264 3573 1333 Quan-

1987 1336 2140 1392 titate
2161 1338 2368 1394 Anima:
2396 1353 2441 1407 ε,
2470 1358 2684 1398 versum
2713 1344 2915 1402 Horatii
2948 1351 3014 1405 de
3038 1352 3279 1422 sapiente
3298 1357 3526 1430 protulit
3553 1376 3566 1411 :

2114 1483 2291 1547 Fortis,
2317 1493 2370 1537 et
2394 1491 2444 1537 in
2462 1491 2631 1550 seipse
2654 1498 2784 1541 totus
2800 1498 2939 1544 teres
2960 1464 3109 1559 atque
3132 1499 3386 1551 rotundus.

1993 1606 2014 1640 ι
2050 1588 2197 1645 Hinc
2231 1592 2495 1661 sequitur,
2521 1601 2575 1648 et
2601 1603 2748 1650 recte
2792 1613 2804 1649 :
2836 1612 2962 1651 nam
2992 1614 3165 1668 neque
3189 1599 3243 1655 in
3272 1604 3453 1658 animo
3476 1604 3571 1660 bo-

1987 1697 2059 1737 no
2082 1684 2377 1753 quidquam
2410 1686 2637 1752 invenis,
2667 1690 2808 1758 quod
2831 1692 3002 1762 magis
3030 1692 3137 1746 sibi
3159 1707 3228 1762 ex
3248 1694 3395 1749 omni
3416 1701 3573 1765 parte

1989 1774 2310 1837 consentiat,
2348 1773 2530 1846 [quam
2557 1776 2835 1849 virtutem]
2868 1795 3042 1850 neque
3079 1782 3131 1835 in
3166 1782 3342 1851 planis
3380 1781 3570 1855 ﬁguris

280 1884 434 1962 lpum
472 1893 570 1947 sibi
618 1894 913 1947 consecrari
955 1909 972 1947 :
1017 1890 1239 1947 Oremus
1272 1892 1448 1963 itaque
1472 1908 1565 1945 nos
1588 1909 1683 1962 pro
1710 1892 1883 1945 eodem

1990 1879 2149 1934 quam
2174 1865 2455 1920 circulum.
2483 1886 2499 1915 ι
2545 1866 2888 1937 Superiorem
2911 1874 3108 1941 capitis
3127 1881 3335 1943 partem
3362 1877 3573 1931 rasorio

307 1983 444 2047 viro,
478 1995 532 2038 ut
566 1984 703 2039 Deus
725 1994 772 2039 et
798 1984 1052 2039 Dominus
1084 1994 1257 2037 noster
1281 1982 1476 2036 tribuat
1508 1983 1556 2037 ei
1589 1982 1888 2037 cathedram

302 2074 651 2146 episcopalem
675 2077 744 2131 ad
768 2076 1042 2147 regendam
1079 2074 1363 2130 Ecclesium
1394 2091 1565 2139 suam,
1610 2084 1659 2128 et
1692 2074 1888 2145 plebem

305 2166 623 2221 uniuersam.
694 2167 892 2239 Deinde
944 2162 1161 2221 inchoat
1210 2158 1425 2231 schola,
1462 2158 1641 2236 “Kyrie
1697 2166 1890 2220 eleison

305 2274 432 2314 cum
478 2258 661 2314 litania
688 2300 703 2324 ,
732 2268 1006 2330 prostrato
1037 2260 1233 2313 domno
1272 2258 1569 2327 apostolico
1600 2258 1652 2310 in
1678 2265 1888 2331 terram

304 2358 434 2405 ante
476 2346 643 2405 altare
674 2346 797 2405 cum
829 2351 944 2419 ipso
972 2346 1145 2405 electo
1200 2357 1254 2402 et
1298 2345 1565 2418 episropis
1606 2365 1669 2402 ac
1711 2364 1892 2403 sacer-

304 2444 543 2501 dotibus.
574 2443 767 2499 Finitis
795 2443 1016 2508 litaniis,
1040 2451 1286 2515 surgunt,
1316 2450 1371 2496 et
1396 2442 1669 2497 benedicit
1693 2436 1835 2495 eum.

380 2537 512 2593 lllud
563 2552 723 2605 vero,
775 2537 915 2607 quod
965 2537 1069 2591 duo
1122 2528 1357 2607 episcopi
1411 2542 1596 2590 tenent
1651 2535 1890 2589 codicem

304 2626 706 2698 evangeliorum
755 2642 916 2696 super
968 2635 1129 2696 caput
1174 2624 1325 2692 ejus;
1374 2632 1427 2677 et
1470 2640 1576 2677 uno
1636 2621 1891 2678 fundente

304 2732 470 2789 Super
492 2733 615 2775 eum
644 2717 1090 2781 benedictionem,
1118 2716 1307 2786 reliqui
1333 2715 1420 2784 qui
1451 2715 1647 2767 adsunt
1684 2714 1891 2783 episco-

304 2813 383 2885 pi,
417 2811 664 2869 manibus
694 2811 805 2867 suis
834 2826 994 2882 super
1016 2817 1177 2880 caput
1213 2807 1330 2877 ejus
1371 2815 1615 2879 tangunt,
1661 2823 1764 2862 non
1805 2823 1892 2862 re-

302 2903 516 2975 peritur
544 2903 595 2957 in
624 2902 943 2956 auctoritate
976 2900 1167 2965 veteri,
1190 2914 1365 2969 neque
1395 2913 1562 2963 nova;
1593 2898 1684 2953 sed
1716 2912 1889 2967 neque

306 2996 361 3052 in
387 2996 625 3055 Romana
656 2996 960 3051 traditione.
1002 2994 1107 3050 Sed
1129 3002 1183 3049 et
1203 2994 1306 3048 hoc
1328 2991 1627 3055 sciendum,
1655 2991 1777 3062 quia
1804 3007 1891 3047 re-

302 3089 442 3161 liqui
470 3088 702 3151 ministri
728 3096 848 3159 post
874 3088 1218 3157 antiphonam
1251 3086 1315 3142 ad
1366 3084 1643 3140 introitum
1677 3092 1733 3141 et
1765 3101 1889 3140 ora-

307 3184 510 3243 tionem
550 3191 677 3238 tunc
716 3182 1330 3251 ordinanturzepiscopi
1354 3196 1481 3235 vero
1506 3187 1625 3250 post
1664 3195 1887 3250 respou-

1992 1970 2333 2023 renovamus,
2355 1974 2475 2013 cum
2502 1957 2629 2015 forti
2655 1961 3013 2019 sollicitudine
3044 1966 3342 2036 superﬂuas
3365 1970 3572 2038 cogita-

1992 2050 2166 2105 tiones
2195 2053 2269 2105 ab
2296 2052 2477 2107 animo
2498 2066 2809 2109 reseeamus
2833 2074 2845 2109 :
2873 2056 2927 2109 in
2963 2057 3203 2113 inferiori
3239 2068 3391 2129 parte
3416 2075 3573 2115 coro-

1991 2160 2112 2201 nam
2152 2155 2432 2216 portamus
2471 2148 2809 2219 capillorum,
2850 2166 2973 2207 cum
3013 2166 3078 2207 ea
3120 2167 3242 2222 qua:
3275 2155 3570 2212 secundum

1989 2238 2590 2295 mundum'neCessario
2625 2242 2974 2311 gubernanda
3011 2252 3159 2312 sunt,
3195 2262 3320 2302 cum
3359 2248 3571 2304 ratione

1990 2330 2330 2386 concorditer
2346 2336 2709 2402 coaequamus.

2496 2442 2724 2501 CAPUT
2763 2439 3046 2503 XXXVIII.

1988 2553 2054 2591 DE
2081 2552 2318 2591 SINGULIS
2353 2552 2606 2592 VESTIBUS
2646 2553 2832 2601 QUIBUS
2868 2555 3204 2596 SACERDOTES
3226 2556 3326 2595 VEL
3356 2554 3572 2607 κειιρω

2129 2622 2354 2663 οιιοιΝεε
2386 2624 2435 2661 IN
2477 2624 2671 2662 \‘ETERI
2701 2626 3053 2666 TESTANENTO
3088 2627 3427 2667 UTBBANTUR.

2058 2718 2211 2774 Nunc
2242 2720 2522 2774 dicendum
2552 2721 2615 2774 de
2641 2722 2865 2792 singulis
2889 2723 3148 2787 vestibus,
3172 2723 3366 2792 quibus
3390 2740 3570 2781 sacer—

1989 2809 2141 2865 dotes
2162 2810 2243 2863 vel
2269 2810 2455 2880 reliqui
2477 2811 2692 2865 ordines
2720 2813 2773 2865 in
2792 2810 2967 2866 Veteri
2992 2813 3334 2868 Testamento
3346 2817 3569 2871 uteban-

1991 2908 2097 2955 tur.
2117 2901 2283 2955 Erant
2306 2911 2486 2956 autem
2506 2912 2630 2957 octo
2647 2904 2852 2973 species
2878 2904 3105 2959 vestium
3131 2906 3566 2975 sacerdotalium,

1989 2994 2042 3049 id
2076 3004 2176 3060 est,
2213 2997 2389 3051 tunica
2425 2995 2560 3051 linea
2600 2998 2812 3059 stricta,
2855 2999 3033 3052 tunica
3075 2997 3442 3069 hyacinthina,
3479 3014 3571 3053 su-

1987 3087 2382 3158 perhumerale,
2435 3087 2728 3152 rationale,
2776 3089 3002 3151 cidaris,
3054 3090 3320 3155 balteum,
3368 3090 3568 3147 lamina

1989 3192 2226 3232 auream
2252 3176 2427 3232 fronte
2457 3178 2746 3247 pontificis,
2769 3188 2822 3233 et
2840 3179 3111 3235 feminalia
3136 3180 3296 3236 linea.
3337 3180 3431 3237 His
3457 3196 3573 3237 om-

306 3274 512 3331 sorium
544 3281 838 3329 cantatum.
881 3272 1031 3340 Quod
1066 3283 1245 3327 autem
1285 3271 1445 3343 aliqui
1486 3279 1607 3343 post
1646 3271 1889 3343 Evange-
1911 3256 1959 3318 Β
1991 3268 2151 3324 nilus
2174 3268 2413 3339 pontifex
2441 3282 2679 3339 tempore
2707 3271 2954 3325 sacriﬁcii
2980 3271 3301 3326 in'uebatur
3325 3290 3338 3325 :
3360 3273 3573 3329 ueteris

302 3366 439 3422 lium
486 3372 803 3421 consecrant
844 3366 1172 3436 episcopum,
1225 3378 1330 3418 non
1376 3363 1509 3418 dicit
1551 3364 1690 3418 ullus
1718 3362 1881 3419 Orio.

303 3456 391 3535 Ad
418 3454 919 3511 communicandum
947 3471 1076 3510 vero
1094 3452 1334 3525 pontifex
1366 3452 1587 3523 porrigit
1617 3453 1664 3508 ei
1690 3453 1890 3507 forma-

308 3556 421 3601 tam
453 3555 614 3616 atque
643 3561 853 3601 sacram
880 3545 1224 3600 oblationem.
1258 3543 1425 3611 Quam
1460 3544 1725 3613 accipiens
1747 3559 1890 3599 com-

306 3637 553 3693 municat
585 3652 747 3707 super
786 3636 969 3702 altare,
1004 3645 1192 3692 caetera
1225 3651 1352 3690 vero
1390 3644 1632 3690 reservat
1676 3636 1776 3689 sibi
1823 3637 1890 3692 ad

305 3727 814 3783 communicandum
856 3743 1025 3798 usque
1068 3728 1133 3781 ad
1167 3727 1281 3782 dies
1315 3728 1688 3798 quadraginta.
1729 3727 1888 3782 Post-

308 3816 525 3872 modum
560 3831 627 3871 ex
662 3824 934 3889 prtecepto
974 3816 1251 3889 apostolici
1281 3817 1641 3872 communicat
1675 3832 1887 3871 omnem

306 3906 582 3979 p0pulum.

378 4000 566 4067 Qualis
578 4011 756 4058 autem
774 4009 917 4059 esset
927 4003 1223 4075 antiquitus
1243 4004 1579 4060 consecratio
1605 4002 1887 4075 episcOpo-

307 4106 449 4158 rum,
466 4091 1068 4167 ostenditHieronyntus
1093 4094 1147 4149 in
1172 4095 1395 4165 epistola
1419 4097 1484 4151 ad
1512 4096 1796 4169 Evagrium
1817 4112 1840 4139 ιι
1871 4118 1883 4153 :

310 4203 331 4238 ι
354 4185 690 4245 Alexandriae
719 4227 735 4254 ,
787 4188 1039 4260 inquiens
1067 4231 1081 4255 ,
1120 4205 1156 4243 .a
1213 4188 1394 4245 Marco
1429 4192 1759 4263 evangelista
1794 4208 1886 4246 us-

306 4296 413 4351 que
442 4282 507 4335 ad
534 4281 832 4338 Eraclidem
859 4292 913 4338 et
936 4283 1243 4354 Dionysium
1264 4284 1563 4356 episcopos,
1587 4286 1887 4356 presbyteri

298 4389 522 4443 semper
548 4390 713 4431 unum
739 4390 805 4430 ex
837 4392 895 4432 se
921 4377 1149 4433 electum
1175 4376 1229 4431 in
1251 4378 1532 4434 excelsiori
1562 4381 1728 4450 gradu
1754 4395 1886 4437 con-

304 4465 554 4521 atitutum
575 4464 659 4519 vel
685 4465 1003 4523 collocatum
1031 4469 1341 4538 episcopum
1366 4469 1733 4537 nominabant,
1756 4486 1889 4543 quo-

302 4557 467 4612 modo
495 4556 539 4611 si
565 4557 835 4614 exercitus
858 4557 1239 4628 imperatorem
1263 4560 1444 4625 faciat,
1474 4570 1528 4616 et
1559 4563 1764 4618 diaconi
1792 4564 1889 4619 eli‘

296 4655 432 4719 gant
460 4647 525 4702 de
549 4662 629 4713 se,
660 4662 818 4717 quem
851 4648 1174 4705 industrium
1206 4653 1478 4718 noverint,
1518 4664 1572 4709 et
1609 4656 1879 4710 archidia-

302 4753 500 4794 conum
542 4748 753 4795 vocent.
778 4759 796 4793 ι
850 4737 1277 4799 Archidiaconus
1321 4746 1563 4800 eamdem
1602 4761 1881 4803 consecra-

304 4830 508 4886 tionem
551 4831 713 4889 habet
753 4847 915 4903 quam
958 4834 1137 4890 caeteri
1186 4835 1434 4902 diaconi,
1484 4837 1577 4893 sed
1622 4839 1882 4895 electione

304 4920 531 4979 fratrum
560 4924 910 4994 pmponitur.
948 4924 1081 4982 item
1110 4925 1467 5001 Hieronymus
1495 4945 1657 5001 super
1674 4930 1884 5002 Episto-

305 5009 413 5067 lam
442 5013 508 5067 ad
538 5011 716 5067 Titum
746 5015 775 5054 δ
806 5022 825 5067 :‘
857 5035 874 5067 ι
895 5015 1195 5086 Antequam
1222 5018 1509 5075 schismata
1537 5022 1589 5075 iu
1627 5022 1883 5093 religione

304 5104 524 5171 ﬁerent,
548 5113 606 5163 et
628 5105 899 5162 diceretur
934 5109 989 5162 in
1026 5110 1235 5179 populis
1263 5129 1275 5163 :
1306 5112 1417 5182 Ego
1458 5129 1576 5167 sum
1619 5112 1791 5180 Pauli,
1834 5122 1889 5170 ct

304 5209 537 5266 caetera,
581 5200 854 5257 communi
902 5203 1336 5272 presl.yterorum
1378 5204 1599 5261 consilio
1645 5206 1887 5263 Ecclesia

305 5295 614 5365 regebatur.
655 5292 944 5363 Postquam
972 5309 1102 5350 vero
1134 5298 1515 5368 unusquisque,
1549 5315 1685 5369 quos
1714 5299 1889 5369 bapti-

302 5385 488 5451 zabat,
519 5400 646 5441 suos
666 5399 787 5443 esse
808 5384 1038 5450 dicebat,
1064 5400 1170 5441 non
1200 5387 1396 5444 Christi
1426 5389 1478 5443 in
1508 5396 1619 5444 toto
1640 5392 1771 5464 orbe
1794 5392 1889 5447 de-

304 5489 517 5539 cretum
538 5487 644 5546 est,
668 5487 730 5536 nt
756 5494 896 5537 unus
935 5479 1001 5537 de
1032 5479 1361 5554 presbyteris
1392 5481 1593 5539 electus
1628 5500 1887 5557 superpo—

305 5582 533 5632 neretur
556 5572 791 5640 caeteris,
818 5571 887 5628 ad
907 5587 1068 5646 quem
1097 5574 1274 5627 omnis
1308 5588 1439 5629 cura
1472 5573 1726 5630 ECClCSlLC
1752 5592 1889 5653 pcr-

377 5722 405 5792 ξ
445 5707 505 5765 S.
532 5706 682 5764 Hier.
711 5708 873 5779 epist.
904 5707 1010 5764 146
1037 5708 1106 5764 ad
1131 5706 1485 5785 Evangelum,‘
1507 5722 1614 5763 non
1641 5708 1708 5763 ad
1732 5707 1886 5782 Ἐνα-

306 5795 510 5855 gnum.

380 5852 410 5893 δ
447 5850 524 5906 ld.
556 5850 611 5905 in
637 5865 755 5923 cap.
788 5866 805 5905 ι
832 5849 1003 5922 Epist.
1028 5849 1094 5905 ad
1123 5847 1230 5905 Tit.

1987 3375 2117 3416 vero
2145 3360 2369 3414 minoris
2395 3361 2592 3430 gradus
2622 3361 2989 3416 sacerdotibus
3024 3359 3151 3416 solis
3179 3373 3413 3432 quatuor
3440 3363 3571 3419 liceo

1984 3453 2079 3507 bat
2108 3455 2205 3519 uti,
2231 3455 2285 3508 id
2308 3462 2412 3518 est,
2438 3455 2618 3509 tunica
2654 3455 2788 3508 linea
2831 3456 3041 3521 stricta,
3077 3458 3268 3523 cidari,
3308 3456 3485 3512 balteo
3515 3465 3570 3511 et

1989 3542 2352 3598 feminalibus.
2406 3544 2633 3615 Reliqua
2671 3560 2803 3599 vero
2847 3556 3078 3616 quatuor
3125 3556 3331 3602 tantum
3372 3549 3568 3603 summi

1987 3633 2259 3703 pentitlcis
2286 3642 2461 3689 erant.
3190 3648 3193 3649 '

2061 3725 2212 3780 Nunc
2239 3728 2304 3780 de
2329 3726 2553 3797 singulis
2579 3727 2944 3796 explanemus.
2986 3726 3183 3782 Tunica
3210 3727 3368 3794 linea,
3402 3728 3569 3784 vestis

1989 3827 2105 3873 erat
2134 3819 2379 3884 interior,
2406 3833 2569 3888 quam
2597 3819 2877 3874 camisiam
2909 3820 3133 3875 dicimus
3150 3818 3235 3874 vel
3254 3834 3564 3890 supparum.

1987 3909 2114 3965 Haec
2141 3910 2326 3965 stricta
2364 3910 2579 3977 dicitur,
2616 3913 2868 3981 quoniam
2897 3911 3204 3967 adhaerebat
3242 3913 3475 3982 corpori,
3514 3920 3570 3967 et

1988 3986 2071 4055 ita
2111 4010 2228 4055 erat
2274 4003 2475 4057 strictis
2520 4003 2767 4067 manicis,
2812 4012 2870 4058 ut
2915 4001 3057 4057 nulla
3086 4003 3133 4058 ei
3168 4004 3387 4058 omnino
3433 4010 3566 4075 ruga

1987 4092 2226 4148 inesset:
2254 4094 2392 4149 sicut
2431 4093 2604 4151 solent
2650 4095 2845 4149 milites
2885 4094 3084 4149 habere
3122 4094 3332 4149 tunicas
3372 4093 3561 4161 lineas,

1988 4183 2067 4239 sic
2095 4192 2249 4255 aptas
2278 4186 2555 4251 membris,
2588 4195 2648 4239 ut
2672 4185 2908 4255 expediti
2936 4185 3045 4239 sint
3071 4183 3348 4254 dirigendo
3362 4182 3564 4252 jaculo,

1989 4276 2255 4330 tendendo
2276 4276 2538 4347 clypeum,
2566 4277 2826 4331 vibrando
2848 4275 3102 4347 gladium,
3128 4276 3340 4347 qualem
3361 4284 3418 4331 et
3433 4275 3565 4332 Joab

1988 4368 2239 4425 habuisse
2264 4371 2484 4442 legitur,
2515 4371 2756 4426 strictam
2785 4371 2851 4424 ad
2877 4385 3183 4425 mensuram
3214 4370 3429 4426 habitus
3451 4383 3569 4425 oor-

1986 4461 2135 4530 poris
2162 4450 2244 4517 sui
2275 4479 2286 4515 :
2317 4476 2414 4533 pro
2447 4478 2556 4533 qua
2584 4477 2725 4517 nunc
2754 4462 3066 4539 sacerdotes
3092 4463 3175 4518 vel
3207 4461 3389 4518 clerici
3415 4461 3568 4518 albas

1986 4555 2161 4610 haben
2169 4564 2207 4609 ι.

2057 4644 2222 4718 494.
2259 4645 2460 4701 Tunica
2490 4655 2602 4702 tota
2627 4646 2971 4719 hyacinthina
2997 4646 3234 4701 exterior
3253 4645 3567 4716 nullumque

1989 4738 2153 4793 alium
2177 4737 2410 4793 colorem
2439 4739 2724 4809 recipiens,
2755 4753 2923 4808 usque
2946 4738 3012 4791 ad
3032 4738 3193 4808 pedes
3211 4738 3560 4803 descendens,

1988 4832 2126 4887 sicut
2154 4840 2209 4887 et
2229 4831 2391 4894 linea,
2426 4832 2567 4886 unde
2595 4841 2649 4885 et
2682 4840 2909 4900 utraque
2938 4830 3122 4887 Grzece
3149 4831 3376 4904 poderis,
3405 4832 3459 4886 id
3484 4843 3568 4886 est

1988 4923 2179 4979 talaris
2220 4923 2546 4988 vocabatur,
2594 4924 2797 4978 habens
2847 4923 3253 4978 similitudinem
3300 4922 3564 4977 malorum

1988 5024 2337 5088 granatorum
2384 5030 2690 5080 aureorum,
2720 5022 2773 5068 et
2804 5014 3158 5070 tintinnabula
3197 5028 3381 5069 aurea.
3436 5014 3570 5069 Erat

1990 5119 2172 5161 autem
2199 5107 2314 5162 sine
2344 5107 2568 5177 manicis
2597 5101 2662 5160 ad
2690 5107 3023 5162 colobiorum
3056 5105 3481 5169 similitudinem,
3510 5114 3569 5162 et

1990 5200 2111 5256 ideo
2139 5200 2281 5253 unde
2314 5215 2506 5254 manus
2541 5200 2916 5262 educerentur,
2956 5206 3139 5269 aperta
3176 5205 3313 5252 erat.
3350 5194 3459 5250 Pro
3484 5203 3567 5251 tn-

1990 5292 2111 5346 niea
2140 5293 2483 5363 hyacinthina
2509 5293 2676 5346 nostri
2704 5290 2982 5361 pontiﬁces
3008 5291 3183 5361 primo
3206 5288 3433 5344 colobiis
3457 5295 3570 5345 ute-

1988 5384 2205 5439 bantur.
2248 5385 2536 5439 Estautem
2562 5384 2819 5438 colobium
2856 5382 3023 5437 vestis
3052 5380 3169 5435 sine
3186 5379 3431 5434 manicis.
3474 5378 3569 5434 Ha

1990 5478 2109 5533 dna:
2148 5490 2344 5544 vestes,
2378 5478 2429 5533 id
2459 5490 2561 5544 est,
2600 5479 2779 5532 tunica
2812 5475 3029 5547 byssina
3067 5474 3277 5538 stricta,
3301 5482 3357 5553 et
3385 5473 3566 5529 tunica

1988 5570 2358 5643 hyacinthina,
2384 5570 2554 5625 balteo
2583 5571 2821 5626 astricta:
2847 5574 3025 5633 erant,
3052 5566 3195 5637 quod
3218 5573 3338 5620 erat
3365 5563 3567 5636 cingnli

2063 5719 2084 5748 ο
2128 5707 2188 5764 S.
2226 5708 2388 5779 Greg.
2416 5710 2539 5767 libr.
2570 5724 2628 5769 tt,
2658 5707 2817 5779 epist.
2843 5705 2933 5762 51.

2060 5780 2086 5818 ά
2128 5780 2183 5834 In
2214 5777 2384 5850 Epist.
2413 5778 2846 5850 adVictricium,
2872 5792 2989 5847 cap.
3007 5777 3071 5850 _i.

2070 5862 2091 5887 ο
2130 5847 2276 5921 Aug.—
2290 5865 2409 5920 cap.
2442 5849 2527 5915 16,
2560 5856 2691 5903 tom.
2720 5849 2777 5913 i,
2805 5862 2929 5921 pag.
2961 5847 3084 5905 508.
