4032 6354
443 315 585 374 1259

1284 308 1347 366 s.
1385 310 1447 368 ν.
1487 308 1716 368 suam
1753 308 1886 368 seu
1924 276 2203 366 ALCUlNl
2239 303 2525 366 OPERUM
2560 304 2742 365 PARS
2777 304 2873 365 ix.

3576 302 3733 363 £250

442 446 615 507 genus
645 443 713 485 ex
736 413 901 501 bysso
934 434 1160 497 retorta,
1187 428 1500 503 hyacintho,
1531 444 1772 501 purpura
1811 443 1876 482 ac
1910 408 2032 482 ver-
2058 426 2109 490 Δ
2134 423 2231 488 He,
2270 424 2417 491 Vau,
2445 423 2584 481 Heth
2610 444 2622 481 :
2649 424 2815 499 [mm]
2845 432 2900 482 et
2921 422 3228 491 dicebatur,
3262 421 3563 488 ineffabile,
3612 438 3731 479 non

444 523 669 589 miculo,
694 538 859 594 opere
885 522 1137 594 plumari,
1164 521 1217 577 in
1251 521 1654 577 similitudinem
1691 519 1845 593 pellis
1879 518 2028 575 colu-

338 674 347 683 κ
445 616 555 683 bri,
585 615 885 670 latitudinis
914 622 1149 685 quatuor
1170 614 1480 685 digitorum.
1520 612 1628 669 Pro
1659 613 1862 678 balteo,
1888 627 2034 668 nunc

450 722 731 773 zonarum,
777 721 913 778 quas
949 704 1221 761 Romanas
1266 704 1569 779 appellant,
1612 720 1745 761 usus
1785 710 2033 777 receptus

449 813 512 856 es
518 808 557 855 ι.

525 888 964 963 Superbumerale
998 889 1140 961 quod
1179 887 1447 945 Hebraice
1484 887 1654 960 ephod
1687 887 1916 953 dicitur,
1955 886 2036 942 sic

448 994 722 1051 vocatum,
744 985 886 1055 quod
916 985 1173 1040 humeros
1204 984 1531 1049 obnuberet;
1563 982 1718 1053 cujus
1751 988 2035 1037 contextus

450 1078 519 1135 de
543 1078 794 1134 omnibus
819 1076 1090 1133 coloribus
1117 1084 1235 1132 erat
1268 1074 1653 1147 magnitudinis
1681 1072 1951 1138 cubitalis,
1980 1071 2036 1128 id

450 1180 558 1236 est,
588 1185 760 1241 usque
794 1170 861 1224 ad
896 1167 1169 1238 cingulum
1201 1168 1535 1238 pertingens,
1564 1164 1893 1236 amplectens
1920 1178 2038 1218 om—

450 1276 576 1316 nem
602 1261 778 1317 locuni
798 1258 1055 1329 pectoris,
1084 1266 1139 1313 et
1170 1258 1237 1313 ad
1273 1272 1467 1312 manus
1490 1255 1779 1328 ejiciendas
1805 1255 1931 1309 hinc
1958 1254 2038 1308 in-

452 1352 519 1407 de
546 1360 827 1423 apertum;
855 1350 941 1405 cui
966 1351 1292 1405 vestimento
1318 1350 1468 1404 locus
1500 1362 1703 1402 vacuus
1732 1346 2039 1401 dimitteba-

452 1454 544 1500 tur
574 1445 628 1500 in
656 1443 836 1499 medio
863 1451 1103 1513 pectore,
1142 1441 1508 1513 magnitudine
1544 1439 1730 1510 palmi,
1771 1439 1863 1495 ubi
1898 1438 2030 1494 inse-

452 1538 676 1594 rebatur
724 1536 1006 1601 rationale,
1056 1535 1198 1606 quod
1240 1534 1504 1590 Hebraice
1544 1534 1743 1590 dicitur
1789 1533 1949 1599 essin,
1985 1541 2043 1588 et

453 1630 641 1687 Grznce
689 1630 866 1702 logion
906 1646 925 1683 :
964 1630 1196 1685 habebat
1259 1635 1441 1689 autem
1488 1624 1932 1698 superhumerale
1984 1625 2039 1679 in

2132 514 2277 586 quod
2306 514 2414 571 dici
2447 531 2553 572 non
2582 517 2779 588 possit,
2808 518 2902 573 sed
2932 518 3057 587 quia
3096 532 3195 573 nec
3235 515 3447 573 deliniri
3486 524 3542 572 et
3572 531 3737 572 com-

2130 608 2394 681 prehendi
2422 624 2583 665 sensu
2614 610 2771 667 ullius
2797 619 3076 676 creaturae,
3109 618 3170 665 ut
3196 610 3359 681 digne
3385 608 3495 665 Deo
3518 609 3733 679 aliquid

2134 701 2239 759 dici
2269 703 2458 773 possit.
2495 702 2787 775 Ligabatur
2814 712 2994 759 autem
3029 704 3160 759 vitta
3190 704 3541 777 hyacinthina
3560 720 3736 776 super

2134 792 2355 861 tiaram,
2380 803 2439 850 ut
2463 803 2629 851 totam
2659 796 2985 866 pontificalis
3013 808 3239 853 ornatus
3265 796 3734 867 pulchritudinem

2135 885 2232 944 Dei
2264 887 2580 944 vocabulum
2603 897 2887 945 coronaret
2920 905 2984 947 ac
3009 898 3336 962 protegeret.
3374 886 3562 959 Neque
3589 889 3735 944 hanc

2135 980 2441 1037 ornamenti
2474 982 2711 1053 speciem
2731 980 2934 1038 Christi
2966 983 3173 1053 accepit
3201 982 3270 1036 ab
3294 981 3401 1037 illis
3425 980 3695 1037 Ecclesia.

2148 1121 2152 1124 .
2207 1075 2488 1139 Octavum,
2528 1076 2581 1132 id
2616 1085 2730 1143 est,
2765 1076 3117 1133 novissimum
3156 1086 3541 1132 ornamentum
3574 1076 3736 1146 femi-

2137 1170 2284 1226 nalia
2314 1170 2483 1233 linea,
2526 1169 2721 1239 quibus
2766 1170 3084 1239 operiebant
3122 1184 3344 1225 carnem
3380 1170 3737 1239 turpitudinis

2138 1279 2272 1329 suae,
2299 1264 2367 1319 ab
2394 1261 2615 1318 renibus
2639 1277 2811 1331 usque
2842 1262 2909 1315 ad
2944 1260 3143 1316 femina
3187 1262 3300 1317 sive
3336 1266 3421 1331 (ut
3455 1260 3735 1329 usitatius)

2139 1353 2368 1421 femora,
2403 1370 2526 1411 cum
2562 1353 2628 1408 ad
2660 1352 2984 1408 sacrificium
3017 1352 3369 1408 accedebant.
3412 1350 3735 1421 Huiusmodi

2140 1446 2361 1502 habitus
2384 1446 2461 1501 ita
2485 1453 2643 1501 notus
2679 1452 2762 1500 est
2797 1445 2851 1499 in
2885 1445 3088 1501 nostris
3123 1445 3454 1516 regionibus,
3478 1454 3541 1499 ut
3570 1460 3641 1499 ex
3672 1458 3739 1498 eo

2142 1539 2314 1596 Gallia
2342 1540 2604 1595 Braccata
2630 1539 3004 1609 cognominata
3033 1539 3124 1594 sit.

2214 1633 2674 1704 Comprehensum
2692 1631 2952 1695 breviter,
2975 1630 3172 1701 quibus
3199 1629 3445 1685 vestibus
3475 1644 3737 1683 ornaren-

454 1733 686 1793 utroque
724 1724 949 1779 humero
996 1721 1234 1794 singulos
1278 1721 1483 1791 lapides
1520 1721 1849 1791 onychinos,
1886 1729 1943 1776 et
1983 1720 2039 1775 in
2145 1732 2234 1779 tur
2260 1723 2569 1779 sacerdotes
2592 1730 2648 1777 et
2674 1721 2906 1776 ministri
2940 1720 3124 1789 templi
3159 1719 3279 1784 Dei,
3322 1717 3570 1774 Massica:
3606 1717 3737 1789 leg‘s

456 1818 683 1889 singulis
703 1818 968 1887 lapidibus
989 1825 1144 1873 erant
1165 1816 1374 1886 sculpta
1403 1814 1613 1886 singula
1636 1815 1919 1871 duodecim
1946 1830 2043 1885 pa-
2074 1796 2119 1855 Β
2147 1815 2495 1887 temporibus,
2528 1829 2663 1884 quas
2686 1813 2929 1869 adinstar
2951 1810 3164 1867 illorum
3196 1810 3436 1866 revelata
3460 1810 3735 1882 Evangelii

457 1911 819 1966 triareharum
840 1909 1077 1965 nomina.
1111 1908 1324 1965 Habent
1344 1908 1507 1967 etiam
1527 1925 1671 1964 nunc
1695 1908 1930 1965 ministri
1952 1908 2049 1965 Ec-

458 2002 635 2058 clesiae
672 1999 874 2057 Christi
908 1998 1369 2070 superbumerale,
1406 1998 1552 2068 quod
1588 1998 1845 2055 amictum
1881 2013 2047 2054 voca-

458 2110 601 2159 mus,
626 2092 843 2164 quando
864 2091 930 2147 ad
950 2090 1122 2146 altare
1151 2089 1481 2146 ministrant.
2044 2150 2045 2155 η

532 2186 832 2252 Rationale,
866 2199 1029 2255 opere
1063 2184 1322 2256 polymito
1350 2182 1554 2240 factum
1595 2191 1713 2241 erat
1741 2182 1899 2253 juxta
1934 2193 2050 2241 tex-

460 2286 636 2334 turam
672 2276 1152 2348 superhumeralis,
1197 2276 1248 2331 id
1285 2283 1391 2341 est,
1420 2276 1626 2332 eisdem
1661 2276 1933 2331 coloribus
1962 2274 2047 2330 fa-

461 2377 606 2424 ctum
634 2378 769 2432 erat,
812 2367 1259 2438 quadrangulum,
1303 2366 1510 2421 habens
1542 2381 1851 2422 mensuram
1882 2366 2048 2437 palmi

460 2462 516 2515 in
547 2460 932 2532 longitudinem
960 2467 1015 2515 et
1041 2458 1403 2516 latitudinem.
1445 2458 1611 2515 Erant
1642 2460 1695 2514 in
1722 2474 1788 2514 eo
1815 2467 2052 2529 quatuor

459 2553 680 2608 ordines
709 2552 965 2623 lapidum,
993 2554 1131 2608 terni
1152 2567 1250 2624 per
1270 2552 1507 2624 singulos
1535 2567 1721 2608 versus
1742 2552 2046 2608 distributi:

458 2647 654 2719 sculpti
684 2656 838 2702 erant
863 2646 1088 2719 singulis
1113 2645 1396 2702 duodecim
1420 2646 1854 2717 patriarcharum
1876 2643 2051 2699 nomi-

460 2736 638 2794 nibus.
680 2736 849 2793 Erant
875 2745 1055 2793 autem
1078 2736 1341 2793 catenulze
1366 2752 1566 2801 aurem,
1595 2743 1651 2791 et
1672 2735 1852 2791 uncini
1876 2728 2046 2801 aurei,

456 2843 559 2885 nec
579 2843 687 2883 non
706 2835 762 2884 et
785 2828 935 2883 aurei
958 2829 1161 2893 annuli,
1186 2836 1295 2882 tam
1319 2828 1371 2883 in
1396 2836 1630 2898 quatuor
1649 2826 2050 2883 summitatibus

458 2918 761 2983 rationalis,
795 2934 956 2989 quam
986 2926 1041 2973 et
1060 2918 1113 2972 in
1141 2919 1544 2974 summitatibus
1566 2916 2045 2988 superhumeralis,

458 3018 673 3085 quaeet
704 3009 969 3066 catcnulze
1008 2998 1409 3074 inserebantur,
1442 3008 1851 3081 jungehanique
1887 3008 2051 3062 ratio-

458 3103 583 3160 nale
614 3112 669 3159 et
695 3101 1137 3177 superhumerale
1174 3102 1440 3173 superius,
1472 3102 1697 3159 inferius
1734 3117 1864 3159 vero
1900 3102 2050 3158 vittis

457 3195 825 3267 byacinthinis
874 3194 976 3249 sibi
1032 3195 1405 3249 nectebantur.
1460 3194 1562 3250 Pro
1611 3196 1858 3252 rationali
1906 3212 2048 3253 nunc

461 3286 657 3343 summi
696 3286 996 3357 pontifices,
1030 3301 1167 3357 quos
1191 3288 1627 3358 archiepiscopus
1655 3287 1903 3353 dicimus,
1935 3289 2051 3359 pal-

460 3374 535 3431 lio
558 3383 803 3441 utuntur.
837 3375 979 3445 quod
1001 3391 1031 3431 a
1067 3384 1255 3432 sancta
1291 3375 1535 3433 Romana
1574 3378 1719 3445 sede,
1751 3380 2050 3450 apostolico

460 3467 645 3532 dante,
676 3466 996 3536 suscipiunt.

536 3557 696 3613 Tiara
733 3567 851 3614 erat
899 3560 1092 3623 vestis,
1132 3560 1387 3630 pileolum
1437 3560 1688 3617 videlicet
1727 3563 2047 3630 rotundum,

459 3650 617 3722 quasi
640 3650 851 3720 spbzera
881 3648 1057 3705 media
1082 3651 1162 3707 sic
1191 3652 1393 3717 divisa,
1432 3659 1492 3706 ut
1519 3661 1576 3708 et
1602 3667 1729 3724 pars
1754 3670 1859 3709 una
1890 3670 2053 3725 pona-

2147 1910 2340 1980 gratia,
2367 1906 2606 1978 suscepit
2626 1906 2886 1962 Ecclesia.
2931 1904 3070 1960 Sunt
3104 1913 3285 1961 tamen
3314 1905 3421 1959 alia
3452 1920 3574 1975 qua:
3599 1903 3737 1974 apud

2148 2003 2268 2061 illos
2287 2018 2394 2058 non
2419 1999 2777 2065 habebantur,
2802 2006 2864 2054 ut
2882 1998 3038 2061 stola,
3065 1996 3333 2063 sandalia,
3362 2007 3418 2052 et
3440 1996 3731 2060 sudarium,

2148 2093 2291 2165 quod
2313 2093 2381 2148 ad
2401 2091 2717 2164 tergendum
2739 2088 2992 2145 sudorem
3014 2088 3070 2142 in
3090 2103 3250 2143 manu
3272 2088 3477 2160 gestari
3500 2101 3619 2141 mos
3634 2094 3732 2151 est,

2148 2186 2289 2257 quod
2316 2185 2518 2240 usitato
2541 2183 2760 2239 nomine
2792 2181 3037 2250 Iunonem
3064 2189 3343 2235 vocamus;
3385 2178 3590 2233 Verum
3617 2178 3735 2246 quia

2150 2281 2243 2338 illo
2272 2288 2514 2352 tempore
2538 2276 2724 2348 figuris
2756 2276 2939 2331 omnia
2963 2283 3020 2330 et
3043 2274 3423 2344 aenigmatibus
3453 2274 3735 2328 obumbra-

2149 2375 2368 2436 bantur,
2405 2370 2679 2434 convenit,
2707 2375 2768 2423 ut
2796 2365 2925 2438 quid
2953 2366 3043 2421 illa
3066 2367 3388 2422 vestimenta
3420 2366 3648 2436 mystice
3674 2366 3736 2419 si-

2151 2463 2544 2535 gniﬁcaverim,
2573 2473 2748 2534 quove
2780 2458 3001 2514 nomine
3026 2473 3168 2512 nunc
3203 2456 3517 2528 specialiter
3547 2457 3599 2510 in
3639 2457 3734 2510 Ec-

2152 2558 2316 2615 clesia
2364 2563 2715 2622 venerantur,
2771 2569 2881 2610 non
2923 2551 3207 2618 verbatim,
3258 2551 3356 2608 sed
3408 2551 3735 2622 capitulatim

2150 2651 2518 2709 ostendamus.
2775 2640 2784 2650 ’

2223 2743 2553 2801 Vestimenta
2596 2742 2708 2808 illa,
2755 2758 2875 2815 quae
2914 2743 2968 2798 in
3011 2742 3215 2798 sanctis
3248 2739 3440 2797 olliciis
3477 2739 3735 2810 portanda

2152 2846 2327 2901 erant,
2358 2846 2516 2908 typus
2544 2848 2700 2893 erant
2723 2844 3030 2893 sanctarum
3058 2834 3342 2895 virtutum,
3367 2832 3513 2887 unde
3538 2841 3592 2887 et
3621 2846 3735 2885 san-

2152 2938 2237 3000 cta
2276 2928 2609 2986 dicebantur.
2660 2927 2741 2983 Ad
2773 2928 2891 2984 haec
2931 2927 3177 2983 facienda
3219 2941 3325 2981 non
3365 2934 3483 2979 tam
3520 2924 3736 2981 diversa

2152 3038 2314 3096 quam
2338 3022 2595 3093 Speciosze
2620 3021 2826 3092 species
2852 3018 3223 3085 sumebantur,
3253 3033 3450 3073 aurum
3470 3015 3733 3079 videlicet,

2152 3115 2294 3186 quod
2331 3122 2417 3169 est
2452 3112 2704 3184 splendor
2738 3111 3017 3182 sapientiae
3038 3110 3269 3175 divinte;
3299 3110 3388 3165 cui
3415 3107 3736 3180 iungebatur

2153 3203 2496 3276 hyacinthus,
2512 3203 2600 3275 qui
2629 3211 2712 3259 est
2732 3202 2880 3258 color
2907 3202 3108 3266 aerius,
3137 3201 3359 3257 cteleste
3384 3199 3637 3255 videlicet
3658 3199 3736 3254 de-

2150 3297 2426 3354 siderium.
2470 3295 2711 3368 Purpura
2738 3294 3131 3367 apponebatur,
3164 3309 3284 3364 qum
3312 3291 3593 3364 sanguinis
3621 3290 3739 3345 imi-

2150 3396 2299 3445 tatur
2332 3387 2587 3453 colorem,
2621 3395 2682 3443 ut
2715 3386 2946 3458 perduo
2979 3400 3177 3458 genera
3207 3383 3457 3456 martyrii
3494 3382 3739 3439 noverint

2151 3496 2211 3538 se
2236 3481 2567 3539 exercendas
2586 3479 2763 3545 electi,
2792 3478 2846 3535 id
2877 3486 2979 3545 est,
3010 3478 3056 3534 si
3080 3492 3303 3535 necesse
3330 3478 3422 3542 sit,
3445 3492 3554 3532 non
3583 3476 3736 3531 dubi-

2151 3580 2268 3630 tent
2299 3572 2437 3628 mori
2469 3587 2569 3643 pro
2601 3571 2839 3636 Christo,
2882 3579 2938 3627 et
2978 3572 3129 3643 pacis
3168 3579 3412 3639 tempore
3458 3569 3513 3623 in
3551 3568 3740 3639 seipsis

2151 3664 2423 3737 appetitus
2459 3663 2733 3728 occidant,
2772 3661 3163 3720 mortificantes
3197 3659 3444 3716 membra
3482 3674 3579 3714 sua
3619 3673 3739 3714 cum

461 3751 552 3798 tur
581 3744 634 3797 in
666 3742 863 3813 capite.
902 3742 975 3797 ita
1013 3750 1074 3798 ut
1101 3744 1262 3798 medii
1284 3744 1503 3800 verticis
1532 3745 1875 3801 medietatem
1896 3760 2054 3804 exce-
2152 3756 2301 3811 vitiis
2335 3762 2391 3809 et
2428 3753 2899 3825 concupiscentiis.
2950 3753 3162 3808 Coccus
3199 3750 3281 3806 bis
3319 3749 3522 3805 tinctus
3562 3747 3657 3804 Dei
3691 3756 3743 3803 et

461 3834 576 3899 dat,
628 3833 834 3888 habens
882 3833 1067 3898 vittas.
1111 3849 1232 3903 (ιιιω
1269 3834 1587 3898 convoluta.
1624 3835 1819 3905 saepius
1856 3851 2055 3892 conne—
2138 3832 2383 3920 proximi
2437 3846 2784 3901 dilectionem
2832 3844 3035 3900 indicat
3079 3840 3374 3899 efﬁcaciter
3424 3840 3735 3896 tenendam.

461 3933 704 3990 ctuntur,
745 3939 813 3979 ne
848 3922 1003 3979 facile
1034 3924 1343 3980 dilabantur
1372 3944 1384 3979 :
1413 3933 1469 3981 et
1493 3927 1596 3981 hoc
1621 3926 1841 3997 quidem
1882 3927 2055 3983 mino-
2152 3939 2354 4011 Byssus
2380 3938 2648 4011 geminam
2677 3936 3005 4001 castitatem,
3036 3933 3278 4006 corporis
3308 3932 3519 3989 scilicet
3544 3939 3600 3986 et
3630 3928 3744 3984 ani.

461 4032 583 4072 rum
604 4026 723 4072 erat
745 4017 1105 4072 sacerdotum.
1146 4015 1402 4072 Summus
1431 4027 1611 4073 autem
1648 4017 1889 4088 pontifex
1918 4033 2056 4089 prato
2153 4043 2256 4085 nne
2288 4027 2555 4099 signiﬁcat
2576 4042 2591 4082 :
2614 4026 2757 4082 unde
2796 4026 2863 4081 de
2900 4040 3029 4081 vere
3064 4024 3224 4079 vidua
3259 4023 3392 4079 dicit
3425 4019 3741 4093 ApostoluS.

459 4116 545 4164 ter
586 4109 787 4179 pilcum
833 4108 1066 4164 habebat
1099 4123 1358 4165 coronam
1391 4124 1611 4164 auream
1658 4109 2051 4181 triplicemque,

2157 4117 2224 4175 Ut
2260 4120 2327 4173 sit
2360 4128 2542 4174 sancta
2572 4134 2789 4189 corpore
2816 4126 2865 4173 et
2899 4116 3085 4187 spiritu
3118 4112 3171 4185 (I
3205 4112 3327 4171 Cor.
3358 4130 3459 4181 vti,
3491 4113 3606 4183 54).
3654 4112 3746 4168 liis
3778 4160 3781 4161 ν

462 4220 626 4274 super
653 4219 816 4274 quam
855 4218 886 4257 a
924 4203 1100 4258 media
1136 4202 1314 4258 fronte
1343 4205 1602 4274 surgebat
1624 4203 1779 4274 quasi
1816 4201 2055 4259 calamus
2153 4211 2493 4267 ornamentis
2516 4209 2677 4268 debet
2699 4208 2902 4266 Christi
2933 4207 3175 4282 pontifex
3210 4206 3504 4280 refulgere,
3534 4205 3624 4262 his
3651 4220 3741 4261 co—

461 4298 681 4368 quidam
717 4312 935 4361 aureus,
972 4295 1166 4351 similis
1191 4296 1373 4352 herba:
1406 4310 1526 4365 qua:
1570 4295 1832 4351 Hebraice
1864 4312 2052 4360 acano,
2154 4303 2361 4360 toribus
2393 4303 2666 4357 emt-nari,

465 4388 652 4444 Graece
672 4397 852 4441 autem
880 4388 1015 4451 ltios,
1032 4403 1152 4456 qua:
1172 4388 1311 4457 apud
1335 4403 1435 4444 nos
1448 4388 1635 4444 Latine
1660 4388 1856 4443 cidaris
1872 4401 1920 4442 α.
1951 4387 2056 4443 Per
2229 4392 2428 4448 Tunica
2460 4391 2597 4446 linea
2618 4432 2633 4455 ,
2685 4401 2733 4446 et
2769 4390 2978 4462 byssina
3011 4388 3190 4445 stricta
3213 4428 3230 4453 ,
3268 4386 3744 4443 mortificationem

469 4477 731 4567 circulum
760 4492 888 4530 vero
910 4476 1142 4531 habebat
1156 4476 1337 4542 ﬂores,
1356 4478 1559 4533 similes
1573 4478 1690 4534 ﬂori
1706 4480 2048 4550 plantaginis,
2083 4516 2133 4579 Β
2155 4484 2334 4540 carnis
2360 4481 2666 4553 praetendit.
2706 4481 2931 4553 Byssum
2954 4481 3100 4535 enim
3124 4478 3209 4534 vel
3234 4477 3427 4543 linum,
3458 4476 3743 4546 multiplici

467 4569 537 4623 ab
559 4567 994 4638 occipitiousque
1008 4567 1074 4622 ad
1089 4575 1378 4639 utrumque
1392 4576 1620 4640 tempus.
1659 4571 1714 4625 in
1729 4570 1905 4626 fronte
1923 4586 2053 4627 vero
2087 4567 2128 4579 ’⁷
2154 4576 2489 4631 elaboratum
2531 4573 2867 4638 contusione,
2912 4580 2968 4627 et
3003 4579 3211 4626 natura:
3247 4569 3548 4625 subtilitate
3575 4569 3743 4623 dedu-

463 4664 585 4715 erat
611 4657 759 4713 locus
780 4668 992 4729 patens,
1024 4659 1113 4715 ubi
1146 4659 1485 4715 inserebatur
1504 4661 1703 4718 lamina
1728 4678 1911 4728 aurea,
1932 4680 2053 4735 qua:
2156 4677 2304 4724 ctum
2330 4681 2395 4722 ac
2425 4673 2654 4730 textum,
2685 4665 2740 4719 in
2764 4673 2967 4720 vestem
2994 4661 3228 4734 proiicit.
3279 4658 3370 4716 Sic
3392 4659 3573 4715 nullus
3592 4656 3746 4714 Chii-

465 4761 701 4823 quatuor
728 4752 923 4808 litteris
944 4768 1136 4809 nomen
1160 4753 1255 4808 Dei
1279 4751 1509 4809 habebat
1538 4754 1815 4824 scriptum.
1860 4753 2053 4823 Hujus-
2154 4767 2240 4813 sto
2265 4756 2447 4811 ornari
2472 4755 2687 4827 poterit,
2716 4754 2819 4810 nisi
2844 4754 3118 4824 castigatis
3138 4761 3192 4808 et
3215 4750 3560 4806 mortificatis
3578 4750 3748 4804 omni-

465 4842 678 4901 cemodi
705 4842 874 4899 vestis
904 4859 1009 4898 non
1041 4843 1271 4899 habetur
1307 4842 1360 4898 in
1401 4842 1640 4899 Romana
1678 4843 1940 4910 Ecclesia,
1968 4844 2052 4901 vel
2155 4849 2257 4905 bus
2283 4848 2462 4903 carnis
2483 4845 2823 4917 passionibus
2848 4859 2864 4899 :
2888 4846 3029 4900 unde
3052 4851 3107 4900 et
3130 4843 3264 4898 bene
3293 4842 3485 4898 stricta
3514 4841 3741 4905 dicitur;

468 4937 524 4993 in
556 4938 757 4993 nostris
782 4936 1108 5008 regionibus.
1150 4936 1266 4991 Non
1290 4938 1434 4993 enim
1460 4936 1627 4993 moris
1653 4945 1756 5003 est,
1787 4944 1847 4991 ut
1869 4935 2054 5008 pileati
2156 4942 2405 4997 strictum
2428 4939 2573 4996 enim
2603 4947 2812 4995 castum
2854 4937 3086 4993 dicimus
3127 4954 3141 4991 :
3182 4950 3214 4990 e
3250 4943 3441 4991 contra
3478 4933 3744 4989 lascivum

438 5030 648 5099 .divina
677 5031 934 5103 mysteria
969 5030 1263 5087 celebrent.
1304 5029 1456 5100 Apud
1487 5029 1704 5087 Grzecos
1740 5039 1920 5086 autem
1953 5032 2057 5087 hoc
2155 5032 2477 5089 dissolutum
2514 5046 2790 5088 vocamus.

466 5119 685 5186 dicitur,
712 5121 808 5192 qui
834 5119 1024 5191 pileos,
1057 5119 1111 5174 id
1138 5127 1245 5184 est,
1277 5120 1501 5190 cupbias
1539 5128 1752 5189 gestant
1775 5121 1828 5175 in
1854 5120 2053 5191 capite,
2231 5123 2431 5180 Tunica
2459 5134 2567 5179 tota
2600 5122 2964 5195 hyacinthina,
2995 5136 3117 5194 quae.
3151 5119 3301 5175 aerio
3332 5117 3636 5190 refulgebat
3662 5133 3745 5173 eo-

432 5268 435 5269 .
466 5210 596 5265 dum
618 5212 881 5267 assistunt
899 5211 1183 5266 altaribus.
1217 5209 1441 5265 Lamina
1466 5227 1629 5266 aurea
1653 5212 1705 5266 in
1728 5211 1903 5267 fronte
1921 5228 2055 5283 pon-
2155 5218 2301 5283 lore,
2341 5216 2616 5271 caelestem
2654 5214 2901 5285 designat
2936 5213 3400 5270 conversationem
3428 5226 3586 5281 :qua‘
3633 5219 3743 5265 tcta

432 5348 435 5351 γ
469 5302 653 5368 tiﬁcis,
678 5305 732 5360 in
762 5320 869 5377 qua
887 5308 1136 5360 sanctum
1173 5302 1399 5357 Domino
1425 5302 1538 5358 sive
1564 5312 1808 5359 sanctum
1841 5302 2054 5360 Domini
2156 5316 2275 5364 erat
2306 5304 2677 5378 hyacinthina,
2726 5304 2851 5374 quia
2899 5303 3154 5359 sacerdos
3197 5300 3331 5357 nihil
3370 5300 3533 5357 debet
3577 5298 3741 5372 5.95

469 5395 741 5469 sculptum
770 5396 1087 5461 habebatur,
1115 5403 1489 5450 ornamentum
1512 5404 1630 5451 erat
1648 5394 1856 5450 caeteris
1880 5411 2060 5452 sacra-

470 5490 579 5546 tius
614 5490 960 5548 indumentis.
1011 5488 1269 5547 Sanctum
1300 5497 1479 5544 autem
1519 5488 1767 5555 Domino,
1807 5491 1949 5561 quod
1985 5490 2059 5547 ibi

472 5582 745 5655 scalptum
782 5590 902 5638 erat
942 5598 1138 5638 nomen
1186 5589 1431 5637 sanctum
1480 5591 1536 5638 et
1579 5581 1885 5637 venerabile
1926 5581 2056 5650 Dei,

474 5675 618 5741 quod
640 5687 740 5743 per
771 5681 1003 5744 quatuor
1035 5672 1246 5729 litteras
1275 5673 1639 5740 scribebatur,
1672 5672 1899 5740 scilicet,
1933 5670 2055 5739 Jod,

2157 5415 2352 5457 curare
2396 5406 2669 5453 terrenum
2697 5414 2709 5449 :
2738 5394 2906 5451 Nemo
2939 5395 3096 5460 enim,
3134 5394 3210 5449 ait
3244 5391 3551 5463 Apostolus,
3595 5390 3740 5444 mili-

2157 5500 2277 5547 tans
2303 5488 2431 5554 Deo,
2466 5486 2696 5558 implicat
2723 5504 2776 5541 se
2799 5485 3017 5557 negotiis
3050 5483 3414 5547 saecularibus,
3454 5491 3511 5536 ut
3546 5483 3595 5536 ei
3624 5480 3742 5551 pla-

2160 5591 2273 5637 ceat
2301 5582 2386 5636 cui
2416 5598 2470 5636 se
2498 5580 2734 5651 probavit
2761 5577 2848 5651 (Il
2881 5577 3015 5633 Tini.
3054 5593 3116 5643 ti,
3145 5575 3221 5650 ι).

2230 5671 2446 5729 Balteus
2470 5670 2584 5729 sive
2611 5669 2880 5744 cingulum
2898 5710 2914 5736 ,
2944 5684 3051 5741 quo
3087 5666 3267 5727 tunica
3300 5666 3417 5724 haec
3443 5679 3570 5723 cum
3595 5663 3739 5723 inte—

552 5799 576 5830 I
619 5784 816 5842 Similis
836 5787 1008 5843 turba
1123 5787 1307 5844 Latino
1328 5788 1542 5865 sideris.
1576 5785 1718 5877 Nihil
1750 5787 1886 5877 sani.
1923 5785 2185 5865 Sinone.
2209 5785 2264 5857 in
2288 5783 2386 5854 Ms.
