4032 6354
268 377 406 435 nil

1080 372 1231 433 OPP.
1276 371 1679 433 SUPPOSITA.
1714 399 1785 412 —
1821 364 1954 423 LIB.
1994 363 2082 422 DE
2120 364 2369 424 DlVlNlS
2407 364 2714 427 OFFlCllS.

3394 368 3536 428 19η

265 498 435 561 riore,
482 493 536 551 id
577 501 681 561 est,
724 491 889 559 linea,
932 493 1264 562 cingebatur,
1297 490 1682 549 continentiam
1711 485 1843 541 insi-
1870 485 1921 545 Α
1947 480 2123 536 fronte
2152 483 2422 553 pontiﬁcis
2446 501 2565 541 esse
2590 484 2894 552 videbatur,
2924 484 3178 551 ostendit,
3204 487 3330 557 quia
3355 487 3532 559 digni-

264 599 421 653 nuat,
447 603 566 660 qua
584 597 759 642 mater
786 596 869 643 est
891 596 946 643 et
972 596 1153 643 custos
1173 584 1461 657 pudicitia,
1484 598 1588 653 qua
1615 579 1848 635 maxime

266 682 452 737 ornari
496 682 780 753 pontiﬁces
824 683 1121 739 condecet:
1164 682 1326 745 hanc,
1368 679 1460 750 qui
1500 679 1741 749 ingratus
1768 681 1848 729 est

264 772 404 838 Deo,
434 774 631 844 perdit,
662 773 799 828 sicut
827 772 927 827 Joh
954 774 1018 828 de
1049 772 1247 828 talibus
1287 771 1452 826 dicit:
1492 769 1730 823 Balteum
1769 781 1850 819 re-

266 882 390 935 gum
437 863 689 929 dissolvit,
726 875 774 918 et
821 866 1091 936 pra’cingit
1135 865 1261 934 fune
1291 881 1435 918 renes
1480 877 1658 916 eorum
1690 855 1844 929 (Job.

268 972 369 1020 xu,
401 957 465 1011 18
485 956 523 1024 ).
555 954 757 1026 Regum
786 957 950 1021 cnim,
986 955 1038 1010 id
1067 963 1150 1010 est
1177 964 1482 1010 sanctorum
1508 951 1849 1007 sacerdotum

267 1045 531 1111 balteum,
560 1048 661 1101 hoc
683 1057 786 1111 est,
810 1046 1059 1117 pudicam
1088 1047 1471 1102 continentiam
1503 1042 1767 1107 dissolvit,
1794 1040 1846 1097 id

268 1149 371 1200 est,
399 1139 613 1194 dissolvi
645 1140 931 1211 permittit,
962 1154 1083 1195 cum
1110 1139 1174 1193 de
1209 1139 1321 1192 suis
1349 1135 1634 1190 virtutibus
1663 1131 1847 1189 extolli

269 1230 572 1299 caperint:
604 1239 658 1284 et
688 1229 970 1300 pracingit
1001 1228 1126 1283 l'une
1163 1243 1366 1297 aspera
1408 1225 1734 1297 paniteutia
1765 1238 1849 1279 re-

270 1335 367 1375 nes
395 1336 611 1386 eorum,
643 1329 703 1375 ut
750 1320 1008 1391 incipiant
1054 1319 1167 1374 suis
1211 1318 1426 1373 casibus
1462 1317 1847 1386 ingemiscere,

268 1413 360 1481 qui
393 1412 616 1467 aliorum
646 1411 882 1482 lapsibus
910 1411 1207 1466 debuerant
1236 1407 1436 1463 auxilio
1468 1406 1773 1462 subvenire.

342 1501 800 1573 Sttperhumerale,
823 1501 966 1572 quod
996 1500 1258 1556 Hebraice
1282 1498 1449 1569 cphod
1473 1497 1691 1562 dicitur,
1723 1495 1847 1550 obeo

270 1596 526 1650 dientiam
549 1596 926 1650 mandatorum
955 1595 1052 1650 Dei
1083 1593 1369 1665 significat,
1393 1608 1500 1662 quo
1531 1592 1850 1647 induebatur

269 1689 547 1752 sacerdos,
575 1697 631 1742 ut
659 1688 966 1743 meminerit
987 1698 1251 1758 praecepta
1290 1686 1383 1741 Dei
1411 1695 1662 1751 strenue,
1692 1685 1849 1756 quasi

266 1795 407 1835 onus
434 1779 676 1835 humeris
705 1779 1036 1849 impositum,
1064 1777 1261 1833 debere
1282 1786 1517 1848 portare.
1542 1777 1697 1845 Quod
1720 1791 1848 1833 vero

1951 581 2118 629 tatem
2137 614 2151 637 ,
2180 589 2340 643 quam
2369 576 2656 647 pratendit
2686 577 2739 631 in
2779 577 2964 631 habitu
2986 618 3001 643 ,
3028 590 3282 633 exercere
3320 592 3537 648 semper

1952 667 2035 721 de'
2058 676 2111 718 et
2142 667 2195 719 in
2226 681 2411 735 opere,
2441 677 2501 723 ut
2526 669 2736 723 Domini
2765 669 3020 739 placitum
3060 684 3271 740 semper
3294 664 3534 737 habere,

1949 765 2005 813 et
2032 757 2371 812 subditorum
2408 768 2535 815 vota
2574 760 2803 816 Domino
2837 760 3061 817 idoneus
3096 762 3167 817 sit
3196 776 3411 832 semper
3446 760 3534 817 of;

1949 850 2112 906 ferre.
2528 876 2535 879 -

2022 943 2346 1008 Feminalia,
2379 944 2573 1016 quibus
2600 947 2849 1017 pudenda
2873 948 2986 1003 loca
3014 947 3259 1019 corporis
3281 949 3536 1020 tegeban-

1949 1043 2056 1100 tur,
2085 1035 2474 1090 continentiam
2514 1051 2545 1089 a
2576 1038 2862 1093 concubitu
2904 1039 3216 1111 designant.
3264 1054 3383 1109 qua
3422 1055 3536 1095 ma-

1948 1141 2183 1197 gnopere
2223 1125 2475 1181 omnibus
2521 1127 2777 1197 gradibus
2820 1129 3156 1185 observanda
3204 1130 3531 1199 pracipitur.

1949 1215 2103 1272 Unde
2130 1215 2348 1275 dicitur.
2390 1216 2456 1270 ad
2486 1217 2771 1272 velandam
2803 1218 3210 1287 turpitudinem.
3245 1219 3425 1290 Turpe
3453 1227 3539 1276 est

1946 1307 2093 1362 enim
2134 1307 2469 1362 sacerdotem
2492 1318 2619 1363 nota
2642 1308 2856 1363 lasciva
2878 1310 3053 1366 atatis
3079 1310 3349 1374 infamari,
3373 1326 3532 1380 quem

1947 1399 2200 1454 convenit
2229 1399 2375 1455 velut
2416 1400 2468 1455 in
2500 1416 2624 1456 arce
2652 1402 2986 1457 castimonia
3005 1444 3021 1468 ,
3052 1402 3120 1457 ab
3144 1405 3394 1460 omnibus
3420 1420 3536 1460 sus-

1946 1489 2052 1560 pici
2082 1497 2136 1545 et
2162 1491 2427 1545 venerari.
2457 1490 2612 1558 Quod
2637 1508 2767 1548 vero
2800 1492 3072 1549 leminalia
3101 1495 3202 1563 ipsi
3233 1494 3334 1550 sibi
3367 1495 3537 1563 impo-

1947 1586 2112 1643 nant,
2161 1588 2353 1635 catera
2407 1581 2615 1653 Moyses
2674 1583 2950 1657 designat,
2997 1600 3273 1654 unumque
3321 1582 3532 1656 [Forte,

1948 1669 2408 1742 unumquemque]
2429 1686 2488 1727 se
2514 1687 2544 1726 a
2573 1674 2779 1728 carnali
2797 1675 3232 1746 concupiscentia
3259 1675 3538 1730 refrenare

1946 1759 2146 1817 debere
2167 1779 2180 1826 ;
2207 1762 2401 1818 deinde
2419 1763 2711 1821 virtutibus
2730 1766 2830 1820 sibi
2852 1766 3116 1833 subditos,
3139 1768 3293 1838 quasi
3319 1766 3535 1838 Moysen

266 1872 486 1927 nomina
511 1869 941 1942 patriarcharum
972 1870 1115 1924 inter
1137 1869 1404 1925 sacriﬁcia
1425 1878 1479 1925 et
1504 1869 1556 1924 in
1585 1869 1843 1933 humeris,

1958 1856 2260 1912 ministrum
2290 1857 2498 1927 templi,
2529 1857 2769 1915 vestibus
2796 1874 3082 1915 exornare.

265 1960 411 2017 sicut
440 1968 493 2016 ει
520 1961 575 2015 in
608 1968 829 2031 pectore
858 1960 1126 2029 portabat,
1152 1966 1402 2015 monetur
1428 1973 1526 2029 per
1546 1961 1649 2015 hoc
1672 1973 1851 2015 sacer-

265 2051 390 2118 dos,
420 2060 480 2106 ut
503 2052 743 2123 priorum
771 2050 993 2106 Patrum
1025 2050 1185 2106 ﬁdem
1213 2058 1269 2105 et
1291 2050 1536 2121 exempla
1566 2060 1847 2124 sequatur,

265 2154 331 2201 ut
352 2142 614 2210 ﬁdelium,
646 2145 736 2217 qui
763 2152 890 2201 sunt
924 2143 1019 2199 ﬁlii
1055 2143 1446 2213 apostolorum,
1486 2142 1541 2198 in
1585 2144 1697 2200 suis
1721 2159 1849 2199 ora-

270 2238 505 2295 tionibus
534 2238 958 2303 meminerit,eet
994 2245 1053 2293 ut
1084 2238 1213 2310 ipsis
1254 2240 1442 2294 eadem
1482 2239 1727 2310 exempla
1764 2253 1850 2295 se-

267 2330 480 2402 quenda
503 2335 781 2401 proponat.

342 2419 641 2486 Rationale,
674 2418 816 2489 quod
844 2426 964 2474 erat
991 2419 1044 2473 in
1074 2418 1254 2475 fronte
1280 2418 1572 2491 pontiﬁcis,
1604 2419 1851 2491 designat

267 2513 395 2584 quia
419 2520 602 2583 pastor
624 2512 888 2582 sapientia
913 2521 968 2567 et
990 2512 1232 2567 doctrina
1253 2512 1411 2568 debet
1430 2512 1687 2583 praditus
1705 2527 1844 2568 esse.

268 2601 404 2658 Nam
432 2613 486 2657 et
512 2604 635 2658 ideo
661 2601 922 2658 rationale
942 2601 1132 2673 judicii
1156 2602 1388 2670 dicitur,
1417 2604 1542 2674 quia
1570 2605 1729 2660 debet
1765 2620 1851 2660 re-

266 2703 387 2753 ctor
414 2695 667 2751 Ecclesia
694 2695 877 2752 subtili
906 2711 1120 2768 semper
1144 2696 1542 2753 examinatione
1564 2697 1703 2753 bona
1734 2713 1849 2752 ma-

265 2790 425 2861 laque
453 2789 779 2855 discernere,
809 2798 864 2844 et
883 2789 1013 2860 quid
1045 2789 1128 2844 vel
1154 2790 1369 2859 quibus,
1396 2790 1611 2861 quando
1638 2798 1694 2845 et
1716 2805 1848 2861 qua-

266 2880 393 2935 liter
433 2880 751 2947 conveniat,
801 2881 1041 2938 studiose
1088 2881 1346 2952 cogitare.
1379 2880 1491 2937 Hoc
1532 2881 1677 2937 enim
1706 2882 1849 2951 quod

264 2971 503 3027 dicitur:
538 2971 704 3027 Ponet
730 2973 785 3028 in
812 2973 1070 3028 rationale
1086 2974 1281 3043 judicii
1317 2974 1609 3029 doctrinam
1638 2984 1686 3029 et
1714 2976 1849 3029 veri-

266 3073 426 3117 tatem
456 3062 651 3135 (and.
685 3080 877 3131 xxvm,
900 3063 1013 3136 36),
1050 3073 1111 3120 ut
1148 3066 1396 3121 videlicet
1437 3067 1635 3122 habeat
1666 3068 1845 3124 scien-

268 3154 399 3209 tiam
431 3152 855 3225 Scripturarum,
888 3172 996 3227 quo
1021 3157 1194 3227 possit
1227 3156 1362 3212 alios
1391 3157 1589 3213 docere
1635 3166 1692 3213 et
1716 3174 1846 3215 con-

267 3247 596 3303 tradicentes
641 3264 885 3320 arguere.
939 3248 1380 3321 Quadrangulum
1422 3258 1575 3317 erat,
1623 3260 1846 3323 propter

266 3346 497 3408 quatuor
524 3338 935 3410 Evangeliorum
982 3341 1321 3408 doctrinam;
1362 3341 1578 3413 duplex,
1623 3351 1849 3415 propter

264 3431 508 3487 scientia
535 3440 590 3486 et
616 3433 796 3501 cperis
827 3432 1156 3489 ﬁrmitatem.
1187 3433 1435 3489 Mensura
1477 3434 1665 3505 palmi,
1706 3437 1847 3506 quod

264 3533 351 3580 est
373 3525 663 3594 digitorum
689 3526 951 3589 extensio,
982 3525 1228 3597 designat
1246 3526 1629 3583 discretio'nem
1650 3528 1702 3582 in
1725 3544 1851 3599 per-

264 3614 572 3671 severantia
600 3615 864 3670 bonorum
901 3631 1144 3686 operum.
1189 3616 1434 3683 Quatuor
1469 3618 1686 3674 ordines
1710 3620 1848 3690 lapi-

269 3707 419 3770 dum,
435 3703 527 3775 qui
553 3712 709 3760 erant
732 3704 788 3760 in
809 3705 1058 3761 rationali
1084 3706 1392 3763 nominibus
1411 3708 1847 3778 patriarcharum

268 3798 547 3869 insculpti,
592 3808 827 3870 quatuor
856 3800 1168 3871 exprimunt
1213 3800 1540 3872 principales
1584 3803 1847 3871 virtutes,

266 3891 634 3963 prudentiam,
664 3895 1097 3965 temperantiam,
1138 3892 1507 3950 fortitudinem
1525 3935 1539 3961 ,
1562 3894 1844 3966 justitiam.

268 3981 435 4039 Terni
480 3984 532 4039 in
573 4000 897 4057 unoquoque
942 3986 1178 4058 lapides,
1228 3985 1387 4043 ﬁdem
1430 3998 1630 4045 sancta
1675 3988 1852 4046 Trini-

270 4074 423 4139 tatis,
465 4074 577 4130 sive
622 4074 779 4133 ﬁdem
799 4118 815 4143 ,
855 4093 1003 4150 spem
1029 4085 1084 4133 et
1109 4078 1429 4134 charitatem
1457 4080 1847 4136 demonstrant.

268 4166 403 4235 Qua
429 4170 610 4224 omnia
638 4169 690 4224 in
715 4178 934 4241 pectore
961 4169 1233 4243 pontiﬁcis
1273 4173 1580 4229 necessario
1609 4188 1729 4229 esse
1758 4174 1851 4228 de-

268 4257 421 4323 bere,
455 4256 612 4330 hujus
634 4260 957 4327 ornamenti,
983 4261 1035 4317 id
1068 4268 1169 4327 est,
1204 4261 1484 4318 rationalis
1507 4263 1685 4334 specie
1714 4277 1853 4333 pra-

270 4356 540 4404 monetur.

344 4441 526 4507 Tiara,
558 4456 677 4512 qua
702 4451 759 4499 et
798 4426 1000 4501 cidaris
1022 4454 1078 4501 et
1101 4445 1261 4501 mitra
1289 4452 1547 4511 vocatur,
1574 4450 1641 4501 ἐι
1668 4453 1852 4502 conte-

269 4537 434 4611 gebat
462 4545 518 4591 et
540 4536 767 4592 ornabat
793 4546 954 4610 caput
981 4538 1266 4610 pontiﬁcis,
1306 4540 1562 4595 admonet
1584 4554 1705 4595 eum
1734 4554 1851 4596 om-

270 4644 371 4693 nes
409 4643 600 4684 sensus
643 4629 836 4699 capitis
864 4628 974 4685 Deo
1017 4645 1339 4686 consecrare
1384 4631 1615 4697 debere,
1655 4645 1723 4686 ne
1764 4630 1848 4685 vel

270 4721 661 4797 oculipateant
683 4723 749 4778 ad
773 4722 1061 4778 videndum
1082 4725 1398 4791 vanitatem,
1421 4725 1505 4780 vel
1524 4726 1706 4781 cateri
1726 4739 1841 4782 sen~

269 4830 367 4870 sus
408 4814 498 4883 qui
542 4813 597 4869 in
624 4813 799 4885 capite
820 4814 1036 4886 vigent,
1081 4814 1350 4887 iniquitati
1395 4816 1755 4881 consentiant,
1793 4824 1852 4874 ει

268 4921 371 4979 per
398 4906 516 4961 illos
543 4906 850 4962 intromissa
874 4906 1160 4963 delectatio
1199 4908 1427 4963 incestet
1455 4908 1620 4963 animi
1649 4909 1850 4965 sancti-

271 5006 459 5052 tatem.
519 4995 742 5051 Lamina
772 5011 934 5052 aurea
992 4998 1188 5052 divina
1232 4999 1531 5069 maiestatis
1557 5009 1720 5071 atque
1747 5015 1841 5071 po-

271 5088 458 5144 tentia
485 5086 654 5159 ﬁgura
685 5096 768 5143 est
788 5128 803 5152 ,
846 5088 1045 5158 quain
1075 5087 1253 5144 fronte
1288 5089 1556 5159 pontiﬁcis
1600 5091 1852 5161 deporta-

269 5181 454 5245 batur,
495 5181 622 5251 quia
649 5178 741 5235 illa
780 5177 1063 5234 inelfabilis
1102 5178 1332 5234 Deitatis
1358 5181 1595 5249 potentia
1641 5182 1853 5237 cunctis

269 5288 395 5342 qua
427 5272 654 5338 creavit,
684 5270 1046 5340 supereminet
1071 5288 1084 5324 :
1125 5278 1183 5326 et
1218 5270 1440 5335 idcirco,
1469 5270 1626 5340 quasi
1655 5282 1851 5328 cuncta

271 5364 643 5431 sanctiﬁcans,
670 5364 924 5420 eximiam
963 5364 1065 5420 sibi
1095 5366 1278 5421 sedem
1304 5365 1361 5420 in
1391 5362 1589 5430 fronte,
1617 5364 1721 5422 hoc
1745 5373 1849 5431 est,

271 5456 333 5515 in
358 5457 556 5513 mentis
590 5456 985 5529 principalitate
1021 5456 1320 5512 constituit.
1371 5455 1615 5524 Quatuor
1659 5456 1853 5512 littera

274 5547 331 5606 in
360 5546 556 5602 lamina
589 5549 823 5619 scripta,
862 5554 1094 5619 quatuor
1134 5555 1259 5602 sunt
1286 5560 1486 5601 cornua
1516 5545 1723 5611 crucis,
1775 5554 1855 5601 to-

274 5645 391 5693 tum
421 5636 677 5693 mundum
724 5635 1164 5708 complectentis,
1193 5635 1340 5691 cruci
1370 5634 1514 5690 enim
1552 5634 1754 5689 Christi
1799 5635 1854 5691 in

274 5730 425 5786 omni
466 5738 716 5787 creatura
762 5728 895 5801 apex
923 5729 1269 5796 conceditur,
1312 5743 1418 5801 qua
1455 5729 1693 5783 omnium
1724 5728 1857 5785 ﬁde-

278 5820 412 5879 lium
462 5820 668 5880 frontes
716 5822 1016 5895 signantur.
1074 5821 1228 5892 Quod
1279 5820 1477 5877 lamina
1528 5835 1743 5892 semper
1799 5821 1854 5878 in

2486 2014 2717 2072 CAPUT
2754 2015 2999 2072 XXXIX.

2162 2166 2290 2216 QUID
2316 2167 2650 2209 SIGNIFICENT
2679 2168 3019 2209 νεετικεΝτΛ
3043 2167 3326 2210 εεειεειε.

2021 2285 2293 2342 εαηάαιίω
2314 2286 2569 2342 dicuntur
2594 2285 2771 2342 solea.
2805 2285 2901 2340 Est
2927 2293 3107 2339 autem
3135 2300 3304 2355 genus
3328 2285 3539 2344 calcea-

1949 2378 2151 2444 menti,
2193 2392 2301 2448 quo
2338 2378 2635 2433 induuntur
2664 2376 2895 2432 ministri
2937 2375 3224 2442 Ecclesia,
3265 2377 3540 2435 subterius

1949 2471 2165 2542 quidem
2193 2469 2338 2527 solea
2366 2470 2615 2527 muniens
2635 2470 2799 2540 pedes
2826 2484 2856 2523 a
2891 2476 3037 2524 terra
3061 2485 3075 2535 ;
3109 2470 3361 2541 superius
3384 2485 3535 2536 vero,

1949 2561 2024 2618 nil
2054 2561 2377 2631 operimenti
2425 2562 2651 2628 habens,
2693 2570 2875 2633 patet:
2918 2576 3026 2631 quo
3046 2558 3184 2630 jussi
3231 2571 3358 2618 sunt
3404 2578 3538 2634 apo-

1950 2654 2072 2710 stoli
2113 2670 2143 2709 a
2169 2654 2399 2709 Domino
2426 2653 2594 2710 indui.
2669 2652 2953 2724 Signiﬁcat
2994 2662 3176 2710 autem
3223 2654 3533 2710 ministrum

1948 2745 2101 2801 verbi
2133 2745 2227 2801 Dei
2255 2760 2363 2801 non
2390 2744 2589 2801 debere
2610 2743 2844 2800 terrenis
2866 2745 3203 2811 incumbere,
3234 2743 3326 2800 sed
3361 2745 3540 2815 potius

1950 2838 2262 2895 caelestibus
2287 2837 2519 2903 inhiare,
2548 2846 2602 2892 et
2627 2835 3067 2906 praedicationem
3095 2850 3249 2891 suam
3287 2834 3417 2890 nulli
3445 2849 3538 2890 oc-

1950 2927 2176 2985 cultare.

2022 3020 2151 3077 Post
2182 3019 2456 3077 sandalias
2497 3019 2553 3075 in
2594 3016 2853 3075 Ecclesia
2890 3016 3257 3084 vestimentis,
3298 3018 3541 3087 sequitur

1948 3113 2395 3185 superlaumerale,
2425 3111 2569 3183 quod
2593 3110 2655 3166 ﬁt
2680 3125 2747 3166 ex
2776 3108 2887 3165 lino
2913 3108 3219 3180 purissimo.
3248 3107 3354 3164 Per
3372 3108 3538 3164 linum

1870 3203 1921 3271 C
1948 3204 2092 3275 quod
2112 3220 2181 3261 ex
2209 3198 2352 3260 terra
2376 3203 2627 3266 sumitur,
2657 3209 2712 3256 ει
2731 3216 2827 3273 per
2852 3199 3051 3255 multos
3077 3199 3290 3255 labores
3309 3201 3376 3255 ad
3402 3216 3536 3256 can-

1951 3298 2137 3353 dorem
2168 3296 2400 3360 ducitur,
2443 3294 2755 3365 designatur
2798 3307 2999 3363 corpus
3037 3292 3332 3347 humanum
3354 3333 3368 3356 ,
3397 3290 3542 3360 quod

1944 3376 2018 3442 ex
2044 3395 2190 3443 terra
2222 3393 2454 3443 constat.
2487 3383 2642 3441 Sicut
2674 3398 2807 3455 ergo
2842 3383 3012 3437 linum
3040 3398 3140 3453 per
3167 3382 3366 3438 multos
3394 3382 3543 3437 labo-

1951 3494 2040 3535 res
2073 3479 2140 3534 ad
2184 3479 2499 3553 candorem.
2521 3475 2864 3545 perducitur,
2896 3473 2970 3527 ita
3016 3488 3213 3543 corpus
3242 3473 3540 3529 humanum

1949 3570 2137 3627 multis
2168 3568 2566 3626 calamitatibus
2594 3567 2868 3630 attritum,
2915 3566 3203 3621 candidum
3245 3574 3302 3621 et
3345 3582 3540 3637 purum

1950 3675 2072 3716 esse
2095 3659 2255 3715 debet
2284 3659 2350 3713 ab
2374 3656 2522 3713 omni
2548 3655 2707 3711 sorde
2732 3663 3097 3725 peccatorum.

2020 3774 2215 3830 Postea
2245 3773 2492 3843 sequitur
2538 3769 2772 3841 poderis,
2805 3785 2927 3840 qua
2954 3769 3113 3840 vulgo
3149 3768 3271 3823 alba
3317 3769 3535 3826 dicitur.

1951 3864 2234 3939 Signiﬁcat
2275 3873 2456 3919 autem
2503 3862 2963 3934 perseverantiam
3015 3861 3071 3916 in
3117 3861 3257 3916 bona
3309 3862 3538 3920 actione.

1951 3958 2091 4013 Hinc
2116 3954 2316 4027 Ioseph
2346 3954 2491 4010 inter
2515 3952 2712 4008 fratres
2740 3967 2884 4016 suos,
2919 3950 3145 4008 talarem
3174 3953 3412 4009 tunicam
3439 3955 3540 4010 ha-

1950 4051 2131 4107 buisse
2161 4049 2511 4105 describitur.
2568 4078 2573 4079 ν

2025 4162 2225 4219 Tunica
2248 4175 2421 4233 usque
2447 4159 2516 4215 ad
2538 4158 2725 4224 talum,
2755 4165 2841 4215 est
2876 4172 3012 4229 opus
3043 4158 3245 4213 bonum
3276 4172 3450 4228 usque
3473 4159 3541 4215 ad

1950 4254 2508 4319 consummationem,
2557 4251 2611 4306 in
2659 4250 2769 4306 talo
2812 4250 2956 4305 enim
2988 4248 3112 4305 ﬁnis
3151 4257 3236 4305 est
3269 4250 3534 4321 corporis.

1950 4348 2046 4404 llle
2071 4363 2202 4419 ergo
2229 4347 2367 4402 bene
2394 4344 2645 4408 inchoat,
2676 4342 2769 4413 qui
2800 4340 3177 4397 rectitudinem
3204 4341 3331 4396 boni
3362 4341 3542 4411 operis

1951 4454 2125 4510 usque
2169 4438 2237 4493 ad
2283 4437 2443 4491 linem
2473 4434 2669 4490 debita
2696 4432 2944 4504 perducit
2985 4432 3230 4487 actionis.
3270 4429 3374 4497 Qui
3401 4432 3541 4487 enim

1878 4568 1929 4632 υ
1950 4531 2352 4606 perseveraverit
2380 4542 2544 4599 usque
2574 4526 2630 4580 in
2658 4525 2837 4596 ﬁnem,
2866 4523 2952 4578 hic
2975 4522 3153 4578 salvus
3183 4524 3280 4577 erit
3311 4521 3538 4595 (Matth.

1955 4623 2185 4693 κεί),

2027 4731 2230 4788 Deinde
2252 4729 2496 4801 sequitur
2521 4744 2674 4791 zona,
2698 4740 2820 4797 qua
2857 4724 3130 4797 cingulum
3160 4724 3360 4780 dicitur
3379 4764 3394 4789 ,
3430 4736 3540 4795 qua

1954 4823 2302 4894 restringitur
2328 4819 2565 4890 poderis,
2609 4833 2677 4873 ne
2721 4817 2843 4871 laxe
2870 4829 2969 4886 per
2992 4816 3156 4886 pedes
3183 4814 3406 4871 dillluat.
3439 4813 3540 4868 Per

1955 4931 2120 4987 quam
2164 4913 2479 4984 designatur
2509 4909 2765 4989 discretio
2811 4908 3051 4963 omnium
3090 4908 3389 4989 virtutum:
3428 4906 3540 4961 vir-

1957 5015 2100 5062 tutes
2126 5005 2269 5060 enim
2298 5003 2417 5057 sine
2445 5002 2785 5061 discretione,
2834 5015 2940 5054 non
2988 5000 3232 5063 virtutes,
3284 4998 3377 5053 sed
3406 4998 3537 5053 vitia

1953 5106 2116 5161 sunt;
2158 5111 2284 5151 nam
2314 5094 2543 5147 virtutes
2571 5092 2623 5145 in
2649 5092 2882 5163 quodam
2925 5090 3219 5147 meditullio
3256 5097 3380 5145 sunt
3411 5105 3539 5145 con-

1954 5189 2177 5244 stituta.

2018 5274 2277 5345 Sequitur
2300 5272 2560 5327 orarium.
2596 5270 2867 5338 Orarium,
2914 5272 2967 5328 id
3012 5278 3097 5327 est
3138 5271 3273 5327 stola
3296 5312 3310 5338 ,
3342 5272 3541 5329 dicitur

1952 5383 2020 5425 eo
2053 5365 2193 5438 quod
2222 5364 2551 5429 oratoribus,
2582 5364 2634 5418 id
2661 5372 2765 5428 est,
2805 5363 3248 5434 pradicatoribus
3276 5364 3540 5419 conceda-

1958 5467 2068 5516 tur.
2098 5457 2365 5512 Admonet
2386 5456 2556 5523 illum,
2594 5456 2685 5527 qui
2715 5456 2805 5511 illo
2840 5454 3097 5519 induitur,
3126 5463 3185 5509 ut
3211 5470 3418 5511 memor
3446 5455 3539 5523 sit,

1959 5551 2060 5607 sub
2082 5550 2213 5622 jugo
2238 5549 2462 5615 Christi,
2490 5548 2634 5620 quod
2668 5548 2782 5603 leve
2807 5555 2862 5603 et
2884 5562 3048 5603 suave
3068 5555 3171 5614 est,
3195 5562 3313 5602 esse
3335 5562 3393 5602 se
3413 5561 3538 5603 con-

1959 5643 2230 5698 stitutum.
3055 5625 3060 5631 ’

2029 5731 2195 5805 496
2222 5731 2519 5787 Dalmatica
2550 5748 2669 5803 qua
2702 5729 2968 5802 sequitur,
2994 5732 3065 5789 ob
3092 5731 3196 5789 hoc
3225 5731 3441 5798 dicitur,
3474 5745 3540 5787 eo

1958 5824 2104 5896 quod
2146 5826 2198 5881 in
2240 5823 2504 5879 Dalmatia
2530 5823 2601 5879 sit
2630 5830 2864 5896 reperta.
2904 5822 3047 5884 Usus
3075 5832 3256 5882 autem
3286 5821 3536 5880 dalmati-
