4032 6354
537 323 679 400 ms

1361 336 1423 393 B.
1462 334 1526 390 F.
1564 330 1787 389 ALBINI
1826 326 1959 386 SEU
1997 325 2279 385 Αισωη
2317 326 2606 387 OPEitUM
2642 327 2824 389 PARS
2860 329 2953 387 IX.

3670 337 3811 397 ηιι

538 472 724 517 carum
748 470 780 511 a
804 454 965 511 beato
993 450 1269 525 Sylvestro
1292 467 1429 523 papa
1458 463 1484 492 ι
1527 451 1807 505 institutus
1835 454 1920 502 est
1945 466 1956 499 :
1989 460 2114 499 nam
2146 451 2194 513 Α
2221 452 2307 500 tur
2335 444 2634 509 iueﬁ‘abile,
2659 438 2765 501 nun
2792 447 2934 516 quod
2962 460 3068 501 non
3094 444 3220 513 fari,
3258 447 3352 505 sed
3383 449 3529 519 quod
3558 449 3809 521 difﬁniri,

541 559 701 607 antea
742 547 965 604 colobiis
1005 547 1313 600 utebantur.
1361 542 1629 599 (Io/obium
1661 557 1788 595 vero
1829 548 1912 594 est
1950 538 2119 593 vestis

536 646 657 704 sine
681 642 927 698 manicis.
955 639 1235 708 Signiﬁcat
1268 647 1451 694 autem
1496 637 1547 690 in
1589 652 1676 699 eo,
1717 636 1857 704 quod
1882 640 1966 687 est
2004 632 2120 686 sine

539 736 787 799 manicis,
812 745 1248 802 unumquemque
1271 729 1483 784 ﬁdelem
1506 728 1860 783 exercitatum
1888 741 2011 781 esse
2037 726 2123 776 de.

538 831 669 884 bere
707 828 775 881 ad
806 827 943 880 bona
981 838 1143 893 opera
1188 822 1510 876 exercenda.
1554 821 1687 875 Cum
1738 834 1866 888 ergo
1906 816 2122 873 nudi'as

534 918 885 977 brachiorum
918 916 1265 986 culparetur,
1305 922 1363 968 ut
1403 914 1671 979 diximus,
1705 929 1734 967 a
1758 912 1918 968 beato
1954 910 2124 965 Silve-

538 1024 653 1069 stro
682 1010 1093 1066 dalmaticarum
1123 1017 1375 1078 repertus
1396 1015 1480 1062 est
1508 1022 1657 1061 usus.
1694 1005 1787 1060 Est
1822 1016 2000 1060 autem
2028 1020 2120 1057 ve-

534 1105 849 1159 stimentum
868 1102 920 1157 in
940 1100 1158 1155 modum
1180 1099 1377 1160 crucis,
1396 1112 1625 1152 monens
1644 1096 1945 1150 indutorem
1967 1108 2124 1149 suum

543 1194 863 1250 cruciﬁxum
908 1207 1029 1247 esse
1072 1190 1268 1246 debere
1310 1177 1543 1254 mundo,
1565 1187 1719 1256 juxta
1764 1186 2117 1256 Apostolum:

541 1288 674 1345 Mitti
698 1286 925 1341 mundus
944 1282 1228 1352 cruciﬁxus
1248 1291 1346 1345 est,
1360 1290 1407 1335 et
1430 1296 1521 1351 ego
1549 1279 1744 1334 mundo
1759 1276 1900 1347 (Gal.
1916 1294 1988 1341 vi,
2011 1276 2119 1341 l4).

541 1379 716 1434 Habet
740 1378 906 1432 etiam
938 1376 992 1429 in
1020 1373 1241 1429 sinislra
1276 1381 1429 1443 parte
1454 1372 1537 1427 sui
1570 1371 1829 1425 ﬁmbrias.
1864 1369 1968 1423 Per
1994 1369 2124 1423 siui-

540 1479 706 1524 stram
744 1476 953 1537 partem
994 1476 1234 1535 praesens
1262 1462 1372 1517 vita
1416 1452 1696 1531 ﬁguratur,
1740 1476 1861 1529 quae
1898 1459 2125 1517 diversis

539 1560 686 1615 curis
713 1556 982 1623 abundat;
1026 1571 1148 1626 quae
1171 1569 1314 1610 curae
1343 1552 1718 1624 signiﬁcantur
1745 1566 1847 1621 per
1884 1550 2126 1608 ﬁmbrias

540 1655 774 1710 sinistrae
818 1656 1025 1727 partis;
1068 1669 1164 1725 per
1205 1655 1507 1716 dexteram,
1538 1666 1659 1721 quae
1698 1649 1931 1705 ﬁmbriis
1954 1657 2119 1711 caret,

2222 545 2284 592 ut
2303 544 2410 601 est,
2458 538 2678 590 minime
2708 539 2894 607 possit.
2923 536 3227 608 Stephanus
3255 541 3476 597 natione
3524 541 3811 605 Romanu

2221 643 2290 684 ex
2331 638 2483 698 patre
2511 627 2698 691 Jobio,
2733 638 2790 682 ut
2831 615 3026 699 lrgiiur
3056 630 3108 685 in
3146 629 3327 687 Gestis
3357 630 3807 705 Pontiﬁcialibus,

2223 722 2506 775 Constituit
2544 720 2937 785 sacerdotibus,
2985 722 3267 793 levitisque
3298 734 3480 782 vestes
3523 742 3718 784 sacras
3759 730 3811 786 in

2224 828 2322 867 usu
2354 813 2670 881 quotiliano
2694 827 2798 866 non
2840 812 2938 877 uti,
2972 814 3074 867 nisi
3116 812 3168 867 in
3203 814 3468 871 Ecclesia.
3502 815 3643 872 Hinc
3692 818 3812 875 Hieh

2225 920 2481 974 ronymus
2521 906 2574 959 in
2617 904 2754 960 libro
2784 921 2874 959 xw
2918 920 3081 974 super
3118 906 3458 963 Ezechielem
3498 918 3548 961 ο.
3586 926 3606 957 ι
3642 910 3811 967 Porro

2223 996 2413 1068 religio
2442 996 2669 1051 alterum
2694 998 2934 1052 habitum
2963 996 3127 1052 habet
3154 999 3205 1052 in
3232 1000 3556 1063 ministerio,
3578 1003 3806 1060 alterum

2222 1088 2277 1143 in
2311 1104 2407 1142 usu
2434 1093 2655 1157 vitaque
2682 1090 2973 1145 communi.
3010 1109 3029 1141 ι
3067 1086 3295 1144 Sudario
3334 1092 3577 1147 solemus
3602 1103 3809 1165 tergere

2224 1179 2470 1249 pituitam
2494 1179 2778 1235 oculorum
2803 1188 2859 1234 et
2885 1180 3116 1246 narium,
3143 1193 3306 1252 atque
3334 1183 3667 1254 superﬂuam
3690 1187 3809 1242 sali-

2224 1288 2346 1327 vam
2378 1274 2751 1329 decurrentem
2774 1290 2871 1345 per
2896 1275 3035 1329 labia
3061 1295 3069 1326 :
3099 1276 3369 1346 signiﬁcat
3394 1281 3638 1334 studium
3664 1299 3809 1337 mun-

2226 1366 2377 1420 dana:
2402 1366 2778 1436 cogitationis;
2818 1368 2874 1421 in
2900 1383 3061 1422 manu
3090 1370 3310 1425 sinistra
3336 1380 3614 1442 portatur,
3642 1384 3703 1428 ut
3726 1392 3806 1433 os-

2225 1456 2480 1511 tendatur
2506 1459 2562 1517 in
2592 1458 2875 1529 temporali
2907 1460 3015 1514 vita
3046 1461 3264 1516 mdium
3292 1478 3394 1523 nos
3414 1464 3531 1534 pati
3558 1466 3806 1537 superﬂui

2225 1547 2485 1603 humoris.

2298 1641 2548 1696 Varietas
2573 1640 2599 1680 ἀ
2629 1642 2998 1699 sandaliorum
3036 1644 3359 1701 varietatem
3404 1648 3683 1718 signiﬁcat
3712 1652 3804 1720 mi-

540 1742 720 1799 futura
747 1746 856 1800 vita
882 1744 1225 1815 exprimitur,
1258 1742 1312 1797 in
1340 1757 1446 1812 qua
1474 1741 1632 1796 nulla;
1662 1755 1807 1794 cura:
1835 1740 2126 1795 sollicitant
2154 1807 2195 1815 _
2228 1733 2596 1788 nistrriorum.
2628 1734 2877 1804 Episcopi
2906 1744 2959 1789 et
2988 1738 3284 1803 sacerdotis
3312 1754 3455 1810 pene
3492 1758 3659 1797 unum
3690 1741 3799 1798 oli-

540 1838 749 1894 animas
789 1847 1119 1894 sanctorum.
1167 1835 1507 1891 lnconsutilis
1551 1836 1713 1892 etiam
1740 1843 1856 1897 est,
1900 1832 2027 1902 quia
2063 1831 2116 1885 in

2227 1823 2368 1878 cium
2414 1833 2532 1879 est:
2575 1834 2631 1878 at
2659 1825 2786 1895 quia
2833 1826 3052 1881 nomine
3077 1837 3136 1884 et
3162 1807 3368 1886 honore
3407 1832 3805 1902 disseram,

538 1928 779 1985 Ecclesia
809 1930 891 1983 vel
924 1930 975 1983 in
1006 1929 1169 1983 corde
1195 1929 1614 1999 uniuscujusque
1640 1927 1834 1989 ﬁdelis,
1859 1925 2000 1978 nulla
2026 1923 2119 1989 de—

537 2020 627 2075 bet
652 2036 770 2076 esse
793 2022 1050 2087 scissura,
1078 2022 1171 2076 sed
1199 2019 1482 2076 indiscissa
1504 2020 1537 2073 ﬁ
1554 2020 1627 2074 .iei
1654 2020 1953 2089 integritas.
1979 2018 2120 2072 Sini-

538 2120 711 2165 strum
742 2110 883 2168 latus
910 2112 1073 2167 habet
1102 2110 1363 2173 ﬁmbrias,
1414 2112 1541 2180 quia
1571 2110 1799 2165 aetualis
1837 2110 1943 2163 vita
1969 2108 2110 2163 solli-

538 2204 645 2257 cita
672 2211 771 2268 est,
802 2210 856 2259 et
886 2202 1135 2258 turbatur
1161 2218 1287 2274 erga
1314 2202 1575 2271 plurima:
1602 2211 1656 2255 at
1678 2202 1957 2255 dexterum
1979 2200 2121 2254 latus

540 2311 647 2352 non
676 2295 859 2361 habet,
885 2296 1009 2366 quia
1039 2294 1454 2366 contemplativa
1485 2293 1594 2348 vita
1627 2292 1759 2347 nihil
1782 2291 1836 2345 in
1872 2306 1929 2346 se
1959 2291 2121 2346 habet

540 2390 842 2445 sinistrum.
875 2391 1125 2462 Largitas
1151 2389 1518 2451 brachiorum,
1549 2386 1854 2457 largitatem
1899 2392 1954 2438 et
1987 2383 2121 2437 hila-

536 2482 754 2537 ritatem
778 2481 981 2536 datoris
1006 2480 1305 2553 signiﬁcat.
1352 2480 1637 2543 Diacouus,
1666 2477 1757 2548 qui
1790 2492 1896 2530 non
1926 2484 2008 2529 est
2036 2474 2119 2528 in-

540 2573 698 2627 dutus
725 2571 1026 2637 dalmatica,
1052 2572 1232 2627 casula
1261 2569 1677 2626 circumcinctus
1697 2567 1844 2638 legit,
1876 2575 1933 2621 ut
1957 2582 2121 2637 expe-

540 2664 650 2719 dite
675 2664 846 2735 possit
867 2665 1175 2719 ministrare
1199 2679 1214 2730 ;
1246 2664 1330 2718 vel
1360 2663 1485 2733 quia
1514 2660 1682 2732 ipsius
1708 2669 1792 2715 est
1817 2660 1896 2715 ire
1930 2659 1999 2715 ad
2023 2675 2119 2715 co-

539 2757 789 2813 mitatum
817 2766 1036 2830 propter
1063 2757 1325 2811 instantes
1353 2755 1726 2811 necessitates.

613 2848 865 2920 Mapputa
894 2866 1013 2919 qua:
1044 2850 1097 2903 in
1123 2851 1343 2903 sinistra
1372 2855 1526 2919 parte
1550 2854 1811 2918 gestatur,
1839 2861 1942 2917 qua
1966 2843 2122 2916 pitui-

536 2951 648 2997 tam
681 2940 956 2995 oculorum
979 2949 1032 2995 et
1061 2942 1272 2995 narium
1299 2941 1652 3009 detergimus,
1684 2947 2007 3010 praasentem
2035 2937 2117 2990 vi-

538 3041 648 3086 tam
685 3033 945 3103 designat,
994 3033 1046 3089 iu
1093 3049 1195 3103 qua
1226 3031 1526 3103 superﬂuos
1569 3034 1823 3087 humores
1862 3031 2117 3101 patimur.

538 3121 733 3176 Casula
766 3139 885 3194 qua:
912 3140 1078 3194 super
1105 3125 1283 3177 omnia
1330 3124 1640 3178 indumenta
1680 3123 1912 3194 ponitur.
1947 3121 2116 3192 signi-

2221 1916 2386 1981 ctiam
2435 1925 2493 1972 et
2523 1917 2783 1972 varietate
2825 1918 3219 1984 sandaliorum.
3268 1933 3331 1978 ut
3369 1926 3580 1980 visibus
3614 1930 3809 1985 nostris

2218 2025 2377 2079 error
2404 2008 2708 2069 auferatur.
2741 2010 3041 2082 Episcopus
3076 2014 3241 2069 habet
3274 2014 3573 2086 ligatur-am
3602 2018 3655 2072 in
3698 2019 3804 2076 suis

2220 2100 2509 2166 sandaliis,
2542 2116 2705 2171 quam
2733 2117 2840 2158 non
2880 2104 3044 2158 habet
3083 2106 3388 2178 presbyter.
3439 2107 3692 2181 Episcopi
3730 2120 3805 2166 est

2221 2191 2326 2247 huc
2354 2192 2587 2262 illucque
2614 2193 2922 2250 discurrere
2946 2211 3046 2271 per
3072 2200 3384 2266 parochiam
3410 2218 3424 2254 :
3456 2215 3525 2256 ne
3563 2202 3703 2259 forte
3722 2219 3803 2259 ca-

2220 2282 2351 2337 dant
2379 2284 2619 2349 sandalia
2647 2285 2713 2340 de
2741 2286 2987 2355 pedibus,
3015 2288 3176 2357 ligata
3205 2298 3350 2345 sunt.
3375 2290 3692 2366 Pmsbyter,
3716 2295 3801 2367 qui

2220 2376 2365 2433 domi
2394 2378 2601 2435 hostias
2629 2378 2895 2445 immolat,
2932 2381 3217 2439 sublimius
3249 2383 3450 2453 fAmal.
3476 2427 3494 2453 ,
3540 2387 3801 2461 securius]

2222 2471 2442 2526 incedit.
2472 2471 2761 2538 Diaconus,
2788 2475 2915 2543 quia
2940 2474 3220 2531 dissimilis
3234 2485 3319 2532 est
3334 2479 3596 2549 episcopo
3626 2481 3681 2534 in
3708 2497 3799 2537 suo

2221 2563 2419 2629 ofﬁcio,
2460 2579 2567 2619 non
2599 2574 2682 2621 est
2712 2582 2936 2623 necesse
2974 2576 3033 2622 ut
3072 2568 3270 2625 habeat
3296 2571 3585 2627 dissimilia
3608 2574 3799 2628 sanda-

2220 2654 2330 2710 lia:
2364 2664 2421 2710 et
2447 2656 2561 2726 ipse
2587 2656 2875 2728 ligaturam
2919 2658 3105 2726 habet,
3133 2661 3260 2730 quia
3286 2678 3445 2719 suum
3486 2673 3575 2719 est
3618 2664 3700 2719 ire
3738 2665 3799 2721 ad

2223 2750 2556 2807 comitatum.
2592 2750 2996 2819 Subdiaconus,
3043 2756 3134 2824 qui
3180 2756 3231 2809 in
3275 2756 3551 2827 adiutorio
3596 2758 3799 2814 diaconi

2220 2854 2327 2909 est,
2354 2854 2408 2899 et
2438 2859 2575 2915 pene
2600 2845 2652 2899 in
2677 2846 2866 2902 eodem
2894 2846 3093 2911 ofﬁcio,
3154 2864 3377 2906 necesse
3400 2859 3488 2906 est
3524 2860 3587 2907 ut
3612 2852 3799 2908 haben

2222 2935 2507 2991 dissimilia
2551 2937 2788 2992 sandalia
2817 2978 2832 3003 ,
2876 2954 2945 2995 ne
2990 2939 3132 2998 forte
3177 2943 3438 2999 diaconus
3486 2946 3798 3000 cstimetur.

2222 3022 2483 3081 Sandalia
2515 3027 2840 3098 signiﬁcant,
2871 3031 2999 3099 quia
3023 3032 3349 3103 praedicator
3367 3051 3548 3105 neque
3566 3038 3802 3094 omissi:

2221 3117 2385 3173 debet
2403 3119 2757 3187 abscondere,
2786 3136 2961 3192 neque
2992 3126 3224 3181 terrenis
3256 3128 3487 3185 inhiare.

546 3171 732 3176 πημ--
809 3171 882 3177 η
912 3171 977 3181 ,_
1022 3171 1068 3177 ν-
1330 3171 1640 3178 --.,,-----..--
1681 3171 1912 3194 r-..--_-,
1947 3171 2085 3192 na---
2231 3171 2254 3173 ρ
2292 3171 2313 3173 ἡ
2341 3171 2377 3173 η
2787 3171 2958 3192 ---ι-η
2993 3171 3224 3181 ---η--.ν
3256 3171 3487 3185 ............

538 3213 664 3269 ﬁcat
691 3171 1031 3279 chalritaten‘i,
1062 3229 1181 3291 quae
1222 3216 1354 3270 alias
1382 3216 1610 3270 virtutes
1646 3214 1875 3270 excellit.
1911 3214 1985 3269 De
2011 3230 2117 3284 qua
2140 3171 2192 3241 Ο
2294 3208 2577 3280 Signorum
2605 3227 2754 3279 usus.
2785 3229 2815 3267 ³
2848 3215 3029 3271 γείνετὶ
3065 3216 3413 3275 Testamento
3433 3229 3681 3289 δυωρωε
3701 3231 3797 3277 est.
3836 3251 3845 3257 ι

537 3304 848 3377 Apostolus,
872 3309 1308 3363 commemoratis
1328 3309 1650 3378 quibusdam
1672 3309 1979 3373 virtutibus,
2010 3308 2114 3362 ait:

539 3394 718 3466 Major
740 3409 913 3452 autem
940 3400 1127 3453 horum
1150 3410 1223 3454 est
1247 3401 1477 3455 charitos
1507 3400 1559 3473 (Ι
1586 3399 1709 3455 Cor.
1734 3417 1853 3466 xm,
1887 3400 1995 3471 15).

611 3488 638 3527 δ
695 3488 927 3543 Pallium
975 3492 1503 3563 archiepiscoporum
1548 3508 1710 3563 super
1737 3493 1914 3548 omnia
1963 3493 2119 3548 indu-

544 3588 721 3635 menta
760 3590 861 3644 est,
894 3588 954 3635 ut
990 3583 1189 3637 lamina
1234 3583 1289 3637 in
1338 3585 1513 3638 fronte
1556 3586 1843 3655 pontiﬁcis.
1893 3586 2118 3640 Pallium

542 3671 674 3725 nihil
704 3679 785 3726 est
815 3671 961 3726 aliud
981 3712 994 3737 ,
1042 3673 1145 3726 nisi
1192 3673 1448 3728 discretio
1479 3675 1621 3729 inter
1651 3676 2118 3746 archiepiscOpum

536 3772 592 3818 et
638 3762 753 3831 ejus
797 3764 1187 3836 suﬂ'raganeos.
1237 3765 1463 3820 Pallium
1517 3767 1782 3835 signiﬁcat
1831 3778 2115 3838 torquem,

539 3866 698 3921 quem
723 3854 968 3910 solebant
987 3855 1224 3927 legitime
1244 3864 1516 3911 certantes
1535 3858 1801 3927 accipere.
1818 3857 1933 3913 Hoc
1952 3860 2118 3914 etiam

543 3955 661 4000 erat
706 3948 904 4002 lamina
934 3950 1054 4013 illa,
1095 3957 1154 4002 ut
1187 3949 1331 4015 dixi,
1384 3965 1544 4018 quam
1592 3966 1836 4006 summus
1880 3952 2120 4022 pontifex

537 4035 683 4090 circa
715 4045 956 4107 tempora
983 4038 1223 4103 ferebat,
1260 4039 1314 4092 in
1354 4054 1463 4107 qua
1487 4040 1746 4109 scriptum
1775 4050 1894 4095 erat
1924 4058 2118 4099 nomen

540 4130 633 4186 Dei
658 4140 1156 4203 tetragrammaton,
1184 4135 1236 4188 id
1256 4143 1361 4199 est,
1384 4145 1613 4204 quatuor
1632 4136 1961 4201 litterarum,
1989 4138 2116 4204 Jod,

540 4219 650 4281 lle,
696 4220 844 4286 Vau,
886 4231 942 4277 et
983 4223 1142 4277 Heth.
1186 4223 1283 4279 Est
1314 4234 1493 4279 autem
1535 4225 1942 4295 interpretatio,
1972 4228 2078 4282 lod
2102 4270 2117 4294 ,

540 4312 896 4382 principium,
943 4313 1055 4379 He,
1088 4316 1219 4380 iste,
1258 4315 1374 4371 Vau
1407 4318 1535 4383 vita,
1566 4326 1623 4372 et
1654 4317 1792 4372 Hell:
1817 4320 2018 4388 passio,
2067 4321 2121 4374 id

536 4411 658 4457 est:
700 4405 805 4459 Iste
832 4415 918 4460 est
943 4407 1265 4476 principium
1307 4410 1576 4477 passionis
1601 4411 1744 4465 vitaz.
1779 4410 1928 4467 Passi
1954 4412 2123 4482 igitur

537 4501 667 4546 sunt
694 4494 844 4548 multi
868 4505 994 4548 ante
1012 4495 1309 4563 Christum,
1336 4501 1430 4556 sed
1460 4516 1618 4556 nemo
1640 4516 1827 4557 eorum
1850 4519 1947 4573 per
1964 4519 2120 4559 suam

532 4586 840 4659 passionem
877 4588 1186 4647 hominibus
1213 4594 1380 4648 vitam
1420 4596 1636 4650 attulit:
1675 4596 1923 4655 Christus
1948 4616 2106 4665 vero,

530 4674 689 4744 C‘ljus
714 4677 931 4746 sanguis
955 4678 1010 4733 in
1034 4694 1197 4736 cruce
1228 4679 1378 4738 fusus
1400 4693 1483 4740 est
1507 4700 1605 4755 pro
1628 4688 1793 4743 totius
1818 4691 2002 4745 mundi
2027 4708 2112 4747 re-

533 4764 843 4835 demptione
861 4809 874 4828 ,
901 4768 1139 4825 humano
1160 4775 1343 4843 generi
1369 4776 1550 4831 attulit
1576 4778 1762 4832 vitam.
1806 4778 2112 4838 Secundum

458 4846 459 4849 “
530 4853 699 4911 alium
738 4858 1044 4925 doetorem,
1079 4860 1185 4917 Jod
1226 4864 1577 4936 principium,
1611 4864 1693 4923 He
1737 4870 1872 4938 iste,
1918 4872 2031 4927 Vau
2060 4883 2118 4930 et

534 4943 677 5002 Heth
703 4949 811 5004 vita
839 4950 1261 5022 interpretatur:
1301 4959 1442 5027 quod
1480 4959 1551 5013 ita
1592 4969 1771 5029 potest
1813 4965 2064 5035 conjungi
2097 4984 2110 5019 :

529 5035 643 5095 Iste
667 5047 753 5094 est
777 5042 1103 5115 principium
1132 5054 1187 5099 et
1216 5048 1323 5101 vita
1370 5047 1637 5107 Christus.
1682 5054 1988 5109 Vocabatur
2017 5072 2115 5111 au-

532 5138 642 5186 tem
672 5133 775 5188 hoc
817 5150 1014 5191 nomen
1045 5147 1290 5192 sanctum
1331 5138 1577 5207 Domini,
1605 5152 1664 5198 ut
1691 5156 1773 5199 est
1800 5163 1812 5199 :
1853 5145 2114 5203 Fecerunt

532 5219 816 5294 laminam,
864 5227 917 5282 id
946 5235 1029 5282 est
1048 5268 1064 5295 ,
1112 5242 1494 5296 sacraverunt,
1520 5235 1939 5305 scripseruntque
1967 5238 2022 5292 in
2053 5255 2114 5292 ea

530 5324 770 5370 sanctum
799 5316 1012 5374 Domini
1039 5318 1237 5391 (Exod.
1265 5337 1454 5388 xxxix,
1478 5323 1593 5396 29),
1619 5326 1764 5395 quod
1787 5327 2117 5399 interpreta-

603 5499 629 5559 μ
662 5487 782 5559 Yid.
812 5490 962 5559 [lngo
988 5493 1249 5559 Menard.,
1283 5503 1395 5551 not.
1428 5495 1555 5553 259.

602 5558 629 5598 δ
867 5557 988 5634 libr.
1019 5580 1081 5628 ll,
1113 5557 1347 5634 (ειη).Ξᾶ

611 5639 632 5713 ξ
754 5629 901 5713 Hier.
930 5632 1051 5713 libr:
1069 5626 1193 5691 'xru'
1211 5638 1262 5691 in
1296 5639 1518 5713 Eaechq
1549 5655 1833 5713 cap.n.rv,
1851 5660 1994 5702 vers.
2024 5649 2108 5704 18.

601 5695 627 5776 (ξ
654 5698 831 5776 émal.
866 5700 967 5756 loc.
999 5704 1121 5769 cit.,
1149 5721 1269 5776 cap.
1299 5708 1389 5763 25.

611 5775 634 5803 ο
665 5766 794 5837 Qua:
840 5766 1137 5841 sequuntur
1170 5766 1295 5834 huic
1336 5781 1497 5851 capiti
1540 5783 1684 5854 apud
1719 5783 2114 5855 Quercctanum

2218 3300 2278 3357 In
2304 3300 2442 3357 libro
2487 3301 2846 3363 Numerorum
2874 3307 3013 3362 dixit
3036 3308 3298 3365 Dominus
3328 3310 3495 3383 Moysi
3522 3329 3536 3367 :
3576 3311 3690 3368 Fac
3716 3313 3804 3366 tibi

2218 3390 2354 3447 duas
2381 3392 2533 3448 tubos
2555 3405 2832 3465 argenteas
2856 3396 3099 3465 ductiles,
3122 3400 3321 3471 quibus
3336 3419 3627 3459 convocare
3646 3405 3803 3475 possit

2219 3482 2608 3541 multitudinem
2636 3487 2827 3558 (Nunt.
2858 3505 2916 3556 ι,
2943 3490 3021 3561 2).

2388 3610 2413 3638 θ
2445 3597 2890 3658 eremoniarum
2916 3607 3092 3660 mium
3117 3609 3338 3676 mystica
3369 3610 3647 3679 expositio.

2208 3727 2222 3738 .
2299 3690 2319 3730 f
2342 3689 2595 3748 Ofﬁcium
2628 3696 2807 3751 missze
2831 3700 3038 3755 addidit
3063 3699 3381 3756 Caelestinum
3418 3718 3582 3773 papa.
3604 3713 3661 3759 et
3684 3719 3807 3760 cono

2222 3784 2418 3850 stituit,
2449 3794 2509 3839 ut
2550 3788 2743 3855 psalmi
2788 3804 2854 3844 cr.
2904 3802 3030 3846 ante
3074 3794 3404 3849 sacriﬁcium
3452 3796 3813 3865 psallerentur

2224 3878 2615 3946 autiphonatim
2638 3895 2705 3935 ex
2734 3883 3007 3948 omnibus,
3020 3886 3165 3954 quod
3190 3894 3348 3940 antra
3372 3903 3478 3941 non
3505 3887 3690 3949 ﬁebat,
3708 3887 3805 3943 nisi

2224 3976 2434 4023 tantum
2467 3970 2693 4039 epistola
2722 3970 2873 4028 Pauli
2900 3977 3251 4041 recitabatur,
3284 3986 3339 4031 et
3362 3989 3614 4032 sanctum
3646 3979 3812 4033 Evan—

2223 4059 2444 4130 gelium,
2470 4069 2525 4117 et
2552 4063 2634 4117 sic
2660 4064 2824 4119 missa
2865 4066 3261 4122 celebrabatur.
3304 4067 3459 4135 Quod
3494 4084 3595 4123 nos
3625 4070 3699 4123 ira
3732 4071 3811 4123 in-

2224 4151 2534 4222 trlligimus,
2564 4154 2691 4224 quia
2718 4168 2784 4209 ex
2821 4157 3073 4211 omnibus
3108 4158 3334 4227 psalmis
3362 4171 3685 4229 excerperet
3721 4176 3813 4215 an-

2224 4241 2511 4311 tiphonas,
2558 4259 2677 4311 quae
2705 4245 3066 4313 psallerentur
3104 4248 3156 4301 in
3196 4248 3382 4304 offuso
3421 4251 3651 4305 missa:
3691 4265 3810 4305 nam

2225 4340 2383 4385 antea
2418 4333 2775 4390 inchoabatur
2806 4338 2971 4392 missa
3016 4355 3047 4393 a
3080 4339 3331 4395 lectione.
3357 4341 3459 4408 Qui
3495 4359 3615 4398 mos
3642 4346 3811 4401 adhuc

2226 4424 2489 4478 rctinetur
2511 4425 2563 4478 in
2591 4426 2771 4496 vigilia
2796 4428 3018 4485 Pascha:
3038 4440 3092 4486 et
3115 4433 3483 4489 Peutecostes.
3510 4435 3812 4492 Procedens

2225 4512 2465 4580 pontifex
2496 4515 2551 4569 in
2580 4530 2810 4584 persona
2834 4518 3058 4586 Christi,
3098 4522 3248 4579 ducit
3276 4539 3461 4580 secum
3494 4530 3812 4598 prophetas,

2222 4604 2279 4660 id
2307 4612 2409 4671 est,
2439 4605 2716 4672 diaconos,
2746 4610 2838 4677 qui
2867 4613 3188 4667 annuntiant
3226 4629 3298 4669 ex
3334 4615 3638 4685 Evangelia
3670 4618 3811 4674 futu-

2218 4713 2335 4753 ram
2362 4697 2526 4755 vitam
2556 4715 2572 4763 ;
2611 4708 2667 4755 et
2693 4703 2995 4770 sapientes,
3038 4705 3089 4758 id
3119 4715 3222 4773 est,
3260 4708 3669 4776 subdiaconos,
3717 4716 3807 4784 qui

2221 4789 2399 4844 sciunt
2425 4805 2551 4845 vasa
2596 4790 2811 4849 Domini
2840 4794 3151 4864 disponere,
3190 4805 3247 4852 et
3272 4800 3405 4868 quid
3436 4802 3618 4870 primo
3646 4803 3815 4859 feren-

2220 4881 2348 4937 dum
2378 4882 2471 4945 sit,
2500 4883 2629 4951 quid
2657 4887 2960 4952 posterius;
2984 4896 3040 4941 et
3067 4889 3297 4954 scribas,
3328 4891 3382 4945 id
3410 4901 3516 4953 est,
3544 4895 3809 4967 acolytos,

2222 4975 2313 5044 qui
2343 4976 2644 5032 accendunt
2668 4980 2830 5034 corda
2860 4980 3094 5037 ﬁdelium
3120 4998 3187 5039 ex
3228 4986 3523 5056 scriptura.
3555 4986 3813 5043 Procedit

2219 5066 2273 5120 in
2302 5067 2577 5123 thuribulo
2604 5069 2901 5141 thymiama
2922 5113 2936 5136 ,
2972 5076 3116 5142 quod
3161 5076 3433 5147 signiﬁcat
3470 5094 3679 5150 corpus
3705 5080 3814 5149 ple-

2218 5172 2345 5211 num
2370 5158 2537 5214 odore
2574 5160 2734 5215 bono.
2769 5164 2794 5203 ε
2824 5161 3116 5233 Pestquam
3145 5177 3510 5235 praesentatus
3537 5182 3624 5225 est
3651 5173 3814 5226 eccle-

2217 5251 2334 5315 sia),
2362 5250 2650 5309 inclinatus
2676 5262 2785 5308 stat
2809 5255 2863 5309 in
2890 5258 3196 5327 exemplum
3224 5260 3552 5318 humilitatis
3578 5262 3809 5329 Chrfsti,

2218 5341 2273 5398 in
2304 5358 2411 5412 qua
2440 5342 2617 5400 factus
2653 5353 2737 5401 est
2775 5347 3036 5405 obediens
3071 5349 3223 5408 Patri
3251 5366 3424 5424 usque
3448 5356 3521 5410 ad
3550 5368 3807 5412 mortem.

2220 5533 2448 5583 annexa,
2478 5519 2850 5643 separavituus
2868 5522 2971 5580 sub
2988 5539 3130 5583 novo
3152 5527 3312 5587 titulo
3336 5529 3409 5588 ob
3432 5530 3809 5590 diversitatem

2222 5604 2481 5643 aruumen
2512 5608 2546 5643 Ι.

2222 5604 2546 5644 argumenti.

2352 5660 2656 5746 ﬁmalarius
2836 5679 2920 5733 tu,
2952 5680 3075 5746 cap.
3102 5667 3155 5724 5.

2300 5733 2324 5769 ε
2355 5730 2656 5786 Amalarius
2678 5732 2807 5791 ibid.
