4032 6354
240 408 382 466 {iis
1026 409 1176 467 OI’P.
1222 409 1621 468 SUPPOSITA.
1662 439 1732 453 —-
1769 407 1898 473 LIB.
1936 408 2024 463 DE
2064 408 2312 465 DIVlNlS
2350 408 2655 466 OFFlCllS.
3359 404 3498 467 1246

232 531 299 588 lu
345 532 459 599 ipsa
504 526 804 586 elevatione
834 530 1053 603 [Arnal.,
1102 531 1472 603 inclinatione]
1502 532 1596 585 dat
1632 544 1820 600 pacem
1849 532 1893 588 Δ
1923 529 2017 584 sed
2048 529 2463 585 circumstarent
2492 529 2719 602 [Amal.,
2753 528 2903 585 curvi
2935 528 3185 601 starent].
3227 527 3500 584 Diaconus

237 622 530 687 ministris,
560 622 649 692 qui
676 623 864 677 dextra
905 623 1141 694 laetaque
1164 632 1307 678 sunt.
1336 623 1450 691 Ipse
1477 632 1560 677 est
1582 637 1687 691 pax
1716 635 1815 675 no-
1920 631 2103 691 portat
2122 626 2459 693 evangelium
2484 624 2535 678 in
2564 624 2786 679 sinistro
2802 624 3046 687 brachio,
3072 638 3165 693 per
3177 624 3316 692 quod
3333 621 3499 693 signi-

237 725 376 780 stra,
404 729 506 785 per
532 730 693 785 quam
740 716 1151 772 reconciliamur
1178 717 1307 773 Deo.
1336 717 1593 771 Eamdem
1632 730 1817 785 pacem
1918 712 2115 767 ﬁcatur
2153 714 2470 783 temporal‘s
2505 716 2649 780 vita,
2706 714 2795 769 ubi
2845 716 3127 785 prmdicari
3154 714 3498 786 Evangel’um

237 808 398 864 oll‘ert
421 806 756 875 cantoribus,
793 809 884 879 qui
914 818 1060 865 retro
1094 818 1280 865 stant:
1320 819 1382 865 ut
1414 809 1573 875 illud,
1624 806 1819 861 Pacem
1918 819 2141 859 necesse
2162 812 2264 858 est.
2306 805 2419 859 Duo
2456 808 2631 869 cerei,
2654 807 2745 875 qui
2789 815 3077 876 portantur
3119 814 3244 860 ante
3270 820 3503 876 cvange-

237 898 413 957 meaui
437 902 505 957 do
535 902 698 967 vobis,
725 918 905 973 pacem
930 902 1168 974 relinquo
1187 904 1331 958 vobis
1356 902 1537 973 (Joan.
1567 917 1677 966 siv,
1701 900 1813 971 27).
1915 897 2047 952 lium
2067 939 2083 963 ,
2113 898 2284 968 legem
2314 907 2369 953 et
2396 901 2694 969 prophetas
2721 901 3003 972 designant
3033 901 3377 971 praecessisse
3404 900 3499 953 ad-

237 992 605 1051 Prazsentibus
624 995 738 1061 dat,
764 996 1081 1052 absentibus
1109 996 1392 1065 relinquit;
1422 997 1525 1051 hoc
1547 1002 1646 1056 est,
1673 993 1818 1063 quod
1917 999 2134 1047 ventum
2168 990 2372 1045 Christi
2406 1006 2419 1043 :
2450 992 2780 1047 thuribulum
2806 1034 2820 1056 ,
2876 994 3188 1064 opinionem
3236 993 3497 1046 virtutum

232 1087 476 1147 solemus
504 1087 718 1144 dicere:
748 1088 927 1144 lnnuit
953 1090 1238 1161 episcopus
1265 1091 1498 1153 cantori,
1525 1090 1615 1157 qui
1645 1094 1816 1143 mutat
1917 1086 1983 1141 de
2004 1084 2223 1139 Christo
2246 1085 2651 1153 procedentem.
2673 1085 2954 1151 Cantores,
2983 1101 3133 1142 more
3160 1085 3498 1149 chitarum,

230 1177 453 1235 laudem
498 1180 565 1235 de
603 1180 770 1236 veteri
808 1181 864 1235 in
906 1196 1132 1247 novam,
1178 1192 1234 1237 et
1258 1182 1449 1251 incipit
1497 1181 1814 1237 Trinitatem
1916 1178 2008 1248 qui
2035 1177 2216 1231 omnia
2240 1178 2542 1235 necessaria
2575 1177 2907 1232 tabernaculi
2933 1178 3321 1249 providebant,
3353 1190 3501 1246 qua:-

236 1278 481 1326 sanctam
513 1272 754 1337 laudare,
780 1281 837 1326 et
860 1274 1008 1338 dicit,
1033 1271 1212 1327 Gloria
1245 1273 1420 1338 Patri,
1441 1282 1496 1330 et
1517 1274 1680 1347 5,91
1702 1275 1817 1330 dia-
1915 1279 2047 1327 runt
2071 1286 2267 1341 aquilam
2296 1272 2363 1324 ad
2387 1270 2587 1327 fontem
2606 1312 2620 1336 ,
2650 1279 2708 1326 et
2748 1279 2968 1326 servant
3010 1287 3131 1327 eam
3163 1279 3500 1341 conpertam,

230 1363 359 1419 coni
390 1363 541 1433 quasi
568 1365 772 1421 chorus
808 1366 1196 1435 apostolorum,
1224 1375 1372 1422 stant
1398 1384 1522 1422 cum
1553 1382 1618 1421 eo
1641 1367 1817 1422 humi-
1917 1379 2090 1431 usque
2123 1364 2189 1419 ad
2230 1371 2440 1431 tempus
2472 1363 2747 1430 sacriﬁcii,
2787 1373 2841 1419 et
2868 1365 2947 1421 sic
2976 1380 3099 1418 eam
3131 1366 3385 1419 mundam
3418 1361 3502 1418 ol-

234 1452 374 1519 liati,
402 1461 454 1508 et
480 1454 666 1509 dicunt
691 1472 705 1509 :
744 1455 988 1522 Domine,
1010 1457 1140 1513 doce
1164 1475 1256 1514 nos
1275 1475 1429 1513 orare
1460 1457 1612 1529 (Lac.
1637 1475 1709 1517 ιι,
1738 1458 1812 1527 l).
1916 1453 2117 1509 ferunt.
2157 1455 2174 1493 ι
2212 1453 2399 1509 Sixtus
2444 1471 2580 1525 papa
2633 1456 2918 1511 constituit
2965 1456 3322 1527 adjectionem
3353 1455 3501 1509 illam

232 1544 365 1601 Inde
394 1547 633 1603 vicissim
668 1550 776 1605 duo
815 1551 1029 1607 diaconi
1070 1552 1399 1608 altrinsecus
1434 1555 1635 1607 vadunt
1661 1569 1815 1608 οδω-
1916 1547 2175 1616 primrevo
2196 1549 2420 1619 hymno,
2446 1548 2497 1602 id
2521 1556 2603 1603 est
2625 1589 2640 1614 ,
2683 1546 2932 1612 Sanctus,
2963 1548 3214 1613 Sanctus,
3245 1548 3499 1612 Sanctus,

230 1637 334 1693 lari
360 1638 529 1695 latera
559 1640 765 1699 altaris.
794 1642 916 1710 Quo
943 1644 1185 1699 osculato
1214 1642 1420 1715 [ἰοί-ιε,
1448 1661 1555 1714 quo
1582 1645 1814 1717 osculo],
1918 1648 2022 1693 etc.
2077 1640 2409 1711 Augustinus
2455 1640 2508 1694 in
2559 1640 2697 1694 libro
2748 1641 2815 1694 de
2864 1640 3094 1695 Civitate
3142 1640 3236 1693 Dei
3290 1655 3389 1694 vni
3423 1640 3448 1679 ⁸
3481 1652 3498 1691 :

232 1729 637 1787 demonstratur
672 1747 778 1803 pax
818 1750 982 1803 quam
1006 1736 1085 1791 eis
1112 1737 1508 1790 comri-endavit
1535 1735 1813 1803 Dominus,

230 1822 458 1881 dicens:
497 1823 566 1879 In
594 1841 958 1898 quamcunque
990 1828 1202 1882 demum
1228 1829 1572 1893 intrat-eritis,
1618 1830 1811 1883 dicite:

1922 1748 1940 1780 ι
1966 1728 2302 1787 Sacriﬁcium
2319 1746 2446 1801 ergo
2462 1731 2693 1803 visiliile,
2719 1730 3004 1785 invisibilis
3030 1730 3280 1786 sacrificii
3312 1740 3498 1785 sacra-

1918 1830 2182 1886 mentum,
2213 1822 2264 1874 id
2296 1831 2409 1882 est,
2440 1836 2653 1875 sacrum
2682 1821 2890 1890 signum
2920 1829 3021 1875 est.
3054 1842 3071 1872 ι
3107 1822 3131 1859 b
3157 1820 3237 1874 Ah
3265 1820 3352 1873 his
3377 1834 3505 1889 per-

228 1912 355 1971 Paa:
380 1915 504 1970 huic
523 1891 705 1973 domui
732 1891 883 1989 (Late:
915 1935 966 1981 ι,
994 1918 1072 1987 5).
1105 1919 1290 1974 Αιιωιρ
1324 1920 1489 1974 corda
1518 1891 1812 1975 electam
1848 1891 1890 1952 Β
1920 1913 2065 1967 sonis
2097 1912 2292 1966 dantur
2324 1912 2505 1967 oscula
2541 1920 2726 1966 mutuo
2762 1912 2813 1966 in
2843 1912 3107 1977 Ecclesia,
3151 1927 3269 1980 quae
3301 1911 3501 1965 nullius

222 2006 523 2077 signiﬁcat.
556 2020 583 2048 α
609 2008 812 2067 Deinde
846 2010 899 2065 in
932 2012 1248 2066 memoriam
1280 2011 1548 2079 passionis
1576 2010 1813 2077 Christi,

228 2098 420 2156 dicunt
450 2107 703 2158 cantores
728 2117 945 2159 versum
974 2106 1040 2159 «te
1065 2103 1342 2173 psalterio.
1374 2104 1695 2159 Psalterium
1732 2105 1818 2158 in-

226 2187 401 2246 ferius
425 2193 748 2260 percutitur,
777 2196 1028 2263 superius
1050 2197 1280 2251 reboat:
1323 2205 1379 2250 et
1400 2197 1587 2266 passio
1614 2194 1815 2251 Christi

228 2278 576 2341 alb-inferiori
622 2293 776 2353 parte
820 2285 987 2342 habet
1028 2303 1442 2358 percussuram,
1474 2305 1503 2342 a
1548 2290 1815 2357 superiori

220 2374 567 2433 dulcedinem
595 2380 1031 2434 resurrectionis.
1080 2381 1220 2436 Hinc
1260 2382 1540 2437 osculatur
1576 2383 1815 2451 Evange-

226 2464 383 2529 lium,
416 2466 474 2522 in
519 2483 625 2538 quo
654 2469 759 2525 duo
784 2471 968 2541 populi
1003 2471 1070 2526 ad
1112 2486 1305 2540 pacem
1335 2473 1581 2527 redeunt.
1614 2473 1816 2527 Deinde

224 2558 428 2612 Hausit
446 2561 517 2614 ad
546 2559 823 2615 dexteram
854 2562 1062 2617 altaris.
1104 2562 1295 2632 Liquet
1334 2565 1620 2628 omnibus,
1671 2564 1815 2632 quod

228 2664 446 2722 semper
474 2652 724 2708 Christus
750 2655 861 2725 egit
902 2657 1178 2710 dexteram
1211 2656 1375 2711 vitam
1406 2665 1686 2726 postquam
1723 2672 1813 2711 re-

214 2745 485 2809 surrexit.
534 2745 755 2801 Diaconi
806 2756 993 2816 postea
1042 2755 1187 2802 stant
1221 2748 1273 2802 in
1302 2749 1521 2812 ordine,
1550 2758 1613 2803 ut
1640 2749 1810 2807 illud:

220 2838 287 2899 Si
317 2839 434 2911 quis
458 2838 567 2895 vult
593 2849 710 2911 post
732 2857 811 2895 me
832 2842 1025 2905 uenire,
1048 2848 1152 2897 etc.
1193 2839 1345 2911 (Lac.
1386 2858 1462 2905 ιιι,
1489 2841 1602 2913 25).
1632 2842 1659 2883 ιι
1690 2841 1816 2910 Epi-

212 2945 393 3002 scopo
418 2934 743 2989 ascendente
768 2932 835 2987 ad
865 2934 1068 2999 sedem,
1092 2942 1422 2990 coreostrata
1450 2944 1728 2989 mutantur
1749 2937 1814 2990 de

218 3022 370 3081 locis
398 3024 511 3078 suis
555 3024 608 3079 in
650 3025 902 3080 ordinem
935 3025 1093 3080 unius
1120 3025 1275 3082 linea:
1310 3042 1479 3095 usque
1508 3026 1573 3081 ad
1621 3027 1810 3103 altare.

218 3113 335 3183 Per
370 3125 705 3177 nemostrata
752 3115 1129 3187 suniﬁeantur
1170 3118 1309 3173 dona
1355 3117 1680 3187 gratiarum,
1712 3133 1815 3187 per

188 3222 347 3279 .qnae
372 3208 705 3265 illuminatur
724 3208 986 3267 Ecclesia.
1013 3208 1185 3267 Unius
1203 3208 1361 3265 lineae
1385 3210 1604 3279 positio,
1632 3211 1809 3266 unitas

206 3309 309 3367 rest
334 3300 572 3371 Spiritus
608 3302 783 3356 sancti
814 3303 870 3357 in
909 3302 1136 3372 singulis
1160 3303 1339 3359 donis.
1380 3303 1563 3360 Potest
1594 3313 1649 3360 et
1677 3306 1808 3359 sim-

208 3390 438 3464 pliciter
476 3392 700 3463 intelligi
734 3392 1027 3460 dispositio
1064 3409 1347 3449 cercorum
1376 3396 1660 3463 expeditus
1685 3413 1809 3451 cur-

206 3497 318 3539 sus
344 3484 496 3538 circa
524 3482 697 3537 altare
736 3482 1103 3539 ministrandi.
1140 3493 1161 3522 ο
1198 3485 1560 3554 Telesphorus
1592 3488 1809 3543 natione

210 3574 450 3637 ,βιαιως
476 3588 540 3628 ex
570 3573 903 3641 auachorita,
950 3576 1233 3631 constituit
1282 3586 1341 3631 ut
1392 3580 1623 3649 hymnus
1665 3582 1809 3637 dicc-

218 3668 379 3724 retur
406 3667 680 3737 angelicus
724 3676 851 3721 ante
891 3667 1239 3724 sacriﬁcium.
1286 3668 1641 3741 Symmachus
1689 3681 1809 3743 post

223 3758 618 3828 Telesphorum
650 3757 1097 3829 quadragesimus
1142 3761 1368 3829 quintus
1420 3764 1705 3819 constituit
1749 3772 1809 3820 ut

220 3850 375 3904 omni
420 3849 505 3905 die
558 3849 837 3904 Dominico
895 3858 951 3905 et
1008 3851 1266 3906 natalitiis
1314 3862 1614 3925 martyrum
1662 3856 1805 3913 idem

206 3943 463 4014 .hynmus
490 3952 822 3998 cantaretur.

295 4034 378 4091 Ad
402 4034 664 4089 orientem
690 4050 908 4091 oramus
929 4076 944 4101 ,
990 4044 1049 4091 ut
1092 4037 1448 4094 admoneatur
1495 4040 1710 4097 animus
1735 4041 1805 4097 ad

212 4133 475 4189 murram
507 4126 943 4183 excellentiorem
997 4144 1055 4184 se
1090 4139 1410 4187 convertere
1430 4173 1444 4197 ,
1478 4132 1530 4188 id
1580 4141 1667 4192 est
1687 4175 1702 4197 ,
1730 4134 1800 4189 ad

214 4220 419 4277 Deum.
454 4221 479 4258 ά
504 4218 631 4276 Post
661 4220 679 4273 l
715 4221 901 4276 liorem
949 4229 1003 4275 et
1049 4237 1186 4292 opus
1238 4222 1529 4277 ministerii
1558 4223 1804 4294 pontifex

210 4310 471 4368 ascendit
495 4312 699 4376 sedem,
728 4312 781 4365 in
796 4313 1115 4367 memoriam
1133 4314 1469 4371 ascensionis
1488 4316 1800 4382 Domitiicm,

216 4418 281 4467 et
307 4410 499 4465 sedent
518 4426 642 4463 cum
667 4426 753 4475 eo,
779 4412 975 4480 quibus
1000 4414 1252 4482 promisit
1297 4432 1310 4467 :
1343 4413 1601 4471 Sedebitis
1638 4433 1805 4487 super

218 4501 371 4555 sedes
393 4501 667 4555 duodecim
695 4502 909 4567 (Matth.
940 4521 1055 4570 xrx,
1076 4505 1189 4578 28).
1216 4506 1319 4562 Per
1345 4523 1440 4563 eos
1468 4510 1558 4577 qui
1588 4510 1799 4576 sedent,

1919 2003 2279 2057 titillationem
2310 2002 2609 2058 libidinosa
2636 2001 2997 2073 suggestionis
3022 1999 3498 2073 coguntexcitare.

1922 2099 1937 2137 ί
1979 2096 2199 2167 Sergius
2228 2112 2362 2167 papa
2396 2097 2706 2160 constituit,
2743 2104 2801 2150 ut
2833 2104 3074 2165 tempore
3108 2092 3502 2149 conft'actionis

1914 2186 2179 2241 Dominici
2222 2187 2487 2256 corporis,
2516 2186 2696 2257 Agnus
2729 2185 2851 2248 Dei,
2876 2202 2905 2239 a
2930 2186 3075 2240 clero
3106 2196 3160 2239 et
3185 2182 3381 2255 populo
3408 2182 3503 2238 de-

1914 2288 2181 2334 cantetur.
2211 2276 2480 2333 Triforme
2506 2285 2590 2332 est
2608 2293 2804 2348 corpus
2825 2276 3046 2338 Christi,
3077 2291 3265 2331 eorum
3292 2275 3503 2330 scilicet

1914 2372 2004 2441 qui
2036 2376 2390 2440 gustavcrunt
2416 2378 2645 2425 mortem
2670 2410 2684 2435 ,
2719 2378 2772 2423 et
2795 2368 3049 2424 morituri
3078 2377 3223 2423 sunt.
3255 2367 3503 2422 Primum

1916 2461 2123 2517 scilicet
2172 2469 2413 2515 sanctum
2445 2470 2500 2514 et
2554 2460 2990 2526 immaculatum,
3030 2461 3174 2531 quod
3222 2467 3499 2530 sumptum

1913 2562 1997 2609 est
2024 2569 2088 2607 ex
2121 2552 2308 2607 Maria.
2338 2552 2601 2619 Alterum,
2631 2552 2771 2622 quod
2803 2552 3043 2607 ambulat
3092 2553 3144 2607 in
3175 2561 3339 2605 terra.
3369 2552 3519 2606 Terr

1918 2630 2051 2699 tium
2079 2645 2219 2714 quod
2247 2642 2392 2711 jacet
2413 2645 2466 2698 in
2496 2643 2777 2714 sepulcris.
2821 2643 2927 2697 Par
2956 2643 3279 2715 particulam
3307 2641 3501 2696 ollam

1914 2737 2094 2791 missrc
2107 2736 2158 2789 in
2183 2736 2429 2799 calicem,
2447 2736 2750 2790 ostenditur
2762 2750 2959 2804 corpus
2978 2733 3200 2797 Christi,
3216 2733 3360 2801 quod
3375 2730 3491 2799 jam

1917 2826 2149 2882 surrexit
2179 2841 2208 2879 a
2238 2825 2484 2879 mortuis.
2516 2825 2621 2881 Per
2649 2833 2948 2880 comestam
3000 2839 3026 2877 a
3079 2824 3357 2878 sacerdote
3406 2820 3491 2874 vel

1914 2918 2141 2990 p0pulo,
2173 2917 2457 2972 aml:ulans
2487 2919 2661 2971 adhuc
2690 2933 2853 2987 super
2882 2926 3105 2971 terram.
3132 2914 3235 2970 Per
3252 2914 3500 2969 relictam

1916 3009 1971 3064 in
2004 3008 2159 3063 altari
2188 3023 2358 3079 usque
2387 3007 2453 3062 ad
2485 3007 2644 3063 ﬁnem
2684 3009 2895 3075 missae,
2923 3006 3117 3078 jacens
3149 3006 3204 3061 in
3234 3003 3499 3079 sepulcris

1918 3116 2089 3172 usque
2134 3100 2202 3155 ad
2239 3099 2399 3163 ﬁnem
2440 3099 2640 3155 smeuli.

2480 3212 2493 3264 ἱ
2546 3212 2775 3272 CAPUT
2812 3214 2925 3269 XL.

2020 3329 2046 3371 ιι
2088 3344 2155 3383 nr:
2191 3342 2592 3383 cusanmonr.
2644 3343 2809 3382 111888
2874 3344 2944 3383 ετ
3011 3342 3133 3383 stus
3169 3342 3392 3384 slsum-

2567 3413 2816 3457 CATIONE.

1980 3508 2286 3566 Cclebratio
2313 3508 2512 3573 missae,
2550 3509 2606 3561 in
2630 3510 3202 3563 commemorationem
3226 3508 3499 3577 passionis

1909 3600 2110 3656 Christi
2140 3599 2437 3669 peragitur.
2470 3598 2559 3653 Sic
2588 3599 2731 3653 enim
2763 3600 2875 3669 ipse
2905 3600 3159 3669 praecepit
3201 3600 3460 3669 apostolis
3479 3639 3495 3664 ,

1910 3692 2133 3749 tradens
2164 3693 2245 3746 eis
2276 3706 2475 3762 corpus
2502 3700 2557 3747 et
2603 3693 2921 3762 sanguinem
2953 3708 3110 3747 suum
3144 3712 3156 3745 :
3192 3690 3307 3746 Hoc
3340 3692 3499 3762 facite

1907 3786 1963 3839 in
1990 3800 2157 3837 meam
2180 3783 2721 3837 commemorationem
2765 3782 2915 3854 (Lar.
2953 3800 3066 3847 xxx,
3115 3782 3226 3850 19),
3258 3784 3361 3837 hoc
3387 3790 3497 3847 est,

1910 3876 1966 3933 in
2002 3875 2323 3931 memoriam
2376 3875 2643 3945 passionis
2695 3891 2848 3930 meae.
2905 3874 3189 3945 Tanquam
3244 3874 3491 3936 diceret,

1909 3966 2055 4037 quod
2095 3980 2194 4035 pro
2237 3973 2416 4019 vestra
2445 3964 2619 4019 salute
2662 3981 2855 4035 passus
2883 3982 3025 4030 sum,
3081 3965 3149 4019 ad
3179 3963 3497 4019 memoriam

1911 4067 2186 4124 revocate,
2216 4065 2273 4113 et
2315 4074 2414 4128 pro
2436 4067 2615 4112 vestra
2647 4065 3059 4126 vestrorumque
3091 4056 3264 4111 salute
3307 4057 3496 4109 eadem

1907 4151 2154 4223 proferre
2180 4159 2386 4206 curate.
2436 4150 2588 4205 Hauc
2617 4150 2810 4207 Petrus
2832 4149 3107 4220 apostolus
3144 4150 3353 4219 primus
3376 4162 3495 4201 om-

1908 4245 2058 4298 nium
2087 4241 2386 4296 Antiochiae
2415 4242 2613 4297 dicitur
2644 4241 2969 4297 celebrasse.
3006 4240 3064 4294 In
3100 4254 3206 4309 qua
3237 4249 3348 4292 tres
3378 4245 3498 4293 tan-

1908 4334 2185 4391 tummodo
2236 4332 2513 4387 orationes
2566 4332 2621 4386 in
2676 4332 2831 4387 initio
2882 4331 3005 4387 ﬁdei
3043 4328 3493 4401 proferebantur,

1900 4423 2227 4491 incipientes
2255 4422 2323 4477 ab
2343 4438 2408 4476 eo
2429 4421 2567 4485 loco,
2593 4421 2685 4475 ubi
2714 4422 2914 4476 dicitur
2941 4438 2954 4474 :
2986 4420 3142 4481 Hanc
3164 4420 3331 4490 igitur
3353 4416 3496 4472 obla-

1906 4515 2120 4569 tionem.
2154 4513 2315 4569 Missa
2344 4521 2524 4568 autem
2555 4513 2777 4579 dicitur,
2828 4512 2986 4583 quasi
3016 4512 3356 4577 transmissa,
3404 4509 3491 4563 vel

218 4594 666 4687 demonstrantur
693 4595 935 4687 membra
958 4594 1157 4651 Christi
1190 4599 1244 4653 iu
1264 4611 1404 4668 pace
1419 4602 1797 4670 quiescentia:
1831 4628 1880 4687 ι)
1905 4607 2060 4677 quasi
2091 4605 2426 4661 transmissio
2450 4645 2464 4670 ,
2506 4621 2571 4659 eo
2611 4605 2756 4673 quod
2793 4603 3024 4673 populus
3070 4602 3242 4658 ﬁdelis
3277 4602 3344 4658 de
3374 4600 3490 4657 suis

204 4699 320 4755 per
348 4697 442 4739 eos
466 4682 557 4753 qui
582 4691 744 4748 stant,
778 4685 831 4738 in
876 4689 1176 4744 certamine
1220 4691 1417 4767 posita.
1451 4691 1653 4747 Cantor
1682 4693 1803 4749 sine

198 4776 403 4845 _aliqua
430 4777 752 4832 necessitate
785 4786 932 4834 tenet
958 4780 1171 4837 tabulas
1197 4793 1421 4853 propter
1447 4783 1575 4838 illud
1609 4803 1623 4838 :
1661 4784 1804 4840 Lau-

202 4871 345 4928 dent
369 4886 555 4925 nomen
594 4869 805 4925 Domini
826 4872 879 4925 in
906 4873 1065 4926 choro
1091 4913 1106 4938 ,
1144 4882 1200 4928 et
1236 4875 1465 4945 reliqua.
1499 4875 1629 4932 ilrec
1653 4877 1800 4947 jubi-

202 4959 380 5025 Jatio,
414 4976 573 5031 qutun
604 4962 922 5030 sequentium
949 4972 1172 5030 vocant,
1224 4964 1351 5020 illud
1382 4974 1594 5038 tempus
1635 4969 1800 5040 signi-

216 5050 349 5111 ﬁcat
370 5091 385 5115 ,
416 5051 631 5121 quando
657 5066 763 5105 non
788 5061 906 5106 erat
932 5055 1239 5110 necessaria
1264 5056 1462 5113 locutio
1483 5061 1795 5127 verborum,

212 5142 315 5213 sed
342 5140 453 5197 sola
480 5142 806 5212 cogitatione
832 5159 984 5199 mens
1014 5146 1185 5199 menti
1234 5152 1562 5205 monstrabit
1587 5192 1602 5217 ,
1658 5154 1803 5222 quod

214 5238 420 5295 retinet
440 5236 493 5291 in
519 5252 596 5295 se.
632 5248 654 5275 ε
676 5234 997 5295 Anastasius
1020 5254 1159 5309 papa
1187 5240 1439 5308 instituit,
1471 5254 1529 5299 ut
1559 5247 1804 5314 quoties-

215 5342 435 5399 cunque
452 5327 807 5400 Evangelium
822 5329 1037 5402 legitur,
1069 5333 1379 5387 sacerdotes
1395 5348 1504 5388 non
1525 5336 1799 5405 sederent,

291 5454 321 5482 ι
362 5442 671 5498 Amalarius
698 5444 829 5499 ibid.

288 5512 319 5553 ι’
355 5513 530 5568 Amal.
564 5515 685 5569 libr.
720 5530 801 5576 ιιι,
833 5530 952 5584 cap.
986 5514 1037 5569 7.

292 5594 315 5655 αῖ
358 5585 533 5640 Amal.
562 5585 690 5639 ihid.
714 5594 767 5639 et
790 5584 940 5655 [iugo
966 5586 1205 5642 Menard.
1244 5596 1359 5643 not.
1392 5587 1447 5644 7.

287 5654 317 5695 ἀ
354 5654 683 5730 ᾼιιιτιιιιτῆιιε,
713 5656 817 5730 loc.
843 5654 936 5730 cit.
964 5674 1084 5730 cap.
1112 5658 1199 5713 10.

288 5738 321 5800 ξ
357 5726 688 5800 ᾼιιιιιμιιὶιιδ,
711 5727 814 5800 loc.
845 5728 937 5782 cit.
967 5726 1087 5800 cap.
1136 5731 1223 5786 18.

296 5796 318 5838 ί
359 5798 563 5863 Amal.,
601 5799 705 5855 loc.
737 5799 830 5854 cit.
858 5814 977 5863 cap.
1009 5796 1100 5855 Ἦ.

297 5817 313 5838 ι
359 5817 563 5863 amna,
601 5817 705 5855 IOC.
737 5817 830 5854 cu.
858 5817 921 5854 ca
965 5842 977 5855 .
1009 5817 1100 5855 τι.

297 5870 325 5913 σ
363 5868 422 5926 S.
452 5868 590 5943 Aug.
615 5869 737 5926 libr.
771 5886 807 5931 ι
836 5870 902 5925 de
924 5817 1084 5927 Eivit.
1115 5871 1232 5942 Dei,
1259 5888 1382 5945 cap.
1403 5870 1457 5931 Β.

1907 4699 2118 4754 meritis
2142 4714 2246 4754 non
2270 4713 2636 4769 prazsumens,
2675 4711 2870 4766 preces
2898 4703 2953 4750 et
2997 4695 3323 4758 oblationes,
3354 4707 3495 4763 quas

1907 4791 2019 4848 Deo
2040 4790 2394 4862 omnipotenti
2422 4788 2618 4845 oﬁ‘erre
2645 4789 2950 4853 desiderat,
2977 4804 3075 4858 per
3120 4788 3488 4851 ministerium

1906 4890 1962 4939 et
1984 4884 2288 4937 orationem
2312 4880 2611 4936 sacerdotis
2643 4880 2710 4935 ad
2750 4878 2919 4934 Deum
2948 4881 3302 4942 transmittat,
3329 4889 3492 4947 quem

1908 4974 2264 5030 mediatorcm
2295 4972 2436 5026 inter
2464 4986 2523 5026 se
2551 4979 2607 5025 et
2634 4971 2783 5025 illum
2831 4985 2955 5026 esse
2993 4969 3294 5040 cognoscit,
3321 4964 3492 5021 conli-

1906 5064 2040 5125 dens
2063 5081 2163 5135 per
2185 5064 2303 5134 ejus
2326 5063 2629 5119 orationem
2650 5071 2813 5133 atque
2844 5060 3288 5135 intercessionem
3319 5072 3351 5110 a
3384 5069 3493 5109 ma-

1906 5155 1974 5211 lis
1996 5154 2247 5210 omnibus
2288 5154 2531 5220 liberari,
2569 5164 2730 5224 atque
2752 5152 2992 5213 creatori
3026 5165 3126 5207 suo
3150 5146 3494 5203 reconciliari

1909 5256 1966 5303 et
1989 5249 2043 5302 in
2069 5247 2322 5302 omnibus
2355 5245 2717 5302 corroborari.
2753 5245 2851 5300 Vel
2881 5246 3047 5299 missa
3070 5283 3086 5306 ,
3142 5247 3203 5294 ut
3255 5238 3494 5294 Isidorus

1898 5340 2041 5401 .dicit
2068 5338 2113 5405 1,
2142 5339 2286 5394 dicta
2315 5346 2402 5394 est
2427 5339 2495 5395 ab
2524 5338 2841 5394 emittendo.
2884 5335 3150 5405 Tempore
3196 5332 3341 5388 enim
3384 5347 3494 5403 quo

1974 5452 2010 5493 ὸ
2049 5450 2375 5515 Amalarius,
2402 5450 2505 5507 loc.
2540 5452 2633 5506 cit.
2662 5466 2781 5515 cap.
2813 5448 2882 5504 '52
2911 5448 2966 5503 in
2992 5446 3121 5502 ﬁne.

1988 5525 2003 5564 ί
2051 5522 2248 5587 ΑιιιειΙ.,
2277 5522 2376 5578 loc.
2403 5524 2497 5578 cit.
2530 5538 2647 5593 cap.
2676 5522 2769 5593 755.

1984 5593 1997 5645 ι
2051 5594 2330 5649 Tribuitur
2354 5609 2383 5648 a
2413 5587 2724 5648 Mahillonio
2744 5599 2798 5647 ct
2818 5589 2941 5645 aliis
2957 5587 3204 5658 Remigio
3222 5587 3492 5645 Autissio-

1910 5664 2160 5794 (ilggensi,
2195 5673 2323 5720 tom.
2374 5662 2419 5718 V
2467 5664 2729 5721 Actorum
2775 5659 2875 5717 SS.
2920 5658 3050 5716 0rd.
3095 5660 3330 5725 Bened.,
3362 5676 3486 5733 pag.

1984 5809 2013 5848 ¹ι
2051 5807 2163 5871 AL,
2188 5804 2370 5860 Brevis
2392 5804 2643 5876 expositio
2667 5802 2858 5876 misse.

1987 5877 2008 5918 ι
2049 5878 2175 5933 Isid.
2209 5878 2332 5932 libr.
2364 5874 2651 5946 vr.'0rig.,
2684 5888 2802 5945 cap.
2836 5874 2921 5928 19.
