4032 6354
610 382 629 436 l
640 378 744 436 24⁵1

604 586 833 645 cendum
863 589 945 635 est
968 595 998 632 a
1025 579 1249 631 diacono
1270 579 1392 642 post
1406 567 1752 637 Evangelium
1784 581 1797 617 :
1826 561 1883 617 Si
1904 564 2019 633 quis
2038 568 2180 615 cate;

603 679 883 731 chumenus
910 678 1007 731 est,
1037 662 1279 729 procedat
1305 661 1470 730 foras.
1515 658 1583 712 Et
1606 657 1733 726 quia
1762 664 1889 709 tunc
1914 654 2177 708 emittun-

605 777 693 823 tur
718 757 1093 820 catechumeni
1134 746 1201 810 ab
1241 752 1493 813 ecclesia,
1526 751 1617 819 qui
1647 764 1752 804 non
1782 748 1979 802 debent
2013 745 2180 798 inter-

601 872 723 914 esse
774 854 948 910 sacris
977 848 1279 922 mysteriis,
1335 862 1399 901 eo
1446 844 1589 915 quod
1630 841 1865 897 nondum
1897 846 2023 894 sunt
2058 853 2180 909 per-

601 948 749 1004 fecti.
774 947 899 1001 Sive
929 944 1034 997 alio
1062 941 1217 996 modo
1257 945 1436 1008 potest
1471 935 1574 990 dici
1603 934 1790 995 missa,
1822 946 1886 986 eo
1912 930 2052 1000 quod
2082 944 2179 983 nos

602 1041 780 1095 mittat
806 1037 873 1091 ad
920 1037 1105 1089 Deum.
1148 1032 1272 1087 Ideo
1298 1038 1480 1083 autem
1512 1041 1619 1079 non
1662 1026 1729 1077 ab
1776 1022 2068 1092 apostolica
2096 1020 2179 1074 vel

599 1129 907 1203 evangelica
934 1126 1183 1187 lectione,
1212 1121 1354 1190 quod
1384 1117 1558 1186 majus
1581 1129 1702 1169 esse
1724 1120 1957 1176 constat,
1978 1109 2178 1203 eadem

602 1201 765 1279 missa
808 1221 1111 1281 inchoatur,
1160 1215 1253 1269 sed
1283 1211 1463 1282 potius
1505 1205 1749 1262 canendo
1795 1212 1849 1257 et
1877 1201 2175 1272 psallendo,

602 1322 869 1385 quatenus
902 1308 1127 1364 dulcedo
1150 1302 1430 1361 suavitatis
1455 1300 1617 1356 corda
1649 1297 1983 1351 audientium
2027 1294 2179 1364 prius

602 1401 926 1458 demulceat.
947 1408 1003 1454 et
1026 1399 1104 1453 sic
1118 1403 1239 1465 post
1266 1392 1683 1448 modulationem
1704 1387 1885 1443 suavis
1898 1386 2178 1441 cantilenae

601 1495 655 1550 in
686 1492 1057 1565 spiritualibus
1110 1488 1269 1542 rebus
1321 1483 1549 1556 populus
1584 1498 1682 1553 per
1706 1480 2177 1551 compunctionem

600 1586 799 1642 mentis
819 1586 1076 1647 intentus,
1099 1577 1377 1636 salutifera
1390 1576 1666 1645 Evangelii
1688 1576 1853 1631 verba
1869 1574 2077 1628 ardenti
2098 1571 2179 1627 af-

602 1678 750 1734 fectu
782 1677 1058 1747 suscipiat.

670 1787 822 1855 Quod
846 1795 1024 1840 autem
1048 1783 1276 1855 papulus
1298 1782 1581 1838 Dominico
1601 1781 1706 1847 die,
1730 1781 1845 1837 sive
1865 1780 2178 1837 solemnita-

600 1887 736 1944 tum,
756 1881 822 1933 ad
846 1877 1129 1933 ecclesiam
1157 1875 1398 1937 conﬂuit,
1421 1875 1488 1929 ad
1513 1875 1870 1930 imitationem
1896 1874 2177 1930 lsraelitici

594 1969 774 2041 populi
797 1969 1032 2024 creditur
1055 1967 1193 2032 ﬁeri,
1229 1968 1321 2038 qui
1345 1966 1678 2037 temporibus
1698 1967 1916 2021 statutis
1930 1964 2096 2037 5,98
2112 1963 2178 2019 ad

594 2057 851 2129 templum
882 2057 1092 2111 Domini
1119 2056 1454 2121 conﬂuebat,
1486 2065 1541 2109 et
1570 2071 1665 2110 sex
1701 2056 1890 2110 dieb‘us
1917 2068 2174 2126 operans,

594 2151 824 2221 septimo
852 2150 921 2204 ob
949 2150 1097 2205 omni
1126 2164 1289 2220 opere
1344 2149 1525 2204 servili
1574 2148 1918 2218 requiescere
1951 2146 2179 2218 jubeba-

594 2249 713 2307 tur,
746 2259 854 2296 non
903 2251 1082 2296 tamen
1116 2258 1146 2296 a
1176 2242 1526 2298 meditatione
1577 2241 1730 2313 legis.
1786 2239 1878 2295 Sic
1907 2239 2054 2295 enim
2104 2241 2180 2295 ait

593 2332 883 2403 Apostolus
914 2351 925 2386 :
963 2332 1167 2404 Moyses
1190 2314 1339 2386 habet
1375 2333 1429 2386 in
1468 2331 1688 2402 singulis
1711 2330 2041 2395 civitatibus,
2088 2330 2179 2403 qui

542 2404 549 2407 ⁷
593 2437 711 2475 cum
744 2439 837 2493 per
858 2422 1064 2493 singula
1082 2422 1304 2477 sabbata
1329 2424 1610 2494 praedicent
1635 2427 1691 2480 in
1724 2428 2005 2497 synagogis
2031 2426 2171 2499 (Act.

594 2528 684 2578 xv,
712 2513 824 2584 21).
860 2513 1011 2569 Unde
1047 2524 1101 2570 et
1134 2516 1405 2571 canticum
1437 2516 1636 2589 Mnysis
1664 2535 1762 2589 per
1788 2534 1949 2575 omne
1977 2522 2177 2576 sabba-

593 2604 777 2658 tumin
794 2604 1035 2659 Ecclesia
1060 2605 1287 2661 recitare
1310 2622 1426 2663 mos
1448 2609 1853 2666 ecclesiasticus
1871 2613 2172 2668 consuevit.

592 2697 659 2752 Et
692 2697 834 2767 quod
864 2698 938 2754 illi
970 2697 1242 2754 faciebant
1271 2700 1323 2753 in
1371 2702 1626 2763 sabbato,
1676 2704 1766 2772 qui
1796 2704 2003 2773 primus
2033 2702 2175 2776 apud

592 2789 711 2845 illos
740 2790 793 2844 iu
848 2790 1039 2844 diebus
1086 2791 1436 2846 hebdomadis
1481 2793 1802 2857 habebatur,
1832 2794 2088 2864 quoniam
2119 2794 2174 2850 in

591 2878 709 2952 ipso
758 2879 1027 2950 requievit
1079 2878 1222 2933 Deus
1251 2880 1318 2933 ab
1348 2882 1604 2951 operibus
1633 2882 1776 2949 suis;
1829 2898 1928 2937 nos
1955 2892 2175 2955 propter

593 2969 955 3025 reverentiam
988 2969 1281 3025 Dominica:
1306 2972 1739 3037 resurrectionis,
1787 2974 1872 3029 die
1893 2973 2173 3030 Dominica

1444 363 1506 419 Β.
1548 354 1610 418 Ρ.
1650 357 1875 417 ALBlNl
1915 355 2045 413 SEU
2086 352 2362 411 ALCUINI
2399 352 2686 412 OPERUM
2718 351 2902 411 PARS
2938 353 3033 413 IX.
3471 428 3474 432 .

606 494 859 554 sacerdos
895 487 1082 559 incipit
1111 493 1429 539 consecrare
1454 490 1652 546 corpus
1699 472 2060 533 Dominicum,
2093 468 2172 522 di-
2200 469 2250 527 Α
2278 465 2347 520 ad
2391 468 2707 521 memoriam
2739 482 2999 523 revocans
3020 508 3036 533 ,
3088 466 3231 523 sicut
3273 466 3531 526 Christus
3566 473 3879 531 πορίσω,

3754 356 3883 420 ius

2278 566 2362 615 est
2396 574 2496 629 pro
2537 560 2711 617 salute
2752 562 2979 626 mundi,
3020 561 3095 616 ita
3144 571 3200 617 et
3236 564 3485 620 minister
3513 566 3681 621 verbi
3715 569 3877 638 ipsius

2279 652 2627 721 semetipsum
2672 653 2820 709 vitiis
2845 662 2901 709 et
2927 656 3381 726 concupiscentiis
3410 658 3751 730 cruciﬁgere
3774 678 3873 718 non

2277 743 2664 809 obliviscatur,
2724 760 2825 814 pro
2878 760 3062 800 amore
3119 746 3522 818 Redemptoris.
3586 750 3757 818 Quod
3792 769 3874 808 ea-

2279 837 2399 892 dem
2436 838 2602 893 vestis
2631 838 3017 893 candiditatem
3044 838 3246 906 habet,
3287 843 3530 897 ostendit
3555 844 3865 901 ministrum

2278 924 2481 983 Christi
2518 928 2806 983 candorem
2853 930 3121 985 castitatis
3176 941 3357 987 mente
3409 934 3580 988 simul
3639 945 3701 990 et
3755 953 3869 993 cor.

2278 1033 2407 1087 pore
2444 1019 2644 1073 habere
2697 1020 2923 1083 debere,
2956 1022 3046 1091 qui
3075 1025 3458 1079 auctoritatem
3507 1025 3864 1097 Evangeliqu

2278 1109 2602 1178 przedicandi
2637 1110 2691 1165 in
2721 1111 2967 1168 Ecclesia
3002 1114 3221 1170 retinet.
3273 1115 3449 1172 Habet
3494 1127 3554 1173 et
3583 1120 3864 1177 coccinea:

2277 1201 2531 1270 virgulas,
2562 1204 2879 1274 sanguinem
2892 1204 3095 1262 Christi
3111 1221 3211 1277 pro
3233 1208 3405 1264 salute
3420 1210 3619 1265 mundi
3640 1211 3861 1268 eﬂnstm

2280 1290 2637 1347 declarantes.

2349 1383 2787 1443 Praecedeutibus
2814 1388 2881 1443 ad
2922 1389 3094 1446 altare
3124 1391 3423 1458 ministris,
3465 1394 3527 1448 in
3559 1395 3744 1452 medio
3780 1410 3860 1451 eo-

2280 1486 2399 1528 rum
2429 1482 2647 1545 propter
2683 1477 2923 1533 dehitum
2970 1481 3232 1538 honorem
3281 1484 3636 1555 evangelium
3666 1485 3856 1541 Christi

2278 1564 2314 1619 d
2350 1564 2542 1633 fertur,
2574 1576 2830 1638 tanquam
2856 1587 3084 1642 persona
3107 1577 3481 1645 praepotentis,
3512 1578 3859 1647 praecedenti-

2278 1658 2380 1713 bus
2404 1673 2468 1714 ac
2489 1663 2841 1731 sequentibus
2866 1664 3151 1730 ministris,
3168 1668 3496 1738 constipata,
3525 1684 3657 1724 cum
3682 1685 3859 1740 proce-

2280 1749 2361 1805 dit
2404 1750 2481 1807 in.
2513 1752 2807 1823 publicum.
2840 1752 2997 1810 Cerei
3048 1772 3265 1828 quoque
3293 1758 3641 1830 evangelium
3670 1775 3858 1831 prauae-

2208 1816 2257 1879 B
2284 1843 2473 1899 dentes
2507 1816 2885 1901 demonstrant
2935 1816 3110 1918 gratia
3146 1816 3751 1919 E'vangeIiianndum,
3775 1852 3858 1921 φὶ

2281 1943 2400 1991 erat
2428 1936 2483 1991 iu
2513 1938 2753 1992 tenebris
2779 1946 3151 2009 peccatorum,
3183 1940 3575 1995 illuminatum.
3600 1941 3753 2010 Quod
3774 1959 3859 1997 au-

2281 2034 2392 2083 tem
2408 2028 2597 2083 eadem
2620 2030 2895 2100 processio
2919 2032 3182 2103 evangelii
3208 2032 3276 2087 ab
3296 2030 3526 2087 australi
3548 2043 3708 2105 parte
3728 2034 3786 2089 lit
3810 2035 3859 2092 in

2280 2117 2495 2196 plagam
2530 2122 3009 2190 septentrionalem
3028 2164 3043 2189 ,
3074 2124 3317 2180 declarat
3346 2124 3641 2181 Dominum
3686 2125 3858 2182 Iesum

2281 2202 2579 2273 Christum,
2610 2210 2703 2280 qui
2724 2212 2952 2267 verbum
2979 2213 3383 2270 salutismundo
3409 2216 3617 2280 intulit,
3650 2233 3681 2272 ει
3710 2229 3855 2289 parte

2280 2298 2584 2354 meridiana
2605 2308 2786 2356 ortum
2812 2317 2952 2359 esse.
2980 2302 3116 2360 Nam
3138 2303 3509 2367 Hierusalem.
3548 2308 3605 2362 in
3633 2324 3739 2378 qua
3760 2310 3858 2364 Do-

2279 2389 2460 2445 minus
2483 2388 2641 2446 Jesus
2666 2392 2917 2449 Christus
2938 2398 3115 2465 primo
3128 2398 3352 2453 verbum
3368 2399 3566 2455 salutis
3582 2403 3861 2456 annuntia-

2277 2478 2377 2544 vit,
2399 2478 2453 2534 in
2473 2481 2701 2537 meridie
2716 2482 3193 2555 babetBethle‘em,
3216 2504 3370 2559 aquo
3394 2489 3519 2547 loco
3541 2492 3659 2561 ipse
3684 2492 3861 2549 Salva-

2281 2575 2367 2624 tor
2387 2571 2556 2637 venit,
2605 2572 2746 2629 sicut
2773 2575 3035 2648 scriptutu
3064 2586 3148 2633 est
3175 2596 3188 2609 -
3222 2578 3365 2635 Deus
3388 2582 3457 2635 ab
3486 2592 3674 2638 auaro
3703 2584 3858 2638 ueniet

2278 2659 2511 2733 (Habac.
2543 2680 2628 2731 ιιι,
2651 2666 2730 2739 5).

2347 2773 2581 2832 Cantore
2611 2777 2921 2849 incipiente,
2952 2779 3117 2852 Hyrie
3144 2782 3359 2850 eleison,
3390 2786 3739 2842 collocantur
3772 2803 3855 2845 ee-

2276 2864 2357 2920 rei
2387 2866 2441 2921 in
2467 2868 2658 2923 ordine
2702 2884 2734 2923 a
2785 2880 2943 2949 parte
2986 2875 3214 2929 australi
3252 2876 3304 2931 in
3338 2880 3770 2947 septentrionem
3796 2882 3862 2936 ab

2279 2956 2513 3028 acolyto,
2548 2961 2867 3017 ostendente
2916 2962 3020 3019 hoc
3070 2962 3448 3038 facto,-quod
3493 2971 3754 3027 misertus
3794 2972 3861 3028 sit

591 3075 752 3133 agere
771 3076 1045 3115 curamus.
1072 3060 1302 3117 Necesse
1333 3070 1416 3117 est
1442 3064 1604 3126 enim,
1634 3072 1694 3117 ut
1720 3067 1951 3136 populus
1979 3067 2074 3121 Dei
2105 3083 2172 3123 eo

2277 3051 2539 3116 Dominus
2577 3056 2920 3127 omnipotens
2949 3059 3170 3127 mundo,
3218 3062 3272 3115 in
3307 3064 3542 3119 meridie
3571 3074 3626 3119 et
3654 3076 3862 3137 septen-

590 3151 698 3217 die,
750 3167 857 3222 quo
908 3152 1169 3207 Dominus
1222 3154 1556 3220 resurrexit,
1590 3172 1621 3209 a
1652 3158 1925 3212 ruralibus
1971 3174 2173 3217 vacans

2281 3138 2475 3194 trione.
2505 3139 2631 3196 Ideo
2657 3150 2839 3198 autem
2865 3143 3029 3216 Kyrie
3056 3145 3252 3202 eleison
3289 3157 3346 3203 et
3370 3148 3549 3205 Latini
3572 3150 3779 3217 Grece,
3809 3162 3863 3209 et

590 3245 845 3313 operibus
867 3285 881 3307 ,
915 3244 1225 3299 instruatur
1263 3247 1532 3315 quomodo
1562 3262 1660 3317 per
1684 3255 1851 3303 totam
1883 3250 2175 3307 hebdoma-

594 3334 720 3391 dam
741 3333 1059 3403 spiritaliter
1082 3334 1191 3390 Deo
1213 3337 1395 3392 vivere
1418 3337 1642 3402 debeat;
1673 3346 1728 3393 et
1755 3340 1847 3409 qui
1874 3356 1972 3410 per
1998 3330 2174 3399 totam

595 3423 992 3480 hebdomadam
1034 3442 1220 3482 curam
1252 3428 1495 3498 corporis
1525 3430 1774 3484 morituri
1805 3432 2176 3492 indesinenter

589 3515 721 3586 egit,
744 3530 810 3572 eo
827 3516 911 3571 die
933 3532 1117 3572 curam
1140 3518 1335 3572 animae
1359 3518 1413 3572 in
1430 3529 1750 3590 perpetuum
1773 3524 1999 3581 victura:
2013 3542 2174 3598 agere

591 3614 766 3664 curet.

660 3720 843 3776 Primo
868 3722 1112 3776 omnium
1156 3721 1359 3778 dicitur
1404 3725 1699 3795 antiphona
1742 3728 1809 3782 ad
1861 3729 2167 3786 introitum.

587 3811 901 3882 Antiphona
936 3828 1003 3866 ex
1036 3811 1228 3868 Graeco
1255 3813 1641 3886 interpretatur
1663 3836 1766 3874 vox
1793 3822 2075 3892 reciproca
2110 3823 2166 3877 in

590 3901 809 3967 Latino,
840 3902 1049 3958 duobus
1076 3903 1385 3961 alternatim
1414 3909 1789 3976 psallentibus,
1812 3912 2003 3968 ordine
2024 3928 2173 3968 com-

590 3999 832 4057 mutato,
890 3993 1005 4046 sive
1031 3993 1100 4048 de
1149 4009 1257 4050 uno
1289 3996 1358 4049 ad
1407 4013 1592 4052 unum.
1636 3998 1789 4066 Quod
1826 4017 1992 4072 genus
2029 4003 2172 4074 psal-

2279 3229 2454 3287 Grteci
2484 3232 2675 3289 Latine
2723 3234 3022 3304 proferunt,
3081 3239 3210 3309 quia
3260 3248 3316 3294 et
3349 3239 3567 3296 illorum
3613 3245 3861 3313 quaedam

2275 3326 2465 3384 Graeca
2484 3329 2763 3385 honestius
2778 3346 2939 3400 quam
2960 3331 3173 3399 Latina,
3195 3343 3251 3389 et
3265 3335 3514 3404 quaedam
3530 3335 3723 3391 Latina
3748 3352 3859 3393 tue-

2275 3418 2381 3477 lius
2401 3437 2563 3492 quam
2584 3422 2775 3479 Gneca
2804 3432 3020 3491 sonant,
3052 3433 3109 3481 et
3152 3435 3214 3481 ut
3262 3443 3430 3482 unum
3458 3429 3579 3499 ejus
3606 3430 3855 3501 populum

2273 3526 2375 3569 nos
2391 3528 2510 3570 esse
2536 3517 2904 3582 ostendamus,
2935 3532 3215 3589 unumque
3247 3517 3419 3575 Deum
3447 3528 3745 3593 utrumque
3768 3535 3860 3594 po-

2273 3604 2459 3675 pulum
2501 3608 2745 3673 credere,
2793 3606 2989 3679 Kyrie,‘
3038 3610 3285 3677 Domine,
3317 3611 3547 3679 eleison,
3580 3615 3859 3671 miserere.

2275 3693 2497 3764 Christe,
2528 3698 2743 3765 elcison,
2768 3698 2823 3755 id
2842 3710 2946 3764 est,
2968 3703 3132 3772 quies
3146 3713 3340 3759 unctus
3364 3721 3477 3761 non
3501 3707 3625 3763 oleo
3644 3708 3861 3776 visibili,

2274 3790 2369 3843 sed
2397 3790 2731 3860 plenitudine
2758 3792 3090 3859 divinitatis,
3123 3795 3403 3852 miserere.
3453 3795 3593 3853 Nam
3632 3800 3865 3857 chrisma

2271 3880 2473 3937 dicitur
2501 3885 2701 3940 unctio.

2342 3975 2536 4048 Incipit
2561 3978 2754 4033 deinde
2795 3980 3052 4036 sacerdos
3088 3998 3101 4035 :
3150 3977 3334 4036 Gloria
3362 3984 3419 4037 in
3462 3985 3687 4040 accisis
3728 3984 3860 4051 Deo,

587 4082 733 4137 tendi
757 4050 931 4139 Grmci
954 4085 1226 4141 invenisse
1255 4050 1543 4143 traduntur
1570 4050 1723 4160 :qu
1746 4050 1867 4145 ide:
1885 4092 1967 4146 Ad
1987 4050 2173 4148 inltroi—
2210 4050 2253 4109 ’λ
2273 4067 2534 4139 hymnum
2559 4069 2614 4123 in
2642 4068 2933 4160 “amna”,
2955 4069 3255 4127 salvatoris
3300 4071 3371 4127 ab
3411 4074 3624 4145 angens
3665 4077 3862 4131 dmn'

587 4179 700 4225 tum
725 4172 945 4238 dicitur,
968 4176 1094 4244 quia
1125 4191 1224 4245 per
1251 4178 1393 4232 hanc
1423 4178 1709 4235 introimus
1736 4180 1802 4234 ad
1830 4180 2064 4238 cilicium
2091 4184 2172 4240 di-

586 4265 790 4327 vinum,
824 4266 966 4322 sicut
996 4284 1092 4338 per
1118 4268 1400 4324 introitum
1430 4272 1557 4328 ostii
1604 4274 1671 4328 ad
1711 4284 1923 4330 secreta
1950 4278 2167 4339 domus.

590 4356 792 4411 Deinde
820 4358 1113 4428 imponitur
1141 4377 1153 4413 :
1190 4358 1374 4415 Gloria
1392 4360 1546 4418 Patri
1574 4375 1621 4418 et
1650 4363 1800 4421 Filio
1849 4378 1897 4422 et
1950 4367 2170 4440 Spiritui

589 4455 790 4500 sancto.
832 4446 962 4514 Qua:
1007 4451 1171 4503 verba
1217 4452 1285 4505 ad
1331 4453 1649 4509 divisionem
1678 4458 2038 4526 psalmorum',
2075 4463 2168 4532 qui

2272 4166 2443 4214 tatum
2469 4176 2482 4213 :
2515 4160 2610 4215 sed
2632 4176 2663 4215 a
2698 4161 2859 4217 beato
2891 4159 3095 4217 Hilario
3137 4162 3467 4219 Pictavieusi
3496 4175 3686 4235 postea
3717 4180 3743 4208 ει
3768 4184 3863 4223 an-

2273 4246 2420 4306 etum
2454 4258 2511 4307 et
2537 4260 3007 4320 consummatum,
3033 4263 3091 4310 et
3131 4256 3234 4310 hoc
3276 4256 3454 4327 ipsum
3482 4256 3549 4311 ad
3605 4258 3863 4315 imitatio-

2272 4361 2398 4401 nem
2428 4345 2771 4418 angelorum,
2802 4355 2864 4402 ut
2895 4351 3247 4405 ostendamus
3281 4367 3378 4406 nos
3403 4353 3661 4407 eumdem
3686 4352 3866 4411 Domi-

2272 4453 2401 4494 uum
2424 4438 2606 4493 colere
2631 4439 2686 4494 in
2712 4440 2903 4505 terris,
2951 4456 3112 4512 quem
3140 4450 3194 4497 et
3222 4443 3412 4514 Angeli
3449 4457 3787 4502 venerantur
3811 4449 3861 4503 is

588 4536 742 4608 prius
792 4536 1165 4594 inditl‘erenter
1218 4544 1582 4611 canebantur,
1646 4548 1837 4606 beatus
1901 4530 2165 4624 Hieronv-
2196 4530 2452 4603 Domni”

588 4634 712 4685 mus
740 4668 753 4690 ,
797 4627 1029 4687 Damaso
1066 4649 1202 4704 papa
1241 4642 1458 4705 petente
1484 4679 1498 4704 ,
1541 4646 1866 4713 composuit.
1907 4646 2011 4702 Sed
2040 4664 2167 4703 cum

587 4736 931 4793 nequaquam
974 4725 1029 4781 id
1073 4726 1346 4785 sufﬁceret
1373 4772 1388 4797 ,
1439 4735 1703 4802 praedicto
1742 4739 2038 4807 apostolico
2066 4741 2168 4796 ite-

588 4832 707 4874 rum
749 4828 1099 4890 suggerente,
1142 4822 1347 4880 addidit
1375 4826 1551 4883 adhuc
1583 4842 1598 4881 :
1627 4826 1775 4883 Sicut
1807 4838 1921 4882 erat
1948 4831 2003 4884 in
2028 4833 2172 4902 prin-

587 4911 723 4981 cipio
748 4950 763 4975 ,
804 4918 909 4966 etc.
948 4911 1015 4965 Et
1045 4914 1148 4969 hoc
1177 4916 1245 4970 ad
1276 4926 1467 4972 nutum
1494 4918 1707 4974 diaconi
1736 4919 1812 4973 ait
1843 4929 2058 4986 cantor,
2087 4923 2167 4977 si-

587 5013 680 5060 cut
706 5014 761 5060 et
784 5003 947 5076 Kyrie
965 5006 1181 5075 eleison,
1213 5010 1338 5080 quia
1367 5013 1435 5066 ad
1464 5013 1567 5067 hoc
1596 5012 1649 5066 in
1686 5012 2050 5069 ministerium
2074 5017 2169 5071 ad-

586 5098 848 5164 mittitur,
876 5107 934 5154 ut
954 5099 1186 5157 oﬂicium
1215 5104 1424 5176 integre
1452 5106 1637 5177 peragi
1668 5107 1859 5175 possit.
1894 5106 2165 5174 Quoniam

584 5196 867 5268 presbyter
894 5198 1009 5254 sine
1054 5200 1280 5257 diacono
1329 5218 1526 5258 nomen
1558 5204 1757 5270 habet,
1788 5203 2021 5262 ofﬁcium
2057 5223 2166 5264 non

586 5286 767 5343 habet.

655 5377 833 5435 Induit
855 5383 1112 5440 diaconus
1147 5385 1485 5443 dalmaticam
1514 5388 1566 5443 in
1593 5390 2001 5448 similitudinem
2041 5407 2166 5449 cru-

584 5469 666 5527 cis
685 5512 700 5537 ,
744 5482 803 5527 ut
832 5475 924 5544 qui
951 5476 1201 5532 minister
1221 5479 1372 5534 verbi
1402 5478 1602 5536 Christi
1621 5522 1635 5548 ,
1668 5485 1977 5553 passionem
2022 5485 2166 5542 illius

656 5640 683 5670 ι
723 5628 814 5685 Sic
843 5630 1183 5708 Mabillonius
1205 5636 1414 5708 legitin
1436 5638 1680 5708 Liturgia
1705 5638 1979 5707 Gallicana
2027 5649 2160 5698 tom.

584 5696 628 5763 1.
671 5713 789 5769 cap.
833 5702 885 5767 4,
936 5719 1057 5828 ιιιιῆ.
1090 5705 1178 5760 29.
1210 5696 1364 5777 Apud
1391 5696 1788 5775 Querce'tanum
1828 5696 2158 5789 legebatur,

588 5779 763 5828 postea
791 5779 963 5825 actum
985 5814 1000 5828 .
1047 5792 1144 5828 oco
1161 5816 1174 5828 .
1200 5787 1430 5828 auctum.
1465 5777 1540 5828 De
1560 5786 1781 5828 auctore
1796 5779 1954 5828 huius
1971 5782 2160 5828 hvmni

588 5779 763 5835 postea
791 5779 963 5825 actum
985 5814 1000 5839 ,
1026 5777 1144 5831 loco
1161 5816 1174 5840 ,
1200 5787 1430 5831 auctum.
1465 5777 1540 5833 De
1560 5786 1781 5834 auctore
1796 5777 1954 5847 hujus
1971 5777 2162 5852 hymni

2345 4640 2540 4699 Postea
2567 4643 2702 4699 dicit
2722 4644 3007 4702 sacerdos:
3031 4645 3291 4703 Dominus
3303 4650 3595 4717 vobiscum,
3624 4654 3863 4709 salutans

2273 4733 2529 4804 pupulum
2554 4742 2610 4789 et
2638 4749 2820 4797 orans,
2849 4745 2909 4791 ut
2928 4736 3189 4794 Dominus
3214 4740 3286 4793 sit
3310 4756 3433 4795 cum
3466 4742 3582 4806 eis,
3620 4745 3762 4801 sicut
3785 4745 3865 4799 die

2276 4833 2472 4895 gnatus
2499 4833 2585 4880 est
2609 4825 2791 4881 dicere
2813 4841 2912 4897 per
2927 4828 3283 4899 Pmphetam:
3312 4828 3632 4887 lnlaabi'abo
3660 4836 3715 4888 in
3736 4835 3861 4897 illis,

2275 4921 2331 4967 et
2358 4913 2563 4983 reliqua
2613 4914 2699 4987 (Il
2732 4914 2855 4971 Cor.
2884 4933 2962 4984 γι,
2996 4916 3084 4989 16)
3113 4937 3126 4972 :
3160 4928 3216 4975 et
3240 4920 3386 4990 quod
3425 4921 3687 4979 Salvator
3730 4926 3867 4980 dixit

2274 5004 2552 5075 discipulis
2598 5008 2731 5073 suis,
2780 5011 2910 5065 etin
2940 5010 3064 5074 illis,
3108 5011 3362 5069 omnibus
3394 5013 3653 5073 ﬁdelibus
3686 5037 3700 5073 :
3732 5018 3863 5073 Ecce

2273 5111 2367 5167 ego
2393 5097 2656 5152 vobiscum
2685 5116 2801 5153 sum
2833 5099 3049 5171 (Matth.
3082 5119 3274 5170 xxvm,
3305 5104 3421 5177 20).
3452 5106 3555 5174 Qui
3580 5108 3865 5164 salutatio-

2272 5190 2358 5246 nis
2386 5206 2566 5251 sermo
2597 5207 2704 5247 non
2736 5194 2973 5248 humano
3001 5196 3232 5252 arbitrio
3267 5201 3639 5270 compositus,
3666 5202 3758 5257 sed
3795 5218 3859 5257 ex

2269 5282 2467 5339 divinae
2494 5282 2789 5355 Scriptura:
2810 5287 3139 5343 auctoritate
3161 5289 3425 5360 probatur
3449 5302 3733 5364 sumptus,
3766 5293 3859 5349 ubi

2269 5372 2584 5444 frequenter
2622 5384 2678 5431 et
2712 5376 3064 5449 singulariter
3102 5388 3158 5436 et
3190 5381 3483 5451 plurariter
3518 5388 3735 5457 positus
3780 5388 3858 5442 le-

2264 5464 2412 5535 gitur
2448 5465 2874 5536 :singulariter,
2924 5469 3065 5525 sicut
3108 5472 3334 5542 angelus
3384 5476 3457 5531 ad
3494 5477 3713 5536 beatam
3742 5479 3857 5535 Ia-

3130 5557 3188 5607 ει

2266 5647 2517 5732 videatur
2540 5648 2929 5732 fillemoutius
2974 5660 3105 5732 ton}.
3142 5655 3253 5732 Ἧι,
3284 5674 3413 5732 pag.
3465 5660 3611 5728 467;
3654 5670 3709 5719 et
3758 5662 3859 5729 Hi.

2266 5720 2501 5807 Yetps'in
2536 5718 2704 5807 Gallia
2740 5720 3031 5807 Litteraria
3054 5718 3185 5782 tum.
3217 5718 3446 5802 1-,.pa‘rt.
3480 5718 3546 5800 tt,
3724 5718 3859 5792 {80.

2269 5789 2389 5843 Vid.
2423 5788 2559 5861 Hug.
2586 5789 2826 5847 Menard.
2859 5800 2971 5848 not.
2999 5795 3053 5850 7.
