4032 6354
207 418 347 481 {9.49

1019 424 1170 482 OPP.
1210 423 1613 484 SUPPOSITA.
1650 454 1720 466 -—
1754 422 1880 478 LIB.
1922 421 2012 478 DE
2046 421 2295 480 DlViNlS
2330 423 2637 482 OFFICIIS.

3319 418 3457 487 1250

204 543 343 599 riam
365 554 381 595 :
400 539 527 604 Ave,
553 537 725 610 gratia
748 538 923 610 plena,
942 539 1198 596 Dominus
1221 550 1388 595 tecum
1404 540 1555 613 (Luc.
1584 538 1731 610 1,28)
1759 555 1772 590 :
1802 539 1854 597 Δ
1882 536 2034 591 tiam.
2066 535 2232 592 Amen
2264 553 2395 595 vero
2425 537 2767 595 conﬁrmatio
2785 545 2871 593 est
2896 537 3160 593 orationis
3182 553 3213 592 a
3239 539 3455 609 populo.

204 640 262 688 et
300 630 441 685 sicut
478 627 548 683 ad
593 626 900 684 Gedeonem
947 629 1198 685 similiter
1229 629 1450 699 angelus
1494 628 1780 683 salutando

205 722 341 777 dixit
373 738 387 774 :
421 718 677 773 Dominus
701 728 890 783 tecum,
918 719 1146 773 virorum
1166 719 1446 789 fortissime
1470 717 1669 789 (Judic.
1700 732 1777 783 vt,

210 814 295 883 l2)
322 827 336 863 :
373 808 674 877 Pluraliter,
697 810 839 865 sicut
868 809 923 864 in
952 808 1091 863 libro
1120 810 1264 863 Ruth
1291 808 1490 879 legitur
1516 808 1657 862 Booz
1686 822 1776 862 sa-

204 904 427 960 lutando
449 904 649 959 dixisse
681 902 1013 958 messoribus
1040 902 1153 957 suis
1178 919 1190 954 :
1233 901 1488 956 Dominus
1517 900 1779 955 vobiscum

206 995 394 1068 (Ruth.
423 1011 501 1060 ιι,
523 993 579 1067 4)
612 1013 625 1048 :
656 1003 713 1050 et
739 994 879 1049 sicut
903 994 958 1048 in
983 993 1436 1062 Paralipomenon
1456 994 1721 1063 propheta
1748 1007 1779 1045 a

202 1088 319 1144 Deo
342 1088 558 1152 missus,
612 1086 884 1141 invenitur
937 1080 1200 1141 salutaSse
1245 1082 1359 1139 Aza
1409 1099 1589 1155 regem
1642 1080 1777 1137 Juda

206 1193 335 1235 cum
377 1177 618 1234 exercitu
647 1192 745 1233 suo
776 1177 1011 1233 victores
1056 1177 1123 1232 de
1171 1175 1356 1246 praelia
1393 1181 1725 1230 revertentes
1759 1190 1772 1227 :

208 1268 466 1325 Dominus
486 1270 769 1333 vobiscum,
799 1269 923 1341 quia
953 1269 1128 1339 fuistis
1149 1285 1267 1323 cum
1291 1267 1515 1323 Domino
1547 1266 1632 1339 (II
1665 1265 1777 1320 Pa-

204 1362 311 1421 τοι.
342 1380 432 1429 xv,
457 1363 536 1436 2).
576 1363 818 1421 Ecclesia
862 1376 993 1436 ergo
1043 1372 1156 1418 tam
1206 1363 1409 1419 salubri
1458 1360 1779 1419 salutatione

203 1455 503 1511 sacerdotis
541 1463 763 1525 accepta
783 1495 799 1521 ,
853 1464 911 1510 et
956 1454 1073 1525 ipsa
1128 1454 1471 1510 resalutando
1524 1461 1686 1518 orat,
1724 1460 1781 1508 et

200 1543 412 1600 orando
459 1544 719 1600 resalutat
760 1562 773 1598 :
825 1544 1127 1616 postulans,
1180 1551 1241 1598 ut
1292 1543 1434 1599 sicut
1460 1542 1547 1598 ille
1574 1542 1781 1613 optavit

201 1631 633 1690 Dominumesse
656 1649 780 1691 cum
807 1634 960 1703 ipsis,
986 1634 1061 1689 ita
1086 1634 1160 1688 sit
1177 1641 1375 1689 etcum
1397 1633 1537 1703 ipso,
1559 1633 1774 1688 dicens:

198 1720 417 1779 Etcum
438 1725 628 1796 spiritu
653 1734 764 1791 tuo,
794 1724 849 1780 id
891 1733 996 1791 est,
1037 1741 1159 1780 cum
1190 1725 1369 1780 anima
1395 1734 1487 1780 tua
1513 1725 1586 1780 sit
1608 1725 1783 1780 omni-

196 1823 401 1885 potens
419 1815 583 1881 Deus,
614 1823 676 1871 ut
718 1816 880 1888 digne
902 1831 1002 1888 pro
1031 1824 1218 1872 nostra
1273 1815 1446 1871 salute
1491 1831 1614 1871 eum
1653 1830 1784 1871 exo-

1879 626 2269 696 lnterpretatur
2308 631 2474 697 enim,
2525 643 2685 696 vere,
2728 629 2843 685 sive
2893 628 3146 695 ﬁdeliter,
3200 639 3458 701 tanquam

1879 720 2211 790 respondens
2237 722 2461 790 populus
2506 722 2650 777 dicat
2675 736 2689 776 :
2714 722 2854 779 Vere
2891 721 2966 777 ita
3014 721 3246 778 ﬁdeliter
3283 724 3462 779 credi-

1878 826 2001 867 mus
2021 812 2161 867 sicut
2182 812 2338 877 dicis,
2368 812 2563 868 Filium
2591 814 2841 871 videlicet
2864 815 2961 870 Dei
2990 823 3113 871 ante
3147 816 3328 871 omnia
3361 832 3458 873 sae-

1878 906 2021 971 cula,
2051 916 2107 962 et
2130 906 2184 960 in
2221 908 2494 976 praesenti,
2525 916 2580 963 et
2608 908 2663 963 in
2688 907 2868 964 futuro
2890 925 3116 981 regnare
3137 926 3261 966 cum
3302 909 3464 967 Patre

1878 1005 1935 1053 et
1976 996 2180 1068 Spiritu
2222 1007 2430 1063 sancto,
2483 1008 2540 1053 et
2591 1015 2816 1070 regnum
2862 1014 2929 1056 ac
2973 1009 3300 1072 potestatem
3344 1003 3466 1075 ejus

1879 1088 2025 1143 nullo
2048 1089 2153 1143 ﬁne
2182 1087 2451 1144 concludi.

1950 1178 2154 1234 Deinde
2177 1177 2422 1246 sequitur
2441 1177 2597 1234 lectio
2624 1182 2916 1250 apostolica
2942 1192 3068 1240 ante
3083 1184 3460 1257 Evangelium,

1879 1282 1987 1323 non
2010 1282 2173 1324 causa
2221 1268 2530 1338 dignitatis,
2572 1270 2668 1326 sed
2713 1272 2779 1326 ad
2819 1287 3022 1328 morem
3076 1276 3460 1346 apostolorum,

1878 1359 2124 1429 quiante
2172 1359 2457 1415 Dominum
2502 1362 2673 1428 ibant,
2715 1363 2855 1419 sicut
2884 1376 3069 1420 narrat
3094 1356 3462 1440 Evangelium,

1879 1466 2017 1521 quos
2041 1450 2289 1505 mittebat
2328 1450 2588 1507 Dominus
2627 1461 2750 1509 ante
2785 1468 2843 1509 se
2870 1453 3026 1511 binos
3061 1465 3118 1512 et
3138 1457 3313 1514 binos.
3345 1459 3467 1529 Epi-

1881 1540 2019 1597 stola
2041 1550 2222 1597 autem
2248 1541 2448 1597 dicitur
2469 1545 2805 1613 supermissa,
2833 1560 2898 1601 eo
2927 1548 3071 1616 quod
3106 1563 3268 1620 super
3298 1550 3467 1605 Vetus

1883 1630 2288 1711 Testamentum
2340 1638 2396 1685 et
2439 1631 2784 1702 Evangelium
2814 1636 2977 1691 missa
3015 1638 3105 1703 sit,
3161 1654 3268 1694 non
3303 1655 3467 1694 causa

1882 1718 2180 1790 tignitatis,
2218 1721 2312 1776 sed
2343 1730 2403 1776 ut
2424 1723 2676 1794 quisque,
2702 1725 2793 1794 qui
2822 1726 3171 1798 Evangelium
3194 1729 3356 1784 fuerit
3382 1729 3466 1783 in-

1881 1827 2131 1885 gressus,
2163 1814 2238 1868 ibi
2276 1813 2514 1871 inveniat
2552 1816 2874 1872 medicinam
2920 1820 3132 1875 salutis.
3172 1820 3467 1890 Incipiente

197 1919 299 1960 res
328 1922 343 1960 :
366 1915 423 1962 et
447 1922 556 1963 non
585 1906 736 1973 dicit,
756 1906 966 1973 Tecum,
994 1907 1244 1972 sed,cum
1268 1908 1453 1979 spiritu
1480 1918 1590 1975 tuo,
1618 1916 1677 1963 ut
1698 1905 1778 1962 οἱ·
1807 1892 1856 1955 Β
1881 1912 2062 1960 autem
2097 1906 2427 1962 subdiacono
2460 1906 2811 1978 apostolicam
2840 1907 3122 1965 lectionem
3143 1950 3159 1975 ,
3187 1925 3344 1965 verso
3372 1926 3467 1965 or-

197 1992 394 2050 ﬁcium
429 1995 842 2051 subsecuturum
874 1996 1191 2068 spiritaliter
1222 2005 1391 2052 totum
1425 1995 1540 2052 ﬁeri
1589 1996 1783 2052 intelli-

197 2097 386 2159 gatur.
439 2088 509 2143 Et
548 2088 685 2143 bene
714 2088 974 2144 Dominus
999 2105 1125 2145 cum
1155 2088 1347 2159 Spiritu
1394 2087 1629 2144 hominis
1664 2100 1785 2143 esse

198 2185 447 2250 optatur,
469 2179 596 2248 quia
622 2179 677 2233 in
704 2179 897 2249 spiritu
948 2187 1005 2236 et
1047 2187 1229 2235 mente
1272 2180 1524 2235 rationali
1568 2188 1784 2235 creatus

198 2277 294 2325 est
330 2268 491 2326 homo
518 2270 587 2325 ad
613 2270 900 2339 imaginem
932 2280 988 2326 et
1035 2270 1440 2327 similitudinem
1471 2272 1590 2337 Dei,
1622 2279 1679 2327 et
1706 2271 1782 2327 ibi

199 2369 295 2418 est
320 2376 490 2433 capax
522 2360 713 2416 divinae
736 2362 923 2431 gratiae
949 2370 1006 2417 et
1030 2361 1458 2419 illuminationis.
1578 2351 1585 2359 ⁷

281 2455 393 2512 Sed
425 2463 481 2510 et
508 2454 597 2509 illa
625 2453 877 2510 salutatio
903 2452 1224 2526 episcopalis
1250 2454 1317 2511 ad
1340 2455 1627 2527 pepulum,
1676 2471 1785 2527 qua

203 2546 410 2627 dicitur
433 2563 447 2601 :
480 2543 600 2600 Pas:
620 2546 900 2613 vobiscum,
924 2548 1038 2602 sive
1068 2546 1188 2603 Pax
1216 2548 1380 2613 vobis,
1403 2548 1652 2604 similiter
1678 2562 1785 2602 non

204 2638 450 2694 humano
478 2653 643 2695 sensu
694 2638 913 2694 inventa
935 2679 951 2705 ,
1006 2638 1101 2695 sed
1128 2638 1196 2695 de
1238 2638 1532 2710 Scriptum
1583 2648 1788 2696 sanctae

205 2731 541 2788 auctoritate
562 2738 775 2801 sumpta
798 2739 901 2787 est.
916 2730 1050 2787 Nam
1071 2740 1126 2787 et
1153 2732 1207 2787 in
1237 2733 1419 2789 Veteri
1443 2732 1788 2787 Testamento

205 2821 491 2879 invenitur
526 2822 729 2879 dixisse
766 2823 988 2894 angelus
1037 2822 1244 2878 Danieli
1288 2825 1565 2894 propheta:
1598 2842 1611 2879 :
1661 2823 1789 2880 Noli

206 2916 422 2983 timere,
453 2916 535 2971 vir
558 2915 938 2971 desideriorum
964 2936 983 2974 :
1003 2933 1110 2987 pax
1132 2916 1247 2980 tibi,
1264 2916 1582 2987 confortare,
1612 2927 1661 2973 et
1682 2927 1790 2973 esto

208 3006 461 3062 robustus
492 3005 654 3080 (Dan.
688 3021 742 3072 x,
774 3005 885 3079 l9).
911 3006 979 3061 Et
1010 3006 1064 3060 in
1092 3005 1261 3071 Novo,
1288 3007 1342 3063 id
1370 3015 1473 3072 est,
1519 3007 1573 3063 in
1614 3008 1791 3063 Evan-

207 3097 381 3172 gelia,
410 3112 549 3169 pene
577 3113 790 3167 semper
844 3098 919 3152 ita
972 3096 1169 3169 legitur
1214 3097 1473 3154 Dominus
1519 3094 1791 3170 apostolds

210 3187 484 3245 salutasse
504 3187 732 3263 dicendo
762 3206 775 3240 :
809 3185 930 3241 Pax
978 3187 1139 3253 vobis,
1186 3197 1241 3243 et
1282 3189 1484 3245 eisdem
1532 3191 1791 3261 apostolis

208 3278 465 3335 eamdem
483 3276 823 3332 salutationis
843 3276 1073 3333 formam
1098 3279 1525 3345 commendavit,
1557 3281 1744 3337 dicens
1773 3298 1786 3334 :

209 3366 288 3426 In
320 3385 682 3439 quamcunque
739 3369 998 3423 civitatem
1051 3378 1141 3422 aut
1180 3369 1393 3422 domum
1432 3370 1750 3425 intraveritis
1775 3411 1792 3436 ,

208 3459 446 3517 salutate
466 3475 581 3513 eam
605 3498 621 3523 ,
660 3458 890 3512 dicentes
930 3474 949 3511 :
990 3455 1109 3511 Pax
1136 3459 1257 3511 huic
1279 3451 1463 3512 "domui
1486 3456 1703 3528 (Matth.
1736 3476 1794 3525 x,

209 3551 331 3622 12).
373 3549 567 3603 Merito
589 3562 718 3618 ergo
740 3556 796 3603 et
822 3547 1191 3617 apostolorum
1218 3546 1382 3618 5.99
1410 3563 1753 3604 successores
1777 3590 1793 3615 ,

210 3643 267 3700 id
301 3650 388 3697 est
417 3638 781 3696 Ecclesiarum
806 3638 1063 3709 praesules
1086 3680 1101 3705 ,
1158 3640 1260 3694 hac
1289 3639 1614 3696 salutatione
1636 3649 1800 3695 utun-

211 3741 337 3797 tur,
361 3730 582 3785 domum
632 3728 728 3784 Dei
765 3728 1082 3794 salutantes,
1117 3728 1208 3783 ubi
1229 3743 1417 3784 omnes
1436 3730 1805 3799 oportetﬁlios

211 3838 342 3881 esse
379 3822 571 3894 pacis,
607 3829 668 3876 ut
705 3820 961 3875 salutatio
1014 3820 1164 3891 pacis
1224 3835 1387 3890 super
1441 3835 1536 3876 eos
1588 3821 1801 3891 requie-

217 3931 391 3975 scens
415 3957 433 3985 ,
471 3925 529 3975 et
564 3915 923 3973 salutantibus
958 3922 1015 3970 et
1059 3912 1307 3971 salutatis
1339 3913 1509 3985 possit
1536 3927 1657 3970 esse
1688 3911 1803 3969 fru-

217 4018 404 4067 tunsa.

294 4104 501 4161 Deinde
528 4105 678 4171 dicit,
702 4102 946 4170 Oremus,
972 4102 1206 4159 invitans
1229 4116 1412 4158 secum
1437 4099 1716 4171 populum,
1742 4106 1804 4155 ut

221 4197 390 4259 simul
431 4205 607 4255 orent.
632 4197 967 4269 Quapropter
994 4196 1214 4252 acclivis
1242 4195 1401 4250 debet
1427 4208 1546 4249 esse
1580 4190 1804 4264 populus

220 4305 508 4362 usquequo
552 4289 805 4345 sacerdos
846 4288 1068 4359 incipiat
1113 4288 1334 4343 dicere:
1370 4280 1477 4338 Per
1505 4282 1678 4337 omnia
1706 4298 1805 4337 sa:-

168 4418 171 4419 ν
223 4380 349 4437 cuia
377 4380 710 4436 surculorum.
750 4379 1007 4450 Sequitur
1038 4374 1291 4443 Collecta,
1338 4389 1457 4446 quae
1493 4374 1636 4429 dicta
1670 4379 1752 4427 est
1773 4387 1805 4426 a

223 4472 568 4538 collectione,
609 4486 673 4526 eo
698 4471 841 4542 quod
882 4484 951 4524 ex
981 4468 1302 4525 auctoritate
1325 4465 1631 4520 divinarum
1662 4462 1807 4518 Scri-

225 4575 509 4636 pturarum
557 4562 667 4618 sint
708 4561 951 4626 collecta,
1002 4575 1122 4631 quae
1148 4559 1201 4612 in
1246 4556 1488 4613 Ecclesia
1533 4555 1801 4627 leguntur,

226 4653 371 4710 sicut
413 4662 497 4710 est
534 4653 623 4708 illa
658 4653 725 4708 de
754 4651 927 4707 tribus
959 4650 1171 4722 pueris;
1208 4648 1294 4704 vel
1341 4646 1487 4719 quod
1528 4660 1593 4701 ex
1622 4644 1804 4700 multis

222 4744 569 4802 sermonibus
595 4760 699 4799 una
739 4742 1024 4812 colligatur
1063 4740 1268 4805 oratio;
1300 4739 1413 4793 sive
1432 4752 1463 4791 a
1493 4735 1805 4791 collectione

227 4837 317 4893 vel
343 4837 600 4893 societate
628 4834 824 4891 dicitur
863 4831 1067 4905 populi,
1099 4831 1191 4901 qui
1234 4838 1363 4884 tunc
1408 4830 1463 4883 in
1488 4843 1653 4882 unum
1678 4841 1805 4882 con-

227 4945 455 4986 currens
484 4927 771 5000 colligitur.
822 4925 948 4980 ldeo
976 4933 1156 4979 autem
1199 4922 1253 4977 in
1277 4920 1529 4977 omnibus
1564 4917 1806 4975 collectis

229 5020 590 5091 interponitur
614 5058 630 5085 ,
678 5015 786 5072 Per
831 5015 1114 5069 Dominum
1155 5024 1390 5068 nostrum
1433 5010 1614 5065 Iesum
1653 5007 1807 5063 Chri-

230 5124 388 5176 stum,
416 5120 547 5177 etc.,
573 5119 634 5165 ut
652 5123 811 5166 omne
833 5106 975 5177 quod
1002 5105 1161 5159 datur
1190 5120 1220 5157 a
1245 5103 1427 5168 Patre,
1450 5101 1809 5172 intelligamus

231 5221 327 5278 per
346 5206 545 5260 Filium
569 5204 689 5275 ejus
712 5216 812 5256 nos
832 5197 1094 5270 accipere,
1124 5194 1276 5264 cujus
1292 5193 1580 5249 baereditas
1601 5207 1806 5247 sumus.

233 5297 337 5354 Per
363 5300 534 5370 ipsum
565 5310 693 5368 ergo
717 5293 951 5350 hostiam
990 5289 1166 5344 laudis
1193 5294 1353 5357 atque
1380 5285 1642 5340 orationis
1680 5282 1810 5339 οπε-

235 5391 423 5455 rimus,
458 5390 551 5460 qui
594 5402 693 5458 per
731 5391 960 5441 mortem
1005 5380 1175 5453 ipsius
1218 5375 1550 5433 reconciliati
1600 5388 1806 5439 sumus,

236 5495 356 5535 cum
385 5478 586 5535 inimici
609 5490 869 5534 essemus.
914 5473 1111 5528 Dicens
1132 5484 1262 5526 vero
1282 5468 1534 5524 sacerdos
1561 5482 1573 5518 :
1604 5464 1707 5533 Qui
1737 5475 1812 5519 te-

238 5588 352 5625 cum
382 5573 504 5626 vivit
539 5580 587 5625 et
612 5576 814 5640 regnat,
838 5565 1096 5621 "admonet
1117 5560 1403 5634 populum,
1434 5568 1493 5614 ut
1518 5558 1703 5613 credat
1723 5555 1813 5611 Fi-

232 5658 367 5717 iium
408 5664 503 5719 Dei
541 5663 725 5718 vivere
762 5669 817 5717 et
855 5674 1082 5731 regnare
1131 5668 1345 5725 semper
1390 5651 1507 5707 sine
1540 5650 1697 5705 initio
1759 5657 1814 5706 et

239 5757 351 5813 sine
373 5744 626 5822 termino,
650 5763 707 5811 et
724 5769 886 5809 unam
928 5760 1253 5823 potestatem
1297 5745 1497 5801 habere
1535 5740 1815 5813 aequaliter

237 5838 361 5908 cum
384 5849 547 5908 Patre
588 5856 645 5907 et
670 5845 875 5922 Spiritu
901 5852 1141 5931 sancto,
1160 5849 1354 5931 _atque
1376 5836 1813 5931 unamsubstam

1815 3241 1864 3306 C

1885 1999 2009 2055 dine
2028 2001 2170 2056 cerei
2218 2000 2617 2057 transferuntur
2655 2001 2723 2055 ab
2765 2000 2975 2057 oriente
3021 2002 3075 2057 in
3110 2002 3466 2067 occidentem,

1882 2099 1944 2147 ut
1965 2093 2385 2161 demonstretur,
2429 2110 2528 2165 per
2577 2108 2765 2150 vocem
2796 2102 2851 2149 et
2890 2109 2989 2165 per
3030 2094 3469 2164 praedicationem

1884 2184 2248 2254 apostolorum
2295 2193 2469 2240 totum
2504 2185 2762 2240 mundum
2812 2185 2987 2256 gratia
3030 2184 3154 2240 ﬁdei
3201 2184 3470 2240 illumina-

1885 2280 2023 2340 tum,
2072 2290 2180 2330 non
2235 2275 2408 2331 solum
2452 2293 2485 2332 a
2528 2276 2752 2331 meridie
2797 2276 2853 2331 in
2899 2276 3345 2348 septentrionem,
3375 2276 3470 2332 sed

1883 2365 2045 2420 etiam
2075 2365 2143 2421 ab
2170 2367 2379 2421 oriente
2411 2367 2464 2421 in
2487 2367 2843 2423 occidentem.
2872 2366 3101 2422 Nomine
3128 2368 3272 2421 enim
3295 2368 3472 2422 orien-

1886 2454 1955 2511 tis
1984 2463 2040 2512 et
2068 2457 2364 2512 occidentis
2383 2498 2398 2522 ,
2429 2458 2610 2513 omnia
2639 2456 2857 2512 climata
2887 2458 3071 2512 mundi
3113 2459 3469 2528 comprehen-

1887 2549 2105 2616 duntur,
2148 2558 2202 2605 et
2226 2552 2369 2621 quod
2401 2559 2479 2607 tot
2518 2550 2706 2606 diebus
2740 2550 2820 2605 sol
2855 2566 2951 2605 sua
2990 2550 3275 2621 praesentia
3313 2566 3377 2605 ea
3406 2549 3474 2604 il-

1886 2638 2098 2705 lustret,
2152 2642 2291 2697 sicut
2330 2642 2440 2697 ibi:
2477 2640 2698 2697 Venient
2748 2641 2815 2696 ab
2862 2642 3063 2696 oriente
3108 2651 3155 2696 et
3212 2642 3474 2697 occidente

1890 2731 2041 2804 (Luc.
2073 2750 2190 2799 xm,
2219 2734 2332 2805 29).

1959 2822 2309 2879 Postmodum
2337 2834 2589 2880 cantatur
2615 2824 3038 2895 responsorium,
3079 2825 3303 2889 dictum,
3333 2822 3477 2894 quod

1890 2913 2118 2983 acapite
2154 2922 2449 2983 repetatur.
2495 2914 2701 2969 Deinde
2743 2920 2997 2969 cantatur
3040 2912 3288 2978 Alleluia,
3330 2912 3477 2982 quod

1890 3015 1957 3055 ex
1981 3000 2206 3057 Hebrtco
2235 3002 2291 3057 in
2319 3002 2571 3057 Latinum
2596 3002 3003 3070 interpretatum
3028 3010 3202 3065 sonat,
3231 2998 3469 3054 Laudare

1890 3093 2095 3161 Deum;
2135 3112 2261 3151 nam
2301 3095 2551 3159 Alleluia,
2600 3095 2817 3159 dicitur,
2863 3091 3115 3147 laudate:
3150 3090 3232 3155 la,
3284 3105 3480 3145 nomen

1892 3184 1987 3242 Dei
2018 3194 2120 3252 est,
2150 3202 2315 3241 unum
2339 3201 2405 3242 ex
2435 3186 2620 3241 decem
2660 3184 2989 3247 nominibus,
3035 3183 3233 3253 quibus
3259 3189 3483 3238 vocatur

1896 3277 2040 3334 Deus
2082 3280 2223 3350 apud
2267 3279 2540 3334 Hebraeos.
2602 3277 2834 3331 Alleluia
2893 3284 3095 3341 autem,
3145 3276 3377 3346 primum
3428 3276 3481 3331 in

1893 3370 2044 3426 Novo
2067 3371 2415 3426 Testamento
2440 3370 2681 3425 additum
2709 3378 2811 3433 est,
2843 3370 3051 3423 dicente
3096 3367 3302 3423 Joanne
3327 3382 3341 3421 :
3374 3367 3485 3421 Au-

1896 3461 2001 3515 tﬁvi
2043 3478 2217 3515 vocem
2254 3463 2310 3515 in
2340 3460 2466 3514 caelo
2513 3460 2794 3514 dicentium
2823 3473 2839 3509 :
2867 3458 3094 3512 Alleluia
3131 3460 3333 3528 (Apoc.
3367 3474 3481 3525 xxx,

1896 3549 1930 3604 6
1958 3549 2001 3618 ),
2029 3558 2083 3605 et
2107 3552 2233 3620 quia
2261 3552 2364 3604 bac
2404 3564 2535 3604 voce
2567 3549 2797 3619 Auge-los
2821 3548 2874 3602 in
2901 3547 3037 3603 caelo
3063 3547 3231 3601 Deum
3263 3546 3485 3601 laudare

1898 3642 2263 3712 cognovimus,
2311 3638 2619 3707 hujusmodi
2663 3653 2795 3693 voce
2850 3637 3171 3692 laudationis
3215 3636 3482 3691 creditum

1897 3739 1983 3787 est
2014 3731 2180 3785 Deum
2220 3728 2496 3783 delectari.
2554 3728 2667 3782 Hoc
2695 3743 2911 3798 quoque
2956 3728 3077 3781 ideo
3115 3728 3391 3790 canimus,
3424 3734 3484 3780 ut

1898 3823 2147 3880 eumdem
2191 3822 2359 3876 Deum
2394 3836 2490 3876 nos
2519 3820 2700 3875 colere
2732 3820 2783 3874 in
2821 3826 2963 3873 terra
2993 3822 3361 3879 ostendamus,
3394 3814 3487 3884 qui

1899 3915 2065 3971 etiam
2103 3913 2302 3968 colitur
2327 3911 2395 3965 ab
2436 3910 2639 3981 angelis
2666 3910 2718 3965 in
2749 3908 2907 3973 coelo,
2938 3917 2993 3963 ct
3023 3910 3126 3964 boc
3152 3918 3277 3962 ante
3303 3905 3491 3960 lectio-

1900 4022 2026 4065 nem
2054 4006 2419 4077 evangelicam
2446 4019 2478 4058 a
2513 4011 2738 4060 cantore
2775 4000 3169 4071 interponitur,
3213 4008 3273 4053 ut
3300 3996 3485 4052 laude-

1902 4109 1991 4156 tur
2012 4099 2079 4155 ab
2109 4096 2384 4161 omnibus,
2411 4091 2565 4163 cujus
2591 4092 2765 4163 gratia
2792 4092 3070 4146 salvantur
3091 4103 3300 4154 omnes,
3330 4086 3487 4159 quasi

1904 4191 2050 4248 dicat
2098 4207 2111 4243 :
2163 4188 2301 4255 Quia
2341 4187 2503 4241 verba
2547 4183 2825 4256 Evangelii
2881 4181 3110 4237 salutem
3155 4178 3493 4261 conferentia

1904 4299 2031 4339 mox
2059 4280 2297 4337 audituri
2325 4279 2478 4343 estis,
2518 4276 2735 4332 laudate
2769 4276 3076 4339 Dominum,
3112 4271 3266 4341 cujus
3291 4270 3496 4327 beneﬁ-

1906 4377 1992 4432 cio
2022 4376 2161 4431 banc
2188 4371 2419 4444 gratiam
2441 4370 2720 4442 percipere
2747 4366 3043 4423 meruistis.

1977 4467 2231 4523 Defertur
2260 4462 2601 4532 evangelium
2648 4461 2715 4516 ad
2759 4458 3090 4529 analogium,
3140 4451 3495 4526 praecedenti-

1908 4560 2009 4615 bus
2049 4557 2260 4614 cereis:
2292 4562 2353 4609 ut
2379 4553 2699 4608 ostendatur
2724 4549 2898 4622 gratia
2934 4547 3103 4617 ipsius
3142 4543 3401 4600 mundum
3427 4541 3496 4597 il-

1910 4652 2253 4708 luminatum.
2298 4647 2473 4706 Verba
2504 4642 2783 4714 Evangelii
2831 4641 2989 4697 levita
3028 4637 3494 4710 pronuntiaturus,

1911 4753 2099 4801 contra
2125 4740 2552 4813 septentrionem
2579 4735 2769 4788 faciem
2798 4731 2984 4793 vertit,
3009 4736 3069 4783 ut
3092 4728 3339 4783 ostendat
3367 4724 3501 4780 Ver-

1909 4838 2040 4893 bum
2068 4835 2163 4890 Dei
2216 4841 2273 4889 et
2302 4826 2773 4886 annuntiationem
2824 4820 3061 4892 Spiritus
3098 4819 3270 4885 sancti
3308 4824 3500 4873 contra

1911 4945 2036 4985 eum
2084 4925 2269 4995 dirigi,
2300 4924 2394 4992 qui
2441 4932 2655 4987 semper
2687 4913 2910 4985 Spiritui
2956 4920 3144 4968 sancto
3191 4908 3501 4966 contrarius

1911 5018 2120 5083 existit,
2148 5022 2204 5071 et
2228 5015 2283 5069 in
2306 5011 2455 5066 nullo
2476 5009 2527 5065 ei
2554 5005 2936 5063 communicat.
2968 5003 3115 5071 Quos
3143 5001 3287 5057 enim
3320 4996 3498 5068 Spiri-

1911 5117 2001 5164 tus
2022 5113 2263 5168 sanctus,
2292 5100 2383 5172 qui
2412 5108 2497 5154 est
2522 5098 2684 5162 Deus,
2715 5094 2782 5149 ad
2808 5094 2968 5148 ﬁdem
3000 5092 3253 5161 colligere
3280 5086 3495 5142 deside—
3584 5150 3589 5155 λ

1910 5205 2015 5265 rat,
2050 5194 2296 5251 diabolus
2324 5192 2632 5262 dispergere
2657 5189 2725 5244 ab
2752 5188 2960 5243 unitate
2989 5182 3245 5240 Ecclesia:
3275 5190 3331 5234 et
3361 5179 3500 5233 inte-

1912 5287 2109 5360 gritate
2153 5283 2277 5339 ﬁdei
2327 5281 2554 5337 laborat.
2588 5278 2742 5333 Sicut
2776 5277 2919 5334 enim
2962 5288 3062 5344 per
3093 5278 3361 5334 austrum,
3405 5266 3513 5338 qui,

1910 5386 2107 5435 ventus
2134 5385 2218 5431 est
2247 5373 2485 5440 calidus,
2516 5380 2572 5427 et
2614 5370 2810 5427 leniter
2844 5367 2958 5433 ﬂat,
3000 5363 3235 5435 Spiritus
3280 5367 3506 5416 sanctus

1914 5466 2246 5538 designatur.
2296 5464 2389 5536 qui
2423 5462 2589 5520 corda
2626 5476 2749 5533 qua:
2783 5457 2974 5527 tangit,
3022 5455 3090 5509 ad
3130 5467 3371 5508 amorem
3422 5448 3503 5505 di-

1914 5559 2167 5615 lectionis
2192 5556 2489 5612 inﬁammat
2516 5572 2531 5611 :
2560 5556 2633 5611 ita
2654 5562 2710 5609 et
2734 5566 2832 5623 per
2853 5546 3183 5619 aquilonem,
3209 5544 3302 5616 qui
3331 5542 3500 5599 durus

1911 5657 1969 5705 et
2003 5646 2231 5718 frigidus
2280 5654 2387 5712 est,
2437 5644 2683 5700 diabolus
2718 5637 3057 5708 intelligitur,
3086 5634 3179 5705 qui
3226 5649 3321 5689 eos
3363 5642 3503 5702 quos

1911 5740 2173 5814 possidet,
2205 5739 2271 5794 ab
2301 5753 2486 5793 amore
2516 5734 2800 5793 cbaritatis
2839 5740 3001 5801 atquc
3032 5726 3357 5792 dilectionis,
3392 5732 3503 5781 tor-

1913 5842 2106 5908 pentes
2131 5840 2188 5893 et
2216 5831 2442 5905 frigidos
2478 5829 2673 5888 reddit.
2712 5824 2868 5897 Quod
2891 5823 3038 5883 enim
3070 5836 3179 5913 per
3195 5819 3505 5913 aquilonem
