  <div class='ocr_page' id='page_1' title='image "/cluster/home/n/w/nwhite01/storage/ocr_20150623/101/hvd.32044004824769/631.png"; bbox 0 0 4032 6354; ppageno 0'>
   <div class='ocr_carea' id='block_1_1' title="bbox 532 336 666 396">
    <p class='ocr_par' dir='ltr' id='par_1_1' title="bbox 532 336 666 396">
     <span class='ocr_line' id='line_1_1' title="bbox 532 336 666 396; baseline -0.007 0"><span class='ocrx_word' id='word_1_1' title='bbox 532 336 666 396; x_wconf 69' lang='grc'><strong>1251</strong></span> 
     </span>
    </p>
   </div>
   <div class='ocr_carea' id='block_1_2' title="bbox 1353 320 2919 386">
    <p class='ocr_par' dir='ltr' id='par_1_2' title="bbox 1353 320 2919 386">
     <span class='ocr_line' id='line_1_2' title="bbox 1353 320 2919 386; baseline -0.002 -1"><span class='ocrx_word' id='word_1_2' title='bbox 1353 326 1413 385; x_wconf 85' lang='grc' dir='ltr'><strong>Β.</strong></span> <span class='ocrx_word' id='word_1_3' title='bbox 1455 328 1514 384; x_wconf 86' lang='lat' dir='ltr'><strong>F.</strong></span> <span class='ocrx_word' id='word_1_4' title='bbox 1552 328 1774 385; x_wconf 70' lang='lat' dir='ltr'><strong>ALBINI</strong></span> <span class='ocrx_word' id='word_1_5' title='bbox 1814 329 1941 384; x_wconf 78' lang='lat' dir='ltr'><strong>SEU</strong></span> <span class='ocrx_word' id='word_1_6' title='bbox 1985 322 2257 384; x_wconf 70' lang='lat' dir='ltr'><strong>ALCUINI</strong></span> <span class='ocrx_word' id='word_1_7' title='bbox 2295 324 2580 386; x_wconf 74' lang='lat' dir='ltr'><strong>OPERUM</strong></span> <span class='ocrx_word' id='word_1_8' title='bbox 2618 322 2796 383; x_wconf 77' lang='lat' dir='ltr'><strong>PARS</strong></span> <span class='ocrx_word' id='word_1_9' title='bbox 2829 320 2919 383; x_wconf 81' lang='lat' dir='ltr'><strong>IX.</strong></span> 
     </span>
    </p>
   </div>
   <div class='ocr_carea' id='block_1_3' title="bbox 3656 322 3820 387">
    <p class='ocr_par' dir='ltr' id='par_1_3' title="bbox 3656 322 3820 387">
     <span class='ocr_line' id='line_1_3' title="bbox 3656 322 3820 387; baseline 0.024 -4"><span class='ocrx_word' id='word_1_10' title='bbox 3656 322 3820 387; x_wconf 63' lang='lat'><strong>{-252</strong></span> 
     </span>
    </p>
   </div>
   <div class='ocr_carea' id='block_1_4' title="bbox 528 436 3819 519">
    <p class='ocr_par' dir='ltr' id='par_1_4' title="bbox 528 436 3819 519">
     <span class='ocr_line' id='line_1_4' title="bbox 528 436 3819 519; baseline -0.005 -10"><span class='ocrx_word' id='word_1_11' title='bbox 528 453 775 511; x_wconf 84' lang='lat' dir='ltr'><strong>diabolus</strong></span> <span class='ocrx_word' id='word_1_12' title='bbox 823 449 1149 519; x_wconf 72' lang='lat' dir='ltr'><strong>designetur,</strong></span> <span class='ocrx_word' id='word_1_13' title='bbox 1181 444 1414 500; x_wconf 73' lang='lat' dir='ltr'><strong>ostendit</strong></span> <span class='ocrx_word' id='word_1_14' title='bbox 1456 441 1746 511; x_wconf 83' lang='lat' dir='ltr'><strong>Propheta,</strong></span> <span class='ocrx_word' id='word_1_15' title='bbox 1798 440 1979 493; x_wconf 83' lang='lat' dir='ltr'><strong>dicens</strong></span> <span class='ocrx_word' id='word_1_16' title='bbox 2007 455 2019 491; x_wconf 97' lang='lat'>:</span> <span class='ocrx_word' id='word_1_17' title='bbox 2054 436 2097 491; x_wconf 92' lang='lat'><em>0</em></span> <span class='ocrx_word' id='word_1_18' title='bbox 2127 447 2174 496; x_wconf 76' lang='grc' dir='ltr'><strong>Α</strong></span> <span class='ocrx_word' id='word_1_19' title='bbox 2203 441 2269 494; x_wconf 92' lang='lat' dir='ltr'><strong>sti</strong></span> <span class='ocrx_word' id='word_1_20' title='bbox 2307 441 2560 493; x_wconf 88' lang='lat' dir='ltr'><strong>mundum</strong></span> <span class='ocrx_word' id='word_1_21' title='bbox 2589 441 2870 502; x_wconf 80' lang='lat' dir='ltr'><strong>salvatum,</strong></span> <span class='ocrx_word' id='word_1_22' title='bbox 2910 445 2964 492; x_wconf 86' lang='lat' dir='ltr'><strong>et</strong></span> <span class='ocrx_word' id='word_1_23' title='bbox 2994 450 3109 493; x_wconf 88' lang='lat' dir='ltr'><strong>sme</strong></span> <span class='ocrx_word' id='word_1_24' title='bbox 3141 454 3203 493; x_wconf 90' lang='lat' dir='ltr'><strong>ea</strong></span> <span class='ocrx_word' id='word_1_25' title='bbox 3235 441 3488 494; x_wconf 66' lang='lat' dir='ltr'><strong>muniunt</strong></span> <span class='ocrx_word' id='word_1_26' title='bbox 3538 459 3659 496; x_wconf 75' lang='lat' dir='ltr'><strong>non</strong></span> <span class='ocrx_word' id='word_1_27' title='bbox 3712 459 3819 513; x_wconf 85' lang='lat' dir='ltr'><strong>po-</strong></span> 
     </span>
    </p>
   </div>
   <div class='ocr_carea' id='block_1_5' title="bbox 530 527 2100 610">
    <p class='ocr_par' dir='ltr' id='par_1_5' title="bbox 530 527 2100 610">
     <span class='ocr_line' id='line_1_5' title="bbox 530 527 2100 610; baseline -0.011 -13"><span class='ocrx_word' id='word_1_28' title='bbox 530 542 764 610; x_wconf 73' lang='lat' dir='ltr'><strong>Lucifer,</strong></span> <span class='ocrx_word' id='word_1_29' title='bbox 795 541 883 609; x_wconf 79' lang='lat' dir='ltr'><strong>qui</strong></span> <span class='ocrx_word' id='word_1_30' title='bbox 918 537 1125 591; x_wconf 83' lang='lat' dir='ltr'><strong>dicebas</strong></span> <span class='ocrx_word' id='word_1_31' title='bbox 1162 537 1217 587; x_wconf 84' lang='lat' dir='ltr'><strong>in</strong></span> <span class='ocrx_word' id='word_1_32' title='bbox 1246 533 1400 586; x_wconf 76' lang='lat' dir='ltr'><strong>corde</strong></span> <span class='ocrx_word' id='word_1_33' title='bbox 1442 541 1533 584; x_wconf 71' lang='lat' dir='ltr'><strong>tuo</strong></span> <span class='ocrx_word' id='word_1_34' title='bbox 1556 545 1575 582; x_wconf 91' lang='lat'><strong><em>:</em></strong></span> <span class='ocrx_word' id='word_1_35' title='bbox 1605 530 1809 585; x_wconf 83' lang='lat' dir='ltr'><strong>Sedebo</strong></span> <span class='ocrx_word' id='word_1_36' title='bbox 1834 530 1891 581; x_wconf 72' lang='lat' dir='ltr'><strong>in</strong></span> <span class='ocrx_word' id='word_1_37' title='bbox 1918 527 2100 581; x_wconf 83' lang='lat' dir='ltr'><strong>lateri-</strong></span> 
     </span>
    </p>
   </div>
   <div class='ocr_carea' id='block_1_6' title="bbox 532 618 2101 704">
    <p class='ocr_par' dir='ltr' id='par_1_6' title="bbox 532 618 2101 704">
     <span class='ocr_line' id='line_1_6' title="bbox 532 618 2101 704; baseline -0.011 -16"><span class='ocrx_word' id='word_1_38' title='bbox 532 635 626 689; x_wconf 81' lang='lat' dir='ltr'><strong>bus</strong></span> <span class='ocrx_word' id='word_1_39' title='bbox 655 630 936 704; x_wconf 75' lang='lat' dir='ltr'><strong>aquilonis,</strong></span> <span class='ocrx_word' id='word_1_40' title='bbox 967 635 1019 680; x_wconf 87' lang='lat' dir='ltr'><strong>et</strong></span> <span class='ocrx_word' id='word_1_41' title='bbox 1064 626 1273 694; x_wconf 85' lang='lat' dir='ltr'><strong>reliqua</strong></span> <span class='ocrx_word' id='word_1_42' title='bbox 1297 622 1452 694; x_wconf 79' lang='lat' dir='ltr'><strong>(Isai.</strong></span> <span class='ocrx_word' id='word_1_43' title='bbox 1498 637 1609 685; x_wconf 73' lang='lat' dir='ltr'><strong>XIV,</strong></span> <span class='ocrx_word' id='word_1_44' title='bbox 1651 620 1761 689; x_wconf 78' lang='lat' dir='ltr'><strong>l3).</strong></span> <span class='ocrx_word' id='word_1_45' title='bbox 1797 619 2025 674; x_wconf 82' lang='lat' dir='ltr'><strong>Crucem</strong></span> <span class='ocrx_word' id='word_1_46' title='bbox 2048 618 2101 671; x_wconf 88' lang='lat' dir='ltr'><strong>in</strong></span> 
     </span>
    </p>
   </div>
   <div class='ocr_carea' id='block_1_7' title="bbox 531 711 2111 794">
    <p class='ocr_par' dir='ltr' id='par_1_7' title="bbox 531 711 2111 794">
     <span class='ocr_line' id='line_1_7' title="bbox 531 711 2111 794; baseline -0.013 -12"><span class='ocrx_word' id='word_1_47' title='bbox 531 728 710 782; x_wconf 82' lang='lat' dir='ltr'><strong>fronte</strong></span> <span class='ocrx_word' id='word_1_48' title='bbox 737 723 887 794; x_wconf 80' lang='lat' dir='ltr'><strong>ponit</strong></span> <span class='ocrx_word' id='word_1_49' title='bbox 917 722 1191 781; x_wconf 82' lang='lat' dir='ltr'><strong>diaconus,</strong></span> <span class='ocrx_word' id='word_1_50' title='bbox 1223 716 1640 771; x_wconf 85' lang='lat' dir='ltr'><strong>annuntiaturus</strong></span> <span class='ocrx_word' id='word_1_51' title='bbox 1680 716 1841 767; x_wconf 71' lang='lat' dir='ltr'><strong>verba</strong></span> <span class='ocrx_word' id='word_1_52' title='bbox 1872 711 2015 775; x_wconf 72' lang='lat' dir='ltr'><strong>vitae,</strong></span> <span class='ocrx_word' id='word_1_53' title='bbox 2046 717 2111 764; x_wconf 87' lang='lat' dir='ltr'><strong>ut</strong></span> 
     </span>
    </p>
   </div>
   <div class='ocr_carea' id='block_1_8' title="bbox 532 804 2105 881">
    <p class='ocr_par' dir='ltr' id='par_1_8' title="bbox 532 804 2105 881">
     <span class='ocr_line' id='line_1_8' title="bbox 532 804 2105 881; baseline -0.013 -7"><span class='ocrx_word' id='word_1_54' title='bbox 532 818 780 875; x_wconf 92' lang='lat' dir='ltr'><strong>ostendat</strong></span> <span class='ocrx_word' id='word_1_55' title='bbox 808 829 869 870; x_wconf 85' lang='lat' dir='ltr'><strong>se</strong></span> <span class='ocrx_word' id='word_1_56' title='bbox 911 810 1233 881; x_wconf 85' lang='lat' dir='ltr'><strong>discipulum</strong></span> <span class='ocrx_word' id='word_1_57' title='bbox 1274 806 1417 861; x_wconf 84' lang='lat' dir='ltr'><strong>illius</strong></span> <span class='ocrx_word' id='word_1_58' title='bbox 1451 820 1592 871; x_wconf 87' lang='lat' dir='ltr'><strong>esse,</strong></span> <span class='ocrx_word' id='word_1_59' title='bbox 1634 804 1726 874; x_wconf 87' lang='lat' dir='ltr'><strong>qui</strong></span> <span class='ocrx_word' id='word_1_60' title='bbox 1761 817 1975 858; x_wconf 91' lang='lat' dir='ltr'><strong>crucem</strong></span> <span class='ocrx_word' id='word_1_61' title='bbox 2007 816 2105 870; x_wconf 87' lang='lat' dir='ltr'><strong>pro</strong></span> 
     </span>
    </p>
   </div>
   <div class='ocr_carea' id='block_1_9' title="bbox 532 898 2109 969">
    <p class='ocr_par' dir='ltr' id='par_1_9' title="bbox 532 898 2109 969">
     <span class='ocr_line' id='line_1_9' title="bbox 532 898 2109 969; baseline -0.014 0"><span class='ocrx_word' id='word_1_62' title='bbox 532 914 698 969; x_wconf 83' lang='lat' dir='ltr'><strong>totius</strong></span> <span class='ocrx_word' id='word_1_63' title='bbox 740 908 931 965; x_wconf 80' lang='lat' dir='ltr'><strong>mundi</strong></span> <span class='ocrx_word' id='word_1_64' title='bbox 958 907 1128 961; x_wconf 88' lang='lat' dir='ltr'><strong>salute</strong></span> <span class='ocrx_word' id='word_1_65' title='bbox 1156 902 1429 959; x_wconf 75' lang='lat' dir='ltr'><strong>sustinuit.</strong></span> <span class='ocrx_word' id='word_1_66' title='bbox 1465 900 1667 955; x_wconf 83' lang='lat' dir='ltr'><strong>Deinde</strong></span> <span class='ocrx_word' id='word_1_67' title='bbox 1699 898 1753 952; x_wconf 92' lang='lat' dir='ltr'><strong>in</strong></span> <span class='ocrx_word' id='word_1_68' title='bbox 1782 903 2016 967; x_wconf 82' lang='lat' dir='ltr'><strong>pectore,</strong></span> <span class='ocrx_word' id='word_1_69' title='bbox 2046 900 2109 947; x_wconf 89' lang='lat' dir='ltr'><strong>ut</strong></span> 
     </span>
    </p>
   </div>
   <div class='ocr_carea' id='block_1_10' title="bbox 531 985 2107 1065">
    <p class='ocr_par' dir='ltr' id='par_1_10' title="bbox 531 985 2107 1065">
     <span class='ocr_line' id='line_1_10' title="bbox 531 985 2107 1065; baseline -0.016 -2"><span class='ocrx_word' id='word_1_70' title='bbox 531 1006 707 1063; x_wconf 87' lang='lat' dir='ltr'><strong>omnis</strong></span> <span class='ocrx_word' id='word_1_71' title='bbox 732 1018 867 1057; x_wconf 74' lang='lat' dir='ltr'><strong>vana</strong></span> <span class='ocrx_word' id='word_1_72' title='bbox 897 1009 952 1057; x_wconf 89' lang='lat' dir='ltr'><strong>et</strong></span> <span class='ocrx_word' id='word_1_73' title='bbox 973 999 1247 1054; x_wconf 82' lang='lat' dir='ltr'><strong>immunda</strong></span> <span class='ocrx_word' id='word_1_74' title='bbox 1277 994 1535 1065; x_wconf 77' lang='lat' dir='ltr'><strong>cogitatio</strong></span> <span class='ocrx_word' id='word_1_75' title='bbox 1566 993 1634 1047; x_wconf 88' lang='lat' dir='ltr'><strong>ab</strong></span> <span class='ocrx_word' id='word_1_76' title='bbox 1655 992 1779 1057; x_wconf 81' lang='lat' dir='ltr'><strong>ejus</strong></span> <span class='ocrx_word' id='word_1_77' title='bbox 1803 987 1966 1044; x_wconf 88' lang='lat' dir='ltr'><strong>corde</strong></span> <span class='ocrx_word' id='word_1_78' title='bbox 1991 985 2107 1056; x_wconf 85' lang='lat' dir='ltr'><strong>pel-</strong></span> 
     </span>
    </p>
   </div>
   <div class='ocr_carea' id='block_1_11' title="bbox 533 1078 2110 1162">
    <p class='ocr_par' dir='ltr' id='par_1_11' title="bbox 533 1078 2110 1162">
     <span class='ocr_line' id='line_1_11' title="bbox 533 1078 2110 1162; baseline -0.015 -8"><span class='ocrx_word' id='word_1_79' title='bbox 533 1100 694 1154; x_wconf 89' lang='lat' dir='ltr'><strong>latur.</strong></span> <span class='ocrx_word' id='word_1_80' title='bbox 726 1095 937 1151; x_wconf 81' lang='lat' dir='ltr'><strong>Salutat</strong></span> <span class='ocrx_word' id='word_1_81' title='bbox 980 1103 1035 1147; x_wconf 89' lang='lat' dir='ltr'><strong>et</strong></span> <span class='ocrx_word' id='word_1_82' title='bbox 1071 1089 1343 1162; x_wconf 91' lang='lat' dir='ltr'><strong>populum,</strong></span> <span class='ocrx_word' id='word_1_83' title='bbox 1392 1086 1577 1139; x_wconf 83' lang='lat' dir='ltr'><strong>dicens</strong></span> <span class='ocrx_word' id='word_1_84' title='bbox 1609 1082 1904 1137; x_wconf 71' lang='lat' dir='ltr'><strong>:Dominus</strong></span> <span class='ocrx_word' id='word_1_85' title='bbox 1938 1078 2110 1133; x_wconf 80' lang='lat' dir='ltr'><strong>vobis-</strong></span> 
     </span>
    </p>
   </div>
   <div class='ocr_carea' id='block_1_12' title="bbox 536 1168 2108 1257">
    <p class='ocr_par' dir='ltr' id='par_1_12' title="bbox 536 1168 2108 1257">
     <span class='ocr_line' id='line_1_12' title="bbox 536 1168 2108 1257; baseline -0.017 -11"><span class='ocrx_word' id='word_1_86' title='bbox 536 1207 652 1245; x_wconf 86' lang='lat' dir='ltr'><strong>cum</strong></span> <span class='ocrx_word' id='word_1_87' title='bbox 674 1230 688 1254; x_wconf 90' lang='lat'><strong>,</strong></span> <span class='ocrx_word' id='word_1_88' title='bbox 720 1196 986 1257; x_wconf 81' lang='lat' dir='ltr'><strong>quatenus</strong></span> <span class='ocrx_word' id='word_1_89' title='bbox 1019 1184 1181 1237; x_wconf 85' lang='lat' dir='ltr'><strong>corda</strong></span> <span class='ocrx_word' id='word_1_90' title='bbox 1212 1178 1422 1233; x_wconf 90' lang='lat' dir='ltr'><strong>illorum</strong></span> <span class='ocrx_word' id='word_1_91' title='bbox 1455 1190 1485 1228; x_wconf 89' lang='lat' dir='ltr'><strong>a</strong></span> <span class='ocrx_word' id='word_1_92' title='bbox 1511 1171 1799 1228; x_wconf 84' lang='lat' dir='ltr'><strong>mundanis</strong></span> <span class='ocrx_word' id='word_1_93' title='bbox 1824 1168 2108 1240; x_wconf 89' lang='lat' dir='ltr'><strong>cogitatio-</strong></span> 
     </span>
    </p>
   </div>
   <div class='ocr_carea' id='block_1_13' title="bbox 534 1260 2108 1345">
    <p class='ocr_par' dir='ltr' id='par_1_13' title="bbox 534 1260 2108 1345">
     <span class='ocr_line' id='line_1_13' title="bbox 534 1260 2108 1345; baseline -0.017 -6"><span class='ocrx_word' id='word_1_94' title='bbox 534 1284 694 1339; x_wconf 84' lang='lat' dir='ltr'><strong>nibus</strong></span> <span class='ocrx_word' id='word_1_95' title='bbox 724 1281 989 1345; x_wconf 81' lang='lat' dir='ltr'><strong>Dominus</strong></span> <span class='ocrx_word' id='word_1_96' title='bbox 1038 1272 1314 1335; x_wconf 82' lang='lat' dir='ltr'><strong>emundet,</strong></span> <span class='ocrx_word' id='word_1_97' title='bbox 1363 1275 1420 1323; x_wconf 90' lang='lat' dir='ltr'><strong>et</strong></span> <span class='ocrx_word' id='word_1_98' title='bbox 1456 1267 1524 1321; x_wconf 91' lang='lat' dir='ltr'><strong>ad</strong></span> <span class='ocrx_word' id='word_1_99' title='bbox 1559 1261 1898 1333; x_wconf 88' lang='lat' dir='ltr'><strong>suscipienda</strong></span> <span class='ocrx_word' id='word_1_100' title='bbox 1944 1260 2108 1314; x_wconf 82' lang='lat' dir='ltr'><strong>verba</strong></span> 
     </span>
    </p>
   </div>
   <div class='ocr_carea' id='block_1_14' title="bbox 535 1351 2108 1441">
    <p class='ocr_par' dir='ltr' id='par_1_14' title="bbox 535 1351 2108 1441">
     <span class='ocr_line' id='line_1_14' title="bbox 535 1351 2108 1441; baseline -0.019 -9"><span class='ocrx_word' id='word_1_101' title='bbox 535 1374 813 1432; x_wconf 77' lang='lat' dir='ltr'><strong>Salutil‘era</strong></span> <span class='ocrx_word' id='word_1_102' title='bbox 861 1368 1072 1441; x_wconf 88' lang='lat' dir='ltr'><strong>aperire</strong></span> <span class='ocrx_word' id='word_1_103' title='bbox 1117 1364 1383 1436; x_wconf 77' lang='lat' dir='ltr'><strong>dignetur.</strong></span> <span class='ocrx_word' id='word_1_104' title='bbox 1430 1359 1510 1413; x_wconf 80' lang='lat' dir='ltr'><strong>Ad</strong></span> <span class='ocrx_word' id='word_1_105' title='bbox 1550 1354 1703 1425; x_wconf 73' lang='lat' dir='ltr'><strong>cuius</strong></span> <span class='ocrx_word' id='word_1_106' title='bbox 1731 1351 2108 1408; x_wconf 81' lang='lat' dir='ltr'><strong>salutationem</strong></span> 
     </span>
    </p>
   </div>
   <div class='ocr_carea' id='block_1_15' title="bbox 532 1442 2110 1541">
    <p class='ocr_par' dir='ltr' id='par_1_15' title="bbox 532 1442 2110 1541">
     <span class='ocr_line' id='line_1_15' title="bbox 532 1442 2110 1541; baseline -0.018 -17"><span class='ocrx_word' id='word_1_107' title='bbox 532 1467 763 1541; x_wconf 90' lang='lat' dir='ltr'><strong>populus</strong></span> <span class='ocrx_word' id='word_1_108' title='bbox 788 1477 1010 1519; x_wconf 85' lang='lat' dir='ltr'><strong>crucem</strong></span> <span class='ocrx_word' id='word_1_109' title='bbox 1033 1460 1093 1514; x_wconf 82' lang='lat' dir='ltr'><strong>in</strong></span> <span class='ocrx_word' id='word_1_110' title='bbox 1115 1456 1381 1511; x_wconf 78' lang='lat' dir='ltr'><strong>frontibus</strong></span> <span class='ocrx_word' id='word_1_111' title='bbox 1410 1453 1594 1523; x_wconf 90' lang='lat' dir='ltr'><strong>ponit,</strong></span> <span class='ocrx_word' id='word_1_112' title='bbox 1625 1456 1689 1503; x_wconf 85' lang='lat' dir='ltr'><strong>ut</strong></span> <span class='ocrx_word' id='word_1_113' title='bbox 1725 1463 1753 1501; x_wconf 90' lang='lat' dir='ltr'><strong>a</strong></span> <span class='ocrx_word' id='word_1_114' title='bbox 1786 1444 1944 1541; x_wconf 79' lang='lat' dir='ltr'><strong>malis</strong></span> <span class='ocrx_word' id='word_1_115' title='bbox 1963 1442 2110 1541; x_wconf 75' lang='lat' dir='ltr'><strong>cogi-</strong></span> 
     </span>
    </p>
   </div>
   <div class='ocr_carea' id='block_1_16' title="bbox 536 1535 2111 1615">
    <p class='ocr_par' dir='ltr' id='par_1_16' title="bbox 536 1535 2111 1615">
     <span class='ocr_line' id='line_1_16' title="bbox 536 1535 2111 1615; baseline -0.019 0"><span class='ocrx_word' id='word_1_116' title='bbox 536 1535 834 1615; x_wconf 72' lang='lat' dir='ltr'><strong>tationibus</strong></span> <span class='ocrx_word' id='word_1_117' title='bbox 882 1553 1046 1609; x_wconf 88' lang='lat' dir='ltr'><strong>corda</strong></span> <span class='ocrx_word' id='word_1_118' title='bbox 1090 1563 1188 1605; x_wconf 88' lang='lat' dir='ltr'><strong>sua</strong></span> <span class='ocrx_word' id='word_1_119' title='bbox 1232 1544 1507 1609; x_wconf 88' lang='lat' dir='ltr'><strong>emundet,</strong></span> <span class='ocrx_word' id='word_1_120' title='bbox 1552 1549 1615 1596; x_wconf 87' lang='lat' dir='ltr'><strong>ut</strong></span> <span class='ocrx_word' id='word_1_121' title='bbox 1654 1539 1721 1593; x_wconf 89' lang='lat' dir='ltr'><strong>ad</strong></span> <span class='ocrx_word' id='word_1_122' title='bbox 1767 1535 2111 1604; x_wconf 82' lang='lat' dir='ltr'><strong>intelligenda</strong></span> 
     </span>
    </p>
   </div>
   <div class='ocr_carea' id='block_1_17' title="bbox 534 1624 2112 1714">
    <p class='ocr_par' dir='ltr' id='par_1_17' title="bbox 534 1624 2112 1714">
     <span class='ocr_line' id='line_1_17' title="bbox 534 1624 2112 1714; baseline -0.019 -7"><span class='ocrx_word' id='word_1_123' title='bbox 534 1651 699 1706; x_wconf 85' lang='lat' dir='ltr'><strong>verba</strong></span> <span class='ocrx_word' id='word_1_124' title='bbox 727 1648 913 1705; x_wconf 87' lang='lat' dir='ltr'><strong>salutis</strong></span> <span class='ocrx_word' id='word_1_125' title='bbox 938 1657 1073 1714; x_wconf 87' lang='lat' dir='ltr'><strong>pura</strong></span> <span class='ocrx_word' id='word_1_126' title='bbox 1094 1642 1463 1712; x_wconf 81' lang='lat' dir='ltr'><strong>permaneant.</strong></span> <span class='ocrx_word' id='word_1_127' title='bbox 1511 1632 1653 1688; x_wconf 85' lang='lat' dir='ltr'><strong>Dicit</strong></span> <span class='ocrx_word' id='word_1_128' title='bbox 1681 1631 1939 1685; x_wconf 88' lang='lat' dir='ltr'><strong>diaconus</strong></span> <span class='ocrx_word' id='word_1_129' title='bbox 1969 1644 1981 1678; x_wconf 90' lang='lat'><strong>:</strong></span> <span class='ocrx_word' id='word_1_130' title='bbox 2015 1624 2112 1680; x_wconf 90' lang='lat' dir='ltr'><strong>Se-</strong></span> 
     </span>
    </p>
   </div>
   <div class='ocr_carea' id='block_1_18' title="bbox 2204 530 3817 597">
    <p class='ocr_par' dir='ltr' id='par_1_18' title="bbox 2204 530 3817 597">
     <span class='ocr_line' id='line_1_18' title="bbox 2204 530 3817 597; baseline 0.002 -12"><span class='ocrx_word' id='word_1_131' title='bbox 2204 532 2373 586; x_wconf 86' lang='lat' dir='ltr'><strong>tuisse</strong></span> <span class='ocrx_word' id='word_1_132' title='bbox 2428 531 2643 585; x_wconf 86' lang='lat' dir='ltr'><strong>salvari.</strong></span> <span class='ocrx_word' id='word_1_133' title='bbox 2696 530 2849 597; x_wconf 88' lang='lat' dir='ltr'><strong>Quod</strong></span> <span class='ocrx_word' id='word_1_134' title='bbox 2898 538 3077 584; x_wconf 77' lang='lat' dir='ltr'><strong>autem</strong></span> <span class='ocrx_word' id='word_1_135' title='bbox 3121 531 3402 585; x_wconf 81' lang='lat' dir='ltr'><strong>sacerdote</strong></span> <span class='ocrx_word' id='word_1_136' title='bbox 3451 534 3817 588; x_wconf 73' lang='lat' dir='ltr'><strong>oblationem</strong></span> 
     </span>
    </p>
   </div>
   <div class='ocr_carea' id='block_1_19' title="bbox 2204 620 3817 691">
    <p class='ocr_par' dir='ltr' id='par_1_19' title="bbox 2204 620 3817 691">
     <span class='ocr_line' id='line_1_19' title="bbox 2204 620 3817 691; baseline 0.003 -15"><span class='ocrx_word' id='word_1_137' title='bbox 2204 622 2551 691; x_wconf 80' lang='lat' dir='ltr'><strong>suscipiente,</strong></span> <span class='ocrx_word' id='word_1_138' title='bbox 2596 622 2774 676; x_wconf 88' lang='lat' dir='ltr'><strong>clerus</strong></span> <span class='ocrx_word' id='word_1_139' title='bbox 2798 620 2910 676; x_wconf 86' lang='lat' dir='ltr'><strong>Deo</strong></span> <span class='ocrx_word' id='word_1_140' title='bbox 2935 620 3122 676; x_wconf 84' lang='lat' dir='ltr'><strong>laudes</strong></span> <span class='ocrx_word' id='word_1_141' title='bbox 3158 622 3375 677; x_wconf 83' lang='lat' dir='ltr'><strong>interim</strong></span> <span class='ocrx_word' id='word_1_142' title='bbox 3404 625 3703 691; x_wconf 77' lang='lat' dir='ltr'><strong>persolvit,</strong></span> <span class='ocrx_word' id='word_1_143' title='bbox 3744 627 3817 681; x_wconf 81' lang='lat' dir='ltr'><strong>ad</strong></span> 
     </span>
    </p>
   </div>
   <div class='ocr_carea' id='block_1_20' title="bbox 2205 714 3815 786">
    <p class='ocr_par' dir='ltr' id='par_1_20' title="bbox 2205 714 3815 786">
     <span class='ocr_line' id='line_1_20' title="bbox 2205 714 3815 786; baseline -0.001 -16"><span class='ocrx_word' id='word_1_144' title='bbox 2205 715 2558 771; x_wconf 83' lang='lat' dir='ltr'><strong>imitationem</strong></span> <span class='ocrx_word' id='word_1_145' title='bbox 2586 716 2771 786; x_wconf 80' lang='lat' dir='ltr'><strong>populi</strong></span> <span class='ocrx_word' id='word_1_146' title='bbox 2802 714 2964 770; x_wconf 80' lang='lat' dir='ltr'><strong>Israel</strong></span> <span class='ocrx_word' id='word_1_147' title='bbox 2989 724 3258 785; x_wconf 88' lang='lat' dir='ltr'><strong>sumptum</strong></span> <span class='ocrx_word' id='word_1_148' title='bbox 3287 723 3387 779; x_wconf 89' lang='lat' dir='ltr'><strong>est,</strong></span> <span class='ocrx_word' id='word_1_149' title='bbox 3416 718 3511 786; x_wconf 82' lang='lat' dir='ltr'><strong>qui</strong></span> <span class='ocrx_word' id='word_1_150' title='bbox 3555 720 3815 773; x_wconf 79' lang='lat' dir='ltr'><strong>oblatio-</strong></span> 
     </span>
    </p>
   </div>
   <div class='ocr_carea' id='block_1_21' title="bbox 2204 807 3809 866">
    <p class='ocr_par' dir='ltr' id='par_1_21' title="bbox 2204 807 3809 866">
     <span class='ocr_line' id='line_1_21' title="bbox 2204 807 3809 866; baseline 0.002 -4"><span class='ocrx_word' id='word_1_151' title='bbox 2204 821 2302 863; x_wconf 88' lang='lat' dir='ltr'><strong>nes</strong></span> <span class='ocrx_word' id='word_1_152' title='bbox 2347 818 2400 863; x_wconf 87' lang='lat' dir='ltr'><strong>et</strong></span> <span class='ocrx_word' id='word_1_153' title='bbox 2440 819 2566 864; x_wconf 78' lang='lat' dir='ltr'><strong>vota</strong></span> <span class='ocrx_word' id='word_1_154' title='bbox 2611 822 2737 864; x_wconf 88' lang='lat' dir='ltr'><strong>cum</strong></span> <span class='ocrx_word' id='word_1_155' title='bbox 2783 807 2943 863; x_wconf 83' lang='lat' dir='ltr'><strong>laude</strong></span> <span class='ocrx_word' id='word_1_156' title='bbox 2992 807 3375 864; x_wconf 84' lang='lat' dir='ltr'><strong>modulationis</strong></span> <span class='ocrx_word' id='word_1_157' title='bbox 3422 808 3534 865; x_wconf 88' lang='lat' dir='ltr'><strong>Deo</strong></span> <span class='ocrx_word' id='word_1_158' title='bbox 3593 809 3809 866; x_wconf 67' lang='lat' dir='ltr'><strong>oﬂerre</strong></span> 
     </span>
    </p>
   </div>
   <div class='ocr_carea' id='block_1_22' title="bbox 2204 905 2579 953">
    <p class='ocr_par' dir='ltr' id='par_1_22' title="bbox 2204 905 2579 953">
     <span class='ocr_line' id='line_1_22' title="bbox 2204 905 2579 953; baseline -0.005 0"><span class='ocrx_word' id='word_1_159' title='bbox 2204 905 2579 953; x_wconf 85' lang='lat' dir='ltr'><strong>consueverat.</strong></span> 
     </span>
    </p>
   </div>
   <div class='ocr_carea' id='block_1_23' title="bbox 2277 990 3801 1062">
    <p class='ocr_par' dir='ltr' id='par_1_23' title="bbox 2277 990 3801 1062">
     <span class='ocr_line' id='line_1_23' title="bbox 2277 990 3801 1062; baseline 0.002 -18"><span class='ocrx_word' id='word_1_160' title='bbox 2277 990 2406 1045; x_wconf 83' lang='lat' dir='ltr'><strong>Post</strong></span> <span class='ocrx_word' id='word_1_161' title='bbox 2449 990 2779 1047; x_wconf 82' lang='lat' dir='ltr'><strong>oblationem</strong></span> <span class='ocrx_word' id='word_1_162' title='bbox 2812 990 3030 1061; x_wconf 83' lang='lat' dir='ltr'><strong>ponitur</strong></span> <span class='ocrx_word' id='word_1_163' title='bbox 3058 990 3337 1046; x_wconf 83' lang='lat' dir='ltr'><strong>incensum</strong></span> <span class='ocrx_word' id='word_1_164' title='bbox 3380 1005 3548 1062; x_wconf 80' lang='lat' dir='ltr'><strong>super</strong></span> <span class='ocrx_word' id='word_1_165' title='bbox 3600 992 3801 1055; x_wconf 73' lang='lat' dir='ltr'><strong>altare,</strong></span> 
     </span>
    </p>
   </div>
   <div class='ocr_carea' id='block_1_24' title="bbox 2205 1084 3805 1155">
    <p class='ocr_par' dir='ltr' id='par_1_24' title="bbox 2205 1084 3805 1155">
     <span class='ocr_line' id='line_1_24' title="bbox 2205 1084 3805 1155; baseline 0 -16"><span class='ocrx_word' id='word_1_166' title='bbox 2205 1084 2418 1140; x_wconf 79' lang='lat' dir='ltr'><strong>dicente</strong></span> <span class='ocrx_word' id='word_1_167' title='bbox 2440 1085 2719 1140; x_wconf 81' lang='lat' dir='ltr'><strong>sacerdote</strong></span> <span class='ocrx_word' id='word_1_168' title='bbox 2751 1100 2764 1137; x_wconf 92' lang='lat'><strong>:</strong></span> <span class='ocrx_word' id='word_1_169' title='bbox 2794 1084 3073 1155; x_wconf 84' lang='lat' dir='ltr'><strong>Dirigatur</strong></span> <span class='ocrx_word' id='word_1_170' title='bbox 3094 1085 3266 1138; x_wconf 78' lang='lat' dir='ltr'><strong>oratio</strong></span> <span class='ocrx_word' id='word_1_171' title='bbox 3295 1100 3412 1139; x_wconf 76' lang='lat' dir='ltr'><strong>mea</strong></span> <span class='ocrx_word' id='word_1_172' title='bbox 3441 1086 3589 1139; x_wconf 58' lang='lat' dir='ltr'><strong>sicut</strong></span> <span class='ocrx_word' id='word_1_173' title='bbox 3620 1087 3805 1139; x_wconf 63' lang='lat' dir='ltr'><strong>incen-</strong></span> 
     </span>
    </p>
   </div>
   <div class='ocr_carea' id='block_1_25' title="bbox 2204 1172 3803 1245">
    <p class='ocr_par' dir='ltr' id='par_1_25' title="bbox 2204 1172 3803 1245">
     <span class='ocr_line' id='line_1_25' title="bbox 2204 1172 3803 1245; baseline 0.001 -16"><span class='ocrx_word' id='word_1_174' title='bbox 2204 1191 2321 1229; x_wconf 84' lang='lat' dir='ltr'><strong>sum</strong></span> <span class='ocrx_word' id='word_1_175' title='bbox 2350 1176 2407 1229; x_wconf 82' lang='lat' dir='ltr'><strong>in</strong></span> <span class='ocrx_word' id='word_1_176' title='bbox 2429 1185 2709 1245; x_wconf 71' lang='lat' dir='ltr'><strong>conspectu</strong></span> <span class='ocrx_word' id='word_1_177' title='bbox 2735 1182 2847 1237; x_wconf 83' lang='lat' dir='ltr'><strong>tuo,</strong></span> <span class='ocrx_word' id='word_1_178' title='bbox 2874 1180 2979 1229; x_wconf 84' lang='lat' dir='ltr'><strong>etc.</strong></span> <span class='ocrx_word' id='word_1_179' title='bbox 3014 1172 3133 1228; x_wconf 78' lang='lat' dir='ltr'><strong>Hoc</strong></span> <span class='ocrx_word' id='word_1_180' title='bbox 3151 1180 3234 1227; x_wconf 82' lang='lat' dir='ltr'><strong>est</strong></span> <span class='ocrx_word' id='word_1_181' title='bbox 3265 1174 3447 1230; x_wconf 80' lang='lat' dir='ltr'><strong>dicere</strong></span> <span class='ocrx_word' id='word_1_182' title='bbox 3474 1194 3489 1228; x_wconf 90' lang='lat'>:</span> <span class='ocrx_word' id='word_1_183' title='bbox 3522 1174 3691 1229; x_wconf 74' lang='lat' dir='ltr'><strong>Sicut</strong></span> <span class='ocrx_word' id='word_1_184' title='bbox 3718 1176 3803 1230; x_wconf 82' lang='lat' dir='ltr'><strong>iu-</strong></span> 
     </span>
    </p>
   </div>
   <div class='ocr_carea' id='block_1_26' title="bbox 2207 1269 3801 1340">
    <p class='ocr_par' dir='ltr' id='par_1_26' title="bbox 2207 1269 3801 1340">
     <span class='ocr_line' id='line_1_26' title="bbox 2207 1269 3801 1340; baseline 0 -18"><span class='ocrx_word' id='word_1_185' title='bbox 2207 1281 2427 1322; x_wconf 85' lang='lat' dir='ltr'><strong>censum</strong></span> <span class='ocrx_word' id='word_1_186' title='bbox 2474 1274 2689 1337; x_wconf 72' lang='lat' dir='ltr'><strong>gratum</strong></span> <span class='ocrx_word' id='word_1_187' title='bbox 2719 1274 2803 1321; x_wconf 87' lang='lat' dir='ltr'><strong>est</strong></span> <span class='ocrx_word' id='word_1_188' title='bbox 2839 1273 2895 1321; x_wconf 88' lang='lat' dir='ltr'><strong>et</strong></span> <span class='ocrx_word' id='word_1_189' title='bbox 2931 1276 3212 1336; x_wconf 79' lang='lat' dir='ltr'><strong>acceptum</strong></span> <span class='ocrx_word' id='word_1_190' title='bbox 3248 1269 3311 1323; x_wconf 71' lang='lat' dir='ltr'><strong>in</strong></span> <span class='ocrx_word' id='word_1_191' title='bbox 3346 1278 3659 1340; x_wconf 77' lang='lat' dir='ltr'><strong>conspectu</strong></span> <span class='ocrx_word' id='word_1_192' title='bbox 3710 1286 3801 1339; x_wconf 81' lang='lat' dir='ltr'><strong>po-</strong></span> 
     </span>
    </p>
   </div>
   <div class='ocr_carea' id='block_1_27' title="bbox 2206 1357 3807 1432">
    <p class='ocr_par' dir='ltr' id='par_1_27' title="bbox 2206 1357 3807 1432">
     <span class='ocr_line' id='line_1_27' title="bbox 2206 1357 3807 1432; baseline 0.003 -20"><span class='ocrx_word' id='word_1_193' title='bbox 2206 1359 2337 1430; x_wconf 85' lang='lat' dir='ltr'><strong>puli,</strong></span> <span class='ocrx_word' id='word_1_194' title='bbox 2377 1359 2452 1414; x_wconf 88' lang='lat' dir='ltr'><strong>ita</strong></span> <span class='ocrx_word' id='word_1_195' title='bbox 2488 1358 2583 1413; x_wconf 83' lang='lat' dir='ltr'><strong>ﬁat</strong></span> <span class='ocrx_word' id='word_1_196' title='bbox 2629 1357 2809 1413; x_wconf 81' lang='lat' dir='ltr'><strong>oratio</strong></span> <span class='ocrx_word' id='word_1_197' title='bbox 2848 1370 2975 1413; x_wconf 81' lang='lat' dir='ltr'><strong>mea</strong></span> <span class='ocrx_word' id='word_1_198' title='bbox 3001 1359 3357 1431; x_wconf 79' lang='lat' dir='ltr'><strong>acceptabilis</strong></span> <span class='ocrx_word' id='word_1_199' title='bbox 3389 1359 3445 1415; x_wconf 84' lang='lat' dir='ltr'><strong>in</strong></span> <span class='ocrx_word' id='word_1_200' title='bbox 3494 1371 3807 1432; x_wconf 61' lang='lat' dir='ltr'><strong>canem</strong></span> 
     </span>
    </p>
   </div>
   <div class='ocr_carea' id='block_1_28' title="bbox 2206 1461 2320 1509">
    <p class='ocr_par' dir='ltr' id='par_1_28' title="bbox 2206 1461 2320 1509">
     <span class='ocr_line' id='line_1_28' title="bbox 2206 1461 2320 1509; baseline -0.026 0"><span class='ocrx_word' id='word_1_201' title='bbox 2206 1461 2320 1509; x_wconf 85' lang='lat' dir='ltr'><strong>tuo.</strong></span> 
     </span>
    </p>
   </div>
   <div class='ocr_carea' id='block_1_29' title="bbox 2277 1543 3803 1619">
    <p class='ocr_par' dir='ltr' id='par_1_29' title="bbox 2277 1543 3803 1619">
     <span class='ocr_line' id='line_1_29' title="bbox 2277 1543 3803 1619; baseline 0.004 -20"><span class='ocrx_word' id='word_1_202' title='bbox 2277 1544 2482 1613; x_wconf 82' lang='lat' dir='ltr'><strong>Quibus</strong></span> <span class='ocrx_word' id='word_1_203' title='bbox 2519 1543 2762 1615; x_wconf 78' lang='lat' dir='ltr'><strong>expletis,</strong></span> <span class='ocrx_word' id='word_1_204' title='bbox 2810 1545 3077 1601; x_wconf 78' lang='lat' dir='ltr'><strong>convertit</strong></span> <span class='ocrx_word' id='word_1_205' title='bbox 3120 1558 3183 1602; x_wconf 81' lang='lat' dir='ltr'><strong>se</strong></span> <span class='ocrx_word' id='word_1_206' title='bbox 3226 1547 3493 1604; x_wconf 62' lang='lat' dir='ltr'><strong>auertiue</strong></span> <span class='ocrx_word' id='word_1_207' title='bbox 3522 1548 3591 1603; x_wconf 77' lang='lat' dir='ltr'><strong>ad</strong></span> <span class='ocrx_word' id='word_1_208' title='bbox 3634 1560 3803 1619; x_wconf 66' lang='grc' dir='ltr'><strong>ρσροο</strong></span> 
     </span>
    </p>
   </div>
   <div class='ocr_carea' id='block_1_30' title="bbox 2207 1637 3793 1711">
    <p class='ocr_par' dir='ltr' id='par_1_30' title="bbox 2207 1637 3793 1711">
     <span class='ocr_line' id='line_1_30' title="bbox 2207 1637 3793 1711; baseline 0.002 -18"><span class='ocrx_word' id='word_1_209' title='bbox 2207 1639 2341 1704; x_wconf 89' lang='lat' dir='ltr'><strong>lum,</strong></span> <span class='ocrx_word' id='word_1_210' title='bbox 2387 1652 2626 1708; x_wconf 71' lang='lat' dir='ltr'><strong>poscens</strong></span> <span class='ocrx_word' id='word_1_211' title='bbox 2643 1644 2703 1692; x_wconf 90' lang='lat' dir='ltr'><strong>ut</strong></span> <span class='ocrx_word' id='word_1_212' title='bbox 2723 1637 2954 1709; x_wconf 75' lang='lat' dir='ltr'><strong>jungunt</strong></span> <span class='ocrx_word' id='word_1_213' title='bbox 2981 1650 3177 1709; x_wconf 77' lang='lat' dir='ltr'><strong>preces</strong></span> <span class='ocrx_word' id='word_1_214' title='bbox 3196 1653 3331 1695; x_wconf 69' lang='lat' dir='ltr'><strong>suae</strong></span> <span class='ocrx_word' id='word_1_215' title='bbox 3365 1638 3631 1711; x_wconf 75' lang='lat' dir='ltr'><strong>precibus</strong></span> <span class='ocrx_word' id='word_1_216' title='bbox 3656 1639 3793 1709; x_wconf 69' lang='lat' dir='ltr'><strong>eius,</strong></span> 
     </span>
    </p>
   </div>
   <div class='ocr_carea' id='block_1_31' title="bbox 534 1723 3805 1816">
    <p class='ocr_par' dir='ltr' id='par_1_31' title="bbox 534 1723 3805 1816">
     <span class='ocr_line' id='line_1_31' title="bbox 534 1723 3805 1816; baseline -0.02 -17"><span class='ocrx_word' id='word_1_217' title='bbox 534 1743 746 1816; x_wconf 82' lang='lat' dir='ltr'><strong>quentia</strong></span> <span class='ocrx_word' id='word_1_218' title='bbox 789 1738 955 1795; x_wconf 81' lang='lat' dir='ltr'><strong>sancti</strong></span> <span class='ocrx_word' id='word_1_219' title='bbox 1009 1732 1274 1803; x_wconf 78' lang='lat' dir='ltr'><strong>Evangelii</strong></span> <span class='ocrx_word' id='word_1_220' title='bbox 1324 1727 1609 1785; x_wconf 80' lang='lat' dir='ltr'><strong>secundum</strong></span> <span class='ocrx_word' id='word_1_221' title='bbox 1658 1723 1965 1778; x_wconf 69' lang='lat' dir='ltr'><strong>Manlia-um</strong></span> <span class='ocrx_word' id='word_1_222' title='bbox 1985 1734 2111 1816; x_wconf 31' lang='grc' dir='ltr'><strong>,Α</strong></span> <span class='ocrx_word' id='word_1_223' title='bbox 2139 1804 2180 1816; x_wconf 38' lang='lat' dir='ltr'><strong>ﬁ</strong></span> <span class='ocrx_word' id='word_1_224' title='bbox 2212 1742 2267 1789; x_wconf 59' lang='grc' dir='ltr'>οι</span> <span class='ocrx_word' id='word_1_225' title='bbox 2292 1740 2564 1788; x_wconf 60' lang='lat' dir='ltr'><strong>mereatur</strong></span> <span class='ocrx_word' id='word_1_226' title='bbox 2587 1731 2829 1787; x_wconf 52' lang='lat' dir='ltr'><strong>exaudiri</strong></span> <span class='ocrx_word' id='word_1_227' title='bbox 2860 1746 2961 1801; x_wconf 69' lang='lat' dir='ltr'><strong>pm</strong></span> <span class='ocrx_word' id='word_1_228' title='bbox 2991 1730 3164 1787; x_wconf 49' lang='lat' dir='ltr'><strong>salute</strong></span> <span class='ocrx_word' id='word_1_229' title='bbox 3190 1731 3426 1787; x_wconf 51' lang='lat' dir='ltr'><strong>ium.</strong></span> <span class='ocrx_word' id='word_1_230' title='bbox 3461 1728 3584 1788; x_wconf 48' lang='lat' dir='ltr'><strong>mn</strong></span> <span class='ocrx_word' id='word_1_231' title='bbox 3614 1744 3805 1789; x_wconf 60' lang='grc' dir='ltr'><strong>Μ</strong></span> 
     </span>
    </p>
   </div>
   <div class='ocr_carea' id='block_1_32' title="bbox 536 1804 2133 1906">
    <p class='ocr_par' dir='ltr' id='par_1_32' title="bbox 536 1804 2103 1906">
     <span class='ocr_line' id='line_1_32' title="bbox 536 1804 2103 1906; baseline -0.015 -16"><span class='ocrx_word' id='word_1_232' title='bbox 536 1804 677 1906; x_wconf 78' lang='lat' dir='ltr'><strong>quod</strong></span> <span class='ocrx_word' id='word_1_233' title='bbox 725 1839 848 1902; x_wconf 86' lang='lat' dir='ltr'><strong>post</strong></span> <span class='ocrx_word' id='word_1_234' title='bbox 896 1824 1252 1900; x_wconf 76' lang='lat' dir='ltr'><strong>przeeedeutia</strong></span> <span class='ocrx_word' id='word_1_235' title='bbox 1312 1818 1590 1890; x_wconf 80' lang='lat' dir='ltr'><strong>Evangelii</strong></span> <span class='ocrx_word' id='word_1_236' title='bbox 1646 1823 1942 1887; x_wconf 85' lang='lat' dir='ltr'><strong>sequantur</strong></span> <span class='ocrx_word' id='word_1_237' title='bbox 1994 1812 2103 1867; x_wconf 90' lang='lat' dir='ltr'><strong>illa.</strong></span> 
     </span>
    </p>
   </div>
   <div class='ocr_carea' id='block_1_33' title="bbox 2218 1804 3797 1906">
    <p class='ocr_par' dir='ltr' id='par_1_33' title="bbox 2218 1823 3797 1896">
     <span class='ocr_line' id='line_1_33' title="bbox 2218 1823 3797 1896; baseline -0.004 -13"><span class='ocrx_word' id='word_1_238' title='bbox 2218 1828 2498 1883; x_wconf 87' lang='lat' dir='ltr'><strong>dicendum</strong></span> <span class='ocrx_word' id='word_1_239' title='bbox 2540 1834 2623 1881; x_wconf 82' lang='lat' dir='ltr'><strong>est</strong></span> <span class='ocrx_word' id='word_1_240' title='bbox 2651 1840 2687 1880; x_wconf 66' lang='lat' dir='ltr'><strong>a&#39;</strong></span> <span class='ocrx_word' id='word_1_241' title='bbox 2713 1826 2994 1880; x_wconf 79' lang='lat' dir='ltr'><strong>Sacerdote</strong></span> <span class='ocrx_word' id='word_1_242' title='bbox 3036 1838 3159 1881; x_wconf 88' lang='lat' dir='ltr'><strong>cum</strong></span> <span class='ocrx_word' id='word_1_243' title='bbox 3202 1825 3465 1882; x_wconf 84' lang='lat' dir='ltr'><strong>silentio:</strong></span> <span class='ocrx_word' id='word_1_244' title='bbox 3502 1823 3670 1881; x_wconf 80' lang='lat' dir='ltr'><strong>Orate</strong></span> <span class='ocrx_word' id='word_1_245' title='bbox 3705 1842 3797 1896; x_wconf 81' lang='lat' dir='ltr'><strong>pro</strong></span> 
     </span>
    </p>
   </div>
   <div class='ocr_carea' id='block_1_34' title="bbox 535 1908 2109 1997">
    <p class='ocr_par' dir='ltr' id='par_1_34' title="bbox 535 1908 2109 1997">
     <span class='ocr_line' id='line_1_34' title="bbox 535 1908 2109 1997; baseline -0.016 -12"><span class='ocrx_word' id='word_1_246' title='bbox 535 1928 690 1986; x_wconf 83' lang='lat' dir='ltr'><strong>Unde</strong></span> <span class='ocrx_word' id='word_1_247' title='bbox 738 1923 953 1997; x_wconf 88' lang='lat' dir='ltr'><strong>quando</strong></span> <span class='ocrx_word' id='word_1_248' title='bbox 996 1920 1208 1976; x_wconf 89' lang='lat' dir='ltr'><strong>initium</strong></span> <span class='ocrx_word' id='word_1_249' title='bbox 1249 1915 1477 1985; x_wconf 79' lang='lat' dir='ltr'><strong>alicujus</strong></span> <span class='ocrx_word' id='word_1_250' title='bbox 1513 1910 1853 1983; x_wconf 58' lang='lat' dir='ltr'><strong>evangelista</strong></span> <span class='ocrx_word' id='word_1_251' title='bbox 1892 1908 2109 1979; x_wconf 80' lang='lat' dir='ltr'><strong>legitur,</strong></span> 
     </span>
    </p>
   </div>
   <div class='ocr_carea' id='block_1_35' title="bbox 535 2004 2115 2086">
    <p class='ocr_par' dir='ltr' id='par_1_35' title="bbox 535 2004 2115 2086">
     <span class='ocr_line' id='line_1_35' title="bbox 535 2004 2115 2086; baseline -0.016 -10"><span class='ocrx_word' id='word_1_252' title='bbox 535 2035 641 2076; x_wconf 91' lang='lat' dir='ltr'><strong>non</strong></span> <span class='ocrx_word' id='word_1_253' title='bbox 670 2019 800 2073; x_wconf 88' lang='lat' dir='ltr'><strong>dicit</strong></span> <span class='ocrx_word' id='word_1_254' title='bbox 822 2015 1124 2086; x_wconf 79' lang='lat' dir='ltr'><strong>Sequentta,</strong></span> <span class='ocrx_word' id='word_1_255' title='bbox 1165 2010 1260 2066; x_wconf 90' lang='lat' dir='ltr'><strong>sed</strong></span> <span class='ocrx_word' id='word_1_256' title='bbox 1302 2007 1540 2062; x_wconf 82' lang='lat' dir='ltr'><strong>Initium.</strong></span> <span class='ocrx_word' id='word_1_257' title='bbox 1584 2004 1793 2059; x_wconf 85' lang='lat' dir='ltr'><strong>idcirco</strong></span> <span class='ocrx_word' id='word_1_258' title='bbox 1824 2010 2000 2055; x_wconf 90' lang='lat' dir='ltr'><strong>autem</strong></span> <span class='ocrx_word' id='word_1_259' title='bbox 2029 2013 2115 2053; x_wconf 85' lang='lat' dir='ltr'><strong>se-</strong></span> 
     </span>
    </p>
   </div>
   <div class='ocr_carea' id='block_1_36' title="bbox 534 2089 2119 2170">
    <p class='ocr_par' dir='ltr' id='par_1_36' title="bbox 534 2089 2119 2170">
     <span class='ocr_line' id='line_1_36' title="bbox 534 2089 2119 2170; baseline -0.015 -2"><span class='ocrx_word' id='word_1_260' title='bbox 534 2113 769 2169; x_wconf 86' lang='lat' dir='ltr'><strong>cundum</strong></span> <span class='ocrx_word' id='word_1_261' title='bbox 820 2108 1155 2170; x_wconf 67' lang='lat' dir='ltr'><strong>Matthaanm,</strong></span> <span class='ocrx_word' id='word_1_262' title='bbox 1207 2108 1301 2157; x_wconf 89' lang='lat' dir='ltr'><strong>aut</strong></span> <span class='ocrx_word' id='word_1_263' title='bbox 1333 2100 1595 2164; x_wconf 78' lang='lat' dir='ltr'><strong>Marcum,</strong></span> <span class='ocrx_word' id='word_1_264' title='bbox 1643 2106 1738 2151; x_wconf 88' lang='lat' dir='ltr'><strong>aut</strong></span> <span class='ocrx_word' id='word_1_265' title='bbox 1770 2095 1987 2155; x_wconf 85' lang='lat' dir='ltr'><strong>Lucam,</strong></span> <span class='ocrx_word' id='word_1_266' title='bbox 2028 2089 2119 2146; x_wconf 89' lang='lat' dir='ltr'><strong>vel</strong></span> 
     </span>
    </p>
   </div>
   <div class='ocr_carea' id='block_1_37' title="bbox 533 2188 2111 2267">
    <p class='ocr_par' dir='ltr' id='par_1_37' title="bbox 533 2188 2111 2267">
     <span class='ocr_line' id='line_1_37' title="bbox 533 2188 2111 2267; baseline -0.013 -7"><span class='ocrx_word' id='word_1_267' title='bbox 533 2203 816 2267; x_wconf 81' lang='lat' dir='ltr'><strong>Joannem,</strong></span> <span class='ocrx_word' id='word_1_268' title='bbox 848 2210 907 2255; x_wconf 91' lang='lat' dir='ltr'><strong>ut</strong></span> <span class='ocrx_word' id='word_1_269' title='bbox 944 2200 1169 2262; x_wconf 73' lang='lat' dir='ltr'><strong>sciatur,</strong></span> <span class='ocrx_word' id='word_1_270' title='bbox 1195 2196 1490 2252; x_wconf 89' lang='lat' dir='ltr'><strong>secundum</strong></span> <span class='ocrx_word' id='word_1_271' title='bbox 1522 2207 1680 2263; x_wconf 85' lang='lat' dir='ltr'><strong>quem</strong></span> <span class='ocrx_word' id='word_1_272' title='bbox 1723 2188 2111 2261; x_wconf 42' lang='lat' dir='ltr'><strong>evangelistam</strong></span> 
     </span>
    </p>
   </div>
   <div class='ocr_carea' id='block_1_38' title="bbox 535 2277 2115 2361">
    <p class='ocr_par' dir='ltr' id='par_1_38' title="bbox 535 2277 2115 2361">
     <span class='ocr_line' id='line_1_38' title="bbox 535 2277 2115 2361; baseline -0.013 -11"><span class='ocrx_word' id='word_1_273' title='bbox 535 2295 695 2350; x_wconf 78' lang='lat' dir='ltr'><strong>lectio</strong></span> <span class='ocrx_word' id='word_1_274' title='bbox 721 2292 807 2346; x_wconf 89' lang='lat' dir='ltr'><strong>illa</strong></span> <span class='ocrx_word' id='word_1_275' title='bbox 838 2290 1062 2361; x_wconf 81' lang='lat' dir='ltr'><strong>legatur.</strong></span> <span class='ocrx_word' id='word_1_276' title='bbox 1106 2286 1292 2342; x_wconf 87' lang='lat' dir='ltr'><strong>Potest</strong></span> <span class='ocrx_word' id='word_1_277' title='bbox 1314 2293 1368 2339; x_wconf 90' lang='lat' dir='ltr'><strong>et</strong></span> <span class='ocrx_word' id='word_1_278' title='bbox 1398 2284 1469 2337; x_wconf 88' lang='lat' dir='ltr'><strong>ita</strong></span> <span class='ocrx_word' id='word_1_279' title='bbox 1511 2282 1769 2350; x_wconf 83' lang='lat' dir='ltr'><strong>intelligi,</strong></span> <span class='ocrx_word' id='word_1_280' title='bbox 1813 2280 1956 2349; x_wconf 87' lang='lat' dir='ltr'><strong>quod</strong></span> <span class='ocrx_word' id='word_1_281' title='bbox 1984 2277 2115 2331; x_wconf 88' lang='lat' dir='ltr'><strong>dicit</strong></span> 
     </span>
    </p>
   </div>
   <div class='ocr_carea' id='block_1_39' title="bbox 538 2371 2111 2456">
    <p class='ocr_par' dir='ltr' id='par_1_39' title="bbox 538 2371 2111 2456">
     <span class='ocr_line' id='line_1_39' title="bbox 538 2371 2111 2456; baseline -0.013 -15"><span class='ocrx_word' id='word_1_282' title='bbox 538 2383 831 2456; x_wconf 60' lang='lat' dir='ltr'><strong>Sequenda.</strong></span> <span class='ocrx_word' id='word_1_283' title='bbox 870 2390 926 2434; x_wconf 89' lang='lat' dir='ltr'><strong>ut</strong></span> <span class='ocrx_word' id='word_1_284' title='bbox 955 2396 1019 2436; x_wconf 90' lang='lat' dir='ltr'><strong>ea</strong></span> <span class='ocrx_word' id='word_1_285' title='bbox 1062 2393 1182 2448; x_wconf 52' lang='lat' dir='ltr'><strong>qua),</strong></span> <span class='ocrx_word' id='word_1_286' title='bbox 1209 2382 1508 2446; x_wconf 84' lang='lat' dir='ltr'><strong>sequuntur</strong></span> <span class='ocrx_word' id='word_1_287' title='bbox 1549 2379 1670 2441; x_wconf 88' lang='lat' dir='ltr'><strong>post</strong></span> <span class='ocrx_word' id='word_1_288' title='bbox 1711 2371 2111 2434; x_wconf 79' lang='lat' dir='ltr'><strong>salutationem,</strong></span> 
     </span>
    </p>
   </div>
   <div class='ocr_carea' id='block_1_40' title="bbox 538 2462 2116 2534">
    <p class='ocr_par' dir='ltr' id='par_1_40' title="bbox 538 2462 2116 2534">
     <span class='ocr_line' id='line_1_40' title="bbox 538 2462 2116 2534; baseline -0.011 -1"><span class='ocrx_word' id='word_1_289' title='bbox 538 2477 591 2533; x_wconf 91' lang='lat' dir='ltr'><strong>in</strong></span> <span class='ocrx_word' id='word_1_290' title='bbox 626 2474 715 2530; x_wconf 91' lang='lat' dir='ltr'><strong>illa</strong></span> <span class='ocrx_word' id='word_1_291' title='bbox 747 2472 980 2529; x_wconf 83' lang='lat' dir='ltr'><strong>lectione</strong></span> <span class='ocrx_word' id='word_1_292' title='bbox 1015 2467 1309 2524; x_wconf 76' lang='lat' dir='ltr'><strong>secundum</strong></span> <span class='ocrx_word' id='word_1_293' title='bbox 1341 2466 1486 2521; x_wconf 91' lang='lat' dir='ltr'><strong>illum</strong></span> <span class='ocrx_word' id='word_1_294' title='bbox 1518 2464 1897 2534; x_wconf 77' lang='lat' dir='ltr'><strong>evangelistam</strong></span> <span class='ocrx_word' id='word_1_295' title='bbox 1943 2462 2116 2517; x_wconf 85' lang='lat' dir='ltr'><strong>conti-</strong></span> 
     </span>
    </p>
   </div>
   <div class='ocr_carea' id='block_1_41' title="bbox 536 2553 2116 2631">
    <p class='ocr_par' dir='ltr' id='par_1_41' title="bbox 536 2553 2116 2631">
     <span class='ocr_line' id='line_1_41' title="bbox 536 2553 2116 2631; baseline -0.009 -8"><span class='ocrx_word' id='word_1_296' title='bbox 536 2574 787 2623; x_wconf 86' lang='lat' dir='ltr'><strong>ncantur.</strong></span> <span class='ocrx_word' id='word_1_297' title='bbox 822 2562 958 2618; x_wconf 85' lang='lat' dir='ltr'><strong>Hinc</strong></span> <span class='ocrx_word' id='word_1_298' title='bbox 984 2558 1230 2631; x_wconf 80' lang='lat' dir='ltr'><strong>sequitur</strong></span> <span class='ocrx_word' id='word_1_299' title='bbox 1255 2555 1623 2627; x_wconf 81' lang='lat' dir='ltr'><strong>Evangelium,</strong></span> <span class='ocrx_word' id='word_1_300' title='bbox 1669 2557 1810 2625; x_wconf 83' lang='lat' dir='ltr'><strong>quod</strong></span> <span class='ocrx_word' id='word_1_301' title='bbox 1836 2555 1900 2611; x_wconf 91' lang='lat' dir='ltr'><strong>de</strong></span> <span class='ocrx_word' id='word_1_302' title='bbox 1927 2553 2116 2609; x_wconf 58' lang='lat' dir='ltr'><strong>Caeco</strong></span> 
     </span>
    </p>
   </div>
   <div class='ocr_carea' id='block_1_42' title="bbox 540 2647 2118 2719">
    <p class='ocr_par' dir='ltr' id='par_1_42' title="bbox 540 2647 2118 2719">
     <span class='ocr_line' id='line_1_42' title="bbox 540 2647 2118 2719; baseline -0.009 -4"><span class='ocrx_word' id='word_1_303' title='bbox 540 2660 596 2715; x_wconf 86' lang='lat' dir='ltr'><strong>in</strong></span> <span class='ocrx_word' id='word_1_304' title='bbox 624 2658 895 2719; x_wconf 85' lang='lat' dir='ltr'><strong>Latinum,</strong></span> <span class='ocrx_word' id='word_1_305' title='bbox 924 2661 1079 2709; x_wconf 87' lang='lat' dir='ltr'><strong>sonat</strong></span> <span class='ocrx_word' id='word_1_306' title='bbox 1102 2653 1300 2706; x_wconf 87' lang='lat' dir='ltr'><strong>bonum</strong></span> <span class='ocrx_word' id='word_1_307' title='bbox 1330 2649 1596 2704; x_wconf 90' lang='lat' dir='ltr'><strong>nuntium.</strong></span> <span class='ocrx_word' id='word_1_308' title='bbox 1631 2647 1695 2701; x_wconf 83' lang='lat' dir='ltr'><strong>Et</strong></span> <span class='ocrx_word' id='word_1_309' title='bbox 1726 2648 1868 2717; x_wconf 90' lang='lat' dir='ltr'><strong>quod</strong></span> <span class='ocrx_word' id='word_1_310' title='bbox 1894 2653 1977 2701; x_wconf 86' lang='lat' dir='ltr'><strong>est</strong></span> <span class='ocrx_word' id='word_1_311' title='bbox 2005 2660 2118 2701; x_wconf 84' lang='lat' dir='ltr'><strong>me-</strong></span> 
     </span>
    </p>
   </div>
   <div class='ocr_carea' id='block_1_43' title="bbox 539 2738 2123 2814">
    <p class='ocr_par' dir='ltr' id='par_1_43' title="bbox 539 2738 2123 2814">
     <span class='ocr_line' id='line_1_43' title="bbox 539 2738 2123 2814; baseline -0.011 -8"><span class='ocrx_word' id='word_1_312' title='bbox 539 2752 645 2807; x_wconf 87' lang='lat' dir='ltr'><strong>lius</strong></span> <span class='ocrx_word' id='word_1_313' title='bbox 678 2748 947 2805; x_wconf 88' lang='lat' dir='ltr'><strong>nuntinm.</strong></span> <span class='ocrx_word' id='word_1_314' title='bbox 994 2758 1155 2814; x_wconf 89' lang='lat' dir='ltr'><strong>quam</strong></span> <span class='ocrx_word' id='word_1_315' title='bbox 1200 2740 1342 2811; x_wconf 88' lang='lat' dir='ltr'><strong>istud</strong></span> <span class='ocrx_word' id='word_1_316' title='bbox 1379 2758 1392 2793; x_wconf 92' lang='lat'>:</span> <span class='ocrx_word' id='word_1_317' title='bbox 1425 2738 1791 2793; x_wconf 74' lang='lat' dir='ltr'><strong>Paenitentiam</strong></span> <span class='ocrx_word' id='word_1_318' title='bbox 1825 2738 1983 2807; x_wconf 80' lang='lat' dir='ltr'><strong>agite,</strong></span> <span class='ocrx_word' id='word_1_319' title='bbox 2023 2754 2123 2807; x_wconf 79' lang='lat' dir='ltr'><strong>ap—</strong></span> 
     </span>
    </p>
   </div>
   <div class='ocr_carea' id='block_1_44' title="bbox 536 2826 2113 2913">
    <p class='ocr_par' dir='ltr' id='par_1_44' title="bbox 536 2826 2113 2913">
     <span class='ocr_line' id='line_1_44' title="bbox 536 2826 2113 2913; baseline -0.009 -19"><span class='ocrx_word' id='word_1_320' title='bbox 536 2837 903 2913; x_wconf 82' lang='lat' dir='ltr'><strong>propinquabit</strong></span> <span class='ocrx_word' id='word_1_321' title='bbox 928 2835 1064 2890; x_wconf 84' lang='lat' dir='ltr'><strong>enim</strong></span> <span class='ocrx_word' id='word_1_322' title='bbox 1109 2847 1324 2904; x_wconf 80' lang='lat' dir='ltr'><strong>regnum</strong></span> <span class='ocrx_word' id='word_1_323' title='bbox 1353 2830 1599 2884; x_wconf 70' lang='lat' dir='ltr'><strong>caelorum</strong></span> <span class='ocrx_word' id='word_1_324' title='bbox 1640 2827 1852 2900; x_wconf 83' lang='lat' dir='ltr'><strong>(Matth.</strong></span> <span class='ocrx_word' id='word_1_325' title='bbox 1904 2842 1984 2891; x_wconf 86' lang='lat' dir='ltr'><strong>ill,</strong></span> <span class='ocrx_word' id='word_1_326' title='bbox 2016 2826 2071 2881; x_wconf 68' lang='lat' dir='ltr'><strong>Eii</strong></span> <span class='ocrx_word' id='word_1_327' title='bbox 2098 2845 2113 2893; x_wconf 88' lang='lat'><strong>;</strong></span> 
     </span>
    </p>
   </div>
   <div class='ocr_carea' id='block_1_45' title="bbox 538 2917 2117 3003">
    <p class='ocr_par' dir='ltr' id='par_1_45' title="bbox 538 2917 2117 3003">
     <span class='ocr_line' id='line_1_45' title="bbox 538 2917 2117 3003; baseline -0.01 -17"><span class='ocrx_word' id='word_1_328' title='bbox 538 2946 660 3003; x_wconf 72' lang='lat' dir='ltr'><strong>qua:</strong></span> <span class='ocrx_word' id='word_1_329' title='bbox 688 2930 743 2985; x_wconf 91' lang='lat' dir='ltr'><strong>in</strong></span> <span class='ocrx_word' id='word_1_330' title='bbox 776 2926 1065 2998; x_wconf 82' lang='lat' dir='ltr'><strong>Evangelio</strong></span> <span class='ocrx_word' id='word_1_331' title='bbox 1088 2924 1339 2979; x_wconf 90' lang='lat' dir='ltr'><strong>dicuntur</strong></span> <span class='ocrx_word' id='word_1_332' title='bbox 1364 2921 1430 2976; x_wconf 90' lang='lat' dir='ltr'><strong>de</strong></span> <span class='ocrx_word' id='word_1_333' title='bbox 1461 2920 1829 2975; x_wconf 74' lang='lat' dir='ltr'><strong>incarnatione</strong></span> <span class='ocrx_word' id='word_1_334' title='bbox 1852 2917 1973 2971; x_wconf 82' lang='lat' dir='ltr'><strong>Filii</strong></span> <span class='ocrx_word' id='word_1_335' title='bbox 1999 2917 2117 2993; x_wconf 84' lang='lat' dir='ltr'><strong>Dei,</strong></span> 
     </span>
    </p>
   </div>
   <div class='ocr_carea' id='block_1_46' title="bbox 538 3011 2115 3090">
    <p class='ocr_par' dir='ltr' id='par_1_46' title="bbox 538 3011 2115 3090">
     <span class='ocr_line' id='line_1_46' title="bbox 538 3011 2115 3090; baseline -0.011 -10"><span class='ocrx_word' id='word_1_336' title='bbox 538 3034 594 3081; x_wconf 89' lang='lat' dir='ltr'><strong>et</strong></span> <span class='ocrx_word' id='word_1_337' title='bbox 617 3025 680 3078; x_wconf 90' lang='lat' dir='ltr'><strong>dc</strong></span> <span class='ocrx_word' id='word_1_338' title='bbox 709 3020 825 3090; x_wconf 84' lang='lat' dir='ltr'><strong>eius</strong></span> <span class='ocrx_word' id='word_1_339' title='bbox 856 3017 1149 3079; x_wconf 89' lang='lat' dir='ltr'><strong>miraculis,</strong></span> <span class='ocrx_word' id='word_1_340' title='bbox 1181 3014 1581 3086; x_wconf 75' lang='lat' dir='ltr'><strong>pnedicatione,</strong></span> <span class='ocrx_word' id='word_1_341' title='bbox 1614 3020 1670 3067; x_wconf 90' lang='lat' dir='ltr'><strong>et</strong></span> <span class='ocrx_word' id='word_1_342' title='bbox 1696 3011 2115 3075; x_wconf 73' lang='lat' dir='ltr'><strong>resurrectione,</strong></span> 
     </span>
    </p>
   </div>
   <div class='ocr_carea' id='block_1_47' title="bbox 540 3104 2117 3185">
    <p class='ocr_par' dir='ltr' id='par_1_47' title="bbox 540 3104 2117 3185">
     <span class='ocr_line' id='line_1_47' title="bbox 540 3104 2117 3185; baseline -0.009 -16"><span class='ocrx_word' id='word_1_343' title='bbox 540 3123 699 3185; x_wconf 89' lang='lat' dir='ltr'><strong>atque</strong></span> <span class='ocrx_word' id='word_1_344' title='bbox 734 3112 1071 3172; x_wconf 86' lang='lat' dir='ltr'><strong>ascensione,</strong></span> <span class='ocrx_word' id='word_1_345' title='bbox 1113 3109 1178 3163; x_wconf 90' lang='lat' dir='ltr'><strong>de</strong></span> <span class='ocrx_word' id='word_1_346' title='bbox 1224 3106 1393 3176; x_wconf 82' lang='lat' dir='ltr'><strong>gloria</strong></span> <span class='ocrx_word' id='word_1_347' title='bbox 1435 3120 1650 3175; x_wconf 90' lang='lat' dir='ltr'><strong>quoque</strong></span> <span class='ocrx_word' id='word_1_348' title='bbox 1699 3104 2014 3165; x_wconf 87' lang='lat' dir='ltr'><strong>electorum,</strong></span> <span class='ocrx_word' id='word_1_349' title='bbox 2063 3112 2117 3156; x_wconf 89' lang='lat' dir='ltr'><strong>et</strong></span> 
     </span>
    </p>
   </div>
   <div class='ocr_carea' id='block_1_48' title="bbox 2212 1916 3797 1987">
    <p class='ocr_par' dir='ltr' id='par_1_48' title="bbox 2212 1916 3797 1987">
     <span class='ocr_line' id='line_1_48' title="bbox 2212 1916 3797 1987; baseline -0.001 -16"><span class='ocrx_word' id='word_1_350' title='bbox 2212 1934 2313 1983; x_wconf 88' lang='lat' dir='ltr'><strong>me,</strong></span> <span class='ocrx_word' id='word_1_351' title='bbox 2356 1916 2568 1987; x_wconf 80' lang='lat' dir='ltr'><strong>fratres,</strong></span> <span class='ocrx_word' id='word_1_352' title='bbox 2592 1925 2647 1969; x_wconf 89' lang='lat' dir='ltr'><strong>ut</strong></span> <span class='ocrx_word' id='word_1_353' title='bbox 2682 1930 2856 1969; x_wconf 84' lang='lat' dir='ltr'><strong>meum</strong></span> <span class='ocrx_word' id='word_1_354' title='bbox 2894 1917 3099 1987; x_wconf 81' lang='lat' dir='ltr'><strong>pariter</strong></span> <span class='ocrx_word' id='word_1_355' title='bbox 3134 1925 3181 1970; x_wconf 88' lang='lat' dir='ltr'><strong>et</strong></span> <span class='ocrx_word' id='word_1_356' title='bbox 3209 1927 3435 1972; x_wconf 73' lang='lat' dir='ltr'><strong>oestrum</strong></span> <span class='ocrx_word' id='word_1_357' title='bbox 3472 1916 3797 1984; x_wconf 70' lang='lat' dir='ltr'><strong>sacriﬁcium</strong></span> 
     </span>
    </p>
   </div>
   <div class='ocr_carea' id='block_1_49' title="bbox 2213 2005 3794 2079">
    <p class='ocr_par' dir='ltr' id='par_1_49' title="bbox 2213 2005 3794 2079">
     <span class='ocr_line' id='line_1_49' title="bbox 2213 2005 3794 2079; baseline 0.003 -18"><span class='ocrx_word' id='word_1_358' title='bbox 2213 2016 2477 2079; x_wconf 68' lang='lat' dir='ltr'><strong>acceptum</strong></span> <span class='ocrx_word' id='word_1_359' title='bbox 2520 2007 2587 2062; x_wconf 79' lang='lat' dir='ltr'><strong>sit</strong></span> <span class='ocrx_word' id='word_1_360' title='bbox 2630 2006 2875 2062; x_wconf 82' lang='lat' dir='ltr'><strong>Domino.</strong></span> <span class='ocrx_word' id='word_1_361' title='bbox 2932 2005 3219 2062; x_wconf 85' lang='lat' dir='ltr'><strong>Acclinans</strong></span> <span class='ocrx_word' id='word_1_362' title='bbox 3261 2021 3392 2079; x_wconf 77' lang='lat' dir='ltr'><strong>ergo</strong></span> <span class='ocrx_word' id='word_1_363' title='bbox 3431 2021 3495 2061; x_wconf 90' lang='lat' dir='ltr'><strong>se</strong></span> <span class='ocrx_word' id='word_1_364' title='bbox 3544 2009 3794 2078; x_wconf 86' lang='lat' dir='ltr'><strong>populus.</strong></span> 
     </span>
    </p>
   </div>
   <div class='ocr_carea' id='block_1_50' title="bbox 2213 2098 3801 2165">
    <p class='ocr_par' dir='ltr' id='par_1_50' title="bbox 2213 2098 3801 2165">
     <span class='ocr_line' id='line_1_50' title="bbox 2213 2098 3801 2165; baseline -0.003 -9"><span class='ocrx_word' id='word_1_365' title='bbox 2213 2116 2371 2157; x_wconf 86' lang='lat' dir='ltr'><strong>orare</strong></span> <span class='ocrx_word' id='word_1_366' title='bbox 2399 2101 2556 2156; x_wconf 85' lang='lat' dir='ltr'><strong>debet</strong></span> <span class='ocrx_word' id='word_1_367' title='bbox 2579 2101 2653 2155; x_wconf 89' lang='lat' dir='ltr'><strong>ita</strong></span> <span class='ocrx_word' id='word_1_368' title='bbox 2687 2117 2700 2153; x_wconf 91' lang='lat'><strong>:</strong></span> <span class='ocrx_word' id='word_1_369' title='bbox 2735 2099 2815 2153; x_wconf 87' lang='lat' dir='ltr'><strong>Sit</strong></span> <span class='ocrx_word' id='word_1_370' title='bbox 2857 2098 3114 2154; x_wconf 84' lang='lat' dir='ltr'><strong>Dominus</strong></span> <span class='ocrx_word' id='word_1_371' title='bbox 3150 2100 3207 2154; x_wconf 87' lang='lat' dir='ltr'><strong>in</strong></span> <span class='ocrx_word' id='word_1_372' title='bbox 3234 2098 3392 2153; x_wconf 79' lang='lat' dir='ltr'><strong>corde</strong></span> <span class='ocrx_word' id='word_1_373' title='bbox 3414 2110 3531 2165; x_wconf 67' lang='lat' dir='ltr'><strong>tuo,</strong></span> <span class='ocrx_word' id='word_1_374' title='bbox 3559 2109 3609 2153; x_wconf 79' lang='lat' dir='ltr'><strong>et</strong></span> <span class='ocrx_word' id='word_1_375' title='bbox 3633 2100 3689 2153; x_wconf 79' lang='lat' dir='ltr'><strong>in</strong></span> <span class='ocrx_word' id='word_1_376' title='bbox 3714 2115 3801 2152; x_wconf 79' lang='lat' dir='ltr'><strong>ore</strong></span> 
     </span>
    </p>
   </div>
   <div class='ocr_carea' id='block_1_51' title="bbox 2214 2190 3796 2264">
    <p class='ocr_par' dir='ltr' id='par_1_51' title="bbox 2214 2190 3796 2264">
     <span class='ocr_line' id='line_1_51' title="bbox 2214 2190 3796 2264; baseline -0.003 -16"><span class='ocrx_word' id='word_1_377' title='bbox 2214 2204 2323 2257; x_wconf 87' lang='lat' dir='ltr'><strong>tuo,</strong></span> <span class='ocrx_word' id='word_1_378' title='bbox 2357 2203 2403 2248; x_wconf 87' lang='lat' dir='ltr'><strong>et</strong></span> <span class='ocrx_word' id='word_1_379' title='bbox 2427 2193 2679 2264; x_wconf 82' lang='lat' dir='ltr'><strong>suscipiat</strong></span> <span class='ocrx_word' id='word_1_380' title='bbox 2703 2190 3023 2262; x_wconf 76' lang='lat' dir='ltr'><strong>sacriﬁcium</strong></span> <span class='ocrx_word' id='word_1_381' title='bbox 3058 2191 3161 2246; x_wconf 79' lang='lat' dir='ltr'><strong>sibi</strong></span> <span class='ocrx_word' id='word_1_382' title='bbox 3185 2201 3453 2263; x_wconf 76' lang='lat' dir='ltr'><strong>acceptam</strong></span> <span class='ocrx_word' id='word_1_383' title='bbox 3484 2192 3557 2246; x_wconf 77' lang='lat' dir='ltr'><strong>de</strong></span> <span class='ocrx_word' id='word_1_384' title='bbox 3584 2207 3673 2245; x_wconf 77' lang='lat' dir='ltr'><strong>ore</strong></span> <span class='ocrx_word' id='word_1_385' title='bbox 3709 2202 3796 2244; x_wconf 74' lang='lat' dir='ltr'><strong>tu</strong></span> 
     </span>
    </p>
   </div>
   <div class='ocr_carea' id='block_1_52' title="bbox 2213 2282 3792 2356">
    <p class='ocr_par' dir='ltr' id='par_1_52' title="bbox 2213 2282 3792 2356">
     <span class='ocr_line' id='line_1_52' title="bbox 2213 2282 3792 2356; baseline -0.005 -13"><span class='ocrx_word' id='word_1_386' title='bbox 2213 2297 2263 2343; x_wconf 88' lang='lat' dir='ltr'><strong>et</strong></span> <span class='ocrx_word' id='word_1_387' title='bbox 2292 2287 2356 2341; x_wconf 84' lang='lat' dir='ltr'><strong>de</strong></span> <span class='ocrx_word' id='word_1_388' title='bbox 2404 2287 2645 2341; x_wconf 82' lang='lat' dir='ltr'><strong>manibus</strong></span> <span class='ocrx_word' id='word_1_389' title='bbox 2692 2286 2797 2339; x_wconf 80' lang='lat' dir='ltr'><strong>tuis</strong></span> <span class='ocrx_word' id='word_1_390' title='bbox 2842 2301 2935 2356; x_wconf 83' lang='lat' dir='ltr'><strong>pro</strong></span> <span class='ocrx_word' id='word_1_391' title='bbox 2982 2292 3162 2340; x_wconf 81' lang='lat' dir='ltr'><strong>nostra</strong></span> <span class='ocrx_word' id='word_1_392' title='bbox 3217 2284 3554 2355; x_wconf 60' lang='lat' dir='ltr'><strong>omniumque:</strong></span> <span class='ocrx_word' id='word_1_393' title='bbox 3612 2282 3792 2344; x_wconf 55' lang='lat' dir='ltr'><strong>salute,</strong></span> 
     </span>
    </p>
   </div>
   <div class='ocr_carea' id='block_1_53' title="bbox 2215 2373 3791 2434">
    <p class='ocr_par' dir='ltr' id='par_1_53' title="bbox 2215 2373 3791 2434">
     <span class='ocr_line' id='line_1_53' title="bbox 2215 2373 3791 2434; baseline -0.006 -1"><span class='ocrx_word' id='word_1_394' title='bbox 2215 2379 2394 2434; x_wconf 81' lang='lat' dir='ltr'><strong>Amen.</strong></span> <span class='ocrx_word' id='word_1_395' title='bbox 2431 2379 2525 2433; x_wconf 83' lang='lat' dir='ltr'><strong>Vel</strong></span> <span class='ocrx_word' id='word_1_396' title='bbox 2550 2379 2652 2432; x_wconf 81' lang='lat' dir='ltr'><strong>hoc</strong></span> <span class='ocrx_word' id='word_1_397' title='bbox 2686 2378 2867 2432; x_wconf 84' lang='lat' dir='ltr'><strong>dicant</strong></span> <span class='ocrx_word' id='word_1_398' title='bbox 2892 2390 3080 2431; x_wconf 88' lang='lat' dir='ltr'><strong>omnes</strong></span> <span class='ocrx_word' id='word_1_399' title='bbox 3107 2393 3122 2429; x_wconf 92' lang='lat'><strong>:</strong></span> <span class='ocrx_word' id='word_1_400' title='bbox 3148 2373 3422 2430; x_wconf 69' lang='lat' dir='ltr'><strong>Exaudiat</strong></span> <span class='ocrx_word' id='word_1_401' title='bbox 3453 2383 3507 2428; x_wconf 86' lang='lat' dir='ltr'><strong>te</strong></span> <span class='ocrx_word' id='word_1_402' title='bbox 3536 2373 3791 2427; x_wconf 67' lang='lat' dir='ltr'><strong>nomine:</strong></span> 
     </span>
    </p>
   </div>
   <div class='ocr_carea' id='block_1_54' title="bbox 2213 2462 3797 2540">
    <p class='ocr_par' dir='ltr' id='par_1_54' title="bbox 2213 2462 3797 2540">
     <span class='ocr_line' id='line_1_54' title="bbox 2213 2462 3797 2540; baseline -0.006 -13"><span class='ocrx_word' id='word_1_403' title='bbox 2213 2473 2268 2527; x_wconf 84' lang='lat' dir='ltr'><strong>in</strong></span> <span class='ocrx_word' id='word_1_404' title='bbox 2297 2472 2381 2527; x_wconf 82' lang='lat' dir='ltr'><strong>die</strong></span> <span class='ocrx_word' id='word_1_405' title='bbox 2403 2469 2774 2537; x_wconf 69' lang='lat' dir='ltr'><strong>tribulationis,</strong></span> <span class='ocrx_word' id='word_1_406' title='bbox 2816 2477 3053 2540; x_wconf 75' lang='lat' dir='ltr'><strong>protegat</strong></span> <span class='ocrx_word' id='word_1_407' title='bbox 3075 2476 3125 2524; x_wconf 82' lang='lat' dir='ltr'><strong>te</strong></span> <span class='ocrx_word' id='word_1_408' title='bbox 3145 2480 3332 2524; x_wconf 71' lang='lat' dir='ltr'><strong>nomen</strong></span> <span class='ocrx_word' id='word_1_409' title='bbox 3361 2465 3463 2523; x_wconf 78' lang='lat' dir='ltr'><strong>Dei</strong></span> <span class='ocrx_word' id='word_1_410' title='bbox 3482 2462 3683 2530; x_wconf 71' lang='lat' dir='ltr'><strong>Iacob,</strong></span> <span class='ocrx_word' id='word_1_411' title='bbox 3713 2480 3797 2519; x_wconf 81' lang='lat' dir='ltr'><strong>us-</strong></span> 
     </span>
    </p>
   </div>
   <div class='ocr_carea' id='block_1_55' title="bbox 2214 2561 2699 2634">
    <p class='ocr_par' dir='ltr' id='par_1_55' title="bbox 2214 2561 2699 2634">
     <span class='ocr_line' id='line_1_55' title="bbox 2214 2561 2699 2634; baseline -0.006 -16"><span class='ocrx_word' id='word_1_412' title='bbox 2214 2576 2337 2634; x_wconf 85' lang='lat' dir='ltr'><strong>que,</strong></span> <span class='ocrx_word' id='word_1_413' title='bbox 2370 2563 2559 2632; x_wconf 78' lang='lat' dir='ltr'><strong>pingue</strong></span> <span class='ocrx_word' id='word_1_414' title='bbox 2585 2561 2699 2631; x_wconf 78' lang='lat' dir='ltr'><strong>ﬁat.</strong></span> 
     </span>
    </p>
   </div>
   <div class='ocr_carea' id='block_1_56' title="bbox 2286 2648 3795 2725">
    <p class='ocr_par' dir='ltr' id='par_1_56' title="bbox 2286 2648 3795 2725">
     <span class='ocr_line' id='line_1_56' title="bbox 2286 2648 3795 2725; baseline -0.004 -15"><span class='ocrx_word' id='word_1_415' title='bbox 2286 2654 2573 2724; x_wconf 81' lang='lat' dir='ltr'><strong>Corporale</strong></span> <span class='ocrx_word' id='word_1_416' title='bbox 2624 2653 2708 2709; x_wconf 87' lang='lat' dir='ltr'><strong>cui</strong></span> <span class='ocrx_word' id='word_1_417' title='bbox 2761 2652 3143 2725; x_wconf 87' lang='lat' dir='ltr'><strong>superponitur</strong></span> <span class='ocrx_word' id='word_1_418' title='bbox 3184 2665 3382 2723; x_wconf 87' lang='lat' dir='ltr'><strong>corpus</strong></span> <span class='ocrx_word' id='word_1_419' title='bbox 3432 2648 3795 2714; x_wconf 74' lang='lat' dir='ltr'><strong>Domnticum,</strong></span> 
     </span>
    </p>
   </div>
   <div class='ocr_carea' id='block_1_57' title="bbox 2217 2738 3797 2817">
    <p class='ocr_par' dir='ltr' id='par_1_57' title="bbox 2217 2738 3797 2817">
     <span class='ocr_line' id='line_1_57' title="bbox 2217 2738 3797 2817; baseline -0.007 -13"><span class='ocrx_word' id='word_1_420' title='bbox 2217 2762 2324 2804; x_wconf 76' lang='lat' dir='ltr'><strong>non</strong></span> <span class='ocrx_word' id='word_1_421' title='bbox 2356 2746 2503 2801; x_wconf 84' lang='lat' dir='ltr'><strong>aliud</strong></span> <span class='ocrx_word' id='word_1_422' title='bbox 2527 2762 2685 2817; x_wconf 90' lang='lat' dir='ltr'><strong>quam</strong></span> <span class='ocrx_word' id='word_1_423' title='bbox 2733 2745 2933 2800; x_wconf 80' lang='lat' dir='ltr'><strong>lineam</strong></span> <span class='ocrx_word' id='word_1_424' title='bbox 2980 2759 3100 2801; x_wconf 82' lang='lat' dir='ltr'><strong>esse</strong></span> <span class='ocrx_word' id='word_1_425' title='bbox 3142 2749 3371 2815; x_wconf 79' lang='lat' dir='ltr'><strong>oportet,</strong></span> <span class='ocrx_word' id='word_1_426' title='bbox 3414 2741 3683 2812; x_wconf 78' lang='lat' dir='ltr'><strong>quoniam</strong></span> <span class='ocrx_word' id='word_1_427' title='bbox 3709 2738 3797 2793; x_wconf 72' lang='lat' dir='ltr'><strong>Jo-</strong></span> 
     </span>
    </p>
   </div>
   <div class='ocr_carea' id='block_1_58' title="bbox 2218 2834 3798 2910">
    <p class='ocr_par' dir='ltr' id='par_1_58' title="bbox 2218 2834 3798 2910">
     <span class='ocr_line' id='line_1_58' title="bbox 2218 2834 3798 2910; baseline -0.004 -15"><span class='ocrx_word' id='word_1_428' title='bbox 2218 2842 2346 2910; x_wconf 84' lang='lat' dir='ltr'><strong>seph</strong></span> <span class='ocrx_word' id='word_1_429' title='bbox 2390 2840 2610 2893; x_wconf 91' lang='lat' dir='ltr'><strong>linteum</strong></span> <span class='ocrx_word' id='word_1_430' title='bbox 2662 2837 2917 2893; x_wconf 80' lang='lat' dir='ltr'><strong>mundum</strong></span> <span class='ocrx_word' id='word_1_431' title='bbox 2962 2836 3161 2909; x_wconf 69' lang='lat' dir='ltr'><strong>legitur</strong></span> <span class='ocrx_word' id='word_1_432' title='bbox 3201 2834 3419 2901; x_wconf 84' lang='lat' dir='ltr'><strong>emisse,</strong></span> <span class='ocrx_word' id='word_1_433' title='bbox 3462 2834 3569 2890; x_wconf 74' lang='lat' dir='ltr'><strong>ubi</strong></span> <span class='ocrx_word' id='word_1_434' title='bbox 3609 2846 3798 2903; x_wconf 68' lang='lat' dir='ltr'><strong>corpu</strong></span> 
     </span>
    </p>
   </div>
   <div class='ocr_carea' id='block_1_59' title="bbox 2219 2928 3795 3000">
    <p class='ocr_par' dir='ltr' id='par_1_59' title="bbox 2219 2928 3795 3000">
     <span class='ocr_line' id='line_1_59' title="bbox 2219 2928 3795 3000; baseline -0.004 -13"><span class='ocrx_word' id='word_1_435' title='bbox 2219 2930 2545 2987; x_wconf 85' lang='lat' dir='ltr'><strong>dominicum</strong></span> <span class='ocrx_word' id='word_1_436' title='bbox 2576 2930 2819 2986; x_wconf 83' lang='lat' dir='ltr'><strong>involvit.</strong></span> <span class='ocrx_word' id='word_1_437' title='bbox 2850 2928 2985 2984; x_wconf 81' lang='lat' dir='ltr'><strong>Nam</strong></span> <span class='ocrx_word' id='word_1_438' title='bbox 3024 2937 3079 2985; x_wconf 90' lang='lat' dir='ltr'><strong>et</strong></span> <span class='ocrx_word' id='word_1_439' title='bbox 3110 2929 3303 2996; x_wconf 80' lang='lat' dir='ltr'><strong>linum,</strong></span> <span class='ocrx_word' id='word_1_440' title='bbox 3340 2940 3547 3000; x_wconf 75' lang='lat' dir='ltr'><strong>parum</strong></span> <span class='ocrx_word' id='word_1_441' title='bbox 3582 2939 3795 2997; x_wconf 77' lang='lat' dir='ltr'><strong>germen</strong></span> 
     </span>
    </p>
   </div>
   <div class='ocr_carea' id='block_1_60' title="bbox 2218 3020 3797 3103">
    <p class='ocr_par' dir='ltr' id='par_1_60' title="bbox 2218 3020 3797 3103">
     <span class='ocr_line' id='line_1_60' title="bbox 2218 3020 3797 3103; baseline -0.001 -25"><span class='ocrx_word' id='word_1_442' title='bbox 2218 3032 2301 3103; x_wconf 66' lang='lat' dir='ltr'><strong>est</strong></span> <span class='ocrx_word' id='word_1_443' title='bbox 2330 3032 2522 3078; x_wconf 80' lang='lat' dir='ltr'><strong>terrae:</strong></span> <span class='ocrx_word' id='word_1_444' title='bbox 2553 3031 2607 3078; x_wconf 87' lang='lat' dir='ltr'><strong>et</strong></span> <span class='ocrx_word' id='word_1_445' title='bbox 2649 3023 2902 3078; x_wconf 87' lang='lat' dir='ltr'><strong>Dominus</strong></span> <span class='ocrx_word' id='word_1_446' title='bbox 2940 3037 3136 3093; x_wconf 88' lang='lat' dir='ltr'><strong>purum</strong></span> <span class='ocrx_word' id='word_1_447' title='bbox 3169 3030 3226 3078; x_wconf 89' lang='lat' dir='ltr'><strong>et</strong></span> <span class='ocrx_word' id='word_1_448' title='bbox 3253 3030 3671 3091; x_wconf 80' lang='lat' dir='ltr'><strong>verumcorpus</strong></span> <span class='ocrx_word' id='word_1_449' title='bbox 3709 3020 3797 3076; x_wconf 51' lang='lat' dir='ltr'><strong>ba»</strong></span> 
     </span>
    </p>
   </div>
   <div class='ocr_carea' id='block_1_61' title="bbox 2221 3114 3805 3183">
    <p class='ocr_par' dir='ltr' id='par_1_61' title="bbox 2221 3114 3805 3183">
     <span class='ocr_line' id='line_1_61' title="bbox 2221 3114 3805 3183; baseline -0.001 -13"><span class='ocrx_word' id='word_1_450' title='bbox 2221 3116 2356 3177; x_wconf 85' lang='lat' dir='ltr'><strong>buit,</strong></span> <span class='ocrx_word' id='word_1_451' title='bbox 2401 3130 2506 3170; x_wconf 91' lang='lat' dir='ltr'><strong>non</strong></span> <span class='ocrx_word' id='word_1_452' title='bbox 2534 3114 2860 3170; x_wconf 87' lang='lat' dir='ltr'><strong>simulatum.</strong></span> <span class='ocrx_word' id='word_1_453' title='bbox 2893 3115 2959 3170; x_wconf 85' lang='lat' dir='ltr'><strong>Et</strong></span> <span class='ocrx_word' id='word_1_454' title='bbox 2989 3117 3131 3172; x_wconf 88' lang='lat' dir='ltr'><strong>sicut</strong></span> <span class='ocrx_word' id='word_1_455' title='bbox 3154 3116 3321 3172; x_wconf 89' lang='lat' dir='ltr'><strong>linum</strong></span> <span class='ocrx_word' id='word_1_456' title='bbox 3354 3128 3458 3183; x_wconf 87' lang='lat' dir='ltr'><strong>per</strong></span> <span class='ocrx_word' id='word_1_457' title='bbox 3483 3115 3691 3170; x_wconf 81' lang='lat' dir='ltr'><strong>multos</strong></span> <span class='ocrx_word' id='word_1_458' title='bbox 3713 3128 3805 3169; x_wconf 77' lang='lat' dir='ltr'><strong>su-</strong></span> 
     </span>
    </p>
   </div>
   <div class='ocr_carea' id='block_1_62' title="bbox 543 3164 3799 3274">
    <p class='ocr_par' dir='ltr' id='par_1_62' title="bbox 543 3164 3799 3274">
     <span class='ocr_line' id='line_1_62' title="bbox 543 3164 3799 3274; baseline -0.005 -10"><span class='ocrx_word' id='word_1_459' title='bbox 543 3206 884 3264; x_wconf 88' lang='lat' dir='ltr'><strong>damnatione</strong></span> <span class='ocrx_word' id='word_1_460' title='bbox 941 3202 1341 3273; x_wconf 86' lang='lat' dir='ltr'><strong>reproborum?</strong></span> <span class='ocrx_word' id='word_1_461' title='bbox 1391 3200 1635 3255; x_wconf 62' lang='lat' dir='ltr'><strong>Perlc-cto</strong></span> <span class='ocrx_word' id='word_1_462' title='bbox 1674 3200 1970 3270; x_wconf 83' lang='lat' dir='ltr'><strong>evangelio,</strong></span> <span class='ocrx_word' id='word_1_463' title='bbox 2020 3198 2118 3253; x_wconf 87' lang='lat' dir='ltr'><strong>ite-</strong></span> <span class='ocrx_word' id='word_1_464' title='bbox 2146 3164 2193 3225; x_wconf 65' lang='grc' dir='ltr'><strong>Ο</strong></span> <span class='ocrx_word' id='word_1_465' title='bbox 2221 3203 2380 3260; x_wconf 81' lang='lat' dir='ltr'><strong>dores</strong></span> <span class='ocrx_word' id='word_1_466' title='bbox 2404 3205 2655 3274; x_wconf 78' lang='lat' dir='ltr'><strong>pervenit</strong></span> <span class='ocrx_word' id='word_1_467' title='bbox 2676 3205 2743 3259; x_wconf 81' lang='lat' dir='ltr'><strong>ad</strong></span> <span class='ocrx_word' id='word_1_468' title='bbox 2769 3206 3077 3268; x_wconf 66' lang='lat' dir='ltr'><strong>candorem,</strong></span> <span class='ocrx_word' id='word_1_469' title='bbox 3111 3204 3183 3259; x_wconf 71' lang='lat' dir='ltr'><strong>ita</strong></span> <span class='ocrx_word' id='word_1_470' title='bbox 3205 3164 3641 3259; x_wconf 66' lang='lat' dir='ltr'><strong>JesusrChrisms</strong></span> <span class='ocrx_word' id='word_1_471' title='bbox 3669 3203 3799 3258; x_wconf 65' lang='lat' dir='ltr'><strong>ml.-</strong></span> 
     </span>
    </p>
   </div>
   <div class='ocr_carea' id='block_1_63' title="bbox 450 3293 2119 3368">
    <p class='ocr_par' dir='ltr' id='par_1_63' title="bbox 450 3293 2119 3368">
     <span class='ocr_line' id='line_1_63' title="bbox 450 3293 2119 3368; baseline -0.005 -13"><span class='ocrx_word' id='word_1_472' title='bbox 450 3316 453 3321; x_wconf 78' lang='lat'>&#39;</span> <span class='ocrx_word' id='word_1_473' title='bbox 541 3316 662 3355; x_wconf 90' lang='lat' dir='ltr'><strong>rum</strong></span> <span class='ocrx_word' id='word_1_474' title='bbox 712 3314 770 3355; x_wconf 91' lang='lat' dir='ltr'><strong>se</strong></span> <span class='ocrx_word' id='word_1_475' title='bbox 823 3299 975 3368; x_wconf 84' lang='lat' dir='ltr'><strong>signo</strong></span> <span class='ocrx_word' id='word_1_476' title='bbox 1017 3296 1192 3351; x_wconf 90' lang='lat' dir='ltr'><strong>crucis</strong></span> <span class='ocrx_word' id='word_1_477' title='bbox 1237 3293 1464 3365; x_wconf 91' lang='lat' dir='ltr'><strong>populus</strong></span> <span class='ocrx_word' id='word_1_478' title='bbox 1509 3293 1720 3347; x_wconf 89' lang='lat' dir='ltr'><strong>munire</strong></span> <span class='ocrx_word' id='word_1_479' title='bbox 1770 3293 2006 3356; x_wconf 59' lang='lat' dir='ltr'><strong>icSPinat,</strong></span> <span class='ocrx_word' id='word_1_480' title='bbox 2060 3302 2119 3347; x_wconf 91' lang='lat' dir='ltr'><strong>ut</strong></span> 
     </span>
    </p>
   </div>
   <div class='ocr_carea' id='block_1_64' title="bbox 542 3384 2118 3462">
    <p class='ocr_par' dir='ltr' id='par_1_64' title="bbox 542 3384 2118 3462">
     <span class='ocr_line' id='line_1_64' title="bbox 542 3384 2118 3462; baseline -0.004 -17"><span class='ocrx_word' id='word_1_481' title='bbox 542 3392 684 3462; x_wconf 89' lang='lat' dir='ltr'><strong>quod</strong></span> <span class='ocrx_word' id='word_1_482' title='bbox 710 3406 777 3445; x_wconf 79' lang='lat' dir='ltr'><strong>ex</strong></span> <span class='ocrx_word' id='word_1_483' title='bbox 807 3388 1003 3444; x_wconf 89' lang='lat' dir='ltr'><strong>divinis</strong></span> <span class='ocrx_word' id='word_1_484' title='bbox 1030 3387 1256 3457; x_wconf 89' lang='lat' dir='ltr'><strong>eloquiis</strong></span> <span class='ocrx_word' id='word_1_485' title='bbox 1291 3387 1356 3441; x_wconf 90' lang='lat' dir='ltr'><strong>ad</strong></span> <span class='ocrx_word' id='word_1_486' title='bbox 1388 3384 1612 3440; x_wconf 88' lang='lat' dir='ltr'><strong>salutem</strong></span> <span class='ocrx_word' id='word_1_487' title='bbox 1639 3384 1898 3455; x_wconf 74' lang='lat' dir='ltr'><strong>percepit,</strong></span> <span class='ocrx_word' id='word_1_488' title='bbox 1940 3386 2118 3455; x_wconf 86' lang='lat' dir='ltr'><strong>signa-</strong></span> 
     </span>
    </p>
   </div>
   <div class='ocr_carea' id='block_1_65' title="bbox 542 3476 2117 3551">
    <p class='ocr_par' dir='ltr' id='par_1_65' title="bbox 542 3476 2117 3551">
     <span class='ocr_line' id='line_1_65' title="bbox 542 3476 2117 3551; baseline -0.003 -15"><span class='ocrx_word' id='word_1_489' title='bbox 542 3490 655 3536; x_wconf 90' lang='lat' dir='ltr'><strong>tum</strong></span> <span class='ocrx_word' id='word_1_490' title='bbox 687 3478 861 3551; x_wconf 86' lang='lat' dir='ltr'><strong>sigillo</strong></span> <span class='ocrx_word' id='word_1_491' title='bbox 904 3478 1104 3544; x_wconf 89' lang='lat' dir='ltr'><strong>crucis,</strong></span> <span class='ocrx_word' id='word_1_492' title='bbox 1137 3486 1297 3547; x_wconf 89' lang='lat' dir='ltr'><strong>atque</strong></span> <span class='ocrx_word' id='word_1_493' title='bbox 1340 3476 1602 3531; x_wconf 88' lang='lat' dir='ltr'><strong>munitum</strong></span> <span class='ocrx_word' id='word_1_494' title='bbox 1630 3483 1962 3545; x_wconf 82' lang='lat' dir='ltr'><strong>permaneat,</strong></span> <span class='ocrx_word' id='word_1_495' title='bbox 1995 3493 2062 3533; x_wconf 88' lang='lat' dir='ltr'><strong>ne</strong></span> <span class='ocrx_word' id='word_1_496' title='bbox 2087 3493 2117 3531; x_wconf 88' lang='lat' dir='ltr'><strong>a</strong></span> 
     </span>
    </p>
   </div>
   <div class='ocr_carea' id='block_1_66' title="bbox 540 3567 2043 3628">
    <p class='ocr_par' dir='ltr' id='par_1_66' title="bbox 540 3567 2043 3628">
     <span class='ocr_line' id='line_1_66' title="bbox 540 3567 2043 3628; baseline -0.005 0"><span class='ocrx_word' id='word_1_497' title='bbox 540 3573 811 3628; x_wconf 72' lang='lat' dir='ltr'><strong>mentibus</strong></span> <span class='ocrx_word' id='word_1_498' title='bbox 836 3584 1023 3625; x_wconf 90' lang='lat' dir='ltr'><strong>eorum</strong></span> <span class='ocrx_word' id='word_1_499' title='bbox 1052 3567 1313 3625; x_wconf 89' lang='lat' dir='ltr'><strong>diabolica</strong></span> <span class='ocrx_word' id='word_1_500' title='bbox 1345 3567 1534 3622; x_wconf 78' lang='lat' dir='ltr'><strong>fraude</strong></span> <span class='ocrx_word' id='word_1_501' title='bbox 1558 3567 1807 3621; x_wconf 87' lang='lat' dir='ltr'><strong>evacuari</strong></span> <span class='ocrx_word' id='word_1_502' title='bbox 1849 3567 2043 3621; x_wconf 77' lang='lat' dir='ltr'><strong>valeat.</strong></span> 
     </span>
    </p>
   </div>
   <div class='ocr_carea' id='block_1_67' title="bbox 611 3658 2118 3731">
    <p class='ocr_par' dir='ltr' id='par_1_67' title="bbox 611 3658 2118 3731">
     <span class='ocr_line' id='line_1_67' title="bbox 611 3658 2118 3731; baseline -0.003 -14"><span class='ocrx_word' id='word_1_503' title='bbox 611 3661 739 3718; x_wconf 86' lang='lat' dir='ltr'><strong>Post</strong></span> <span class='ocrx_word' id='word_1_504' title='bbox 778 3662 1061 3717; x_wconf 89' lang='lat' dir='ltr'><strong>recitatum</strong></span> <span class='ocrx_word' id='word_1_505' title='bbox 1110 3659 1445 3731; x_wconf 83' lang='lat' dir='ltr'><strong>evangelium</strong></span> <span class='ocrx_word' id='word_1_506' title='bbox 1494 3658 1688 3713; x_wconf 78' lang='lat' dir='ltr'><strong>iterant</strong></span> <span class='ocrx_word' id='word_1_507' title='bbox 1723 3659 1976 3713; x_wconf 84' lang='lat' dir='ltr'><strong>sacerdos</strong></span> <span class='ocrx_word' id='word_1_508' title='bbox 2026 3673 2118 3728; x_wconf 90' lang='lat' dir='ltr'><strong>po-</strong></span> 
     </span>
    </p>
   </div>
   <div class='ocr_carea' id='block_1_68' title="bbox 542 3750 2120 3827">
    <p class='ocr_par' dir='ltr' id='par_1_68' title="bbox 542 3750 2120 3827">
     <span class='ocr_line' id='line_1_68' title="bbox 542 3750 2120 3827; baseline -0.003 -16"><span class='ocrx_word' id='word_1_509' title='bbox 542 3756 725 3827; x_wconf 91' lang='lat' dir='ltr'><strong>pulum</strong></span> <span class='ocrx_word' id='word_1_510' title='bbox 753 3754 981 3820; x_wconf 86' lang='lat' dir='ltr'><strong>salutat,</strong></span> <span class='ocrx_word' id='word_1_511' title='bbox 1011 3769 1171 3809; x_wconf 89' lang='lat' dir='ltr'><strong>orans</strong></span> <span class='ocrx_word' id='word_1_512' title='bbox 1201 3752 1253 3807; x_wconf 92' lang='lat' dir='ltr'><strong>in</strong></span> <span class='ocrx_word' id='word_1_513' title='bbox 1284 3750 1535 3807; x_wconf 89' lang='lat' dir='ltr'><strong>cordibus</strong></span> <span class='ocrx_word' id='word_1_514' title='bbox 1564 3765 1749 3805; x_wconf 90' lang='lat' dir='ltr'><strong>eorum</strong></span> <span class='ocrx_word' id='word_1_515' title='bbox 1778 3753 1944 3806; x_wconf 84' lang='lat' dir='ltr'><strong>verba</strong></span> <span class='ocrx_word' id='word_1_516' title='bbox 1976 3751 2120 3807; x_wconf 83' lang='lat' dir='ltr'><strong>salu-</strong></span> 
     </span>
    </p>
   </div>
   <div class='ocr_carea' id='block_1_69' title="bbox 543 3844 2116 3918">
    <p class='ocr_par' dir='ltr' id='par_1_69' title="bbox 543 3844 2116 3918">
     <span class='ocr_line' id='line_1_69' title="bbox 543 3844 2116 3918; baseline -0.004 -14"><span class='ocrx_word' id='word_1_517' title='bbox 543 3850 629 3913; x_wconf 89' lang='lat' dir='ltr'><strong>tis,</strong></span> <span class='ocrx_word' id='word_1_518' title='bbox 658 3864 774 3918; x_wconf 71' lang='lat' dir='ltr'><strong>quze</strong></span> <span class='ocrx_word' id='word_1_519' title='bbox 802 3854 1158 3918; x_wconf 87' lang='lat' dir='ltr'><strong>perceperunt</strong></span> <span class='ocrx_word' id='word_1_520' title='bbox 1183 3860 1212 3900; x_wconf 90' lang='lat' dir='ltr'><strong>a</strong></span> <span class='ocrx_word' id='word_1_521' title='bbox 1245 3845 1488 3908; x_wconf 91' lang='lat' dir='ltr'><strong>Domino,</strong></span> <span class='ocrx_word' id='word_1_522' title='bbox 1529 3844 1862 3910; x_wconf 89' lang='lat' dir='ltr'><strong>conﬁrmari,</strong></span> <span class='ocrx_word' id='word_1_523' title='bbox 1897 3853 1951 3900; x_wconf 91' lang='lat' dir='ltr'><strong>et</strong></span> <span class='ocrx_word' id='word_1_524' title='bbox 1977 3844 2116 3899; x_wconf 88' lang='lat' dir='ltr'><strong>invi-</strong></span> 
     </span>
    </p>
   </div>
   <div class='ocr_carea' id='block_1_70' title="bbox 547 3935 2117 4008">
    <p class='ocr_par' dir='ltr' id='par_1_70' title="bbox 547 3935 2117 4008">
     <span class='ocr_line' id='line_1_70' title="bbox 547 3935 2117 4008; baseline -0.002 -13"><span class='ocrx_word' id='word_1_525' title='bbox 547 3948 619 3996; x_wconf 82' lang='lat' dir='ltr'><strong>tat</strong></span> <span class='ocrx_word' id='word_1_526' title='bbox 645 3940 792 3994; x_wconf 90' lang='lat' dir='ltr'><strong>illum</strong></span> <span class='ocrx_word' id='word_1_527' title='bbox 823 3955 1005 3994; x_wconf 88' lang='lat' dir='ltr'><strong>secum</strong></span> <span class='ocrx_word' id='word_1_528' title='bbox 1034 3938 1239 4008; x_wconf 87' lang='lat' dir='ltr'><strong>pariter</strong></span> <span class='ocrx_word' id='word_1_529' title='bbox 1281 3937 1346 3991; x_wconf 89' lang='lat' dir='ltr'><strong>ad</strong></span> <span class='ocrx_word' id='word_1_530' title='bbox 1377 3937 1701 4002; x_wconf 89' lang='lat' dir='ltr'><strong>orationem,</strong></span> <span class='ocrx_word' id='word_1_531' title='bbox 1728 3937 1913 3992; x_wconf 90' lang='lat' dir='ltr'><strong>dicens</strong></span> <span class='ocrx_word' id='word_1_532' title='bbox 1940 3952 1954 3991; x_wconf 89' lang='lat'><strong>:</strong></span> <span class='ocrx_word' id='word_1_533' title='bbox 1983 3935 2117 3992; x_wconf 86' lang='lat' dir='ltr'><strong>Ore-</strong></span> 
     </span>
    </p>
   </div>
   <div class='ocr_carea' id='block_1_71' title="bbox 479 4010 2121 4099">
    <p class='ocr_par' dir='ltr' id='par_1_71' title="bbox 479 4010 2121 4099">
     <span class='ocr_line' id='line_1_71' title="bbox 479 4010 2121 4099; baseline -0.001 -14"><span class='ocrx_word' id='word_1_534' title='bbox 544 4010 711 4085; x_wconf 56' lang='lat' dir='ltr'><strong>mus.’r</strong></span> <span class='ocrx_word' id='word_1_535' title='bbox 727 4028 832 4084; x_wconf 86' lang='lat' dir='ltr'><strong>Sed</strong></span> <span class='ocrx_word' id='word_1_536' title='bbox 862 4028 987 4083; x_wconf 86' lang='lat' dir='ltr'><strong>licet</strong></span> <span class='ocrx_word' id='word_1_537' title='bbox 1014 4028 1153 4098; x_wconf 91' lang='lat' dir='ltr'><strong>apud</strong></span> <span class='ocrx_word' id='word_1_538' title='bbox 1182 4041 1280 4082; x_wconf 89' lang='lat' dir='ltr'><strong>nos</strong></span> <span class='ocrx_word' id='word_1_539' title='bbox 1308 4033 1436 4081; x_wconf 89' lang='lat' dir='ltr'><strong>tunc</strong></span> <span class='ocrx_word' id='word_1_540' title='bbox 1470 4027 1695 4083; x_wconf 82' lang='lat' dir='ltr'><strong>collecta</strong></span> <span class='ocrx_word' id='word_1_541' title='bbox 1726 4028 1867 4082; x_wconf 88' lang='lat' dir='ltr'><strong>inter</strong></span> <span class='ocrx_word' id='word_1_542' title='bbox 1889 4042 2121 4099; x_wconf 82' lang='lat' dir='ltr'><strong>evange-</strong></span> 
     </span>
    </p>
   </div>
   <div class='ocr_carea' id='block_1_72' title="bbox 545 4106 2118 4188">
    <p class='ocr_par' dir='ltr' id='par_1_72' title="bbox 545 4106 2118 4188">
     <span class='ocr_line' id='line_1_72' title="bbox 545 4106 2118 4188; baseline 0.003 -17"><span class='ocrx_word' id='word_1_543' title='bbox 545 4118 675 4174; x_wconf 86' lang='lat' dir='ltr'><strong>lium</strong></span> <span class='ocrx_word' id='word_1_544' title='bbox 692 4106 758 4174; x_wconf 14' lang='lat' dir='ltr'><strong>‘et</strong></span> <span class='ocrx_word' id='word_1_545' title='bbox 783 4118 1109 4173; x_wconf 78' lang='lat' dir='ltr'><strong>oll‘erendam</strong></span> <span class='ocrx_word' id='word_1_546' title='bbox 1133 4133 1237 4172; x_wconf 91' lang='lat' dir='ltr'><strong>non</strong></span> <span class='ocrx_word' id='word_1_547' title='bbox 1264 4118 1494 4184; x_wconf 87' lang='lat' dir='ltr'><strong>dicatur,</strong></span> <span class='ocrx_word' id='word_1_548' title='bbox 1520 4120 1659 4188; x_wconf 88' lang='lat' dir='ltr'><strong>apud</strong></span> <span class='ocrx_word' id='word_1_549' title='bbox 1686 4116 1902 4175; x_wconf 74' lang='lat' dir='ltr'><strong>Gnecos</strong></span> <span class='ocrx_word' id='word_1_550' title='bbox 1941 4127 2118 4175; x_wconf 88' lang='lat' dir='ltr'><strong>tamen</strong></span> 
     </span>
    </p>
   </div>
   <div class='ocr_carea' id='block_1_73' title="bbox 546 4209 2121 4285">
    <p class='ocr_par' dir='ltr' id='par_1_73' title="bbox 546 4209 2121 4285">
     <span class='ocr_line' id='line_1_73' title="bbox 546 4209 2121 4285; baseline 0.002 -19"><span class='ocrx_word' id='word_1_551' title='bbox 546 4212 761 4266; x_wconf 88' lang='lat' dir='ltr'><strong>dicitur.</strong></span> <span class='ocrx_word' id='word_1_552' title='bbox 800 4209 878 4267; x_wconf 86' lang='lat' dir='ltr'><strong>Ita</strong></span> <span class='ocrx_word' id='word_1_553' title='bbox 918 4220 1096 4265; x_wconf 89' lang='lat' dir='ltr'><strong>autem</strong></span> <span class='ocrx_word' id='word_1_554' title='bbox 1143 4218 1319 4283; x_wconf 87' lang='lat' dir='ltr'><strong>potest</strong></span> <span class='ocrx_word' id='word_1_555' title='bbox 1364 4211 1589 4276; x_wconf 74' lang='lat' dir='ltr'><strong>intelligi</strong></span> <span class='ocrx_word' id='word_1_556' title='bbox 1631 4215 1923 4268; x_wconf 82' lang='lat' dir='ltr'><strong>secundum</strong></span> <span class='ocrx_word' id='word_1_557' title='bbox 1961 4214 2121 4285; x_wconf 84' lang='lat'><strong>500</strong></span> 
     </span>
    </p>
   </div>
   <div class='ocr_carea' id='block_1_74' title="bbox 545 4300 2121 4380">
    <p class='ocr_par' dir='ltr' id='par_1_74' title="bbox 545 4300 2121 4380">
     <span class='ocr_line' id='line_1_74' title="bbox 545 4300 2121 4380; baseline 0.005 -29"><span class='ocrx_word' id='word_1_558' title='bbox 545 4301 685 4369; x_wconf 91' lang='lat' dir='ltr'><strong>quod</strong></span> <span class='ocrx_word' id='word_1_559' title='bbox 718 4302 855 4370; x_wconf 88' lang='lat' dir='ltr'><strong>apud</strong></span> <span class='ocrx_word' id='word_1_560' title='bbox 899 4313 997 4355; x_wconf 91' lang='lat' dir='ltr'><strong>nos</strong></span> <span class='ocrx_word' id='word_1_561' title='bbox 1046 4300 1134 4366; x_wconf 87' lang='lat' dir='ltr'><strong>ﬁt,</strong></span> <span class='ocrx_word' id='word_1_562' title='bbox 1166 4309 1226 4355; x_wconf 91' lang='lat' dir='ltr'><strong>ut</strong></span> <span class='ocrx_word' id='word_1_563' title='bbox 1265 4301 1439 4356; x_wconf 88' lang='lat' dir='ltr'><strong>omnis</strong></span> <span class='ocrx_word' id='word_1_564' title='bbox 1486 4301 1712 4371; x_wconf 89' lang='lat' dir='ltr'><strong>populus</strong></span> <span class='ocrx_word' id='word_1_565' title='bbox 1749 4303 2003 4359; x_wconf 86' lang='lat' dir='ltr'><strong>oblationi</strong></span> <span class='ocrx_word' id='word_1_566' title='bbox 2040 4306 2121 4380; x_wconf 80' lang='lat' dir='ltr'><strong>in-</strong></span> 
     </span>
    </p>
   </div>
   <div class='ocr_carea' id='block_1_75' title="bbox 546 4390 2119 4459">
    <p class='ocr_par' dir='ltr' id='par_1_75' title="bbox 546 4390 2119 4459">
     <span class='ocr_line' id='line_1_75' title="bbox 546 4390 2119 4459; baseline 0.003 -12"><span class='ocrx_word' id='word_1_567' title='bbox 546 4392 737 4447; x_wconf 82' lang='lat' dir='ltr'><strong>sistere</strong></span> <span class='ocrx_word' id='word_1_568' title='bbox 766 4390 1065 4459; x_wconf 82' lang='lat' dir='ltr'><strong>jubeatur,</strong></span> <span class='ocrx_word' id='word_1_569' title='bbox 1118 4394 1241 4446; x_wconf 90' lang='lat' dir='ltr'><strong>dum</strong></span> <span class='ocrx_word' id='word_1_570' title='bbox 1291 4393 1520 4447; x_wconf 90' lang='lat' dir='ltr'><strong>oblaturi</strong></span> <span class='ocrx_word' id='word_1_571' title='bbox 1569 4395 1918 4449; x_wconf 89' lang='lat' dir='ltr'><strong>intentionem</strong></span> <span class='ocrx_word' id='word_1_572' title='bbox 1968 4412 2119 4451; x_wconf 88' lang='lat' dir='ltr'><strong>suam</strong></span> 
     </span>
    </p>
   </div>
   <div class='ocr_carea' id='block_1_76' title="bbox 2223 3295 3798 3369">
    <p class='ocr_par' dir='ltr' id='par_1_76' title="bbox 2223 3295 3798 3369">
     <span class='ocr_line' id='line_1_76' title="bbox 2223 3295 3798 3369; baseline -0.003 -16"><span class='ocrx_word' id='word_1_573' title='bbox 2223 3300 2291 3353; x_wconf 92' lang='lat' dir='ltr'><strong>tis</strong></span> <span class='ocrx_word' id='word_1_574' title='bbox 2321 3298 2544 3353; x_wconf 76' lang='lat' dir='ltr'><strong>allectus</strong></span> <span class='ocrx_word' id='word_1_575' title='bbox 2584 3297 2925 3367; x_wconf 85' lang='lat' dir='ltr'><strong>passionibus</strong></span> <span class='ocrx_word' id='word_1_576' title='bbox 2954 3296 3206 3369; x_wconf 79' lang='lat' dir='ltr'><strong>migravit</strong></span> <span class='ocrx_word' id='word_1_577' title='bbox 3251 3296 3321 3351; x_wconf 86' lang='lat' dir='ltr'><strong>ab</strong></span> <span class='ocrx_word' id='word_1_578' title='bbox 3364 3296 3470 3351; x_wconf 82' lang='lat' dir='ltr'><strong>hoc</strong></span> <span class='ocrx_word' id='word_1_579' title='bbox 3500 3295 3716 3357; x_wconf 66' lang='lat' dir='ltr'><strong>saeculo,</strong></span> <span class='ocrx_word' id='word_1_580' title='bbox 3746 3303 3798 3349; x_wconf 84' lang='lat' dir='ltr'><strong>et</strong></span> 
     </span>
    </p>
   </div>
   <div class='ocr_carea' id='block_1_77' title="bbox 2221 3386 3801 3459">
    <p class='ocr_par' dir='ltr' id='par_1_77' title="bbox 2221 3386 3801 3459">
     <span class='ocr_line' id='line_1_77' title="bbox 2221 3386 3801 3459; baseline -0.005 -12"><span class='ocrx_word' id='word_1_581' title='bbox 2221 3391 2288 3447; x_wconf 88' lang='lat' dir='ltr'><strong>ad</strong></span> <span class='ocrx_word' id='word_1_582' title='bbox 2339 3390 2629 3447; x_wconf 88' lang='lat' dir='ltr'><strong>candorem</strong></span> <span class='ocrx_word' id='word_1_583' title='bbox 2692 3389 3103 3447; x_wconf 87' lang='lat' dir='ltr'><strong>resurrectionis</strong></span> <span class='ocrx_word' id='word_1_584' title='bbox 3165 3396 3335 3459; x_wconf 87' lang='lat' dir='ltr'><strong>atque</strong></span> <span class='ocrx_word' id='word_1_585' title='bbox 3379 3386 3801 3443; x_wconf 81' lang='lat' dir='ltr'><strong>immortalitatis</strong></span> 
     </span>
    </p>
   </div>
   <div class='ocr_carea' id='block_1_78' title="bbox 2217 3479 3799 3555">
    <p class='ocr_par' dir='ltr' id='par_1_78' title="bbox 2217 3479 3799 3555">
     <span class='ocr_line' id='line_1_78' title="bbox 2217 3479 3799 3555; baseline -0.003 -18"><span class='ocrx_word' id='word_1_586' title='bbox 2217 3484 2509 3553; x_wconf 86' lang='lat' dir='ltr'><strong>perductus</strong></span> <span class='ocrx_word' id='word_1_587' title='bbox 2533 3490 2634 3537; x_wconf 90' lang='lat' dir='ltr'><strong>est.</strong></span> <span class='ocrx_word' id='word_1_588' title='bbox 2665 3481 2742 3537; x_wconf 85' lang='lat' dir='ltr'><strong>Ita</strong></span> <span class='ocrx_word' id='word_1_589' title='bbox 2772 3496 2917 3552; x_wconf 87' lang='lat' dir='ltr'><strong>ergo,</strong></span> <span class='ocrx_word' id='word_1_590' title='bbox 2966 3482 3057 3555; x_wconf 89' lang='lat' dir='ltr'><strong>qui</strong></span> <span class='ocrx_word' id='word_1_591' title='bbox 3084 3496 3281 3551; x_wconf 87' lang='lat' dir='ltr'><strong>corpus</strong></span> <span class='ocrx_word' id='word_1_592' title='bbox 3308 3479 3511 3536; x_wconf 86' lang='lat' dir='ltr'><strong>Christi</strong></span> <span class='ocrx_word' id='word_1_593' title='bbox 3556 3482 3612 3535; x_wconf 93' lang='lat' dir='ltr'><strong>in</strong></span> <span class='ocrx_word' id='word_1_594' title='bbox 3640 3494 3698 3533; x_wconf 84' lang='lat' dir='ltr'><strong>se</strong></span> <span class='ocrx_word' id='word_1_595' title='bbox 3718 3494 3799 3533; x_wconf 82' lang='lat' dir='ltr'><strong>re-</strong></span> 
     </span>
    </p>
   </div>
   <div class='ocr_carea' id='block_1_79' title="bbox 2218 3568 3799 3644">
    <p class='ocr_par' dir='ltr' id='par_1_79' title="bbox 2218 3568 3799 3644">
     <span class='ocr_line' id='line_1_79' title="bbox 2218 3568 3799 3644; baseline -0.004 -16"><span class='ocrx_word' id='word_1_596' title='bbox 2218 3574 2399 3644; x_wconf 90' lang='lat' dir='ltr'><strong>cipere</strong></span> <span class='ocrx_word' id='word_1_597' title='bbox 2451 3572 2741 3637; x_wconf 88' lang='lat' dir='ltr'><strong>desiderat,</strong></span> <span class='ocrx_word' id='word_1_598' title='bbox 2779 3587 2881 3643; x_wconf 87' lang='lat' dir='ltr'><strong>per</strong></span> <span class='ocrx_word' id='word_1_599' title='bbox 2918 3570 3115 3628; x_wconf 78' lang='lat' dir='ltr'><strong>inultos</strong></span> <span class='ocrx_word' id='word_1_600' title='bbox 3149 3571 3412 3627; x_wconf 88' lang='lat' dir='ltr'><strong>bonorum</strong></span> <span class='ocrx_word' id='word_1_601' title='bbox 3452 3584 3679 3641; x_wconf 83' lang='lat' dir='ltr'><strong>operum</strong></span> <span class='ocrx_word' id='word_1_602' title='bbox 3727 3568 3799 3622; x_wconf 78' lang='lat' dir='ltr'><strong>la-</strong></span> 
     </span>
    </p>
   </div>
   <div class='ocr_carea' id='block_1_80' title="bbox 2218 3661 3799 3734">
    <p class='ocr_par' dir='ltr' id='par_1_80' title="bbox 2218 3661 3799 3734">
     <span class='ocr_line' id='line_1_80' title="bbox 2218 3661 3799 3734; baseline -0.004 -14"><span class='ocrx_word' id='word_1_603' title='bbox 2218 3666 2398 3729; x_wconf 79' lang='lat' dir='ltr'><strong>bores,</strong></span> <span class='ocrx_word' id='word_1_604' title='bbox 2424 3672 2477 3719; x_wconf 88' lang='lat' dir='ltr'><strong>et</strong></span> <span class='ocrx_word' id='word_1_605' title='bbox 2502 3678 2601 3734; x_wconf 89' lang='lat' dir='ltr'><strong>per</strong></span> <span class='ocrx_word' id='word_1_606' title='bbox 2636 3664 2942 3720; x_wconf 87' lang='lat' dir='ltr'><strong>castitatem</strong></span> <span class='ocrx_word' id='word_1_607' title='bbox 2984 3663 3182 3718; x_wconf 89' lang='lat' dir='ltr'><strong>mentis</strong></span> <span class='ocrx_word' id='word_1_608' title='bbox 3205 3672 3260 3719; x_wconf 87' lang='lat' dir='ltr'><strong>et</strong></span> <span class='ocrx_word' id='word_1_609' title='bbox 3283 3662 3529 3733; x_wconf 68' lang='lat' dir='ltr'><strong>corporis</strong></span> <span class='ocrx_word' id='word_1_610' title='bbox 3559 3661 3717 3716; x_wconf 82' lang='lat' dir='ltr'><strong>debet</strong></span> <span class='ocrx_word' id='word_1_611' title='bbox 3744 3674 3799 3713; x_wconf 82' lang='lat' dir='ltr'><strong>se</strong></span> 
     </span>
    </p>
   </div>
   <div class='ocr_carea' id='block_1_81' title="bbox 2221 3751 3801 3821">
    <p class='ocr_par' dir='ltr' id='par_1_81' title="bbox 2221 3751 3801 3821">
     <span class='ocr_line' id='line_1_81' title="bbox 2221 3751 3801 3821; baseline -0.003 -12"><span class='ocrx_word' id='word_1_612' title='bbox 2221 3755 2449 3811; x_wconf 81' lang='lat' dir='ltr'><strong>reddere</strong></span> <span class='ocrx_word' id='word_1_613' title='bbox 2480 3753 2742 3809; x_wconf 89' lang='lat' dir='ltr'><strong>mundum</strong></span> <span class='ocrx_word' id='word_1_614' title='bbox 2777 3761 2832 3808; x_wconf 88' lang='lat' dir='ltr'><strong>et</strong></span> <span class='ocrx_word' id='word_1_615' title='bbox 2864 3752 3170 3809; x_wconf 88' lang='lat' dir='ltr'><strong>candidum.</strong></span> <span class='ocrx_word' id='word_1_616' title='bbox 3206 3752 3358 3819; x_wconf 86' lang='lat' dir='ltr'><strong>Quod</strong></span> <span class='ocrx_word' id='word_1_617' title='bbox 3384 3751 3462 3807; x_wconf 88' lang='lat' dir='ltr'><strong>ita</strong></span> <span class='ocrx_word' id='word_1_618' title='bbox 3491 3751 3682 3821; x_wconf 85' lang='lat' dir='ltr'><strong>plicari</strong></span> <span class='ocrx_word' id='word_1_619' title='bbox 3713 3751 3801 3804; x_wconf 84' lang='lat' dir='ltr'><strong>de-</strong></span> 
     </span>
    </p>
   </div>
   <div class='ocr_carea' id='block_1_82' title="bbox 2219 3843 3798 3917">
    <p class='ocr_par' dir='ltr' id='par_1_82' title="bbox 2219 3843 3798 3917">
     <span class='ocr_line' id='line_1_82' title="bbox 2219 3843 3798 3917; baseline -0.004 -14"><span class='ocrx_word' id='word_1_620' title='bbox 2219 3846 2330 3913; x_wconf 89' lang='lat' dir='ltr'><strong>bet,</strong></span> <span class='ocrx_word' id='word_1_621' title='bbox 2361 3855 2423 3901; x_wconf 89' lang='lat' dir='ltr'><strong>ut</strong></span> <span class='ocrx_word' id='word_1_622' title='bbox 2453 3860 2551 3903; x_wconf 89' lang='lat' dir='ltr'><strong>nec</strong></span> <span class='ocrx_word' id='word_1_623' title='bbox 2587 3847 2821 3913; x_wconf 90' lang='lat' dir='ltr'><strong>initium,</strong></span> <span class='ocrx_word' id='word_1_624' title='bbox 2861 3860 2959 3901; x_wconf 89' lang='lat' dir='ltr'><strong>nec</strong></span> <span class='ocrx_word' id='word_1_625' title='bbox 2987 3843 3111 3901; x_wconf 74' lang='lat' dir='ltr'><strong>ﬁnis</strong></span> <span class='ocrx_word' id='word_1_626' title='bbox 3151 3852 3439 3917; x_wconf 85' lang='lat' dir='ltr'><strong>appareat,</strong></span> <span class='ocrx_word' id='word_1_627' title='bbox 3471 3845 3614 3901; x_wconf 83' lang='lat' dir='ltr'><strong>sicut</strong></span> <span class='ocrx_word' id='word_1_628' title='bbox 3642 3845 3798 3899; x_wconf 83' lang='lat' dir='ltr'><strong>etiam</strong></span> 
     </span>
    </p>
   </div>
   <div class='ocr_carea' id='block_1_83' title="bbox 2220 3936 3801 4010">
    <p class='ocr_par' dir='ltr' id='par_1_83' title="bbox 2220 3936 3801 4010">
     <span class='ocr_line' id='line_1_83' title="bbox 2220 3936 3801 4010; baseline -0.004 -15"><span class='ocrx_word' id='word_1_629' title='bbox 2220 3940 2496 3995; x_wconf 82' lang='lat' dir='ltr'><strong>sudarium</strong></span> <span class='ocrx_word' id='word_1_630' title='bbox 2543 3938 2595 3994; x_wconf 92' lang='lat' dir='ltr'><strong>in</strong></span> <span class='ocrx_word' id='word_1_631' title='bbox 2640 3937 2885 4010; x_wconf 86' lang='lat' dir='ltr'><strong>sepulcro</strong></span> <span class='ocrx_word' id='word_1_632' title='bbox 2911 3937 3128 3992; x_wconf 91' lang='lat' dir='ltr'><strong>Domini</strong></span> <span class='ocrx_word' id='word_1_633' title='bbox 3172 3938 3449 3992; x_wconf 80' lang='lat' dir='ltr'><strong>inventum</strong></span> <span class='ocrx_word' id='word_1_634' title='bbox 3492 3946 3598 3991; x_wconf 85' lang='lat' dir='ltr'><strong>est.</strong></span> <span class='ocrx_word' id='word_1_635' title='bbox 3634 3936 3801 3989; x_wconf 47' lang='grc' dir='ltr'>ἐστι»</span> 
     </span>
    </p>
   </div>
   <div class='ocr_carea' id='block_1_84' title="bbox 2221 4014 3802 4103">
    <p class='ocr_par' dir='ltr' id='par_1_84' title="bbox 2221 4014 3802 4103">
     <span class='ocr_line' id='line_1_84' title="bbox 2221 4014 3802 4103; baseline -0.004 -15"><span class='ocrx_word' id='word_1_636' title='bbox 2221 4033 2360 4088; x_wconf 74' lang='lat' dir='ltr'><strong>riusn</strong></span> <span class='ocrx_word' id='word_1_637' title='bbox 2400 4039 2484 4087; x_wconf 89' lang='lat' dir='ltr'><strong>est</strong></span> <span class='ocrx_word' id='word_1_638' title='bbox 2526 4031 2872 4103; x_wconf 89' lang='lat' dir='ltr'><strong>ligamentum</strong></span> <span class='ocrx_word' id='word_1_639' title='bbox 2917 4029 3127 4100; x_wconf 87' lang='lat' dir='ltr'><strong>capitis.</strong></span> <span class='ocrx_word' id='word_1_640' title='bbox 3175 4027 3280 4083; x_wconf 85' lang='lat' dir='ltr'><strong>Per</strong></span> <span class='ocrx_word' id='word_1_641' title='bbox 3329 4037 3498 4101; x_wconf 83' lang='lat' dir='ltr'><strong>caput</strong></span> <span class='ocrx_word' id='word_1_642' title='bbox 3542 4014 3802 4083; x_wconf 76' lang='lat' dir='ltr'><strong>divinitas</strong></span> 
     </span>
    </p>
   </div>
   <div class='ocr_carea' id='block_1_85' title="bbox 2221 4118 3800 4197">
    <p class='ocr_par' dir='ltr' id='par_1_85' title="bbox 2221 4118 3800 4197">
     <span class='ocr_line' id='line_1_85' title="bbox 2221 4118 3800 4197; baseline -0.005 -16"><span class='ocrx_word' id='word_1_643' title='bbox 2221 4125 2559 4197; x_wconf 87' lang='lat' dir='ltr'><strong>designatur,</strong></span> <span class='ocrx_word' id='word_1_644' title='bbox 2598 4123 2723 4193; x_wconf 90' lang='lat' dir='ltr'><strong>quia</strong></span> <span class='ocrx_word' id='word_1_645' title='bbox 2768 4130 2928 4193; x_wconf 89' lang='lat' dir='ltr'><strong>caput</strong></span> <span class='ocrx_word' id='word_1_646' title='bbox 2967 4119 3165 4177; x_wconf 86' lang='lat' dir='ltr'><strong>Christi</strong></span> <span class='ocrx_word' id='word_1_647' title='bbox 3204 4120 3365 4176; x_wconf 85' lang='lat' dir='ltr'><strong>Deus.</strong></span> <span class='ocrx_word' id='word_1_648' title='bbox 3397 4118 3667 4175; x_wconf 72' lang='lat' dir='ltr'><strong>lnmlntin</strong></span> <span class='ocrx_word' id='word_1_649' title='bbox 3708 4134 3800 4173; x_wconf 52' lang='lat' dir='ltr'><strong>au.</strong></span> 
     </span>
    </p>
   </div>
   <div class='ocr_carea' id='block_1_86' title="bbox 2222 4212 3801 4287">
    <p class='ocr_par' dir='ltr' id='par_1_86' title="bbox 2222 4212 3801 4287">
     <span class='ocr_line' id='line_1_86' title="bbox 2222 4212 3801 4287; baseline -0.006 -12"><span class='ocrx_word' id='word_1_650' title='bbox 2222 4228 2330 4275; x_wconf 90' lang='lat' dir='ltr'><strong>tem</strong></span> <span class='ocrx_word' id='word_1_651' title='bbox 2372 4217 2473 4271; x_wconf 83' lang='lat' dir='ltr'><strong>hoc</strong></span> <span class='ocrx_word' id='word_1_652' title='bbox 2502 4216 2788 4287; x_wconf 72' lang='lat' dir='ltr'><strong>significat,</strong></span> <span class='ocrx_word' id='word_1_653' title='bbox 2837 4216 2963 4286; x_wconf 88' lang='lat' dir='ltr'><strong>quia</strong></span> <span class='ocrx_word' id='word_1_654' title='bbox 2996 4212 3247 4270; x_wconf 82' lang='lat' dir='ltr'><strong>Christus</strong></span> <span class='ocrx_word' id='word_1_655' title='bbox 3269 4252 3283 4280; x_wconf 93' lang='lat'><strong>,</strong></span> <span class='ocrx_word' id='word_1_656' title='bbox 3334 4226 3426 4284; x_wconf 76' lang='lat' dir='ltr'><strong>qui</strong></span> <span class='ocrx_word' id='word_1_657' title='bbox 3464 4212 3529 4267; x_wconf 80' lang='lat' dir='ltr'><strong>in</strong></span> <span class='ocrx_word' id='word_1_658' title='bbox 3554 4212 3801 4267; x_wconf 77' lang='lat' dir='ltr'><strong>humaui-</strong></span> 
     </span>
    </p>
   </div>
   <div class='ocr_carea' id='block_1_87' title="bbox 2221 4306 3801 4374">
    <p class='ocr_par' dir='ltr' id='par_1_87' title="bbox 2221 4306 3801 4374">
     <span class='ocr_line' id='line_1_87' title="bbox 2221 4306 3801 4374; baseline -0.005 -6"><span class='ocrx_word' id='word_1_659' title='bbox 2221 4322 2331 4368; x_wconf 85' lang='lat' dir='ltr'><strong>tate</strong></span> <span class='ocrx_word' id='word_1_660' title='bbox 2357 4308 2540 4365; x_wconf 80' lang='lat' dir='ltr'><strong>habuit</strong></span> <span class='ocrx_word' id='word_1_661' title='bbox 2566 4309 2774 4364; x_wconf 90' lang='lat' dir='ltr'><strong>initium</strong></span> <span class='ocrx_word' id='word_1_662' title='bbox 2812 4308 3103 4374; x_wconf 79' lang='lat' dir='ltr'><strong>nascendo,</strong></span> <span class='ocrx_word' id='word_1_663' title='bbox 3131 4316 3186 4363; x_wconf 90' lang='lat' dir='ltr'><strong>et</strong></span> <span class='ocrx_word' id='word_1_664' title='bbox 3212 4306 3371 4361; x_wconf 84' lang='lat' dir='ltr'><strong>linem</strong></span> <span class='ocrx_word' id='word_1_665' title='bbox 3399 4306 3719 4371; x_wconf 82' lang='lat' dir='ltr'><strong>moriendo,</strong></span> <span class='ocrx_word' id='word_1_666' title='bbox 3748 4306 3801 4359; x_wconf 82' lang='lat' dir='ltr'><strong>in</strong></span> 
     </span>
    </p>
   </div>
   <div class='ocr_carea' id='block_1_88' title="bbox 2223 4398 3797 4475">
    <p class='ocr_par' dir='ltr' id='par_1_88' title="bbox 2223 4398 3797 4475">
     <span class='ocr_line' id='line_1_88' title="bbox 2223 4398 3797 4475; baseline -0.004 -15"><span class='ocrx_word' id='word_1_667' title='bbox 2223 4404 2501 4475; x_wconf 76' lang='lat' dir='ltr'><strong>divinitate</strong></span> <span class='ocrx_word' id='word_1_668' title='bbox 2530 4409 2779 4457; x_wconf 89' lang='lat' dir='ltr'><strong>neutrum</strong></span> <span class='ocrx_word' id='word_1_669' title='bbox 2816 4402 3006 4455; x_wconf 86' lang='lat' dir='ltr'><strong>horum</strong></span> <span class='ocrx_word' id='word_1_670' title='bbox 3026 4441 3041 4467; x_wconf 95' lang='lat'><strong>,</strong></span> <span class='ocrx_word' id='word_1_671' title='bbox 3081 4401 3185 4456; x_wconf 78' lang='lat' dir='ltr'><strong>sed</strong></span> <span class='ocrx_word' id='word_1_672' title='bbox 3204 4412 3419 4469; x_wconf 85' lang='lat' dir='ltr'><strong>semper</strong></span> <span class='ocrx_word' id='word_1_673' title='bbox 3442 4414 3568 4455; x_wconf 86' lang='lat' dir='ltr'><strong>esse</strong></span> <span class='ocrx_word' id='word_1_674' title='bbox 3598 4398 3797 4453; x_wconf 81' lang='lat' dir='ltr'><strong>habuit.</strong></span> 
     </span>
    </p>
   </div>
   <div class='ocr_carea' id='block_1_89' title="bbox 547 4472 3803 4580">
    <p class='ocr_par' dir='ltr' id='par_1_89' title="bbox 547 4472 3803 4580">
     <span class='ocr_line' id='line_1_89' title="bbox 547 4472 3803 4580; baseline 0 -27"><span class='ocrx_word' id='word_1_675' title='bbox 547 4480 799 4580; x_wconf 50' lang='grc' dir='ltr'><strong>οίξθτυηξ</strong></span> <span class='ocrx_word' id='word_1_676' title='bbox 845 4490 1109 4580; x_wconf 51' lang='lat' dir='ltr'><strong>(illatenus</strong></span> <span class='ocrx_word' id='word_1_677' title='bbox 1133 4482 1611 4580; x_wconf 34' lang='lat' dir='ltr'><strong>‘illorumuoblal‘io</strong></span> <span class='ocrx_word' id='word_1_678' title='bbox 1638 4494 1859 4580; x_wconf 58' lang='lat' dir='ltr'><strong>accepta}</strong></span> <span class='ocrx_word' id='word_1_679' title='bbox 1910 4485 1977 4540; x_wconf 69' lang='lat' dir='ltr'><strong>Sil</strong></span> <span class='ocrx_word' id='word_1_680' title='bbox 2016 4485 2121 4541; x_wconf 76' lang='lat' dir='ltr'><strong>DO-</strong></span> <span class='ocrx_word' id='word_1_681' title='bbox 2150 4472 2227 4580; x_wconf 41' lang='grc' dir='ltr'><strong>οὗ</strong></span> <span class='ocrx_word' id='word_1_682' title='bbox 2268 4560 2273 4569; x_wconf 82' lang='lat'><strong><em>_</em></strong></span> <span class='ocrx_word' id='word_1_683' title='bbox 2295 4500 2435 4556; x_wconf 91' lang='lat' dir='ltr'><strong>Dicit</strong></span> <span class='ocrx_word' id='word_1_684' title='bbox 2463 4499 2721 4555; x_wconf 88' lang='lat' dir='ltr'><strong>sacerdos</strong></span> <span class='ocrx_word' id='word_1_685' title='bbox 2756 4497 3035 4557; x_wconf 86' lang='lat' dir='ltr'><strong>collectam</strong></span> <span class='ocrx_word' id='word_1_686' title='bbox 3076 4514 3238 4573; x_wconf 89' lang='lat' dir='ltr'><strong>super</strong></span> <span class='ocrx_word' id='word_1_687' title='bbox 3262 4497 3462 4569; x_wconf 83' lang='lat' dir='ltr'><strong>oblata,</strong></span> <span class='ocrx_word' id='word_1_688' title='bbox 3511 4506 3568 4553; x_wconf 87' lang='lat' dir='ltr'><strong>et</strong></span> <span class='ocrx_word' id='word_1_689' title='bbox 3597 4500 3653 4553; x_wconf 91' lang='lat' dir='ltr'><strong>in</strong></span> <span class='ocrx_word' id='word_1_690' title='bbox 3693 4500 3803 4570; x_wconf 75' lang='lat' dir='ltr'><strong>ejus</strong></span> 
     </span>
    </p>
   </div>
   <div class='ocr_carea' id='block_1_90' title="bbox 547 4571 2133 4665">
    <p class='ocr_par' dir='ltr' id='par_1_90' title="bbox 547 4571 2121 4645">
     <span class='ocr_line' id='line_1_90' title="bbox 547 4571 2121 4645; baseline 0.003 -17"><span class='ocrx_word' id='word_1_691' title='bbox 547 4572 713 4628; x_wconf 88' lang='lat' dir='ltr'><strong>mino.</strong></span> <span class='ocrx_word' id='word_1_692' title='bbox 764 4571 1021 4642; x_wconf 87' lang='lat' dir='ltr'><strong>Sequitur</strong></span> <span class='ocrx_word' id='word_1_693' title='bbox 1062 4571 1255 4627; x_wconf 88' lang='lat' dir='ltr'><strong>deinde</strong></span> <span class='ocrx_word' id='word_1_694' title='bbox 1312 4572 1611 4643; x_wconf 75' lang='lat' dir='ltr'><strong>O/ferenda,</strong></span> <span class='ocrx_word' id='word_1_695' title='bbox 1670 4588 1789 4645; x_wconf 85' lang='lat' dir='ltr'><strong>quae</strong></span> <span class='ocrx_word' id='word_1_696' title='bbox 1837 4576 1962 4631; x_wconf 89' lang='lat' dir='ltr'><strong>inde</strong></span> <span class='ocrx_word' id='word_1_697' title='bbox 2018 4578 2121 4632; x_wconf 89' lang='lat' dir='ltr'><strong>hoc</strong></span> 
     </span>
    </p>
   </div>
   <div class='ocr_carea' id='block_1_91' title="bbox 2218 4571 3805 4665">
    <p class='ocr_par' dir='ltr' id='par_1_91' title="bbox 2226 4571 3805 4661">
     <span class='ocr_line' id='line_1_91' title="bbox 2226 4571 3805 4661; baseline 0 -16"><span class='ocrx_word' id='word_1_698' title='bbox 2226 4578 2332 4648; x_wconf 79' lang='lat' dir='ltr'><strong>ﬁne</strong></span> <span class='ocrx_word' id='word_1_699' title='bbox 2364 4607 2377 4646; x_wconf 90' lang='lat'><strong>:</strong></span> <span class='ocrx_word' id='word_1_700' title='bbox 2411 4590 2516 4646; x_wconf 89' lang='lat' dir='ltr'><strong>Per</strong></span> <span class='ocrx_word' id='word_1_701' title='bbox 2541 4592 2714 4647; x_wconf 84' lang='lat' dir='ltr'><strong>omnia</strong></span> <span class='ocrx_word' id='word_1_702' title='bbox 2745 4590 2938 4649; x_wconf 76' lang='lat' dir='ltr'><strong>swcula</strong></span> <span class='ocrx_word' id='word_1_703' title='bbox 2983 4571 3316 4656; x_wconf 67' lang='lat' dir='ltr'><strong>circulorum,</strong></span> <span class='ocrx_word' id='word_1_704' title='bbox 3360 4596 3420 4645; x_wconf 88' lang='lat' dir='ltr'><strong>ut</strong></span> <span class='ocrx_word' id='word_1_705' title='bbox 3459 4606 3653 4661; x_wconf 84' lang='lat' dir='ltr'><strong>supra.</strong></span> <span class='ocrx_word' id='word_1_706' title='bbox 3702 4590 3805 4645; x_wconf 61' lang='lat' dir='ltr'><strong>Huc</strong></span> 
     </span>
    </p>
   </div>
   <div class='ocr_carea' id='block_1_92' title="bbox 545 4663 2119 4735">
    <p class='ocr_par' dir='ltr' id='par_1_92' title="bbox 545 4663 2119 4735">
     <span class='ocr_line' id='line_1_92' title="bbox 545 4663 2119 4735; baseline 0.003 -18"><span class='ocrx_word' id='word_1_707' title='bbox 545 4678 740 4718; x_wconf 87' lang='lat' dir='ltr'><strong>nomen</strong></span> <span class='ocrx_word' id='word_1_708' title='bbox 791 4665 1038 4734; x_wconf 86' lang='lat' dir='ltr'><strong>accepit,</strong></span> <span class='ocrx_word' id='word_1_709' title='bbox 1102 4663 1244 4734; x_wconf 90' lang='lat' dir='ltr'><strong>quod</strong></span> <span class='ocrx_word' id='word_1_710' title='bbox 1298 4670 1423 4718; x_wconf 90' lang='lat' dir='ltr'><strong>tunc</strong></span> <span class='ocrx_word' id='word_1_711' title='bbox 1473 4665 1700 4735; x_wconf 87' lang='lat' dir='ltr'><strong>populus</strong></span> <span class='ocrx_word' id='word_1_712' title='bbox 1751 4682 1848 4721; x_wconf 92' lang='lat' dir='ltr'><strong>sua</strong></span> <span class='ocrx_word' id='word_1_713' title='bbox 1898 4682 2119 4722; x_wconf 88' lang='lat' dir='ltr'><strong>munera</strong></span> 
     </span>
    </p>
   </div>
   <div class='ocr_carea' id='block_1_93' title="bbox 504 4744 2163 4830">
    <p class='ocr_par' dir='ltr' id='par_1_93' title="bbox 504 4744 2163 4830">
     <span class='ocr_line' id='line_1_93' title="bbox 504 4744 2163 4830; baseline 0.004 -21"><span class='ocrx_word' id='word_1_714' title='bbox 504 4760 507 4761; x_wconf 65' lang='grc'><strong><em>⁷</em></strong></span> <span class='ocrx_word' id='word_1_715' title='bbox 548 4752 760 4809; x_wconf 79' lang='lat' dir='ltr'><strong>offerat.</strong></span> <span class='ocrx_word' id='word_1_716' title='bbox 817 4755 1131 4826; x_wconf 88' lang='lat' dir='ltr'><strong>Sequuntur</strong></span> <span class='ocrx_word' id='word_1_717' title='bbox 1186 4753 1408 4823; x_wconf 81' lang='lat' dir='ltr'><strong>Versus,</strong></span> <span class='ocrx_word' id='word_1_718' title='bbox 1440 4772 1471 4811; x_wconf 88' lang='lat' dir='ltr'><strong>a</strong></span> <span class='ocrx_word' id='word_1_719' title='bbox 1499 4758 1759 4813; x_wconf 74' lang='lat' dir='ltr'><strong>vertendo</strong></span> <span class='ocrx_word' id='word_1_720' title='bbox 1801 4759 1950 4824; x_wconf 84' lang='lat' dir='ltr'><strong>dicti,</strong></span> <span class='ocrx_word' id='word_1_721' title='bbox 1980 4744 2163 4830; x_wconf 14' lang='lat' dir='ltr'><strong>quod&quot;</strong></span> 
     </span>
    </p>
   </div>
   <div class='ocr_carea' id='block_1_94' title="bbox 547 4840 2161 4921">
    <p class='ocr_par' dir='ltr' id='par_1_94' title="bbox 547 4840 2161 4921">
     <span class='ocr_line' id='line_1_94' title="bbox 547 4840 2161 4921; baseline 0.004 -20"><span class='ocrx_word' id='word_1_722' title='bbox 547 4846 601 4901; x_wconf 90' lang='lat' dir='ltr'><strong>iu</strong></span> <span class='ocrx_word' id='word_1_723' title='bbox 631 4844 902 4901; x_wconf 81' lang='lat' dir='ltr'><strong>oll‘erenda</strong></span> <span class='ocrx_word' id='word_1_724' title='bbox 930 4856 1291 4914; x_wconf 77' lang='lat' dir='ltr'><strong>revertantur,</strong></span> <span class='ocrx_word' id='word_1_725' title='bbox 1322 4849 1449 4903; x_wconf 88' lang='lat' dir='ltr'><strong>dum</strong></span> <span class='ocrx_word' id='word_1_726' title='bbox 1477 4851 1738 4921; x_wconf 86' lang='lat' dir='ltr'><strong>repetitur</strong></span> <span class='ocrx_word' id='word_1_727' title='bbox 1756 4849 2049 4907; x_wconf 77' lang='lat' dir='ltr'><strong>offerenda.</strong></span> 
     </span>
    </p>
   </div>
   <div class='ocr_carea' id='block_1_95' title="bbox 620 4936 2125 5015">
    <p class='ocr_par' dir='ltr' id='par_1_95' title="bbox 620 4936 2125 5015">
     <span class='ocr_line' id='line_1_95' title="bbox 620 4936 2125 5015; baseline 0.007 -24"><span class='ocrx_word' id='word_1_728' title='bbox 620 4936 856 5009; x_wconf 88' lang='lat' dir='ltr'><strong>Suscipit</strong></span> <span class='ocrx_word' id='word_1_729' title='bbox 907 4938 1121 4993; x_wconf 88' lang='lat' dir='ltr'><strong>interim</strong></span> <span class='ocrx_word' id='word_1_730' title='bbox 1178 4944 1430 4996; x_wconf 87' lang='lat' dir='ltr'><strong>sacerdos</strong></span> <span class='ocrx_word' id='word_1_731' title='bbox 1479 4957 1507 4996; x_wconf 90' lang='lat' dir='ltr'><strong>a</strong></span> <span class='ocrx_word' id='word_1_732' title='bbox 1557 4945 1751 5015; x_wconf 90' lang='lat' dir='ltr'><strong>popqu</strong></span> <span class='ocrx_word' id='word_1_733' title='bbox 1803 4945 2012 5011; x_wconf 85' lang='lat' dir='ltr'><strong>oblata,</strong></span> <span class='ocrx_word' id='word_1_734' title='bbox 2063 4954 2125 5001; x_wconf 90' lang='lat' dir='ltr'><strong>ut</strong></span> 
     </span>
    </p>
   </div>
   <div class='ocr_carea' id='block_1_96' title="bbox 547 5028 2123 5106">
    <p class='ocr_par' dir='ltr' id='par_1_96' title="bbox 547 5028 2123 5106">
     <span class='ocr_line' id='line_1_96' title="bbox 547 5028 2123 5106; baseline 0.006 -22"><span class='ocrx_word' id='word_1_735' title='bbox 547 5030 682 5101; x_wconf 86' lang='lat' dir='ltr'><strong>ipse,</strong></span> <span class='ocrx_word' id='word_1_736' title='bbox 715 5031 808 5100; x_wconf 90' lang='lat' dir='ltr'><strong>qui</strong></span> <span class='ocrx_word' id='word_1_737' title='bbox 838 5039 924 5085; x_wconf 84' lang='lat' dir='ltr'><strong>est</strong></span> <span class='ocrx_word' id='word_1_738' title='bbox 953 5030 1096 5085; x_wconf 90' lang='lat' dir='ltr'><strong>inter</strong></span> <span class='ocrx_word' id='word_1_739' title='bbox 1122 5028 1289 5086; x_wconf 89' lang='lat' dir='ltr'><strong>Deum</strong></span> <span class='ocrx_word' id='word_1_740' title='bbox 1325 5041 1380 5086; x_wconf 88' lang='lat' dir='ltr'><strong>et</strong></span> <span class='ocrx_word' id='word_1_741' title='bbox 1413 5033 1585 5103; x_wconf 89' lang='lat' dir='ltr'><strong>ipsum</strong></span> <span class='ocrx_word' id='word_1_742' title='bbox 1627 5036 1878 5106; x_wconf 90' lang='lat' dir='ltr'><strong>populum</strong></span> <span class='ocrx_word' id='word_1_743' title='bbox 1915 5040 2123 5093; x_wconf 87' lang='lat' dir='ltr'><strong>media-</strong></span> 
     </span>
    </p>
   </div>
   <div class='ocr_carea' id='block_1_97' title="bbox 550 5126 2122 5202">
    <p class='ocr_par' dir='ltr' id='par_1_97' title="bbox 550 5126 2122 5202">
     <span class='ocr_line' id='line_1_97' title="bbox 550 5126 2122 5202; baseline 0.006 -26"><span class='ocrx_word' id='word_1_744' title='bbox 550 5132 652 5187; x_wconf 92' lang='lat' dir='ltr'><strong>tor,</strong></span> <span class='ocrx_word' id='word_1_745' title='bbox 699 5139 888 5195; x_wconf 88' lang='lat' dir='ltr'><strong>preces</strong></span> <span class='ocrx_word' id='word_1_746' title='bbox 917 5138 1105 5179; x_wconf 81' lang='lat' dir='ltr'><strong>eorum</strong></span> <span class='ocrx_word' id='word_1_747' title='bbox 1147 5133 1200 5179; x_wconf 91' lang='lat' dir='ltr'><strong>et</strong></span> <span class='ocrx_word' id='word_1_748' title='bbox 1246 5134 1369 5179; x_wconf 86' lang='lat' dir='ltr'><strong>vota</strong></span> <span class='ocrx_word' id='word_1_749' title='bbox 1410 5126 1634 5181; x_wconf 89' lang='lat' dir='ltr'><strong>Domino</strong></span> <span class='ocrx_word' id='word_1_750' title='bbox 1677 5126 1881 5183; x_wconf 74' lang='lat' dir='ltr'><strong>oderat.</strong></span> <span class='ocrx_word' id='word_1_751' title='bbox 1924 5130 1979 5184; x_wconf 89' lang='lat' dir='ltr'><strong>in</strong></span> <span class='ocrx_word' id='word_1_752' title='bbox 2018 5145 2122 5202; x_wconf 87' lang='lat' dir='ltr'><strong>qua</strong></span> 
     </span>
    </p>
   </div>
   <div class='ocr_carea' id='block_1_98' title="bbox 547 5216 2125 5292">
    <p class='ocr_par' dir='ltr' id='par_1_98' title="bbox 547 5216 2125 5292">
     <span class='ocr_line' id='line_1_98' title="bbox 547 5216 2125 5292; baseline 0.004 -21"><span class='ocrx_word' id='word_1_753' title='bbox 547 5216 815 5272; x_wconf 67' lang='lat' dir='ltr'><strong>oblatione</strong></span> <span class='ocrx_word' id='word_1_754' title='bbox 845 5233 985 5288; x_wconf 87' lang='lat' dir='ltr'><strong>aqua</strong></span> <span class='ocrx_word' id='word_1_755' title='bbox 1016 5217 1273 5273; x_wconf 86' lang='lat' dir='ltr'><strong>miscetur</strong></span> <span class='ocrx_word' id='word_1_756' title='bbox 1298 5218 1441 5273; x_wconf 76' lang='lat' dir='ltr'><strong>vino.</strong></span> <span class='ocrx_word' id='word_1_757' title='bbox 1498 5219 1602 5274; x_wconf 86' lang='lat' dir='ltr'><strong>Per</strong></span> <span class='ocrx_word' id='word_1_758' title='bbox 1626 5220 1809 5275; x_wconf 84' lang='lat' dir='ltr'><strong>vinum</strong></span> <span class='ocrx_word' id='word_1_759' title='bbox 1853 5222 2125 5292; x_wconf 84' lang='lat' dir='ltr'><strong>signiﬁca-</strong></span> 
     </span>
    </p>
   </div>
   <div class='ocr_carea' id='block_1_99' title="bbox 550 5306 2124 5384">
    <p class='ocr_par' dir='ltr' id='par_1_99' title="bbox 550 5306 2124 5384">
     <span class='ocr_line' id='line_1_99' title="bbox 550 5306 2124 5384; baseline 0.007 -21"><span class='ocrx_word' id='word_1_760' title='bbox 550 5317 637 5363; x_wconf 88' lang='lat' dir='ltr'><strong>tur</strong></span> <span class='ocrx_word' id='word_1_761' title='bbox 677 5306 945 5375; x_wconf 87' lang='lat' dir='ltr'><strong>Christus,</strong></span> <span class='ocrx_word' id='word_1_762' title='bbox 990 5325 1089 5381; x_wconf 87' lang='lat' dir='ltr'><strong>per</strong></span> <span class='ocrx_word' id='word_1_763' title='bbox 1116 5326 1309 5381; x_wconf 87' lang='lat' dir='ltr'><strong>aquam</strong></span> <span class='ocrx_word' id='word_1_764' title='bbox 1347 5319 1525 5366; x_wconf 84' lang='lat' dir='ltr'><strong>autem</strong></span> <span class='ocrx_word' id='word_1_765' title='bbox 1565 5315 1832 5384; x_wconf 87' lang='lat' dir='ltr'><strong>populus;</strong></span> <span class='ocrx_word' id='word_1_766' title='bbox 1866 5324 1921 5371; x_wconf 91' lang='lat' dir='ltr'><strong>ct</strong></span> <span class='ocrx_word' id='word_1_767' title='bbox 1958 5317 2001 5371; x_wconf 88' lang='lat' dir='ltr'><strong>si</strong></span> <span class='ocrx_word' id='word_1_768' title='bbox 2044 5319 2124 5373; x_wconf 86' lang='lat' dir='ltr'><strong>vi-</strong></span> 
     </span>
    </p>
   </div>
   <div class='ocr_carea' id='block_1_100' title="bbox 552 5400 2125 5480">
    <p class='ocr_par' dir='ltr' id='par_1_100' title="bbox 552 5400 2125 5480">
     <span class='ocr_line' id='line_1_100' title="bbox 552 5400 2125 5480; baseline 0.005 -23"><span class='ocrx_word' id='word_1_769' title='bbox 552 5417 679 5457; x_wconf 89' lang='lat' dir='ltr'><strong>num</strong></span> <span class='ocrx_word' id='word_1_770' title='bbox 710 5400 934 5457; x_wconf 74' lang='lat' dir='ltr'><strong>oll&#39;crtur</strong></span> <span class='ocrx_word' id='word_1_771' title='bbox 979 5403 1096 5458; x_wconf 90' lang='lat' dir='ltr'><strong>sine</strong></span> <span class='ocrx_word' id='word_1_772' title='bbox 1142 5419 1277 5474; x_wconf 85' lang='lat' dir='ltr'><strong>aqua</strong></span> <span class='ocrx_word' id='word_1_773' title='bbox 1308 5444 1323 5469; x_wconf 90' lang='lat'><strong>,</strong></span> <span class='ocrx_word' id='word_1_774' title='bbox 1370 5406 1585 5461; x_wconf 87' lang='lat' dir='ltr'><strong>videtur</strong></span> <span class='ocrx_word' id='word_1_775' title='bbox 1631 5406 1934 5478; x_wconf 86' lang='lat' dir='ltr'><strong>signiﬁcare</strong></span> <span class='ocrx_word' id='word_1_776' title='bbox 1982 5411 2125 5480; x_wconf 92' lang='lat' dir='ltr'><strong>quod</strong></span> 
     </span>
    </p>
   </div>
   <div class='ocr_carea' id='block_1_101' title="bbox 550 5492 2125 5567">
    <p class='ocr_par' dir='ltr' id='par_1_101' title="bbox 550 5492 2125 5567">
     <span class='ocr_line' id='line_1_101' title="bbox 550 5492 2125 5567; baseline 0.004 -18"><span class='ocrx_word' id='word_1_777' title='bbox 550 5495 732 5566; x_wconf 86' lang='lat' dir='ltr'><strong>passio</strong></span> <span class='ocrx_word' id='word_1_778' title='bbox 756 5492 956 5550; x_wconf 86' lang='lat' dir='ltr'><strong>Christi</strong></span> <span class='ocrx_word' id='word_1_779' title='bbox 983 5493 1117 5549; x_wconf 89' lang='lat' dir='ltr'><strong>nihil</strong></span> <span class='ocrx_word' id='word_1_780' title='bbox 1147 5493 1411 5565; x_wconf 85' lang='lat' dir='ltr'><strong>profuerit</strong></span> <span class='ocrx_word' id='word_1_781' title='bbox 1436 5498 1618 5567; x_wconf 82' lang='lat' dir='ltr'><strong>generi</strong></span> <span class='ocrx_word' id='word_1_782' title='bbox 1642 5498 1876 5555; x_wconf 87' lang='lat' dir='ltr'><strong>humano</strong></span> <span class='ocrx_word' id='word_1_783' title='bbox 1906 5520 1917 5554; x_wconf 92' lang='lat'><strong>:</strong></span> <span class='ocrx_word' id='word_1_784' title='bbox 1952 5502 1996 5556; x_wconf 89' lang='lat' dir='ltr'><strong>si</strong></span> <span class='ocrx_word' id='word_1_785' title='bbox 2025 5519 2125 5557; x_wconf 88' lang='lat' dir='ltr'><strong>au-</strong></span> 
     </span>
    </p>
   </div>
   <div class='ocr_carea' id='block_1_102' title="bbox 553 5584 2129 5660">
    <p class='ocr_par' dir='ltr' id='par_1_102' title="bbox 553 5584 2129 5660">
     <span class='ocr_line' id='line_1_102' title="bbox 553 5584 2129 5660; baseline 0.004 -19"><span class='ocrx_word' id='word_1_786' title='bbox 553 5593 661 5643; x_wconf 89' lang='lat' dir='ltr'><strong>tem</strong></span> <span class='ocrx_word' id='word_1_787' title='bbox 690 5599 829 5657; x_wconf 88' lang='lat' dir='ltr'><strong>aqua</strong></span> <span class='ocrx_word' id='word_1_788' title='bbox 878 5584 993 5640; x_wconf 91' lang='lat' dir='ltr'><strong>sine</strong></span> <span class='ocrx_word' id='word_1_789' title='bbox 1017 5585 1162 5652; x_wconf 88' lang='lat' dir='ltr'><strong>vino,</strong></span> <span class='ocrx_word' id='word_1_790' title='bbox 1210 5585 1423 5639; x_wconf 87' lang='lat' dir='ltr'><strong>videtur</strong></span> <span class='ocrx_word' id='word_1_791' title='bbox 1455 5585 1759 5657; x_wconf 82' lang='lat' dir='ltr'><strong>signiﬁcare</strong></span> <span class='ocrx_word' id='word_1_792' title='bbox 1805 5590 2001 5645; x_wconf 83' lang='lat' dir='ltr'><strong>salvari</strong></span> <span class='ocrx_word' id='word_1_793' title='bbox 2034 5608 2129 5660; x_wconf 83' lang='lat' dir='ltr'><strong>po—</strong></span> 
     </span>
    </p>
   </div>
   <div class='ocr_carea' id='block_1_103' title="bbox 556 5675 2128 5754">
    <p class='ocr_par' dir='ltr' id='par_1_103' title="bbox 556 5675 2128 5754">
     <span class='ocr_line' id='line_1_103' title="bbox 556 5675 2128 5754; baseline 0.004 -21"><span class='ocrx_word' id='word_1_794' title='bbox 556 5679 723 5734; x_wconf 85' lang='lat' dir='ltr'><strong>tuisse</strong></span> <span class='ocrx_word' id='word_1_795' title='bbox 776 5677 1030 5750; x_wconf 89' lang='lat' dir='ltr'><strong>populum</strong></span> <span class='ocrx_word' id='word_1_796' title='bbox 1081 5678 1198 5732; x_wconf 90' lang='lat' dir='ltr'><strong>sine</strong></span> <span class='ocrx_word' id='word_1_797' title='bbox 1245 5675 1446 5733; x_wconf 89' lang='lat' dir='ltr'><strong>Christi</strong></span> <span class='ocrx_word' id='word_1_798' title='bbox 1500 5679 1769 5747; x_wconf 89' lang='lat' dir='ltr'><strong>passione.</strong></span> <span class='ocrx_word' id='word_1_799' title='bbox 1827 5680 2128 5754; x_wconf 90' lang='lat' dir='ltr'><strong>Utrumque</strong></span> 
     </span>
    </p>
   </div>
   <div class='ocr_carea' id='block_1_104' title="bbox 555 5768 2130 5844">
    <p class='ocr_par' dir='ltr' id='par_1_104' title="bbox 555 5768 2130 5844">
     <span class='ocr_line' id='line_1_104' title="bbox 555 5768 2130 5844; baseline 0.006 -18"><span class='ocrx_word' id='word_1_800' title='bbox 555 5779 686 5841; x_wconf 79' lang='lat' dir='ltr'><strong>ergo</strong></span> <span class='ocrx_word' id='word_1_801' title='bbox 710 5768 963 5824; x_wconf 83' lang='lat' dir='ltr'><strong>miscetur</strong></span> <span class='ocrx_word' id='word_1_802' title='bbox 988 5768 1171 5840; x_wconf 86' lang='lat' dir='ltr'><strong>simul,</strong></span> <span class='ocrx_word' id='word_1_803' title='bbox 1217 5777 1277 5824; x_wconf 92' lang='lat' dir='ltr'><strong>ut</strong></span> <span class='ocrx_word' id='word_1_804' title='bbox 1304 5768 1653 5844; x_wconf 80' lang='lat' dir='ltr'><strong>intelligatur,</strong></span> <span class='ocrx_word' id='word_1_805' title='bbox 1699 5773 1951 5843; x_wconf 86' lang='lat' dir='ltr'><strong>passione</strong></span> <span class='ocrx_word' id='word_1_806' title='bbox 1975 5775 2130 5836; x_wconf 87' lang='lat' dir='ltr'><strong>Chri-</strong></span> 
     </span>
    </p>
   </div>
   <div class='ocr_carea' id='block_1_105' title="bbox 2174 4680 3803 4755">
    <p class='ocr_par' dir='ltr' id='par_1_105' title="bbox 2174 4680 3803 4755">
     <span class='ocr_line' id='line_1_105' title="bbox 2174 4680 3803 4755; baseline 0 -18"><span class='ocrx_word' id='word_1_807' title='bbox 2174 4722 2187 4737; x_wconf 56' lang='lat'><em>_</em></span> <span class='ocrx_word' id='word_1_808' title='bbox 2223 4699 2424 4753; x_wconf 79' lang='lat' dir='ltr'><strong>cusque</strong></span> <span class='ocrx_word' id='word_1_809' title='bbox 2456 4680 2720 4754; x_wconf 64' lang='lat' dir='ltr'><strong>praefatio,</strong></span> <span class='ocrx_word' id='word_1_810' title='bbox 2746 4682 2800 4736; x_wconf 88' lang='lat' dir='ltr'><strong>id</strong></span> <span class='ocrx_word' id='word_1_811' title='bbox 2828 4688 2942 4748; x_wconf 82' lang='lat' dir='ltr'><strong>est,</strong></span> <span class='ocrx_word' id='word_1_812' title='bbox 2984 4682 3298 4751; x_wconf 73' lang='lat' dir='ltr'><strong>pnelocutio</strong></span> <span class='ocrx_word' id='word_1_813' title='bbox 3331 4689 3387 4737; x_wconf 88' lang='lat' dir='ltr'><strong>et</strong></span> <span class='ocrx_word' id='word_1_814' title='bbox 3420 4682 3681 4739; x_wconf 70' lang='lat' dir='ltr'><strong>allocutio</strong></span> <span class='ocrx_word' id='word_1_815' title='bbox 3716 4698 3803 4755; x_wconf 71' lang='lat' dir='ltr'><strong>p0-</strong></span> 
     </span>
    </p>
   </div>
   <div class='ocr_carea' id='block_1_106' title="bbox 2223 4764 3806 4849">
    <p class='ocr_par' dir='ltr' id='par_1_106' title="bbox 2223 4764 3806 4849">
     <span class='ocr_line' id='line_1_106' title="bbox 2223 4764 3806 4849; baseline 0 -19"><span class='ocrx_word' id='word_1_816' title='bbox 2223 4764 2353 4849; x_wconf 90' lang='lat' dir='ltr'><strong>puli,</strong></span> <span class='ocrx_word' id='word_1_817' title='bbox 2387 4776 2511 4830; x_wconf 91' lang='lat' dir='ltr'><strong>hinc</strong></span> <span class='ocrx_word' id='word_1_818' title='bbox 2541 4776 2783 4845; x_wconf 90' lang='lat' dir='ltr'><strong>sequitur</strong></span> <span class='ocrx_word' id='word_1_819' title='bbox 2809 4774 3112 4833; x_wconf 82' lang='lat' dir='ltr'><strong>exhortatio</strong></span> <span class='ocrx_word' id='word_1_820' title='bbox 3144 4788 3159 4829; x_wconf 90' lang='lat'><strong>:</strong></span> <span class='ocrx_word' id='word_1_821' title='bbox 3186 4772 3409 4829; x_wconf 84' lang='lat' dir='ltr'><strong>Sursum</strong></span> <span class='ocrx_word' id='word_1_822' title='bbox 3436 4775 3623 4829; x_wconf 78' lang='lat' dir='ltr'><strong>corda.</strong></span> <span class='ocrx_word' id='word_1_823' title='bbox 3674 4774 3806 4830; x_wconf 72' lang='lat' dir='ltr'><strong>lior-</strong></span> 
     </span>
    </p>
   </div>
   <div class='ocr_carea' id='block_1_107' title="bbox 2223 4864 3805 4937">
    <p class='ocr_par' dir='ltr' id='par_1_107' title="bbox 2223 4864 3805 4937">
     <span class='ocr_line' id='line_1_107' title="bbox 2223 4864 3805 4937; baseline -0.003 -15"><span class='ocrx_word' id='word_1_824' title='bbox 2223 4875 2368 4922; x_wconf 83' lang='lat' dir='ltr'><strong>tatur</strong></span> <span class='ocrx_word' id='word_1_825' title='bbox 2393 4866 2536 4920; x_wconf 89' lang='lat' dir='ltr'><strong>enim</strong></span> <span class='ocrx_word' id='word_1_826' title='bbox 2575 4865 2828 4922; x_wconf 88' lang='lat' dir='ltr'><strong>sacerdos</strong></span> <span class='ocrx_word' id='word_1_827' title='bbox 2858 4864 3110 4937; x_wconf 83' lang='lat' dir='ltr'><strong>pupulum</strong></span> <span class='ocrx_word' id='word_1_828' title='bbox 3130 4906 3146 4930; x_wconf 97' lang='lat'><strong>,</strong></span> <span class='ocrx_word' id='word_1_829' title='bbox 3178 4873 3433 4937; x_wconf 85' lang='lat' dir='ltr'><strong>tanquam</strong></span> <span class='ocrx_word' id='word_1_830' title='bbox 3464 4864 3619 4919; x_wconf 84' lang='lat' dir='ltr'><strong>dicat</strong></span> <span class='ocrx_word' id='word_1_831' title='bbox 3649 4883 3663 4918; x_wconf 92' lang='lat'>:</span> <span class='ocrx_word' id='word_1_832' title='bbox 3691 4866 3805 4920; x_wconf 79' lang='lat' dir='ltr'><strong>Jam</strong></span> 
     </span>
    </p>
   </div>
   <div class='ocr_carea' id='block_1_108' title="bbox 2225 4955 3807 5027">
    <p class='ocr_par' dir='ltr' id='par_1_108' title="bbox 2225 4955 3807 5027">
     <span class='ocr_line' id='line_1_108' title="bbox 2225 4955 3807 5027; baseline 0 -15"><span class='ocrx_word' id='word_1_833' title='bbox 2225 4956 2534 5027; x_wconf 83' lang='lat' dir='ltr'><strong>apostolicis</strong></span> <span class='ocrx_word' id='word_1_834' title='bbox 2570 4963 2624 5011; x_wconf 90' lang='lat' dir='ltr'><strong>et</strong></span> <span class='ocrx_word' id='word_1_835' title='bbox 2670 4955 2994 5027; x_wconf 81' lang='lat' dir='ltr'><strong>evangelicis</strong></span> <span class='ocrx_word' id='word_1_836' title='bbox 3037 4957 3322 5027; x_wconf 63' lang='lat' dir='ltr'><strong>prmceptis</strong></span> <span class='ocrx_word' id='word_1_837' title='bbox 3358 4956 3698 5012; x_wconf 83' lang='lat' dir='ltr'><strong>sullicienter</strong></span> <span class='ocrx_word' id='word_1_838' title='bbox 3732 4959 3807 5012; x_wconf 89' lang='lat' dir='ltr'><strong>in-</strong></span> 
     </span>
    </p>
   </div>
   <div class='ocr_carea' id='block_1_109' title="bbox 2225 5047 3808 5115">
    <p class='ocr_par' dir='ltr' id='par_1_109' title="bbox 2225 5047 3808 5115">
     <span class='ocr_line' id='line_1_109' title="bbox 2225 5047 3808 5115; baseline -0.003 -9"><span class='ocrx_word' id='word_1_839' title='bbox 2225 5050 2417 5106; x_wconf 90' lang='lat' dir='ltr'><strong>structi</strong></span> <span class='ocrx_word' id='word_1_840' title='bbox 2465 5057 2520 5103; x_wconf 88' lang='lat' dir='ltr'><strong>et</strong></span> <span class='ocrx_word' id='word_1_841' title='bbox 2558 5047 2886 5115; x_wconf 87' lang='lat' dir='ltr'><strong>conﬁrmati,</strong></span> <span class='ocrx_word' id='word_1_842' title='bbox 2924 5050 3085 5105; x_wconf 88' lang='lat' dir='ltr'><strong>corda</strong></span> <span class='ocrx_word' id='word_1_843' title='bbox 3108 5058 3294 5104; x_wconf 84' lang='lat' dir='ltr'><strong>vestra</strong></span> <span class='ocrx_word' id='word_1_844' title='bbox 3328 5065 3357 5103; x_wconf 85' lang='lat' dir='ltr'><strong>a</strong></span> <span class='ocrx_word' id='word_1_845' title='bbox 3391 5050 3629 5104; x_wconf 87' lang='lat' dir='ltr'><strong>terrenis</strong></span> <span class='ocrx_word' id='word_1_846' title='bbox 3667 5047 3808 5104; x_wconf 84' lang='lat' dir='ltr'><strong>curis</strong></span> 
     </span>
    </p>
   </div>
   <div class='ocr_carea' id='block_1_110' title="bbox 2225 5140 3805 5212">
    <p class='ocr_par' dir='ltr' id='par_1_110' title="bbox 2225 5140 3805 5212">
     <span class='ocr_line' id='line_1_110' title="bbox 2225 5140 3805 5212; baseline -0.003 -15"><span class='ocrx_word' id='word_1_847' title='bbox 2225 5156 2441 5197; x_wconf 89' lang='lat' dir='ltr'><strong>sursum</strong></span> <span class='ocrx_word' id='word_1_848' title='bbox 2484 5140 2550 5194; x_wconf 90' lang='lat' dir='ltr'><strong>ad</strong></span> <span class='ocrx_word' id='word_1_849' title='bbox 2582 5140 2867 5199; x_wconf 89' lang='lat' dir='ltr'><strong>Dominum</strong></span> <span class='ocrx_word' id='word_1_850' title='bbox 2891 5140 3127 5212; x_wconf 84' lang='lat' dir='ltr'><strong>dirigite,</strong></span> <span class='ocrx_word' id='word_1_851' title='bbox 3178 5150 3239 5196; x_wconf 90' lang='lat' dir='ltr'><strong>ut</strong></span> <span class='ocrx_word' id='word_1_852' title='bbox 3278 5140 3628 5205; x_wconf 82' lang='lat' dir='ltr'><strong>sacriﬁcium,</strong></span> <span class='ocrx_word' id='word_1_853' title='bbox 3668 5140 3805 5211; x_wconf 67' lang='lat' dir='ltr'><strong>quod</strong></span> 
     </span>
    </p>
   </div>
   <div class='ocr_carea' id='block_1_111' title="bbox 2223 5228 3807 5303">
    <p class='ocr_par' dir='ltr' id='par_1_111' title="bbox 2223 5228 3807 5303">
     <span class='ocr_line' id='line_1_111' title="bbox 2223 5228 3807 5303; baseline -0.001 -16"><span class='ocrx_word' id='word_1_854' title='bbox 2223 5232 2335 5288; x_wconf 87' lang='lat' dir='ltr'><strong>Deo</strong></span> <span class='ocrx_word' id='word_1_855' title='bbox 2384 5228 2715 5287; x_wconf 73' lang='lat' dir='ltr'><strong>olfereudum</strong></span> <span class='ocrx_word' id='word_1_856' title='bbox 2746 5232 2878 5289; x_wconf 87' lang='lat' dir='ltr'><strong>mihi</strong></span> <span class='ocrx_word' id='word_1_857' title='bbox 2919 5232 3206 5298; x_wconf 85' lang='lat' dir='ltr'><strong>obtulistis,</strong></span> <span class='ocrx_word' id='word_1_858' title='bbox 3263 5233 3423 5303; x_wconf 81' lang='lat' dir='ltr'><strong>digne</strong></span> <span class='ocrx_word' id='word_1_859' title='bbox 3471 5232 3675 5288; x_wconf 76' lang='lat' dir='ltr'><strong>oﬂ’crre</strong></span> <span class='ocrx_word' id='word_1_860' title='bbox 3720 5249 3807 5285; x_wconf 57' lang='lat' dir='ltr'><strong>rae</strong></span> 
     </span>
    </p>
   </div>
   <div class='ocr_carea' id='block_1_112' title="bbox 2224 5323 3803 5397">
    <p class='ocr_par' dir='ltr' id='par_1_112' title="bbox 2224 5323 3803 5397">
     <span class='ocr_line' id='line_1_112' title="bbox 2224 5323 3803 5397; baseline 0.002 -18"><span class='ocrx_word' id='word_1_861' title='bbox 2224 5325 2382 5381; x_wconf 88' lang='lat' dir='ltr'><strong>leam.</strong></span> <span class='ocrx_word' id='word_1_862' title='bbox 2408 5323 2717 5396; x_wconf 84' lang='lat' dir='ltr'><strong>Respondet</strong></span> <span class='ocrx_word' id='word_1_863' title='bbox 2765 5326 3037 5397; x_wconf 91' lang='lat' dir='ltr'><strong>populus:</strong></span> <span class='ocrx_word' id='word_1_864' title='bbox 3078 5325 3344 5383; x_wconf 80' lang='lat' dir='ltr'><strong>Habemus</strong></span> <span class='ocrx_word' id='word_1_865' title='bbox 3384 5328 3457 5381; x_wconf 83' lang='lat' dir='ltr'><strong>ad</strong></span> <span class='ocrx_word' id='word_1_866' title='bbox 3495 5327 3803 5393; x_wconf 68' lang='lat' dir='ltr'><strong>Dentium,</strong></span> 
     </span>
    </p>
   </div>
   <div class='ocr_carea' id='block_1_113' title="bbox 2225 5407 3808 5491">
    <p class='ocr_par' dir='ltr' id='par_1_113' title="bbox 2225 5407 3808 5491">
     <span class='ocr_line' id='line_1_113' title="bbox 2225 5407 3808 5491; baseline 0.004 -22"><span class='ocrx_word' id='word_1_867' title='bbox 2225 5418 2377 5489; x_wconf 85' lang='lat' dir='ltr'><strong>quasi</strong></span> <span class='ocrx_word' id='word_1_868' title='bbox 2417 5417 2597 5473; x_wconf 84' lang='lat' dir='ltr'><strong>dicat:</strong></span> <span class='ocrx_word' id='word_1_869' title='bbox 2631 5416 2804 5473; x_wconf 87' lang='lat' dir='ltr'><strong>Corda</strong></span> <span class='ocrx_word' id='word_1_870' title='bbox 2848 5428 3054 5487; x_wconf 84' lang='lat' dir='ltr'><strong>nostra,</strong></span> <span class='ocrx_word' id='word_1_871' title='bbox 3090 5427 3150 5475; x_wconf 89' lang='lat' dir='ltr'><strong>ut</strong></span> <span class='ocrx_word' id='word_1_872' title='bbox 3192 5407 3461 5491; x_wconf 72' lang='lat' dir='ltr'><strong>pnecipis,</strong></span> <span class='ocrx_word' id='word_1_873' title='bbox 3492 5432 3677 5477; x_wconf 85' lang='lat' dir='ltr'><strong>erecta</strong></span> <span class='ocrx_word' id='word_1_874' title='bbox 3714 5422 3808 5475; x_wconf 77' lang='lat' dir='ltr'><strong>ha—</strong></span> 
     </span>
    </p>
   </div>
   <div class='ocr_carea' id='block_1_114' title="bbox 2225 5505 3805 5585">
    <p class='ocr_par' dir='ltr' id='par_1_114' title="bbox 2225 5505 3805 5585">
     <span class='ocr_line' id='line_1_114' title="bbox 2225 5505 3805 5585; baseline 0.003 -23"><span class='ocrx_word' id='word_1_875' title='bbox 2225 5507 2415 5563; x_wconf 86' lang='lat' dir='ltr'><strong>bemus</strong></span> <span class='ocrx_word' id='word_1_876' title='bbox 2455 5506 2521 5561; x_wconf 89' lang='lat' dir='ltr'><strong>ad</strong></span> <span class='ocrx_word' id='word_1_877' title='bbox 2553 5505 2862 5574; x_wconf 87' lang='lat' dir='ltr'><strong>Dominum,</strong></span> <span class='ocrx_word' id='word_1_878' title='bbox 2911 5519 2969 5565; x_wconf 90' lang='lat' dir='ltr'><strong>ut</strong></span> <span class='ocrx_word' id='word_1_879' title='bbox 3017 5512 3289 5585; x_wconf 89' lang='lat' dir='ltr'><strong>suscipere</strong></span> <span class='ocrx_word' id='word_1_880' title='bbox 3338 5512 3592 5584; x_wconf 81' lang='lat' dir='ltr'><strong>dignetur</strong></span> <span class='ocrx_word' id='word_1_881' title='bbox 3620 5521 3805 5567; x_wconf 78' lang='lat' dir='ltr'><strong>votum</strong></span> 
     </span>
    </p>
   </div>
   <div class='ocr_carea' id='block_1_115' title="bbox 2226 5599 3806 5675">
    <p class='ocr_par' dir='ltr' id='par_1_115' title="bbox 2226 5599 3806 5675">
     <span class='ocr_line' id='line_1_115' title="bbox 2226 5599 3806 5675; baseline 0.003 -21"><span class='ocrx_word' id='word_1_882' title='bbox 2226 5610 2493 5659; x_wconf 84' lang='lat' dir='ltr'><strong>nostrum.</strong></span> <span class='ocrx_word' id='word_1_883' title='bbox 2528 5599 2786 5655; x_wconf 85' lang='lat' dir='ltr'><strong>Hortatur</strong></span> <span class='ocrx_word' id='word_1_884' title='bbox 2823 5603 3015 5657; x_wconf 89' lang='lat' dir='ltr'><strong>iterum</strong></span> <span class='ocrx_word' id='word_1_885' title='bbox 3044 5621 3057 5657; x_wconf 89' lang='lat'><strong>:</strong></span> <span class='ocrx_word' id='word_1_886' title='bbox 3092 5601 3307 5659; x_wconf 83' lang='lat' dir='ltr'><strong>Gratias</strong></span> <span class='ocrx_word' id='word_1_887' title='bbox 3336 5620 3559 5675; x_wconf 73' lang='lat' dir='ltr'><strong>agamus</strong></span> <span class='ocrx_word' id='word_1_888' title='bbox 3584 5603 3806 5661; x_wconf 67' lang='lat' dir='ltr'><strong>Domina</strong></span> 
     </span>
    </p>
   </div>
   <div class='ocr_carea' id='block_1_116' title="bbox 2228 5688 3808 5765">
    <p class='ocr_par' dir='ltr' id='par_1_116' title="bbox 2228 5688 3808 5765">
     <span class='ocr_line' id='line_1_116' title="bbox 2228 5688 3808 5765; baseline 0.003 -19"><span class='ocrx_word' id='word_1_889' title='bbox 2228 5688 2337 5748; x_wconf 87' lang='lat' dir='ltr'><strong>Deo</strong></span> <span class='ocrx_word' id='word_1_890' title='bbox 2375 5702 2572 5758; x_wconf 80' lang='lat' dir='ltr'><strong>nostra,</strong></span> <span class='ocrx_word' id='word_1_891' title='bbox 2612 5692 2771 5747; x_wconf 92' lang='lat' dir='ltr'><strong>simul</strong></span> <span class='ocrx_word' id='word_1_892' title='bbox 2822 5710 2921 5765; x_wconf 87' lang='lat' dir='ltr'><strong>ego</strong></span> <span class='ocrx_word' id='word_1_893' title='bbox 2955 5703 3009 5750; x_wconf 87' lang='lat' dir='ltr'><strong>et</strong></span> <span class='ocrx_word' id='word_1_894' title='bbox 3051 5709 3179 5761; x_wconf 82' lang='lat' dir='ltr'><strong>vos;</strong></span> <span class='ocrx_word' id='word_1_895' title='bbox 3225 5696 3500 5765; x_wconf 87' lang='lat' dir='ltr'><strong>subaudis,</strong></span> <span class='ocrx_word' id='word_1_896' title='bbox 3538 5698 3606 5753; x_wconf 88' lang='lat' dir='ltr'><strong>de</strong></span> <span class='ocrx_word' id='word_1_897' title='bbox 3638 5697 3808 5753; x_wconf 81' lang='lat' dir='ltr'><strong>omni-</strong></span> 
     </span>
    </p>
   </div>
   <div class='ocr_carea' id='block_1_117' title="bbox 2229 5783 3806 5862">
    <p class='ocr_par' dir='ltr' id='par_1_117' title="bbox 2229 5783 3806 5862">
     <span class='ocr_line' id='line_1_117' title="bbox 2229 5783 3806 5862; baseline 0 -20"><span class='ocrx_word' id='word_1_898' title='bbox 2229 5785 2332 5843; x_wconf 89' lang='lat' dir='ltr'><strong>bus</strong></span> <span class='ocrx_word' id='word_1_899' title='bbox 2357 5785 2513 5842; x_wconf 86' lang='lat' dir='ltr'><strong>bonis</strong></span> <span class='ocrx_word' id='word_1_900' title='bbox 2537 5783 2604 5841; x_wconf 88' lang='lat' dir='ltr'><strong>ab</strong></span> <span class='ocrx_word' id='word_1_901' title='bbox 2632 5783 2721 5841; x_wconf 91' lang='lat' dir='ltr'><strong>illo</strong></span> <span class='ocrx_word' id='word_1_902' title='bbox 2762 5787 3038 5857; x_wconf 60' lang='lat' dir='ltr'><strong>praestitis.</strong></span> <span class='ocrx_word' id='word_1_903' title='bbox 3064 5786 3371 5862; x_wconf 82' lang='lat' dir='ltr'><strong>Respondet</strong></span> <span class='ocrx_word' id='word_1_904' title='bbox 3402 5789 3633 5861; x_wconf 86' lang='lat' dir='ltr'><strong>populus</strong></span> <span class='ocrx_word' id='word_1_905' title='bbox 3658 5798 3713 5846; x_wconf 82' lang='lat' dir='ltr'><strong>et</strong></span> <span class='ocrx_word' id='word_1_906' title='bbox 3735 5786 3806 5843; x_wconf 78' lang='lat' dir='ltr'><strong>ai-</strong></span> 
     </span>
    </p>
   </div>
  </div>
