4032 6354
288 350 427 413 iiiis

1040 296 1043 297 ν
1097 285 1266 413 ore.
1290 342 1700 404 suppostrix.
1730 368 1799 385 -
1836 328 1963 401 ΗΒ.
2004 336 2093 392 DE
2132 332 2385 395 DIVINIS
2419 328 2723 394 ornans.

3393 326 3531 395 i234

285 471 484 532 ﬁrmat,
513 464 698 523 dicens
720 478 749 539 f.
776 447 1011 533 Dignum
1032 472 1081 517 et
1113 462 1317 531 justum
1346 468 1442 520 est,
1473 466 1534 510 ut
1562 456 1637 510 illi
1661 453 1861 524 gratias
1890 456 1936 515 Α
1963 448 2076 503 lum
2095 458 2219 503 sunt
2246 449 2414 504 creati
2443 467 2458 516 ;
2499 457 2554 505 et
2581 464 2686 505 non
2712 448 2886 505 solum
2912 448 3089 521 angeli
3117 465 3219 521 per
3244 450 3397 507 illum
3420 453 3536 508 lau~

284 574 537 632 agamus,
573 556 797 611 Domino
828 555 939 611 Deo
972 562 1176 608 nostro.
1218 552 1369 647 Han‘:
1410 547 1860 611 exhortationem,

283 669 403 723 qius
438 649 705 719 sequitur,
749 647 999 704 Gelasins
1038 636 1404 715 composuisse
1439 642 1655 698 dicitur.
1706 636 1866 693 Allir-

285 750 398 796 mat
453 739 713 795 sacerdos
766 738 953 809 populi
1000 752 1211 800 vocem,
1263 745 1317 791 et
1371 732 1635 789 convertit
1685 745 1742 785 se
1796 729 1864 784 ad

284 835 453 889 Deum
480 842 715 904 patrem,
738 832 967 887 dicens:
1009 830 1139 885 Vere
1174 820 1390 901 dignum
1424 837 1472 881 et
1508 827 1713 897 justum
1764 832 1860 890 est,

285 925 339 979 id
373 933 479 991 est,
529 925 671 981 sicut
715 923 949 994 populus
995 931 1121 977 tuus
1164 922 1475 992 respondet,
1521 919 1614 973 tibi
1662 918 1865 988 gratias

284 1032 445 1089 agere
473 1017 717 1088 dzgnnm,
743 1015 971 1085 justum.
1019 1021 1077 1068 et
1103 1029 1313 1083 acquum
1352 1012 1581 1082 idipsum
1615 1016 1726 1072 est;
1760 1006 1863 1062 Sa-

276 1108 470 1174 lutare,
512 1107 567 1162 id
598 1117 703 1175 est,
748 1106 920 1163 salute
955 1105 1194 1177 plenum,
1230 1104 1487 1175 quoniam
1520 1103 1589 1157 ad
1620 1109 1859 1156 nostram

278 1199 524 1268 corporis
559 1206 614 1253 et
660 1199 853 1257 anima:
895 1197 1122 1252 salutem
1150 1194 1402 1264 pertinet,
1433 1194 1481 1246 si
1516 1193 1672 1263 digne
1712 1191 1861 1245 illum

278 1288 576 1345 laudemus.
622 1289 749 1345 Post
783 1288 1179 1361 confessionem
1220 1286 1430 1358 populi,
1482 1286 1703 1357 dignum
1736 1299 1859 1340 esse

278 1389 332 1435 et
359 1379 591 1449 justum,
634 1390 693 1435 ut
725 1379 835 1436 Deo
882 1380 1067 1452 gratiae
1119 1380 1507 1450 rependantur,
1552 1377 1859 1433 intermisso

278 1471 495 1542 populo,
546 1470 633 1526 cui
668 1471 1007 1542 loquebatur,
1050 1468 1164 1538 jam
1201 1470 1467 1525 convertit
1515 1483 1574 1523 se
1607 1468 1861 1524 sacerdos

279 1564 349 1617 ad
380 1563 547 1618 Deum
580 1554 822 1629 Patrem,
845 1572 901 1618 et
936 1573 1190 1634 tanquam
1222 1563 1291 1618 ad
1316 1570 1641 1632 praesentem
1675 1562 1862 1631 incipit

163 1667 171 1670 '
274 1656 442 1730 loqui,
476 1658 660 1714 dicens
690 1676 703 1712 :
738 1656 850 1712 Nos
887 1656 979 1710 tibi
1011 1656 1210 1727 gratias
1233 1673 1404 1727 agere,
1441 1666 1493 1711 et
1524 1657 1626 1711 hoc
1661 1671 1768 1711 non
1792 1655 1861 1711 ad

272 1747 499 1823 horam,
536 1747 631 1804 sed
685 1764 902 1819 semper,
945 1748 996 1802 id
1039 1755 1155 1812 est,
1190 1746 1337 1802 omni
1388 1757 1651 1817 tempore,
1694 1755 1753 1801 et
1802 1745 1858 1801 in

1964 541 2094 596 dant
2122 541 2290 595 Deum
2317 541 2555 609 Patrem,
2578 558 2764 597 verum
2786 543 2951 599 etiam
2982 544 3087 599 illa
3110 544 3347 600 virtutes
3368 545 3535 599 creto-

1962 651 2109 699 rum,
2133 650 2252 703 qua:
2290 652 2452 706 super
2481 637 2616 692 alias
2660 637 3085 693 dominationem
3110 645 3166 693 et
3208 646 3535 709 potestatem

1961 725 2181 786 habent.
2213 724 2281 779 Hi
2308 742 2439 797 ergo
2470 738 2581 783 tam
2610 728 2755 783 beati
2795 736 2851 784 et
2888 728 3148 784 sublimes
3179 728 3413 798 Spiritus
3439 746 3557 799 per!

1962 815 2243 871 Christum
2267 818 2603 888 majestatem
2621 817 2718 874 Dei
2742 820 2987 885 laudant,
3020 821 3162 876 sicut
3189 823 3257 878 ad
3282 838 3379 880 eos
3400 835 3535 879 con-

1961 909 2282 980 gratulando
2327 910 2526 965 dicitur
2580 911 2636 965 in
2666 912 2877 981 psalmo
2906 932 2919 966 :
2960 912 3205 971 Laudato
3225 914 3531 982 Dominum,

1934 1082 2715 1188 (quoqueeamdemgdi'ﬁnam
2744 1096 3101 1166 maiestatem,
3133 1098 3276 1155 sicut
3297 1100 3353 1155 in
3380 1102 3539 1172 hym-
3557 1090 3577 1153 ί

1960 1184 2031 1240 no
2059 1184 2420 1241 confessionis
2450 1186 2635 1243 Esdrm
2663 1188 2731 1242 ad
2758 1189 2932 1259 ipsum
2964 1190 3255 1249 Dominum
3290 1194 3492 1250 dicitur
3517 1213 3532 1251 :

1958 1276 2238 1332 Exercitus
2266 1278 2378 1332 cali
2407 1288 2456 1334 te
2499 1278 2723 1334 adorant
2745 1279 2830 1353 (Π
2858 1280 3019 1337 Esdr.
3044 1300 3122 1351 ιι,
3162 1286 3243 1357 6).
3285 1284 3537 1344 Tremuit:

1958 1372 2144 1435 etiam,
2173 1371 2313 1427 sicut
2331 1386 2429 1441 per
2460 1370 2689 1442 ﬁguram
2725 1372 2793 1429 de
2819 1374 2900 1429 eis
2930 1374 2986 1428 in
3007 1374 3275 1434 libroJob
3294 1377 3534 1439 dicitur:

1960 1462 2231 1521 Columna!
2254 1466 2366 1521 caeli
2391 1468 2817 1533 contremiscunt,
2844 1476 2893 1521 et
2914 1477 3103 1538 pavent
3126 1470 3195 1523 sd
3217 1481 3401 1526 nutans
3416 1472 3537 1542 ejus

1962 1558 2105 1631 (Job.
2136 1575 2291 1625 xxvr,
2319 1560 2429 1629 ll).
2464 1559 2564 1635 Qui
2595 1567 2773 1614 tamen
2802 1568 3009 1617 tremor
3032 1601 3048 1626 ,
3080 1576 3149 1617 ne
3196 1562 3283 1618 eis
3307 1563 3537 1632 ptenalis

1962 1654 2055 1718 sit,
2085 1668 2194 1709 non
2244 1652 2456 1708 timoris
2484 1661 2573 1707 est
2594 1691 2610 1716 ,
2642 1651 2743 1707 sed
2771 1652 3164 1711 admirationis.
3210 1652 3344 1710 Cum
3372 1654 3539 1725 igitur

1962 1747 2017 1801 in
2047 1746 2361 1802 coelestibus
2390 1754 2537 1801 tanta
2572 1746 2642 1800 sit
2664 1743 2887 1801 devotio
2904 1746 3239 1804 laudantium
3263 1787 3281 1814 ,
3300 1762 3533 1803 venera-

270 1839 551 1909 prosperis
578 1846 633 1892 et
662 1839 719 1892 iu
741 1837 1006 1903 adversis,
1056 1837 1264 1907 ubique,
1299 1837 1352 1891 id
1391 1845 1495 1903 est,
1537 1837 1683 1892 omni
1713 1836 1853 1893 loco.
1891 1828 1931 1893 Β
1961 1840 2037 1894 tio
2060 1838 2400 1893 adorantium
2424 1876 2441 1903 ,
2494 1846 2702 1892 tremor
2752 1837 3171 1904 admirantium,
3222 1838 3537 1895 consideret

176 1966 179 1969 γ
271 1927 496 1982 Domine
517 1937 716 1992 sancte,
742 1927 833 1998 qui
856 1926 1151 1981 dominaris
1174 1929 1436 1992 omnium,
1466 1943 1585 1997 qua:
1618 1927 1674 1982 in
1703 1926 1855 1982 caelis

271 2029 419 2084 sunt,
454 2028 509 2075 et
538 2036 658 2090 qua:
688 2020 741 2074 in
780 2030 948 2085 terra,
978 2030 1033 2075 et
1061 2021 1151 2092 qui
1181 2021 1365 2077 omnia
1408 2029 1594 2077 sancta
1628 2031 1722 2076 tua
1754 2022 1855 2077 be-

273 2114 579 2169 nedictione
623 2115 954 2180 sanctiﬁcas,
987 2122 1046 2168 ut
1076 2124 1265 2171 sancta
1289 2116 1415 2171 sint.
1450 2113 1617 2172 Pater
1645 2114 1853 2180 Grzece,

268 2202 460 2263 Latine
486 2205 683 2259 dicitur
707 2207 935 2276 genitor.
964 2206 1106 2262 Deus
1132 2206 1275 2261 enim
1300 2205 1643 2261 iuell‘abililer
1671 2205 1857 2279 genuit

178 2300 181 2303 λ
271 2282 467 2353 Filium
503 2305 628 2351 ante
651 2299 832 2352 omnia
858 2297 1075 2354 saecula.
1103 2298 1444 2369 Omnipotens
1466 2300 1664 2354 dicitur
1690 2300 1851 2364 Deus,

273 2390 401 2461 quia
438 2390 620 2444 omnia
669 2398 869 2460 potest,
904 2405 1026 2460 quae
1060 2390 1210 2445 illum
1246 2391 1456 2445 decent.
1495 2390 1704 2445 Mentiri
1744 2406 1854 2444 non

268 2490 472 2554 potest,
495 2481 625 2551 quia
643 2482 844 2538 veritas
882 2490 994 2547 est;
1040 2483 1178 2537 mori
1216 2498 1325 2537 non
1364 2490 1563 2551 potest,
1593 2482 1719 2551 quia
1754 2483 1855 2537 im-

271 2575 541 2641 mortalis,
572 2574 681 2631 imo
706 2575 817 2630 vita
843 2583 955 2639 est;
1008 2576 1204 2629 mutari
1230 2591 1335 2629 non
1367 2583 1562 2643 potest,
1600 2575 1724 2644 quia
1754 2575 1854 2629 im-

268 2662 545 2721 mutabilis
589 2672 691 2720 est.
744 2664 1095 2735 Omnipotens
1141 2665 1287 2719 enim
1337 2665 1535 2723 dicitur
1578 2663 1850 2734 faciendo,

265 2756 413 2829 quod
454 2756 587 2819 vult,
632 2772 739 2811 non
765 2755 1038 2826 patiendo,
1085 2755 1230 2825 quod
1269 2772 1374 2811 non
1404 2757 1538 2811 vult.
1596 2756 1855 2813 zEternus

265 2857 353 2907 est
404 2849 565 2916 Deus,
602 2849 729 2920 quia
774 2865 876 2906 nec
916 2849 1129 2905 initium
1163 2850 1371 2911 habuit,
1415 2864 1517 2904 nec
1565 2849 1853 2904 terminum

265 2926 504 3005 habebit,
537 2943 663 3014 quia
698 2958 801 2999 nec
826 2943 991 3014 coepit
1024 2958 1124 2998 nec
1155 2942 1371 2997 desinit.
1410 2940 1611 2998 Gratia:
1641 2949 1847 3007 autem,

268 3053 407 3111 quas
430 3036 690 3095 debemus
717 3035 936 3101 offerre,
962 3051 1059 3107 per
1087 3035 1372 3091 Dominum
1394 3046 1641 3089 nostrum
1665 3030 1853 3089 Jesum

268 3130 544 3189 Christum
598 3128 884 3185 oll‘erendaa
925 3137 1077 3194 sunt,
1133 3128 1225 3197 qui
1266 3136 1349 3183 est
1392 3126 1660 3182 mediator
1706 3126 1852 3181 inter

1959 1933 2063 1988 hoc
2085 1933 2267 1997 homo,
2286 1931 2374 1986 cui
2391 1926 2595 1988 dictum
2616 1938 2700 1986 est
2726 1948 2739 1985 :
2759 1929 2899 1996 Quid
2913 1930 3173 2002 superbis,
3190 1940 3330 1985 terra
3340 1940 3389 1986 et
3402 1932 3535 1987 cinis

1960 2024 2152 2094 (Eecli.
2176 2040 2233 2089 ι,
2265 2024 2359 2087 9)?
2408 2025 2608 2079 Audiat
2654 2024 2975 2095 Apostolum
3018 2033 3367 2080 mouentem:
3401 2024 3535 2082 Cum

1956 2126 2096 2170 metu
2116 2125 2164 2169 et
2193 2116 2398 2179 timore,
2425 2126 2471 2170 et
2494 2126 2716 2170 tremore
2756 2125 2979 2177 uestram
3028 2116 3265 2187 ipset-tun
3308 2100 3534 2173 salutem

1957 2208 2248 2277 aperamini
2308 2205 2476 2279 (Phil.
2526 2222 2600 2271 ιι,
2652 2206 2763 2278 i3).
2819 2206 2949 2263 Cteli
2996 2222 3258 2278 quoque,
3309 2209 3402 2279 qui
3438 2223 3541 2278 per

1956 2298 2233 2355 Christum
2280 2300 2410 2356 tacti
2441 2308 2585 2363 sunt,
2638 2308 2770 2357 tunc
2819 2299 3043 2356 laudant
3089 2300 3258 2356 Deum
3294 2299 3533 2367 Patrem,

1955 2392 2173 2461 quando
2228 2405 2328 2446 nos
2372 2398 2668 2460 provocant
2718 2391 2786 2445 ad
2815 2389 3034 2447 laudem
3077 2390 3217 2457 ejus.
3273 2389 3534 2446 Graiorum

1953 2498 2154 2553 quoque
2184 2481 2397 2537 virtutes
2440 2490 2489 2536 et
2536 2482 2797 2552 seraphim
2845 2480 3228 2547 concelebrant,
3255 2481 3311 2537 id
3347 2490 3449 2548 est,
3480 2483 3537 2537 in

1956 2587 2243 2627 commune
2264 2572 2543 2629 celebrant
2559 2572 2814 2629 concordi
2844 2572 3150 2639 devotione,
3174 2581 3235 2628 et
3262 2573 3535 2631 communi

1955 2666 2152 2736 gaudio
2182 2665 2423 2721 laudant.
2457 2665 2593 2721 Nam
2616 2664 2909 2721 celebritas
2930 2660 3017 2722 est
3035 2673 3333 2729 conventus
3352 2665 3539 2737 populi

1954 2758 2010 2814 in
2063 2758 2219 2814 laude
2251 2777 2265 2812 :
2299 2766 2353 2815 et
2395 2758 2665 2814 celebrata
2698 2758 2929 2817 dicimus
2968 2760 3031 2817 in
3058 2759 3279 2826 celebri,
3337 2758 3392 2814 id
3428 2766 3536 2828 est,

1954 2849 2391 2921 frequentissimo
2419 2859 2688 2908 conventu
2740 2860 2881 2907 acta.
2924 2852 3048 2911 Ideo
3079 2860 3259 2909 autem
3291 2852 3491 2908 dicitur
3512 2892 3529 2917 ,

1954 2943 2077 3012 quia
2095 2940 2431 3011 majestatem
2448 2944 2615 3010 socia,
2643 2944 2697 3000 id
2721 2952 2825 3009 est,
2841 2941 3033 3011 juncta
3045 2942 3395 3003 exsultatione
3414 2961 3539 3000 con-

1952 3034 2235 3099 celebrant,
2273 3036 2527 3105 quoniam
2557 3038 2674 3093 sine
2703 3037 3105 3094 intermissione
3128 3038 3430 3103 laudantes,
3456 3039 3537 3093 vi.

1953 3128 2139 3183 Cissim
2166 3129 2232 3183 de
2256 3128 2347 3184 illo
2391 3137 2445 3183 et
2495 3129 2564 3185 de
2590 3144 2647 3186 se
2673 3128 2728 3183 in
2759 3129 2852 3184 illo
2890 3129 3162 3185 laetantur.
3221 3129 3376 3185 Hunc
3402 3145 3535 3201 ergo

266 3221 441 3278 Deum
466 3231 525 3278 et
548 3237 671 3286 nos,
702 3230 756 3279 et
789 3222 881 3291 qui
914 3228 995 3276 est
1024 3219 1261 3292 pontifex
1306 3219 1642 3288 pontiﬁcum.
1687 3218 1845 3275 Chri-
1877 3193 1927 3257 δ
1954 3224 2196 3278 omnium
2223 3233 2525 3279 creatorem
2573 3231 2630 3278 et
2654 3232 2919 3313 rectorem
2950 3224 3173 3279 laudant
3198 3232 3253 3278 et
3280 3223 3534 3279 concelea

264 3326 379 3371 stus
407 3315 617 3381 Grtece,
650 3314 838 3369 Latine
878 3315 1079 3369 dicitur
1118 3322 1329 3369 unctus.
1380 3313 1587 3369 Unctus
1626 3320 1707 3367 est
1752 3313 1849 3367 Dei

262 3404 433 3462 Filius
489 3406 784 3463 secundum
828 3405 1245 3469 humanitatem,
1304 3419 1411 3459 non
1460 3404 1581 3458 oleo
1628 3404 1844 3467 visiliili,

204 3492 213 3495 “
262 3513 375 3570 quo
412 3501 749 3569 ungebantur
778 3512 930 3566 reges
954 3506 1010 3552 et
1049 3498 1379 3561 sacerdotes,
1434 3511 1618 3550 verum
1668 3509 1849 3564 regem

260 3601 319 3646 et
351 3590 686 3646 sacerdotem
717 3592 1129 3660 prieligurantes
1160 3588 1447 3643 Dominum
1486 3596 1730 3642 nostrum
1755 3586 1848 3641 Je-

267 3698 390 3739 sum
412 3681 718 3746 Christum,
786 3682 878 3738 sed
922 3681 1260 3751 plenitudine
1293 3679 1590 3735 divinitatis
1627 3687 1682 3734 et
1711 3680 1852 3733 dono

265 3772 479 3847 gratiae,
524 3774 667 3843 quod
700 3772 896 3827 visibili
923 3772 1167 3843 signatur
1196 3779 1493 3842 unguento,
1534 3786 1640 3840 quo
1678 3770 1853 3838 bapti-

267 3875 419 3923 zatos
444 3864 621 3937 jungit
650 3865 909 3921 Ecclesia.
947 3863 1197 3921 Christus
1245 3872 1424 3919 tamen
1461 3878 1567 3918 non
1606 3872 1737 3917 tunc
1770 3870 1854 3918 est

264 3967 461 4023 unctus
490 3957 691 4027 Spiritu
737 3967 958 4022 sancto,
996 3959 1213 4027 quando
1241 3972 1403 4027 super
1445 3972 1573 4013 eum
1604 3955 1849 4025 baptiza-

214 4093 227 4101 .
266 4059 385 4107 tum
433 4052 573 4106 sicut
624 4050 870 4105 columba
919 4049 1221 4114 descendit;
1266 4058 1406 4104 tunc
1450 4048 1594 4103 enim
1653 4062 1852 4116 corpus

267 4158 446 4208 suum,
476 4142 527 4195 id
558 4150 661 4207 est,
689 4141 984 4201 Ecclesiam
1016 4144 1364 4212 praetigurare
1387 4141 1635 4210 dignatus
1661 4147 1764 4204 est,
1795 4138 1849 4193 in

262 4250 370 4304 qua
430 4234 687 4304 baptizati
744 4233 1019 4304 accipiunt
1074 4232 1339 4303 Spiritum
1405 4239 1652 4287 sanctum
1698 4247 1713 4284 :
1757 4230 1851 4289 sed

261 4329 492 4399 mystica
530 4328 781 4384 unctione
809 4336 938 4383 tunc
968 4335 1161 4382 unctus
1199 4334 1301 4389 est,
1348 4340 1490 4394 quan
1514 4325 1564 4379 io
1600 4324 1850 4381 veniente

265 4418 508 4492 [angelo]
556 4419 626 4474 ad
670 4418 892 4473 Mariam
935 4418 1201 4489 virginem
1246 4423 1436 4473 uterus
1482 4415 1719 4485 repletus
1766 4421 1853 4471 est

263 4509 472 4580 Spiritu
515 4516 734 4573 sancto,
798 4508 900 4562 buc
947 4515 1050 4573 est,
1100 4508 1317 4576 quando
1367 4508 1601 4563 humana
1652 4516 1844 4561 natura

261 4606 381 4661 sine
434 4602 558 4656 ullis
613 4601 1037 4673 prtecedeutibus
1089 4601 1357 4656 bonorum
1406 4614 1631 4669 operum
1681 4599 1845 4655 meri-

263 4696 377 4759 tis,
434 4695 544 4750 Deo
599 4708 731 4749 vero
784 4692 839 4748 in
901 4699 1054 4748 utero
1106 4692 1333 4763 virginis
1387 4702 1471 4749 est
1524 4693 1599 4747 ita
1650 4691 1844 4757 unita,

262 4798 324 4847 ut
350 4804 475 4844 cum
498 4788 587 4843 illo
608 4804 714 4843 una
742 4787 894 4843 lleret
919 4804 1146 4857 persona
1177 4806 1191 4841 :
1216 4789 1361 4845 unde
1390 4797 1443 4845 et
1467 4790 1537 4844 ob
1581 4789 1683 4847 hoc
1718 4802 1848 4843 con-

262 4880 482 4941 ﬁtemur
534 4878 681 4934 illum
734 4887 918 4937 natum
954 4880 1021 4935 de
1073 4879 1277 4951 Spiritu
1324 4887 1511 4937 sancto
1557 4894 1625 4965 ex
1677 4877 1845 4933 Maria

263 5063 503 5133 Spiritus
550 5063 767 5127 sancti,
818 5064 1073 5131 quoniam
1124 5065 1269 5120 sicut
1307 5064 1427 5123 oleo
1472 5044 1677 5134 optimo
1725 5078 1848 5119 cor-

263 5172 367 5227 pus
391 5154 667 5225 perfusum
697 5165 907 5210 recreat
947 5156 1100 5221 illud,
1145 5165 1309 5225 atque
1356 5172 1612 5212 recreans
1648 5158 1848 5227 jucun-

263 5249 389 5304 dius
430 5248 642 5304 reddit:
674 5248 753 5303 sic
789 5256 842 5303 et
871 5248 1046 5318 gratia
1077 5247 1312 5317 Spiritus
1351 5249 1520 5303 sancti
1551 5264 1665 5311 cor.
1702 5248 1847 5317 quod

265 5339 576 5408 repleverit,
607 5340 661 5395 in
688 5354 871 5397 amore
901 5350 955 5395 et
983 5339 1275 5394 dilectione
1306 5339 1398 5393 Dei
1426 5338 1665 5408 perfecte
1692 5355 1848 5410 repa—

266 5444 415 5495 rans,
452 5431 670 5485 omneni
701 5430 908 5485 timoris
938 5429 1268 5493 maestitiam,
1303 5444 1466 5499 quam
1489 5446 1587 5499 pro
1609 5430 1848 5499 peccatis

265 5521 445 5590 primo
484 5530 832 5577 contraxerat
851 5522 964 5587 ,ab
994 5536 1091 5581 ore
1127 5521 1373 5592 repellit,
1400 5531 1456 5576 et
1486 5522 1540 5576 in
1569 5522 1851 5579 charitatis

267 5613 427 5686 501
444 5614 779 5684 perfectione
796 5616 1146 5689 conﬁrmans,
1163 5616 1232 5672 de
1252 5632 1350 5689 spe
1368 5617 1493 5673 vitae
1518 5626 1734 5674 aeterna:
1758 5631 1853 5672 ex-

266 5708 584 5767 sultatiouis
625 5710 881 5782 gaudium
926 5713 1324 5770 subministrat.
1359 5710 1464 5770 Per
1500 5730 1655 5783 quem
1695 5711 1856 5769 Chri-

276 5814 424 5862 stum
463 5805 791 5876 majestatem
818 5817 964 5893 tuam
1019 5806 1239 5864 laudant
1270 5809 1461 5881 angeli,
1493 5809 1617 5881 quia
1663 5822 1761 5880 per
1787 5804 1863 5890 il-_

1866 4938 1877 4955 Γ

264 4971 493 5042 virgine.
544 4971 805 5027 Unctioue
845 4980 1024 5027 autem
1073 4972 1180 5027 olei
1219 4970 1868 5043 designatur,"plenitudotj

1954 3316 2121 3371 brant
2143 3315 2289 3379 cmli,
2315 3315 2454 3370 sicut
2482 3330 2606 3371 eum
2649 3315 2872 3371 laudant
2893 3314 2972 3372 sol
2997 3322 3052 3370 et
3097 3314 3249 3380 luna,
3287 3314 3465 3370 stellae»
3484 3321 3538 3370 et

1950 3406 2152 3462 lumen.
2182 3407 2334 3463 Unde
2364 3407 2417 3462 in
2442 3408 2650 3478 psalmo
2671 3406 2909 3463 dicitur:
2939 3406 3176 3461 Laudato
3201 3422 3343 3473 eum,
3374 3406 3452 3461 sol
3481 3414 3532 3460 et

1948 3497 2074 3552 luna
2104 3513 2121 3550 :
2151 3514 2343 3566 usque,
2395 3514 2568 3569 aqum,
2609 3515 2727 3568 qua
2775 3515 2932 3568 super
2982 3497 3135 3552 ctelos
3180 3507 3302 3552 sunt
3354 3493 3532 3568 (Psul.

1950 3605 2163 3653 omni,
2200 3589 2276 3661 5).
2351 3587 2409 3643 lu
2459 3590 2661 3661 hymno
2713 3605 2928 3662 quoque
2995 3590 3159 3645 trium
3206 3604 3534 3659 puerorum,

1953 3679 2049 3733 Dei
2088 3681 2153 3734 ad
2196 3680 2407 3734 laudem
2455 3681 2721 3736 elementa
2767 3682 2949 3737 omnia
2995 3690 3394 3751 provocantur:
3426 3698 3536 3741 non

1951 3772 2095 3839 quod
2117 3776 2388 3827 elementa
2421 3780 2568 3826 muta
2596 3774 2831 3828 habeant
2864 3789 3082 3829 sensum
3112 3772 3386 3841 laudandi,
3436 3776 3531 3832 sed

1950 3862 2095 3931 quod
2126 3871 2317 3916 cuncta
2364 3864 2502 3917 bene
2528 3863 2785 3933 cogitata,
2831 3862 3045 3919 laudem
3071 3863 3304 3935 pariant,
3339 3873 3394 3919 et
3425 3865 3530 3919 im-

1951 3956 2128 4025 pletur
2152 3970 2246 4009 cor
2286 3954 2720 4010 consideratione
2763 3963 3031 4010 creatures
3069 3956 3134 4010 ad
3172 3955 3528 4011 eructandum

1951 4043 2213 4113 hymnum
2245 4041 2499 4103 creatori.
2544 4041 2611 4096 Et
2640 4042 2767 4109 quia
2796 4038 3015 4108 longum
3046 4040 3150 4096 fuit
3180 4042 3233 4096 in
3265 4041 3368 4096 ista
3406 4057 3531 4112 gra-

1955 4137 2155 4193 tiarum
2206 4136 2419 4191 actione
2471 4144 2612 4190 totos
2663 4135 2976 4205 angelorum
3026 4135 3280 4202 ordines,
3335 4135 3428 4205 qui
3480 4135 3535 4190 in

1953 4227 2249 4299 Scripturis
2285 4243 2477 4289 novem
2534 4227 2882 4283 inveniuntur
2906 4268 2922 4294 ,
2967 4242 3170 4297 ponere
3196 4267 3213 4293 ,
3242 4226 3535 4298 sigillatum

1950 4330 2077 4391 post
2104 4319 2273 4375 caelos
2302 4328 2577 4389 ponuntur
2622 4319 2872 4385 virtutes,
2922 4335 3030 4389 quo
3064 4320 3282 4375 nomine
3342 4333 3535 4377 omnes

1952 4415 2208 4473 etelestes
2258 4414 2485 4484 spiritus
2509 4413 2837 4483 generaliter
2874 4412 3133 4484 appellari
3163 4413 3361 4480 solent,
3393 4420 3454 4469 ut
3478 4413 3536 4470 in

1952 4508 2160 4579 psalmo
2184 4526 2198 4561 :
2223 4506 2478 4561 Dominus
2502 4505 2751 4560 virtutum
2795 4506 2904 4576 ipse
2927 4513 3118 4559 ostrea;
3140 4504 3326 4575 gloriae
3357 4502 3532 4577 (Psal.

1954 4617 2112 4666 mu,
2169 4600 2281 4670 l0).
2313 4600 2379 4655 Et
2430 4599 2666 4655 iterum:
2733 4596 2894 4652 Verbo
2923 4595 3137 4651 Domini
3177 4595 3291 4661 cali
3337 4598 3535 4667 ﬁrmati

1951 4704 2093 4757 sunt,
2118 4701 2166 4745 et
2215 4690 2403 4760 spiritu
2430 4691 2537 4745 oris
2574 4689 2688 4757 ejus
2729 4689 2897 4745 omnis
2927 4688 3090 4743 uirtus
3140 4703 3320 4743 eorum
3359 4686 3531 4761 (Psal.

1952 4801 2124 4851 xxxii,
2140 4785 2217 4851 ti).
2230 4783 2310 4839 Ad
2326 4782 2573 4839 ultimum
2589 4789 2863 4851 ponuntur
2881 4781 3174 4850 seraphim,
3191 4782 3283 4851 qui
3298 4788 3536 4837 estsum-

1906 4926 1916 4961 ].
1952 4895 2075 4937 mus
2097 4880 2231 4934 ordo
2252 4876 2619 4947 angelicoriun
2642 4874 2952 4944 spirituum,
2972 4883 3023 4930 et
3052 4888 3180 4930 vere
3209 4876 3391 4939 beata,
3413 4889 3535 4945 qua:

1952 4988 2020 5029 ex
2054 4971 2312 5042 singulari
2341 4966 2745 5040 propinquitate
2772 4965 3036 5025 creatoris
3075 4966 3161 5023 sui
3193 4966 3532 5035 incompara-

1948 5065 2042 5122 bili
2079 5064 2270 5121 ardent
2300 5075 2505 5121 amoro.
2534 5057 2685 5116 Unde
2707 5066 2761 5114 et
2788 5058 3043 5115 ardentes
3074 5057 3160 5113 vel
3182 5056 3534 5112 incendentes

1946 5156 2396 5225 interpretantur.
2451 5151 2743 5217 Sciendum
2777 5159 2959 5211 autem
2995 5149 3140 5220 quod
3172 5147 3457 5207 cherubim
3478 5158 3527 5204 et
3564 5152 3565 5155 ‘

1948 5247 2222 5318 seraphim
2251 5261 2409 5317 perm
2437 5245 2675 5300 litteram
2703 5232 3115 5315 pmlata,,justa
3145 5241 3535 5313 proprietatem

1949 5342 2145 5412 linguae
2169 5341 2417 5405 hebraeae,
2435 5338 2721 5397 masculini
2737 5344 2864 5397 sunt
2884 5334 3100 5406 generis
3111 5340 3167 5388 et
3188 5332 3415 5403 pluralis
3436 5348 3537 5386 nu-

1949 5434 2087 5489 meri
2102 5440 2331 5487 tantum.
2350 5428 2407 5487 Si
2424 5439 2604 5487 autem
2618 5446 2716 5501 per
2731 5446 2765 5485 n
2780 5429 3018 5485 litteram
3032 5425 3303 5489 dicantur,
3319 5423 3461 5481 sicut
3480 5423 3535 5479 in

1948 5524 2172 5596 psalmis
2192 5533 2250 5579 et
2272 5524 2508 5595 hymnis,
2539 5523 2668 5579 etin
2707 5519 2959 5593 praesenti
2985 5518 3283 5591 gratiarum
3321 5516 3541 5579 actione

1950 5616 2191 5689 ponitur,
2206 5614 2392 5675 Grteca
2406 5615 2768 5673 declinatione
2780 5612 2834 5667 in
2847 5608 3095 5669 neutrale
3131 5624 3307 5685 genus
3325 5618 3541 5671 mutan-

1959 5720 2067 5771 tur.
2104 5708 2398 5767 Velutcum
2425 5708 2658 5765 dicimus
2679 5704 2856 5761 lucida
2869 5703 3073 5768 sidera,
3092 5702 3345 5781 speciosa
3358 5715 3540 5761 nemo-

1959 5820 2039 5874 ra,
2052 5803 2291 5875 jucunda
2307 5802 2512 5870 littora,
2535 5800 2613 5856 sic
2626 5806 2680 5855 et
2697 5799 2856 5854 beata
2879 5795 3152 5869 seraphim
3164 5802 3359 5851 neutro
3376 5808 3540 5868 gene-

1954 1017 2139 1087 ‘omnes
2184 1002 2397 1057 virtutes
2450 982 2798 1086 ejusJ(Psai.
2853 1021 3057 1062 cxnvru
3083 1047 3101 1073 ,
3158 1007 3236 1080 ἢ).
3294 1008 3536 1066 Aderant
3578 1082 3603 1087 π
3704 1066 3707 1071 λ
3800 1074 3809 1085 τ
