4032 6354
508 341 648 402 4255

1345 341 1406 400 Β.
1453 338 1516 400 ιε’.
1553 338 1781 400 ALBlNl
1821 340 1954 400 Ξεο
1991 339 2268 400 ALCUlNl
2305 337 2594 401 OPERUM
2628 337 2809 404 PARS
2843 345 2934 404 IX.

3655 355 3808 418 1256

509 479 569 518 re
595 460 855 532 etplurali
878 474 1106 515 numero
1122 459 1512 527 accipiamusa.
1542 459 1611 515 Ut
1635 468 1816 513 autem
1839 457 2092 514 adsolum
2126 467 2171 524 Α
2200 457 2336 528 (Jer.
2391 473 2548 524 χχιιι,
2597 458 2710 530 24).
2743 460 3121 533 Adjunguntur
3167 470 3349 520 autem
3396 466 3529 524 huic
3580 473 3803 542 hymno

510 552 723 607 Patrem
765 552 1031 622 dirigatur
1058 551 1254 614 oratio,
1286 565 1409 604 cum
1437 550 1606 604 totius
1632 557 1834 605 sancta:
1859 549 2092 604 Trinita-

510 644 603 707 tis,
638 645 777 699 sicut
803 659 908 697 una
930 650 1015 697 est
1038 641 1316 708 divinitas,
1347 642 1421 696 ita
1447 641 1672 711 aequalis
1701 642 1874 696 honor
1897 650 1953 696 et
1978 640 2092 711 glo-

468 788 470 790 ,
509 736 764 800 riticatio,
812 734 863 790 id
890 734 1116 805 apostoli
1147 744 1334 790 sancto
1372 752 1468 806 per
1511 751 1620 814 eos
1653 735 1938 790 ordinante
1971 735 2091 805 Spi-

506 827 618 885 ritu
663 836 981 892 sanxerunt,
1036 828 1208 897 utqui
1251 827 1544 882 multorum
1593 828 1819 882 deorum
1873 842 2092 882 errores

508 920 669 976 unius
723 921 821 976 Dei
876 921 1262 990 praedicatione
1309 921 1624 975 nitebantur
1666 920 1936 983 evellere,
1989 921 2090 975 sub

508 1013 792 1070 Trinitatis
817 1021 1160 1068 sacramento
1189 1012 1280 1066 uni
1307 1027 1554 1081 persona:
1592 1013 1646 1065 in
1699 1012 2090 1067 sacriﬁciorum

504 1105 619 1162 ritu
641 1119 764 1161 esse
809 1103 1220 1175 supplicandum
1263 1104 1661 1158 decernerent:
1696 1118 1763 1157 ne
1811 1101 1904 1171 qui
1925 1117 2091 1157 unum

509 1196 680 1255 Deum
708 1197 1094 1268 praedicabant,
1120 1196 1175 1248 in
1202 1193 1465 1264 pluralem
1495 1193 1793 1248 divinitatis
1807 1208 2091 1248 numerum

509 1290 765 1348 incidisse
791 1298 1174 1362 arguerentur,
1201 1296 1257 1341 et
1279 1286 1405 1356 quia
1432 1285 1591 1340 Pater
1610 1294 1665 1339 et
1690 1284 1857 1339 Filius
1885 1294 1940 1340 et
1971 1284 2094 1354 Spi—

509 1384 650 1440 ritus
687 1389 930 1445 sanctus,
963 1379 1124 1434 unius
1179 1377 1414 1440 deitatis,
1469 1377 1628 1430 unius
1664 1384 1891 1440 naturae,
1933 1375 2094 1430 unius

508 1473 848 1539 substantiae,
905 1472 1065 1526 unius
1094 1470 1325 1539 denique
1372 1467 1656 1537 potestatis
1699 1467 1957 1530 existunt,
1987 1483 2094 1521 una

508 1583 574 1623 ex
609 1569 689 1622 eis
712 1581 944 1636 persona
987 1572 1207 1634 propter
1238 1561 1463 1616 unitatis
1490 1559 1808 1630 mysterium
1857 1560 2095 1614 retinen-

509 1661 638 1716 dum
666 1659 720 1714 in
756 1657 1026 1714 sacrificio
1058 1656 1440 1718 invocaretur;
1475 1668 1572 1707 nec
1600 1652 1706 1706 alia
1753 1651 1959 1717 debuit,
1989 1651 2094 1706 nisi

509 1769 630 1825 quae
659 1753 833 1824 prima
861 1758 963 1815 est,
999 1751 1054 1804 in
1101 1764 1208 1818 qua
1236 1748 1355 1803 dua:
1379 1754 1590 1802 caeteras
1619 1745 1940 1800 naturaliter
1981 1759 2095 1799 ma-

2193 549 2528 621 augelorum,
2563 560 2775 632 sumpta
2831 569 2899 609 ex
2947 553 3238 626 Evangelio
3280 559 3448 615 verba
3500 562 3798 622 turbarum

2192 641 2527 698 laudantium
2560 644 2728 700 Deum
2755 655 2810 702 et
2831 662 3012 718 regem
3044 657 3290 704 nostrum
3324 653 3646 709 venientem
3676 656 3803 713 Hie-

2193 736 2522 808 rosolymam
2549 779 2564 803 ,
2621 747 2783 811 atque
2833 740 3173 797 dicentium:
3208 741 3425 799 Osanna
3471 747 3527 800 in
3575 751 3804 808 excelsis

2193 828 2388 901 (Marc.
2435 847 2510 895 xx,
2553 831 2664 904 10),
2706 841 2762 889 et
2803 835 3032 906 reliqua.
3076 835 3154 890 Ita
3199 838 3346 894 enim
3394 854 3464 893 ex
3503 839 3800 911 Scriptura

2191 921 2506 990 prophetica
2537 923 2697 994 502
2733 933 2787 980 et
2811 926 3124 998 evangelica
3148 931 3455 1000 completur
3481 934 3648 1002 plena
3688 936 3802 988 lau-

2193 1013 2360 1080 datio,
2389 1030 2512 1069 cum
2541 1027 2664 1086 post
2696 1016 2913 1072 laudem
2960 1027 3015 1073 et
3045 1021 3273 1092 gloriam
3309 1034 3516 1079 sancte
3547 1025 3798 1080 Trinita-

2192 1105 2264 1160 tis
2317 1105 2629 1179 adjungitur
2672 1110 2837 1164 etiam
2901 1113 3200 1183 gratiarum
3254 1117 3398 1170 actio
3451 1118 3521 1171 de
3552 1117 3796 1170 adventu

2195 1193 2512 1262 Salvatoris,
2573 1201 2665 1271 qui
2699 1217 2840 1257 unus
2889 1218 2956 1259 ex
2990 1204 3106 1274 ipsa
3152 1205 3419 1263 Trinitate
3463 1223 3568 1278 pro
3623 1210 3796 1265 salute

2194 1300 2379 1346 nostra
2413 1293 2575 1348 homo
2599 1294 2775 1351 factus
2799 1304 2902 1360 est,
2936 1305 2989 1353 et
3012 1300 3258 1354 eamdem
3295 1301 3528 1355 salutem
3559 1304 3799 1357 morien-

2193 1383 2264 1440 do
2306 1393 2362 1440 et
2393 1388 2720 1459 resurgendo
2756 1389 3002 1459 perfecit.
3040 1378 3193 1448 Unde
3224 1396 3421 1448 merito
3459 1395 3536 1449 illi
3589 1397 3794 1467 gratias

2194 1486 2439 1551 agentes,
2469 1479 2702 1538 dicimus
2727 1503 2738 1538 :
2771 1481 3010 1551 Osanna,
3035 1487 3085 1541 id
3115 1498 3220 1553 est,
3246 1489 3413 1555 salus,
3446 1491 3505 1544 in
3544 1493 3790 1545 exceisis.

2196 1569 2349 1626 Unde
2372 1571 2425 1625 in
2440 1572 2651 1640 psalmo
2676 1593 2688 1628 :
2720 1574 2933 1631 Domini
2954 1589 3031 1632 est
3057 1581 3202 1634 salus
3230 1577 3404 1651 (Psal.
3433 1597 3518 1646 ιιι,
3546 1583 3628 1651 9).
3659 1582 3793 1637 Bec-

2196 1673 2250 1719 te
2279 1679 2492 1735 quoque
2527 1666 2907 1740 subjungitur:
2947 1670 3263 1728 Benedictus
3293 1675 3386 1745 qui
3427 1676 3567 1728 venit
3596 1677 3652 1728 in
3698 1693 3790 1730 no-

2195 1757 2333 1810 mine
2360 1756 2594 1822 Domini,
2614 1756 2769 1827 juxta
2797 1762 2942 1830 quod
2971 1763 3082 1833 ipse
3118 1763 3196 1818 ait
3220 1764 3275 1818 in
3302 1765 3604 1836 Evangelio
3635 1785 3648 1818 :
3681 1766 3790 1836 Ego

510 1853 700 1901 nentes
725 1844 984 1898 existunt.
1013 1838 1144 1896 Cum
1167 1840 1353 1910 quibus
1379 1849 1426 1894 et
1463 1848 1669 1892 nostras
1698 1855 1865 1902 voces,
1887 1845 1941 1890 et
1962 1835 2092 1890 reli-

2199 1850 2311 1904 veni
2337 1850 2392 1904 in
2425 1851 2630 1905 nomine
2671 1851 2846 1907 Patris
2881 1856 2980 1908 mei
3024 1855 3204 1927 (Joan.
3239 1873 3290 1922 v,
3319 1857 3434 1928 43).
3462 1833 3791 1913 Ἀεειιιιιιιιιι

509 1953 636 2010 qua.
665 1937 837 1992 Voces
863 1933 1177 2006 angelorum
1209 1931 1410 1986 suntin
1441 1929 1602 1984 laude
1632 1929 1950 1993 conditoris,
1979 1928 2095 1997 ipsa

511 2030 800 2085 admiratio
823 2029 1024 2083 intimae
1043 2024 1536 2095 contemplationis.
1567 2022 1765 2090 Quales
1784 2038 1912 2094 ergo
1937 2037 2095 2093 opor-

508 2135 583 2180 tet
599 2140 719 2180 esse
732 2137 889 2178 voces
905 2130 1141 2185 nostras,
1155 2135 1291 2191 quas
1310 2120 1363 2173 in
1380 2128 1671 2188 conspectu
1689 2119 1782 2172 Dei
1797 2133 1919 2171 cum
1937 2131 2097 2187 ange-

506 2217 626 2271 licis
649 2216 893 2270 laudibus
913 2213 1272 2284 deprecamur
1285 2211 1523 2275 admitti,
1552 2209 1605 2264 id
1633 2219 1737 2274 est,
1771 2209 2096 2263 intromitti?

509 2308 708 2378 Utique
735 2307 870 2361 tales
896 2321 1057 2360 voces
1083 2320 1187 2358 non
1207 2313 1335 2358 sunt
1361 2305 1413 2358 in
1437 2319 1569 2359 sono
1592 2304 1724 2366 oris,
1754 2303 1849 2358 sed
1880 2303 1932 2356 in
1957 2302 2098 2357 desi-

509 2400 660 2467 derio
675 2397 872 2452 cordis.
890 2397 1064 2451 Voces
1075 2396 1220 2450 enim
1239 2396 1378 2464 apud
1393 2395 1788 2450 secretissimas
1813 2409 1976 2448 aures
2001 2393 2096 2448 Dei

508 2506 616 2548 non
633 2491 835 2545 faciunt
857 2490 1022 2544 verba
1038 2497 1246 2553 nostra,
1271 2489 1364 2543 sed
1379 2487 1648 2542 desideria
1665 2502 1680 2551 ;
1705 2497 1755 2540 et
1773 2485 1899 2555 quia
1915 2499 2100 2553 super-

506 2599 577 2640 na
591 2583 782 2638 civitas
797 2599 863 2638 ex
877 2581 1084 2653 angelis
1099 2591 1153 2637 et
1166 2581 1474 2636 hominibus
1487 2588 1718 2645 constat,
1735 2579 1928 2634 merito
1941 2593 2097 2633 sanc-

506 2682 563 2733 ta
585 2674 841 2737 Ecclesia,
860 2673 1100 2745 quaeillis
1130 2671 1386 2728 socianda
1400 2679 1485 2727 est
1511 2670 1739 2734 iticmlo,
1768 2677 1823 2724 et
1849 2684 1972 2723 cum
1993 2668 2098 2723 illis

505 2753 562 2827 in
600 2770 691 2824 Dei
717 2768 965 2823 laudibus
1004 2763 1516 2838 permansura,jam
1543 2780 1685 2818 nunc
1708 2763 1840 2832 ipsis
1873 2760 2097 2815 vocibus

509 2865 677 2920 Deum
722 2863 904 2918 laudat
931 2863 982 2916 in
1040 2862 1222 2926 terris,
1273 2859 1470 2930 quibus
1520 2874 1642 2914 eum
1697 2856 1871 2912 sancti
1923 2854 2097 2926 angeli

505 2958 729 3013 laudant
756 2958 809 3011 in
831 2956 982 3012 cmlis
1013 2975 1024 3008 :
1061 2964 1114 3009 et
1141 2957 1243 3010 hoc
1265 2969 1370 3008 non
1402 2952 1633 3022 superba
1654 2949 2094 3020 praesumptione,

506 3050 602 3105 sed
635 3037 865 3118 'supplici
903 3044 1245 3113 confessione,
1295 3043 1347 3098 id
1389 3053 1493 3108 est,
1558 3042 1750 3097 humili
1783 3041 1980 3098 laude:
2021 3039 2100 3093 sic

509 3142 824 3197 desiderans
879 3139 1215 3208 maiestatem
1254 3135 1348 3190 Dei
1379 3136 1602 3190 credere
1637 3144 1692 3188 et
1731 3131 1987 3187 conﬁteri
2042 3130 2096 3184 in

2197 1948 2380 1994 autem
2423 1939 2598 1996 laudis
2642 1941 2969 1998 versiCulum
3018 1945 3188 1999 turba:
3242 1945 3309 2001 de
3365 1946 3580 2017 psalmo
3625 1964 3788 2013 cmi,

2195 2048 2354 2104 quem
2393 2035 2459 2089 de
2511 2035 2738 2091 Domino
2786 2053 2906 2092 esse
2958 2047 3238 2094 cantatum
3293 2041 3649 2095 manifestum
3687 2052 3787 2105 est,

2194 2126 2337 2196 quod
2360 2126 2504 2180 enim
2539 2127 2747 2188 dicunt,
2783 2126 3022 2195 Osanna,
3058 2130 3161 2184 hoc
3203 2138 3303 2194 est,
3351 2132 3499 2201 quod
3537 2134 3610 2186 ibi
3661 2135 3792 2187 dici-

2197 2225 2316 2270 tur:
2353 2214 2397 2270 O
2423 2216 2666 2283 Domine,
2702 2218 2901 2272 salvum
2924 2236 3005 2273 me
3026 2220 3133 2290 fac,
3160 2237 3189 2274 ο
3216 2220 3452 2286 Domine,
3482 2239 3792 2292 prosperare

2195 2302 2542 2374 (Psal.cxvu,
2569 2305 2658 2375 25)
2694 2316 2789 2372 ;et
2827 2309 3008 2362 statim
3039 2310 3243 2364 eisdem
3289 2311 3474 2365 verbis
3509 2312 3792 2381 subjungi-

2197 2406 2285 2452 tur
2311 2416 2323 2451 :
2352 2397 2665 2452 Benedictus
2712 2399 2803 2468 qui
2859 2400 2994 2453 venit
3021 2401 3074 2454 in
3100 2402 3305 2455 nomine
3341 2401 3585 2455 Domini.
3641 2402 3791 2469 Quod

2195 2505 2326 2544 vero
2347 2487 2692 2559 subiungitur
2715 2486 2952 2555 Osanna,
2986 2491 3040 2545 id
3071 2499 3176 2556 est,
3199 2491 3344 2546 salus
3376 2493 3494 2548 sive
3523 2493 3790 2560 salvitica,

2196 2580 2252 2635 in
2279 2579 2518 2644 excelsis,
2547 2589 2736 2649 aperte
2761 2581 2916 2636 docet
2952 2582 3246 2638 adventum
3275 2583 3491 2640 Domini
3521 2588 3576 2641 in
3606 2602 3790 2653 carne,

2198 2685 2304 2725 non
2334 2670 2506 2726 solum
2522 2670 2745 2725 humani
2768 2673 2981 2743 generis
3010 2675 3062 2728 in
3095 2684 3261 2740 terra,
3284 2677 3379 2731 sed
3397 2687 3450 2731 et
3473 2678 3790 2749 angelorum

2199 2764 2253 2819 in
2286 2765 2438 2819 cmlis
2489 2779 2612 2820 esse
2663 2765 2928 2820 salutem:
2964 2767 3090 2838 quia
3123 2767 3249 2823 dum
3280 2785 3382 2824 nos
3423 2771 3697 2842 redempti
3725 2773 3791 2826 ad

2199 2871 2428 2926 superna
2458 2857 2824 2926 perducimur,
2871 2874 3061 2914 eorum
3099 2876 3380 2925 numerus,
3433 2864 3530 2932 qui
3561 2864 3788 2919 cadente

2201 2947 2400 3003 Satana
2449 2958 2568 3003 erat
2617 2950 2934 3006 imminutus
2963 2992 2978 3016 ,
3038 2952 3308 3022 impletur.
3371 2953 3546 3008 Recte
3589 2956 3786 3026 igitur,

2203 3039 2418 3097 Osanna
2451 3043 2504 3096 in
2531 3044 2772 3110 excelsis,
2833 3043 2888 3099 in
2922 3043 3037 3113 ejus
3068 3045 3225 3102 laude
3263 3048 3502 3110 canitur,
3557 3050 3644 3103 cui
3685 3059 3788 3104 tota

2204 3130 2594 3187 incarnationis
2621 3133 2952 3204 dispensatio
2973 3149 3072 3204 pro
3097 3134 3366 3206 implenda
3399 3137 3572 3207 gloria
3605 3141 3789 3208 patria:

510 3233 732 3295 mundo,
760 3233 899 3285 sicut
934 3194 1002 3282 ab
1029 3228 1236 3296 angelis
1262 3227 1477 3280 videtur
1505 3233 1559 3279 et
1606 3225 1854 3278 laudatur
1881 3222 1934 3275 in
1985 3235 2097 3276 cm-
2124 3194 2171 3256 C
2201 3225 2438 3280 caelestis
2467 3227 2734 3297 apparuit.
2772 3227 3060 3296 llucusque
3090 3194 3336 3298 praefatio
3365 3194 3430 3284 εἴ
3455 3194 3786 3298 exhortatio,

507 3321 607 3388 lo;
658 3322 772 3376 haec
806 3320 950 3374 enim
1005 3317 1274 3373 confessio
1310 3332 1417 3370 non
1455 3324 1540 3370 est
1581 3314 1812 3385 peccati,
1851 3312 1946 3366 sed
1989 3311 2098 3365 lau-

510 3414 597 3472 dis
620 3423 672 3468 et
701 3413 999 3484 gratiarum
1027 3411 1274 3465 actionis.
1311 3409 1427 3464 Una
1452 3409 1618 3480 igitur
1643 3406 2003 3470 confessione,
2044 3405 2095 3460 id

510 3516 615 3571 est,
648 3505 811 3560 laude
858 3516 912 3559 et
934 3504 1231 3575 gratiarum
1264 3503 1477 3555 actione
1501 3501 1615 3572 jam
1661 3517 1806 3554 nunc
1850 3499 2096 3554 homines

511 3615 634 3654 cum
661 3597 865 3669 angelis
916 3597 1215 3660 sociantur,
1267 3596 1548 3649 laudantes
1596 3595 1661 3649 de
1704 3593 2016 3649 ccelestibus
2044 3602 2100 3647 et

513 3692 888 3754 terrestribus,
936 3698 1194 3758 tanquam
1223 3702 1367 3752 eutn,
1400 3686 1490 3756 qui
1528 3685 1654 3740 fecit
1678 3686 1876 3763 caelum
1907 3694 1961 3739 et
1991 3693 2099 3737 ter—

512 3798 651 3846 ται),
690 3791 743 3835 ει
769 3783 1009 3835 dicentes
1040 3799 1050 3833 :
1081 3779 1331 3843 Sanctus,
1373 3777 1619 3841 Sanctus,
1661 3777 1891 3832 Sanctus
1921 3776 2100 3829 Domi-

512 3891 620 3930 nus
640 3874 781 3928 Deus
819 3871 1070 3935 Sabaoth,
1103 3871 1243 3942 pleni
1290 3879 1410 3923 sunt
1449 3869 1604 3942 (Isai.
1638 3883 1714 3932 vt,
1745 3867 1821 3940 ὅ),
1873 3876 1928 3922 ει
1968 3867 2097 3921 reli-

511 3983 638 4039 qua.
665 3968 783 4021 Istae
821 3973 946 4019 sunt
975 3978 1134 4018 voces
1167 3963 1478 4035 angelorum
1515 3963 1854 4017 laudantium
1903 3962 1956 4015 in
1982 3977 2095 4016 ca:-

509 4061 596 4115 lis.
640 4059 792 4113 Hunc
813 4060 1070 4130 hymnum
1097 4056 1280 4127 gloria:
1308 4057 1424 4120 Dei,
1461 4066 1517 4111 et
1571 4057 1735 4111 Isaias
1786 4071 1844 4110 se
1885 4055 2098 4110 audisse

512 4159 830 4215 testatur,ct
851 4147 1087 4203 Joannes
1118 4149 1170 4202 in
1185 4146 1505 4218 Apocalypsi
1530 4145 1712 4216 (Apoc.
1744 4161 1817 4209 IV,
1850 4145 1928 4216 8).
1956 4145 2098 4213 Ergo

510 4258 617 4298 non
649 4243 883 4297 humano
915 4241 1138 4296 arbitrio
1166 4282 1180 4305 ,
1211 4241 1303 4295 sed
1334 4241 1616 4309 utriusque
1645 4239 1941 4310 Scriptura:
1964 4255 2096 4293 auc-

511 4337 734 4392 toritate
782 4335 1090 4406 conjuncta,
1125 4334 1358 4388 dicimus
1413 4342 1496 4388 ter
1525 4330 1774 4396 Sanctus,
1831 4340 1885 4385 ct
1932 4330 2098 4385 semel

511 4429 768 4485 Dominus
800 4471 814 4493 ,
847 4439 907 4483 ut
945 4428 1294 4482 ostendamus
1348 4427 1773 4497 omnipotentem
1820 4425 2013 4489 Deum,
2042 4431 2096 4478 et

511 4518 811 4574 trinitatem
840 4519 892 4572 in
926 4516 1174 4586 personis
1202 4516 1423 4580 habere,
1473 4525 1531 4571 et
1554 4517 1818 4571 unitatem
1868 4517 1922 4570 in
1969 4517 2096 4570 sub—

512 4609 735 4666 stantia.
775 4606 1006 4662 Sabaoth
1055 4614 1235 4660 autcm
1292 4621 1457 4660 unum
1507 4614 1680 4661 estex
1707 4606 1894 4660 decem
1924 4609 2099 4664 nomi-

511 4701 673 4758 nibus
722 4699 817 4754 Dei
853 4699 993 4769 apud
1040 4697 1316 4762 Hebraeos,
1372 4706 1425 4752 et
1475 4697 1886 4767 interpretatur,
1951 4715 2100 4755 exer-

514 4796 754 4860 cituum,
805 4794 920 4848 sive
978 4792 1238 4848 virtutum
1269 4833 1284 4858 ,
1325 4790 1409 4846 vel
1455 4791 1790 4846 militiarum.
1841 4790 2101 4848 Dominus

513 4897 695 4944 autem
721 4884 984 4951 Sabaoth,
1037 4884 1294 4938 Dominus
1337 4884 1680 4953 omnipotens
1720 4881 1936 4946 dieitur,
1971 4882 2097 4952 quia

511 4981 688 5037 omnis
718 4980 991 5036 exercitus
1041 4987 1097 5033 et
1139 4977 1344 5042 militia:
1397 4977 1734 5047 virtutesque
1784 4976 2098 5047 angelorum

514 5073 592 5130 illi
649 5074 912 5129 serviunt.
971 5070 1260 5143 Angelicos
1307 5079 1491 5126 autem
1545 5071 1973 5143 spiritus,recte
1997 5071 2098 5125 mi-

511 5167 686 5224 litiam
711 5169 964 5233 dicimus,
998 5165 1126 5237 quia
1149 5165 1430 5222 decertare
1451 5180 1546 5221 eos
1577 5174 1763 5219 contra
1787 5180 1975 5220 aereas
2003 5180 2100 5236 po-

510 5269 737 5318 testates
766 5278 872 5318 non
901 5261 1234 5333 ignoramus.
1273 5259 1404 5327 Qua:
1450 5267 1629 5315 tamen
1663 5260 1960 5316 certamina
1989 5273 2097 5314 non

516 5352 724 5419 labore,
780 5353 876 5409 sed
935 5352 1165 5423 imperio
1197 5358 1506 5423 peragunt,
1569 5351 1697 5420 quia
1753 5349 1896 5422 quod
1931 5366 2094 5421 agen-

510 5448 637 5503 dum
663 5455 854 5501 contra
886 5444 1193 5500 immundos
1225 5443 1449 5514 spiritus
1475 5448 1759 5512 appetunt,
1789 5455 1856 5496 es
1887 5441 2095 5511 adjuto-

510 5541 592 5595 rio
615 5547 810 5596 cuncta
853 5538 1088 5612 regentis
1124 5545 1369 5609 possunt.
1402 5535 1610 5601 Gloria,
1665 5536 1718 5591 id
1744 5544 1846 5599 est,
1902 5536 2098 5592 divini-

511 5639 618 5688 tate
643 5631 785 5701 ejus,
839 5629 979 5701 pleni
1028 5642 1148 5686 sunt
1192 5630 1305 5685 εωιὶ
1326 5640 1373 5684 et
1399 5640 1562 5694 terra,
1589 5637 1645 5684 et
1671 5629 1851 5684 omnia
1883 5628 2092 5698 implet,

502 5720 660 5792 juxta
689 5723 832 5794 quod
859 5724 973 5794 ipse
1005 5725 1135 5780 dicit
1163 5742 1175 5778 :
1226 5723 1421 5778 Caelum
1455 5731 1503 5778 et
1549 5732 1743 5776 terram
1781 5737 1876 5792 ego
1905 5720 2094 5792 impleo

2201 3316 2327 3372 hinc
2363 3320 2671 3373 obsecratio
2710 3321 2976 3390 sequitur.
3033 3333 3040 3346 '
3117 3335 3122 3342 '

2269 3409 2399 3464 Post
2430 3410 2530 3464 has
2580 3412 2763 3466 laudes
2790 3420 2846 3465 et
2891 3411 3187 3482 gratiarum
3214 3413 3462 3468 actiones
3511 3430 3616 3484 pro
3643 3423 3788 3469 tanta

2199 3502 2376 3571 gratia
2403 3501 2793 3570 redemptionis
2814 3511 3036 3567 nostrai,
3074 3518 3195 3572 qua:
3242 3504 3295 3557 in
3345 3504 3438 3558 illo
3469 3506 3658 3560 divino
3683 3521 3792 3575 ιιι]-

2199 3594 2366 3648 sterio
2389 3592 2567 3664 agitur
2590 3602 2643 3648 et
2673 3595 3109 3659 commendatur,
3156 3594 3300 3650 facto
3329 3596 3499 3650 totius
3535 3595 3792 3650 Ecclesia

2201 3687 2432 3749 silentio,
2475 3687 2528 3741 in
2575 3703 2683 3757 quo
2731 3698 2979 3744 cessante
3016 3689 3162 3743 omni
3195 3690 3425 3758 strepitu
3472 3692 3788 3756 verborum,

2199 3779 2309 3835 sola
2342 3780 2408 3833 ad
2441 3779 2609 3834 Deum
2639 3780 2887 3852 dirigitur
2913 3781 3158 3845 intentio,
3188 3793 3241 3835 et
3267 3781 3489 3836 devotio
3514 3784 3788 3848 cordium,

2198 3873 2418 3928 sociatis
2439 3874 2538 3927 sibi
2564 3873 2804 3926 omnium
2822 3872 2959 3928 votis
2983 3882 3035 3927 et
3057 3873 3366 3938 desideriis,
3395 3875 3597 3944 incipit
3619 3891 3795 3930 sacer-

2206 3966 2304 4020 dos
2338 3966 2642 4019 orationem
2676 3963 2920 4029 fundere,
2976 3981 3080 4034 qua
3130 3965 3306 4034 ipsum
3334 3967 3664 4036 mysterium
3693 3966 3793 4022 Do-

2200 4059 2384 4114 minici
2414 4058 2660 4128 corporis
2697 4068 2752 4112 et
2775 4058 3056 4129 sanguinis
3099 4069 3474 4113 consecratur.
3509 4057 3607 4114 Sic
3651 4060 3793 4114 enim

2200 4159 2411 4221 oportet
2431 4158 2490 4203 ut
2521 4150 2573 4203 in
2608 4149 2694 4203 illa
2730 4149 2864 4203 hora
2895 4157 3003 4202 tam
3036 4165 3207 4205 sacra:
3236 4159 3290 4203 et
3321 4151 3523 4205 divinae
3561 4151 3794 4205 actionis

2200 4253 2311 4298 tota
2340 4258 2437 4312 per
2463 4242 2556 4297 Dei
2584 4242 2814 4313 gratiam
2851 4258 2879 4296 a
2908 4243 3139 4297 terrenis
3164 4243 3592 4314 cogitationibus
3616 4253 3796 4298 mente

2199 4343 2447 4405 separata
2475 4342 2531 4388 et
2561 4334 2787 4389 ecclesia
2817 4349 2939 4389 cum
2969 4335 3267 4389 sacerdote.
3293 4343 3349 4388 et
3374 4336 3646 4390 sacerdos
3672 4351 3792 4389 cum

2201 4427 2437 4482 Ecclesia
2464 4427 2693 4498 spiritali
2720 4426 2988 4482 desiderio
3022 4427 3189 4481 intret
3217 4427 3269 4480 iu
3294 4441 3320 4480 s
3342 4429 3677 4481 'ncluarium
3702 4427 3794 4481 Dei

2199 4528 2458 4573 aeternum
2477 4526 2531 4572 et
2556 4533 2851 4588 supernum
2877 4535 2888 4570 :
2918 4527 2972 4572 et
2993 4518 3247 4587 quoniam
3275 4518 3498 4587 spiritus
3520 4528 3604 4571 est
3627 4517 3789 4581 Dens,

2200 4619 2250 4669 et
2277 4626 2362 4663 eos
2392 4611 2480 4681 qui
2515 4609 2740 4663 adorant
2768 4626 2903 4672 eum,
2955 4609 3008 4662 in
3033 4609 3219 4678 spiritu
3253 4618 3300 4662 et
3327 4611 3552 4663 veritate
3591 4617 3794 4678 oportet

2203 4701 2426 4755 adorare
2457 4701 2636 4772 (Joan.
2665 4700 2869 4772 κλει),
2897 4701 2975 4755 sic
2997 4700 3246 4754 eumdem
3276 4699 3499 4754 Patrem
3516 4700 3689 4754 Deum
3709 4701 3796 4754 de

2201 4801 2454 4863 precetur
2483 4812 2494 4847 :
2533 4792 2603 4846 Te
2624 4793 2806 4863 igitur,
2833 4790 3227 4846 clementissime
3259 4788 3449 4856 Pater,
3480 4799 3533 4842 et
3557 4791 3789 4859 reliqua.

2201 4883 2436 4949 idcirco,
2474 4892 2534 4938 ut
2562 4883 2760 4946 ferunt,
2789 4881 3120 4936 consuetudo
3161 4881 3307 4934 venit
3336 4880 3390 4934 in
3431 4880 3703 4943 Ecclesia,
3735 4890 3793 4933 ut

2200 4977 2363 5032 tacite
2391 4978 2493 5031 ista
2522 4975 2829 5032 obsecratio
2864 4983 3023 5044 atque
3072 4973 3409 5028 consecratio
3445 4988 3475 5025 a
3506 4975 3794 5026 sacerdote

2200 5077 2468 5132 cantetur,
2493 5083 2560 5123 ne
2587 5068 2753 5122 verba
2785 5076 2894 5121 tam
2931 5081 3110 5131 sacra,
3139 5074 3197 5120 et
3241 5065 3307 5119 ad
3332 5072 3543 5118 tantum
3595 5076 3796 5135 myste-

2196 5162 2338 5216 rium
2383 5160 2729 5229 pertinentia,
2754 5158 3099 5222 vilescerent,
3137 5157 3262 5211 dum
3291 5169 3431 5226 pene
3460 5169 3657 5209 omnes
3694 5170 3794 5224 per

2199 5266 2355 5307 usum
2379 5265 2439 5306 ea
2485 5250 2782 5304 retinentes
2809 5289 2822 5314 ,
2859 5263 2958 5319 per
2983 5248 3132 5303 vicos
3155 5254 3210 5302 et
3242 5246 3450 5317 plateas
3478 5245 3711 5315 aliisque
3733 5246 3790 5299 in

2197 5345 2331 5401 locis
2349 5385 2363 5410 ,
2389 5343 2479 5400 ubi
2511 5358 2616 5398 non
2641 5343 2961 5397 conveniret
2990 5383 3001 5404 ,
3032 5355 3096 5393 ea
3120 5340 3496 5394 decantarent.
3528 5337 3658 5391 lnde
3680 5336 3792 5389 fer-

2200 5448 2288 5494 tur
2311 5437 2453 5508 quod
2485 5445 2776 5505 antequam
2799 5435 2918 5489 haec
2943 5432 3277 5488 consuetudo
3299 5429 3634 5494 inolevisset,
3665 5443 3794 5484 cum

2198 5542 2444 5604 pastores
2468 5546 2532 5587 ea
2554 5531 2905 5586 decantarent
2936 5528 2990 5582 in
3027 5541 3158 5598 agro
3179 5567 3194 5590 ,
3225 5525 3487 5581 divinitus
3517 5534 3647 5578 sunt
3672 5538 3794 5593 per-

2201 5630 2365 5687 cussi.
2405 5629 2547 5684 Dicit
2595 5642 2725 5698 ergo
2774 5625 3033 5682 sacerdos
3067 5641 3082 5678 :
3150 5620 3420 5692 Supplices
3455 5635 3705 5690 rogamus
3739 5626 3791 5670 es

2201 5724 2442 5794 petimus,
2474 5732 2529 5778 et
2553 5723 2656 5779 hoc
2680 5736 2777 5792 per
2797 5719 2980 5775 Jesum
3005 5717 3302 5781 Christum,
3343 5730 3444 5786 per
3476 5729 3642 5785 quem
3675 5727 3791 5766 om-

580 5830 757 5908 s_Vid.
789 5834 1068 5907 epistolam
1083 5835 1338 5894 Amalarii
1367 5836 1433 5893 ad
1461 5833 2090 5908 llettoncmmonacbum
2123 5832 2265 5907 apud
2291 5834 2564 5894 d’Achcrii
2600 5833 2883 5911 Spicileg,
2911 5841 3045 5890 tom.
3073 5828 3163 5898 lll,
3185 5845 3307 5904 pag.
3340 5827 3464 5885 33!.
