4032 6354
302 373 438 430 1257

1117 376 1266 434 ΟΡΡ.
1308 376 1709 436 SUPPOSITA.
1749 409 1819 418 —
1853 378 1978 434 LIB.
2018 379 2107 434 DE
2142 378 2391 437 DIVINlS
2430 378 2735 465 OFFICIIS.

3403 384 3541 442 1258

300 489 386 570 nis
405 485 724 557 supplicatio
744 494 799 541 et
818 489 1009 557 petitio
1028 498 1215 545 nostra
1241 491 1399 563 dirigi
1423 492 1582 548 debet
1600 492 1668 547 ad
1682 492 1870 557 Deum,
1900 504 1952 563 Α
1977 492 2160 561 quitur
2187 512 2198 546 :
2228 492 2296 547 Et
2347 495 2576 549 antistite
2602 505 2734 548 nosti
2748 511 2796 548 ο.
2830 493 2981 550 Si’cut
3026 496 3168 551 enim
3226 496 3549 553 universalis

302 588 557 648 tanquam
586 592 681 648 per
705 592 894 632 verum
928 580 1283 635 mediatorem
1319 589 1374 635 et
1408 591 1670 636 aeternum
1700 596 1873 635 sacer-

300 672 499 737 dotem,
533 671 626 741 qui
649 671 803 727 sedet
836 673 903 727 ad
928 672 1207 729 dexteram
1248 675 1450 742 Patris,
1492 685 1546 731 et
1573 676 1874 746 interpellat

300 781 395 836 pro
423 764 598 820 nobis.
634 764 773 831 Quid
812 775 993 821 autem
1025 776 1180 840 roget
1205 775 1258 823 et
1294 777 1465 839 petat,
1495 768 1769 824 ostendit:
1795 768 1874 820 vi-

298 858 513 923 delicet,
541 868 600 912 ut
624 873 687 913 ea
729 872 849 928 quae
875 860 1176 915 offeruntur
1201 861 1364 926 dona,
1411 878 1650 928 munera,
1692 871 1875 916 sancta

297 949 578 1018 sacriﬁcia,
612 959 843 1019 accepta,
876 951 930 1006 id
951 959 1057 1018 est,
1103 952 1329 1021 placita,
1380 954 1568 1008 habeat
1599 962 1647 1008 et
1669 952 1876 1007 benedi-

297 1050 398 1094 cat.
429 1038 786 1095 Sacerdotum
813 1041 959 1096 enim
993 1050 1079 1096 est
1103 1041 1316 1105 offerre,
1339 1051 1393 1098 et
1420 1044 1756 1119 maiestatem
1779 1041 1876 1096 Dei

298 1132 547 1186 invocare
571 1149 583 1184 :
612 1131 705 1185 Dei
731 1140 935 1197 autem,
961 1133 1247 1201 dignanter
1271 1133 1565 1202 suscipere,
1582 1142 1637 1187 et
1666 1147 1730 1187 ea
1757 1147 1876 1201 quae

294 1223 607 1290 olferuntur,
657 1224 1012 1279 benedicere:
1048 1224 1181 1278 dicit
1216 1240 1384 1294 ergo:
1423 1222 1510 1277 Uti
1537 1233 1751 1293 accepta
1786 1222 1874 1276 Im-

294 1315 436 1380 beas,
471 1324 520 1369 et
548 1315 842 1380 benedicas,
876 1331 941 1371 ac
964 1316 1009 1369 si
1051 1315 1366 1385 suppliciter
1391 1315 1533 1369 dicat
1563 1334 1575 1368 :
1610 1314 1873 1376 Petimus,

292 1416 351 1463 ut
386 1408 503 1463 haec
522 1407 712 1477 spiritu
750 1414 841 1463 tuo
871 1407 1200 1471 sanctiﬁces,
1244 1402 1406 1477 atque
1433 1422 1528 1462 ore
1558 1406 1871 1470 benedicas,

294 1501 516 1572 utquod
570 1508 770 1555 nostra:
813 1498 1134 1554 humilitatis
1168 1500 1375 1571 geritur
1422 1498 1744 1560 ministerio,
1773 1504 1876 1550 tute

291 1593 507 1648 virtutis
548 1592 834 1662 impleatur
878 1590 1092 1646 eﬁ‘ectu.
1133 1590 1285 1657 Quod
1322 1599 1503 1645 autem
1555 1587 1826 1661 subiungit
1860 1606 1872 1642 :

297 1680 423 1735 Hrec
468 1683 629 1747 dona,
660 1681 774 1734 [uec
818 1696 1039 1734 munera
1060 1721 1075 1745 ,
1106 1680 1218 1735 haec
1252 1689 1437 1733 sancta
1461 1679 1745 1747 sacriﬁcia,
1770 1694 1877 1734 non

292 1772 435 1827 aliud
482 1781 643 1842 atque
671 1772 817 1827 aliud
854 1772 1083 1834 dicitur,
1142 1771 1239 1826 sed
1266 1785 1355 1826 res
1382 1788 1487 1825 una
1524 1785 1624 1840 pro
1645 1771 1726 1825 sui
1769 1785 1879 1825 ma-

292 1865 571 1937 gnitudine
593 1865 807 1923 diversa
847 1863 1205 1934 appellatione
1258 1863 1521 1918 laudatur.
1562 1862 1691 1930 Quae
1735 1861 1881 1917 enim
1908 1864 1958 1926 Β

294 1956 495 2012 divinis
518 1953 818 2012 offeruntur
856 1955 1139 2020 altaribus,
1193 1962 1248 2010 et
1273 1970 1499 2009 munera
1519 1950 1875 2024 appellantur,

290 2048 710 2105 sicutDominus
740 2067 751 2101 :
779 2047 837 2103 Si
854 2048 1012 2117 oﬁ'ers
1042 2063 1231 2101 munus
1259 2044 1640 2116 tuum(Matth.
1668 2060 1723 2110 v,
1748 2043 1838 2113 25)
1860 2062 1883 2117 εγ

292 2147 348 2195 ει
371 2141 512 2195 dona
553 2140 637 2195 vel
669 2140 958 2205 sacriﬁcia,
992 2140 1132 2195 sicut
1158 2138 1448 2209 Apostolus
1474 2140 1540 2194 de
1578 2137 1873 2207 pontiﬁce;

292 2232 364 2290 Ut
387 2235 576 2304 offerat
597 2224 743 2288 dona
766 2243 815 2289 et
839 2234 1102 2303 sacriﬁcia
1131 2249 1223 2302 pro
1247 2233 1472 2302 peccatis
1501 2229 1659 2303 (Heb.
1693 2246 1749 2295 v,
1784 2231 1835 2302 l)
1860 2247 1874 2297 ;

292 2327 409 2393 sed,
436 2336 496 2381 ut
531 2326 735 2381 dictum
762 2334 867 2391 est,
906 2339 1216 2380 sermonum
1238 2322 1511 2393 repetitio,
1535 2322 1667 2376 tanti
1696 2336 1879 2376 sacra-

294 2420 461 2477 menti
480 2427 565 2474 est
585 2417 1006 2482 commendatio,
1032 2424 1087 2472 et
1115 2417 1218 2486 piae
1257 2415 1560 2471 devotionis
1594 2416 1872 2472 excitatio.

295 2512 428 2580 Quia
457 2510 572 2566 hac
619 2518 747 2566 sunt
772 2524 901 2565 vere
934 2518 1119 2564 sancta
1150 2518 1198 2562 et
1225 2507 1453 2573 illibata,
1484 2508 1537 2562 id
1579 2515 1683 2571 est,
1710 2506 1879 2561 invio-

296 2605 403 2659 lata
441 2612 497 2659 et
544 2602 967 2658 incontaminata
1011 2602 1301 2665 sacriﬁcia,
1346 2616 1465 2670 qua!
1492 2600 1546 2654 in
1578 2598 1878 2654 ministerio

293 2696 551 2752 dominici
584 2696 826 2765 corporis
865 2693 1168 2749 oﬁ‘eruntur
1197 2713 1208 2747 :
1239 2693 1319 2747 vel
1348 2692 1555 2746 illibata
1598 2692 1874 2757 dicuntur,

296 2788 348 2844 id
376 2799 459 2844 est
486 2830 500 2853 ,
532 2804 637 2843 non
667 2795 1014 2858 praegustata,
1047 2785 1143 2840 sed
1185 2785 1395 2858 integra
1442 2783 1617 2838 adhuc
1660 2798 1880 2838 manen-

296 2879 389 2934 tia.
423 2877 617 2934 Libare
637 2878 784 2933 enim
810 2878 911 2932 sub
940 2892 1048 2931 uno
1079 2892 1241 2931 sensu
1271 2875 1469 2930 dicitur
1492 2873 1737 2929 fundere.
1770 2874 1880 2929 Un-

294 2970 362 3028 de
392 2971 642 3040 legimus,
695 2970 841 3041 quod
885 2968 1055 3024 David
1088 2968 1276 3023 libavit
1305 2982 1500 3038 aquam
1530 2966 1759 3021 Domino
1790 2964 1876 3037 (II

296 3062 420 3134 Reg.
450 3079 608 3127 xxiii,
646 3062 735 3133 l6)
768 3062 873 3117 sibi
907 3060 1164 3126 oblatam,
1192 3060 1244 3115 id
1271 3069 1376 3126 est,
1416 3058 1577 3113 fudit.
1614 3058 1727 3113 Sub
1770 3058 1877 3113 alio

296 3172 458 3211 sensu
489 3156 685 3212 dicitur
716 3155 902 3219 libare,
934 3164 1151 3224 gustare
1181 3172 1193 3208 :
1223 3154 1365 3209 unde
1391 3160 1445 3207 et
1484 3152 1760 3226 przelibata
1787 3169 1875 3208 res

296 3247 496 3302 dicitur
529 3254 876 3318 prmgustata.

368 3356 622 3413 Reddidit
648 3364 831 3411 autem
853 3371 1072 3411 causam
1114 3356 1391 3419 sacerdos,
1420 3371 1520 3423 pro
1546 3368 1653 3423 qua
1688 3352 1777 3408 illa
1804 3352 1883 3409 of-

298 3449 739 3513 feratsacriﬁcia,
768 3457 823 3503 et
844 3448 975 3502 dicit
1005 3462 1066 3502 se
1090 3448 1146 3500 in
1169 3447 1376 3515 primis,
1406 3446 1462 3499 id
1484 3453 1589 3505 est.
1611 3446 1883 3516 principa-

294 3542 421 3595 liter
440 3557 534 3610 pro
546 3538 787 3594 Ecclesia
806 3537 1085 3601 catholica,
1104 3536 1159 3591 id
1178 3544 1278 3598 est,
1299 3536 1608 3589 universali.
1630 3534 1720 3590 Sic
1735 3537 1881 3590 enim

293 3632 515 3704 dignum
539 3630 657 3695 fuit,
688 3632 756 3700 ut;
770 3629 1027 3698 inciperet
1049 3635 1235 3683 sancta
1271 3626 1492 3690 oblatio,
1517 3626 1766 3680 videlicet
1787 3640 1883 3695 pro

297 3724 536 3779 Ecclesia
565 3724 660 3779 Dei
676 3731 787 3778 toto
806 3723 937 3777 orbe
962 3720 1173 3788 diﬁ‘usa,
1203 3736 1322 3791 quae
1334 3731 1418 3775 est
1436 3720 1596 3774 unico
1623 3720 1885 3790 sanguine

299 3816 511 3871 Domini
532 3816 828 3885 redempta.
848 3813 1019 3879 Quam
1042 3813 1324 3885 paciﬁcare
1345 3812 1594 3884 digneris,
1614 3820 1673 3866 ut
1692 3826 1883 3881 pacem

301 3908 497 3963 habeat
521 3907 589 3962 ab
620 3907 889 3963 haereticis
926 3914 981 3960 et
1027 3906 1292 3976 paganis;
1324 3905 1582 3971 adunare,
1613 3920 1733 3976 qua:
1778 3904 1886 3959 dis-

299 4014 456 4069 persa
507 4006 592 4054 est
613 4012 710 4068 per
753 4013 994 4071 paganos
1023 4006 1077 4053 et
1112 3997 1493 4053 haereticorum
1522 3996 1790 4066 dogmata.
1823 3994 1883 4055 ld

300 4092 476 4162 ipSum
496 4099 676 4145 autem
710 4089 918 4145 videtur
954 4104 1075 4145 esse
1097 4089 1359 4153 adunare,
1387 4088 1529 4157 quod
1553 4087 1877 4158 paciﬁcare:

303 4182 359 4238 id
384 4184 561 4254 ipsum
587 4182 882 4246 custodire,
908 4183 1052 4253 quod
1078 4189 1133 4236 et
1159 4197 1353 4253 regere.
1379 4180 1724 4235 Paciﬁcando
1740 4194 1886 4233 nam-

300 4291 407 4345 que
431 4275 651 4341 adunat,
676 4291 799 4330 cum
824 4276 1066 4330 omnium
1092 4274 1329 4330 ﬁdelium
1360 4274 1522 4328 corda
1553 4273 1606 4326 in
1638 4288 1733 4328 sua
1753 4287 1887 4342 pace

301 4367 603 4437 coniungit,
634 4382 756 4420 cum
781 4366 1023 4421 omnium
1054 4364 1295 4419 ﬁdelium
1344 4372 1553 4418 mentes
1583 4362 1744 4417 unius
1782 4360 1889 4417 elli-

300 4458 377 4514 cit
402 4456 716 4519 voluntatis,
765 4456 958 4512 diffusa
981 4458 1247 4512 charitate
1293 4470 1388 4526 per
1433 4454 1695 4524 Spiritum
1736 4468 1887 4509 sanc-

303 4557 419 4603 tum
448 4567 459 4601 :
491 4548 842 4603 custodiendo
895 4550 1054 4619 regit,
1085 4564 1207 4603 cum
1253 4549 1395 4602 inter
1426 4547 1607 4602 omnia
1649 4547 1886 4615 pericula

301 4638 600 4695 clementer
648 4653 768 4693 eam
824 4616 1088 4709 gubernat
1121 4648 1176 4692 et
1205 4638 1366 4708 regit.
1419 4637 1572 4704 Quod
1601 4654 1732 4693 vero
1769 4645 1892 4706 post
1916 4620 1968 4681 Ῑ)
1994 4616 2212 4709 θθῄθνέδ

303 4731 610 4803 generalem
660 4732 913 4787 Ecclesiae
940 4732 1470 4787 commendationem
1527 4730 1882 4804 adiungitur:

307 4820 426 4877 Una
449 4840 569 4877 cum
595 4823 795 4892 [amulo
826 4832 915 4878 tuo
936 4841 1073 4895 papa
1106 4833 1306 4889 nostra,
1340 4824 1508 4897 ipsius
1534 4823 1890 4880 ecclesiastici

304 4917 550 4987 corporis
586 4920 767 4972 unitas
806 4917 1000 4972 fortius
1047 4919 1496 4975 commendatur:
1528 4918 1655 4987 quia
1682 4917 1893 4988 religio-

307 5009 394 5064 nis
429 5008 633 5064 cultum
661 5009 742 5065 sic
776 5008 1039 5064 Dominus
1077 5012 1330 5075 instituit,
1365 5020 1426 5066 ut
1476 5012 1530 5066 in
1577 5011 1891 5067 beatissimo

309 5101 469 5158 Petro
497 5102 861 5173 apostolorum
905 5118 1118 5157 summo
1160 5102 1535 5171 principaliter
1580 5102 1890 5167 collocaret,

309 5206 471 5268 atque
497 5199 564 5252 ab
590 5199 706 5268 ipso
751 5197 905 5267 quasi
932 5196 1167 5266 quodam
1196 5198 1376 5265 capite
1424 5196 1564 5249 dona
1602 5211 1701 5250 sua
1740 5195 1898 5249 vellet

308 5289 365 5342 in
402 5287 599 5357 corp'us
626 5304 788 5343 omne
825 5303 1062 5342 manare.
1125 5286 1277 5342 Unde
1309 5294 1523 5341 constat
1565 5287 1633 5342 ab
1660 5286 1898 5341 universi

308 5380 456 5435 orbis
491 5380 869 5435 communione
900 5385 1180 5448 separatos
1200 5393 1347 5443 esse,
1373 5376 1516 5433 sicut
1532 5377 1724 5432 beatus
1746 5376 1898 5431 Pela-

310 5470 430 5542 gius
450 5470 628 5535 docet,
656 5470 746 5540 qui
769 5470 1010 5540 qualibet
1028 5469 1365 5525 dissensione
1378 5469 1521 5524 inter
1542 5484 1694 5524 sacra
1708 5477 1903 5541 myste-

312 5556 394 5616 ria
445 5563 726 5632 apostolici
764 5561 1038 5634 pontiﬁcis
1073 5561 1395 5617 memoriam
1444 5559 1741 5616 secundum
1771 5575 1897 5617 eon-

312 5656 654 5711 suetudinem
684 5671 791 5711 non
819 5654 1188 5725 frequentant.
1228 5651 1381 5724 Papa
1402 5660 1583 5708 autem
1606 5651 1900 5708 secundum

311 5748 579 5817 quosdam
609 5749 807 5804 dicitur
828 5747 1162 5805 admirabilis
1186 5748 1267 5802 vel
1296 5754 1609 5811 coronatus,
1638 5747 1734 5803 sed
1758 5747 1902 5823 quod

314 5837 511 5895 melius
543 5846 665 5904 est,
702 5847 857 5910 pater
888 5847 1124 5910 patrum,
1153 5837 1207 5894 id
1232 5848 1337 5905 est,
1365 5840 1762 5911 episcoporum.
1803 5840 1898 5896 Se-

722 5930 971 5997 Prraor.
1030 5933 1131 5997 Cl.
1518 5972 1543 6000 ι
1680 5928 1685 5931 ’

1901 3232 1951 3296 C

1977 583 2230 639 Ecclesiae
2257 586 2695 657 commemoratio
2729 595 2947 656 propter
2988 588 3248 642 unitatem
3275 587 3547 643 societatis

1975 683 2029 727 et
2050 673 2200 742 pacis
2220 674 2564 746 coniungitur
2588 676 3089 732 commemorationi
3115 678 3393 748 apostolici
3413 693 3548 748 pon-

1979 763 2155 832 tiﬁcis,
2194 765 2269 819 ita
2298 766 2517 837 dignum
2538 774 2594 821 et
2615 768 2923 840 religiosum
2952 777 3056 835 est,
3093 777 3153 824 ut
3180 770 3403 842 singulm
3449 769 3552 825 Ec-

1978 858 2153 914 clesiae
2172 862 2737 916 commemorationem
2755 878 2974 919 suorum
2998 860 3325 935 subiungant
3339 862 3550 917 antisti-

1979 965 2115 1022 tum,
2131 956 2420 1026 probantes
2435 974 2493 1013 se
2507 974 2605 1028 per
2619 959 2763 1014 illam
2779 961 3078 1016 orationem
3094 976 3314 1015 servare
3329 974 3450 1014 cum
3471 958 3551 1013 eis

1978 1048 2235 1102 unitatem
2259 1048 2480 1118 spiritus
2501 1050 2556 1104 in
2576 1050 2792 1106 vinculo
2811 1054 2981 1121 pacis.
3013 1051 3323 1117 Orthodoxi,
3352 1052 3406 1107 id
3446 1060 3549 1115 est,

1979 1150 2138 1195 rectae
2188 1140 2370 1210 gloria:
2430 1140 2683 1196 dicuntur
2703 1182 2719 1206 ,
2762 1159 2828 1198 eo
2873 1144 3017 1213 quod
3050 1144 3195 1199 nullo
3230 1157 3413 1198 errore
3461 1143 3556 1196 de-

1978 1233 2186 1303 pravati
2215 1273 2230 1297 ,
2267 1241 2429 1288 rectae
2476 1232 2602 1288 ﬁdei
2643 1233 2979 1289 confessione
3032 1236 3202 1290 Deum
3233 1234 3551 1307 gloriﬁcent.

1978 1323 2121 1379 Idem
2156 1338 2283 1395 ergo
2307 1332 2436 1379 sunt
2466 1324 2736 1379 catholica:
2758 1335 2807 1379 et
2834 1325 3130 1395 apostolica:
3157 1326 3283 1395 ﬁdei
3306 1324 3551 1379 cultores.

1980 1413 2292 1479 Catholicae,
2316 1413 2370 1469 id
2390 1423 2493 1481 est,
2518 1415 2860 1482 universalis,
2888 1432 3052 1486 quam
3076 1416 3327 1471 universa
3359 1416 3556 1485 ubique

1982 1514 2162 1563 servat
2194 1507 2469 1573 Ecclesia;
2526 1506 2873 1579 ejusdemque
2916 1509 3243 1581 apostolicae,
3292 1525 3451 1579 quam
3500 1490 3581 1563 in‘l

1983 1610 2094 1656 toto
2116 1602 2320 1656 mundo
2346 1601 2589 1657 doctrina
2621 1604 2981 1671 apostolorum
3017 1602 3279 1658 fundavit.
3305 1601 3558 1664 Additur,

1981 1712 2074 1766 per
2127 1694 2393 1749 Christum
2431 1695 2714 1749 Dominum
2760 1706 3035 1749 nostrum:
3074 1697 3199 1765 quia
3253 1694 3409 1749 aliter
3462 1708 3562 1749 nec

1983 1787 2163 1842 oratio
2198 1788 2474 1851 Ecclesiae,
2521 1803 2620 1843 nec
2645 1787 2846 1842 oblatio
2872 1789 2982 1843 Deo
3004 1787 3185 1843 oll‘erri
3222 1797 3425 1859 potest,
3457 1787 3563 1842 nisi

1980 1898 2078 1953 per
2106 1899 2273 1937 unum
2321 1870 2673 1939 mediatorem
2706 1883 2799 1939 Dei
2836 1893 2890 1939 et
2924 1885 3225 1949 hominum,
3273 1886 3413 1954 quod
3449 1885 3563 1954 ipse

1980 1972 2219 2044 503m
2280 1973 2570 2046 Evangelio
2616 1976 2984 2037 commendat,
3021 1977 3237 2031 dicens:
3292 1976 3563 2047 Quidquid

1977 2066 2228 2136 petieritis
2250 2067 2307 2119 in
2323 2067 2529 2120 nomine
2556 2083 2689 2133 meo,
2736 2069 2835 2121 Itoc
2862 2067 3057 2135 faciam
3099 2068 3277 2139 (Joan.
3304 2083 3415 2131 xtv,
3448 2066 3560 2139 M).

1978 2155 2150 2224 Quam
2176 2158 2452 2229 petitionis
2485 2157 2718 2214 formam
2768 2160 2822 2213 in
2860 2160 3006 2215 omni
3033 2160 3280 2216 oratione
3331 2176 3427 2215 sua
3466 2175 3563 2216 cu-

1978 2247 2144 2305 s't'odit
2164 2250 2428 2306 Ecclesia.

2047 2360 2178 2415 Cum
2211 2360 2409 2415 dicitur
2441 2379 2452 2413 :
2489 2359 2772 2427 Memento,
2808 2361 3052 2425 Domine,
3103 2362 3447 2431 [(tntulorum,
3482 2364 3568 2434 fa—
3662 2380 3665 2383 ‘
3696 2352 3707 2363 νη

1977 2450 2342 2523 malarumque
2372 2461 2605 2519 tuarum,
2646 2461 2702 2509 et
2748 2453 2827 2508 sic
2856 2453 3047 2509 deinde
3089 2451 3472 2526 subiungitur'
3512 2465 3563 2510 et

1978 2544 2207 2599 omnium
2241 2545 2717 2611 circumstantium,
2748 2545 3090 2601 manifestum
3113 2554 3214 2607 est,
3247 2548 3389 2616 quod
3409 2547 3566 2617 quasi

1978 2636 2197 2704 quidam
2228 2636 2379 2692 locus
2406 2638 2496 2703 sit,
2528 2638 2620 2693 ubi
2666 2637 2937 2708 aliquibus
2983 2638 3290 2707 specialiter
3318 2639 3565 2694 nomina-

1979 2714 2068 2791 tis;
2123 2727 2286 2782 etiam
2342 2737 2693 2794 cancrorum,
2744 2729 2839 2799 qui
2890 2729 3149 2785 assistunt
3200 2732 3253 2787 in
3315 2732 3565 2798 ecclesia,

1979 2819 2419 2874 commemoratio
2450 2818 2793 2890 adiungatur.
2831 2819 2889 2874 in
2919 2836 3026 2890 quo
3051 2822 3172 2877 loco
3206 2822 3435 2878 liberum
3476 2832 3565 2881 est

1981 2909 2272 2976 sacerdoti,
2320 2926 2456 2980 quos
2508 2910 2920 2978 desideraverit,
2991 2913 3341 2983 peculiariter
3392 2916 3566 2970 nomi-

1981 3019 2133 3069 nare,
2161 3015 2217 3059 et
2248 3004 2568 3059 nominatim
2604 3004 2716 3061 Deo
2752 3007 3135 3063 commendare
3168 3029 3180 3062 ;
3213 3016 3306 3062 aut
3334 3019 3482 3063 certe
3504 3009 3568 3063 il-

1980 3094 2072 3150 lud
2097 3096 2164 3150 ab
2205 3096 2441 3166 antiquis
2483 3105 2570 3152 est
2594 3096 2961 3163 observatum,
3009 3107 3068 3152 ut
3106 3100 3180 3155 ibi
3223 3099 3569 3155 offerentium

1980 3189 2199 3244 nomina
2252 3190 2632 3245 recitarentur.
2686 3188 2845 3245 Prius
2890 3205 3021 3260 ergo
3083 3192 3382 3248 oblationes
3441 3202 3570 3249 sunt

1983 3284 2446 3348 commendandae,
2497 3299 2560 3337 ac
2608 3291 2735 3339 tunc
2792 3298 2980 3340 eorum
3028 3286 3271 3353 nomina,
3338 3302 3573 3357 quorum

1984 3384 2130 3442 sunt,
2162 3375 2442 3439 edicenda,
2474 3387 2534 3429 ut
2566 3374 2709 3430 inter
2733 3390 2888 3431 sacra
2910 3378 3170 3447 mysteria
3201 3378 3572 3441 nominentur,

1985 3483 2092 3523 non
2118 3468 2262 3522 inter
2287 3467 2392 3523 alia
2425 3481 2545 3536 qua:
2575 3467 2975 3537 praemittimus.
3024 3466 3259 3532 Quorum
3301 3469 3396 3522 tibi
3439 3469 3573 3537 ﬁdes

1983 3560 2192 3629 cognita
2221 3566 2320 3622 est,
2351 3566 2400 3610 et
2424 3565 2547 3611 nota
2579 3557 2778 3612 devotio
2803 3574 2820 3609 :
2857 3559 2911 3613 id
2936 3567 3042 3624 est,
3070 3576 3230 3629 quam
3275 3568 3420 3615 recte
3451 3576 3573 3615 cre-

1986 3649 2137 3713 dant,
2160 3656 2214 3703 et
2241 3663 2403 3718 quam
2427 3646 2618 3701 devote
2638 3648 2881 3717 diligant,
2921 3658 2977 3703 tu
3013 3649 3163 3704 solus
3186 3650 3341 3705 vides
3368 3651 3423 3705 in
3447 3666 3576 3705 con-

1984 3749 2228 3805 scientiis
2256 3764 2463 3813 eorum,
2499 3747 2592 3817 qui
2624 3748 2720 3803 tibi
2760 3749 2994 3805 oll‘erunt
3025 3769 3037 3804 :
3085 3752 3141 3805 in
3171 3752 3368 3821 quibus
3397 3752 3578 3807 verbis

1987 3841 2219 3896 ﬁdeliter
2246 3840 2699 3895 considerandum
2725 3850 2830 3909 est,
2863 3842 3005 3911 quod
3035 3851 3147 3897 tota
3195 3843 3434 3899 Ecclesia
3464 3826 3574 3898 Deo

1988 3932 2179 3987 offerat
2210 3931 2338 3986 illud
2367 3931 2694 3987 sacriﬁcium
2721 3932 2915 4005 laudis,
2939 3933 3158 4004 quiarde
3196 3936 3346 3989 omni
3391 3933 3573 3988 multi-

1991 4026 2173 4081 tudine
2226 4027 2695 4083 circumstantium
2744 4029 2980 4083 dicitur:
3036 4029 3139 4095 Qui
3186 4031 3280 4084 tibi
3322 4031 3575 4099 o/ferunt.

1986 4119 2143 4187 Quod
2167 4118 2311 4172 enim
2343 4118 2666 4189 adimpletur
2709 4119 2927 4190 proprie
2974 4121 3275 4176 ministerio
3321 4124 3577 4179 sacerdo—

1988 4234 2126 4288 tum,
2156 4223 2260 4278 hoc
2288 4221 2610 4294 generaliter
2654 4222 2833 4293 agitur
2879 4222 2983 4277 ﬁde
3008 4230 3066 4277 et
3107 4223 3391 4279 devotione
3440 4239 3576 4279 cun-

1989 4332 2221 4375 etorum.
2255 4316 2592 4387 Sacriﬁcium
2632 4317 2828 4372 dicitur
2856 4315 3050 4384 laudis,
3092 4320 3217 4390 quia
3247 4321 3297 4375 in
3340 4321 3497 4377 laude
3523 4320 3586 4377 il-

1989 4419 2093 4473 lius
2137 4401 2381 4474 oﬁ‘ertur.
2415 4416 2534 4472 Non
2563 4417 2706 4473 enim
2750 4425 2938 4473 nostra
2983 4418 3057 4473 illi
3103 4420 3318 4486 damus,
3349 4422 3445 4477 sed
3479 4437 3581 4478 sua

1991 4510 2287 4565 reddimus.
2322 4508 2432 4563 Pro
2460 4526 2517 4563 se
2541 4510 2751 4579 suisque
2794 4510 3055 4575 omnibus,
3090 4511 3141 4566 id
3169 4520 3272 4577 est,
3302 4512 3369 4567 ad
3396 4528 3474 4579 se,
3498 4512 3581 4569 vel

2244 4601 2329 4658 vel
2354 4588 2744 4668 familiaritate,
2776 4603 2861 4659 vel
2885 4592 3125 4674 qualibet
3149 4604 3253 4659 alia
3277 4608 3585 4663 conditione

1998 4708 2098 4761 sub
2125 4704 2365 4775 eiusdem
2394 4705 2516 4761 ﬁdei
2557 4704 2897 4776 professione
2918 4706 3337 4775 pertinentibus,
3363 4717 3473 4764 tam
3504 4709 3586 4785 vi—

1998 4798 2247 4853 ventibus
2282 4814 2445 4869 quam
2487 4796 2777 4853 defunctis.
2816 4797 2885 4852 Et
2927 4798 3049 4865 hoc,
3096 4816 3198 4870 qua
3236 4817 3332 4871 spe
3358 4800 3583 4865 faciant,

2000 4889 2377 4960 subiungitur:
2423 4889 2548 4958 quia
2578 4905 2685 4945 non
2708 4906 2807 4961 pro
2850 4890 3031 4961 aliquo
3071 4900 3288 4947 terreno
3323 4894 3587 4962 appetitu,

2002 5000 2108 5038 non
2134 4998 2231 5054 pro
2264 4983 2545 5053 temporali
2580 4984 2753 5047 lucro,
2784 4986 2879 5041 sed
2907 4987 3246 5041 solummodo
3270 5002 3363 5057 pro
3390 4985 3591 5039 redem-

2001 5077 2174 5146 ptione
2201 5076 2498 5129 animarum
2542 5093 2781 5143 suarum,
2815 5080 2940 5147 quia
2973 5079 3028 5133 in
3054 5080 3168 5149 ipso
3211 5077 3473 5132 habemus
3505 5093 3593 5131 re—

2003 5168 2369 5238 demptionem
2410 5183 2509 5239 per
2545 5172 2862 5241 sanguinem
2885 5174 3021 5243 ejus,
3051 5171 3425 5226 remissionem
3468 5188 3588 5242 pec-

2005 5272 2275 5317 catorum.
2320 5260 2429 5315 Pro
2475 5280 2562 5333 spe
2610 5263 2820 5331 salutis,
2855 5264 2908 5318 id
2934 5273 3038 5329 est,
3083 5278 3182 5333 pro
3211 5263 3320 5316 vita
3367 5271 3590 5328 aeterna,

2005 5369 2126 5423 quae
2173 5360 2257 5408 est
2312 5367 2441 5408 vera
2494 5353 2661 5409 salus.
2717 5354 2821 5425 Spe
2868 5356 3004 5408 enim
3066 5352 3197 5407 salvi
3243 5352 3371 5423 facti
3413 5371 3594 5409 sumus

2008 5453 2185 5526 (Rom.
2214 5472 2309 5510 vm
2334 5498 2347 5521 ,
2377 5455 2491 5528 24).
2534 5455 2645 5513 Nec
2679 5455 2851 5511 solum
2896 5470 2994 5526 pro
3026 5454 3198 5510 salute
3240 5463 3462 5522 aeterna,
3500 5456 3598 5512 sed

2006 5545 2172 5601 etiam
2202 5562 2300 5617 pro
2334 5548 2617 5627 temporali
2644 5546 3032 5613 incolumitate,
3084 5547 3138 5602 id
3186 5556 3293 5615 est,
3329 5546 3598 5619 corporali

2008 5648 2262 5705 sanitate.
2296 5647 2642 5706 lncolumitas
2678 5649 2821 5703 enim
2856 5646 3073 5714 dicitur,
3101 5649 3351 5704 sanitatis
3376 5649 3603 5720 integri-

2008 5750 2113 5801 tas.
2150 5744 2391 5817 Utraque
2437 5755 2619 5800 autem
2670 5742 2876 5799 sanitas
2922 5743 2991 5798 ab
3035 5742 3126 5799 illo
3175 5752 3279 5811 est,
3314 5752 3366 5825 et
3408 5746 3607 5825 animmf

2010 5830 2238 5907 scilicet,
2269 5847 2325 5896 et
2378 5839 2641 5912 corporis,
2677 5838 2769 5911 κᾶε
2823 5853 2931 5910 quo
2985 5838 3035 5892 in
3091 5839 3299 5908 psalmo
3338 5821 3603 5896 canitur.

3092 5929 3168 5995 ho
