4032 6354
166 2764 221 2839 l2
256 2762 283 2839 ί

190 2822 615 2915 ξέίίιηειιὶηἰε,
646 2850 749 2904 nisi
781 2853 1002 2908 mistum
1046 2871 1185 2925 aqua
1211 2858 1410 2915 oﬁ‘erre
1461 2879 1568 2918 non
1607 2864 1752 2929 licet,
1781 2869 1909 2937 quia

338 336 471 394 196i

1164 345 1312 404 ore.
1352 334 1756 409 SUP'POSITA.
1795 385 1865 397 -
1902 348 2031 412 Lis.
2077 361 2164 417 or.
2204 356 2456 424 mvims
2491 322 2835 432 OFFICIIS.‘

3474 399 3497 454 1
3508 396 3613 454 262

409 452 562 509 Unde
596 452 1129 516 animadvertendum
1160 470 1262 529 est,
1306 467 1432 535 quia
1462 468 1576 524 sive
1620 469 1758 539 plus,
1803 470 1916 527 sive
1946 476 1991 535 Α
2022 473 2181 531 clara:
2206 487 2261 534 et
2284 485 2633 553 praecellenti,
2678 498 2732 545 et
2771 492 3016 564 gloriosae
3055 500 3319 570 majestati
3346 508 3463 580 Dei,
3502 533 3612 575 non

413 556 510 580 huc
569 547 688 580 nn:-
730 548 854 580 ειν-ιιι.
880 552 1139 580 “Mutat...
1210 560 1391 580 ιη...;,.-
1421 558 1695 580 ΔΔιηλλιμμμ
1883 572 1889 580 .
2041 567 2056 580 .
2348 572 2360 580 .
2410 568 2418 580 κ
2518 578 2525 580 _

331 545 532 612 minus,
569 547 690 616 quis
730 548 854 603 inde
880 552 1161 624 percipiat,
1207 560 1394 613 Omnes
1419 558 1698 630 aequalher
1728 572 1923 635 corptis

272 678 279 683 .
326 635 535 693 Christi
561 640 906 711 integerrime
933 655 1172 714 sumunt,
1198 657 1252 704 et
1276 640 1605 721 generaliter
1631 669 1839 722 omnes,
1870 665 1925 735 et

332 727 640 801 Bpecialiter
668 732 1057 808 unusquisque.
1088 739 1212 796 Ideo
1238 750 1419 798 autem
1465 746 1685 817 sanguis
1719 734 1923 804 Christi

331 824 531 874 novum
560 828 944 881 testamentum
990 837 1106 895 est,
1162 832 1289 909 quia
1338 849 1477 889 nova
1525 836 1762 904 dilectio,
1817 854 1923 909 qua

331 918 505 981 usque
542 913 608 967 ad
634 923 863 971 mortem
892 918 948 973 iu
996 908 1309 979 nevissimis
1358 925 1683 982 saaculorum
1715 908 1923 1000 tempo-

330 1000 479 1057 ribus
506 1017 605 1059 nos
632 1005 837 1062 dilexit.
868 1009 936 1064 Et
983 1010 1103 1067 ideo
1132 1014 1355 1085 sanguis
1381 1008 1470 1069 ille
1500 1019 1617 1071 novi
1658 1028 1707 1072 et
1738 1022 1921 1074 (ειενηὶ

329 1097 625 1150 testamenti
658 1104 761 1164 est,
790 1102 917 1171 quia
961 1112 1097 1174 quos
1150 1120 1181 1159 a
1230 1114 1502 1163 vetustate
1562 1110 1803 1175 innovat,
1854 1113 1921 1168 ad

329 1185 701 1245 haereditatem
731 1201 987 1249 :eternam
1014 1197 1282 1266 perducit.
1313 1199 1627 1271 Mysterium
1652 1201 1778 1269 ﬁdei
1814 1210 1917 1272 est,

329 1277 453 1344 quia
475 1278 697 1337 credere
721 1283 1000 1351 debemus,
1030 1287 1173 1354 quod
1200 1287 1275 1342 ibi
1322 1289 1470 1344 salus
1510 1298 1697 1345 nostra
1744 1293 1922 1348 consi-

328 1371 455 1419 stat.
484 1367 782 1428 Providens
816 1375 961 1429 enim
986 1376 1140 1433 nobis
1182 1378 1331 1433 dedit
1370 1380 1472 1434 hoc
1518 1392 1920 1439 sacramentum

327 1458 540 1526 saturis,
565 1469 625 1516 ut
648 1465 775 1534 quia
819 1482 919 1523 nos
950 1471 1191 1540 quotidie
1223 1488 1532 1543 peccamus,
1576 1485 1632 1532 et
1677 1476 1766 1533 ille
1806 1478 1919 1549 jam

325 1554 461 1605 mori
505 1562 611 1609 non
652 1567 848 1627 potest,
890 1572 988 1631 per
1036 1564 1183 1618 istud
1227 1577 1627 1623 sacramentum
1675 1566 1919 1641 corporis

325 1644 405 1698 sui
438 1648 813 1706 remissionem
855 1668 1273 1724 consequamur.
1315 1658 1568 1726 Quotidie
1609 1663 1751 1717 enim
1804 1664 1919 1735 ipse

322 1737 627 1793 comeditur
655 1748 711 1795 et
740 1742 942 1803 bibitur
967 1744 1021 1799 in
1053 1747 1301 1815 veritate,
1333 1760 1387 1804 et
1416 1751 1628 1824 integer
1654 1754 1917 1825 vivusque

321 1841 378 1882 et
404 1829 785 1891 immaculatus
818 1844 1019 1891 manet.
1060 1836 1381 1910 Mysterium
1422 1852 1528 1909 est,
1575 1846 1720 1914 quod
1766 1847 1911 1903 aliud
1945 1838 1992 1909 Β

322 1920 554 1989 videtur,
583 1932 636 1979 et
669 1925 813 1983 aliud
840 1928 1175 2002 intelligitur.
1204 1934 1359 2003 Quod
1389 1937 1625 2005 videtur,
1676 1941 1913 2011 speciem

321 2013 485 2070 habet
521 2018 854 2087 corporalem
883 2039 895 2075 :
930 2024 1074 2093 quod
1121 2024 1458 2097 intelligitur,
1488 2028 1723 2086 fructum
1753 2034 1915 2088 habet

319 2105 677 2176 spiritualem.
713 2110 820 2167 Sed
848 2128 972 2169 cum
1002 2120 1319 2187 mysterium
1344 2121 1436 2187 sit,
1468 2124 1610 2178 unde
1633 2140 1831 2196 corpus
1860 2134 1915 2182 et

316 2202 543 2268 sanguis
566 2200 769 2257 Christi
805 2205 1041 2261 dicitur?
1078 2207 1377 2267 Consulens
1399 2216 1743 2285 omnipotens
1769 2218 1913 2274 Deus

319 2288 621 2349 inﬁrmitati
654 2306 874 2363 nostra,
903 2299 995 2369 qui
1019 2316 1126 2355 non
1151 2302 1414 2361 habemus
1437 2324 1594 2363 usum
1628 2314 1913 2371 comedere

318 2396 538 2447 carnem
585 2387 831 2455 crudam,
866 2399 921 2445 et
953 2393 1272 2462 sanguinem
1322 2397 1543 2465 bibere,
1593 2400 1723 2458 facit
1769 2414 1828 2459 ut
1857 2406 1910 2460 in

316 2473 546 2543 pristina
586 2490 903 2535 remaneant
949 2482 1124 2540 forma
1159 2485 1251 2542 illa
1292 2488 1400 2545 duo
1441 2508 1687 2560 munera,
1726 2504 1779 2550 et
1826 2508 1913 2555 est

320 2561 373 2617 in
401 2566 626 2623 veritate
652 2585 852 2641 corpus
876 2571 1078 2631 Christi
1104 2586 1159 2633 et
1198 2581 1441 2650 sanguis,
1488 2586 1630 2643 sicut
1665 2588 1780 2658 ipse
1818 2592 1912 2647 'di-

319 2659 412 2715 cit.
536 2726 556 2734 ἡ

390 2751 680 2811 Sciendum
712 2774 844 2815 vero
877 2763 1022 2831 quod
1068 2767 1318 2822 eumdem
1373 2770 1599 2827 calicem
1642 2774 1907 2833 Dominici

317 2937 499 2993 vinum
530 2940 631 2996 fuit
672 2943 725 2998 in
774 2946 1165 3018 redemptionis
1208 2961 1408 3009 nostra;
1455 2958 1738 3028 mysterio,
1779 2976 1908 3015 cum

315 3032 392 3086 ait
420 3050 432 3086 :
467 3031 592 3089 Non
617 3036 792 3092 bibam
819 3041 1009 3095 amodo
1053 3042 1119 3097 de
1147 3044 1243 3098 hoc
1278 3048 1538 3116 genimine
1570 3051 1710 3115 vitis,
1741 3060 1795 3106 ct
1825 3066 1909 3107 re-

313 3123 458 3196 liqua
506 3126 721 3197 (Matth.
756 3148 905 3199 xxvr,
929 3134 1019 3208 29)
1042 3154 1056 3201 ;
1078 3146 1134 3191 et
1160 3138 1227 3193 de
1258 3138 1430 3197 latere
1458 3141 1575 3210 ejus
1611 3160 1751 3213 aqua
1780 3161 1907 3200 cum

313 3232 597 3289 sangume,
626 3222 811 3283 vinum
847 3226 912 3280 de
942 3242 1071 3283 vera
1110 3230 1293 3286 carnis
1323 3231 1439 3300 ejus
1470 3235 1580 3290 vite
1610 3252 1735 3291 cum
1764 3252 1903 3309 aqua

311 3326 630 3385 expressum
681 3320 938 3379 ostendit.
1006 3320 1131 3378 Haec
1185 3324 1330 3379 enim
1382 3334 1509 3381 sunt
1559 3341 1903 3386 sacramenta

309 3403 587 3473 Ecclesia,
616 3409 733 3464 sine
754 3412 951 3479 quibus
988 3415 1057 3469 ad
1101 3414 1267 3470 vitam
1296 3432 1405 3471 non
1445 3419 1701 3475 intratur.
1756 3422 1903 3477 Illius

307 3514 439 3570 ergo
467 3500 621 3568 panis
655 3510 710 3555 et
738 3502 923 3559 calicis
953 3506 1174 3569 oblatio,
1200 3508 1391 3561 mortis
1414 3507 1620 3564 Christi
1650 3520 1735 3567 est
1756 3529 1905 3568 com-

306 3592 654 3657 memoratio,
679 3610 798 3663 quae
825 3611 931 3651 non
955 3605 1065 3652 tam
1088 3600 1270 3655 verbis
1296 3617 1463 3671 quam
1485 3607 1761 3675 mysteriis
1782 3621 1904 3677 per-

307 3682 510 3753 agitur,
538 3698 636 3753 per
660 3700 779 3753 quae
810 3690 1010 3743 nostris
1048 3691 1320 3748 mentibus
1358 3711 1508 3750 mors
1539 3697 1630 3751 illa
1658 3701 1899 3769 pretiosa

307 3777 513 3833 arctius
558 3780 991 3836 commendatur.
1036 3782 1331 3853 Propterea
1378 3798 1559 3843 autem
1606 3792 1783 3848 iturus
1833 3795 1903 3849 ad

306 3868 637 3937 passionem,
679 3881 734 3926 et
772 3888 868 3941 per
904 3879 1324 3934 resurrectionis
1359 3890 1521 3951 atque
1564 3886 1900 3943 ascensionis

305 3960 534 4030 gloriam
559 3963 897 4021 discessurus
926 3984 956 4023 e
979 3972 1203 4037 mundo,
1232 3974 1334 4029 hoc
1377 3987 1778 4032 sacramentum
1815 3980 1900 4033 ul-

305 4050 500 4106 timum
534 4055 812 4124 discipulis
849 4060 1088 4128 tradidit,
1128 4073 1189 4118 ut
1219 4067 1539 4123 memoriam
1583 4077 1745 4125 tanta:
1771 4072 1901 4127 cha-

305 4143 487 4200 ritatis
522 4156 726 4205 arctius
748 4166 934 4207 eorum
967 4157 1239 4214 mentibus
1271 4159 1539 4232 inﬁgeret.

382 4235 530 4293 Unde
552 4251 599 4294 et
624 4259 878 4301 memores
906 4264 1109 4316 sumus,
1139 4259 1243 4307 etc.
1273 4269 1288 4319 ;
1329 4254 1469 4309 idem
1495 4264 1598 4321 est,
1638 4260 1781 4328 quod
1811 4259 1894 4315 di-

301 4331 418 4386 cit:
450 4330 566 4385 Hoc
618 4334 781 4417 facite
819 4342 878 4393 in
920 4357 1090 4397 meam
1141 4350 1707 4404 commemorationem.
1758 4352 1897 4419 Quid

302 4421 517 4492 dignius
550 4432 606 4479 et
642 4411 913 4486 salubrius
954 4431 1072 4488 ﬁeri
1112 4445 1313 4505 potest,
1343 4454 1503 4510 quam
1544 4449 1606 4495 ut
1633 4442 1748 4497 haec
1768 4411 1899 4515 wmy-

300 4514 468 4568 steria
497 4513 908 4585 frequentanda,
956 4539 1170 4581 memor
1197 4529 1269 4583 sit
1305 4529 1546 4587 Ecclesia
1576 4533 1748 4589 beata:
1772 4513 1896 4605 pas-

2024 567 2089 623 de
2118 586 2236 638 suo,
2268 572 2361 645 Sed
2392 568 2457 633 de
2481 578 2597 648 ejus
2625 585 2799 650 donis,
2832 605 2893 642 ac
2922 590 3060 648 datis
3098 567 3225 654 vere
3265 567 3489 664 hostium
3514 629 3613 682 pw-

2023 677 2157 727 ram,
2189 664 2413 722 hostium
2453 666 2710 742 sanctam,
2743 677 2968 745 hostiam
3008 686 3400 774 immaculatam
3423 712 3444 752 :
3492 664 3614 774 qrum

2026 754 2166 809 trina
2232 760 2477 829 repetitio
2535 762 2669 824 tanti
2725 774 2967 845 mysterii
3017 790 3101 835 est
3144 760 3401 847 laudatio.
3437 754 3611 865 Qtiam

2021 862 2153 903 vero
2190 851 2424 911 hostiam
2468 859 2628 917 oﬁ‘ert
2673 864 2952 927 Ecclesia?
2999 874 3188 935 Nonne
3237 900 3400 956 quam
3423 851 3482 946 a~
3502 894 3614 955 Deo

2024 944 2253 1014 accepit,
2287 945 2342 1003 id
2366 959 2470 1017 est,
2513 972 2699 1023 panem
2728 975 2968 1021 sanctum
2998 966 3116 1026 vita:
3156 986 3389 1039 ceteram.
3414 993 3464 1039 et
3491 989 3617 1045 cali-

2023 1052 2131 1089 cem
2161 1038 2349 1095 salutis
2386 1058 2650 1116 perperam
2675 1052 2699 1104 ?
2728 1050 2783 1119 In
2813 1056 2917 1113 hoc
2950 1078 3089 1131 pane
3123 1068 3233 1125 vita
3259 1081 3461 1133 aeterna
3508 1090 3610 1151 est,

2023 1128 2162 1246 sicut
2196 1134 2309 1202 ipse
2336 1139 2491 1205 panis
2529 1142 2682 1199 vivus
2709 1148 2773 1201 de
2800 1153 2980 1224 seipso
3007 1156 3082 1213 ait
3110 1179 3121 1215 :
3168 1163 3281 1236 Ego
3310 1186 3426 1226 sum
3456 1128 3612 1246 pani:

2022 1219 2196 1275 vivus:
2242 1227 2333 1295 qui
2359 1232 2658 1301 .manducat
2687 1237 2826 1294 hunc
2853 1261 3060 1316 panem,
3108 1219 3242 1313 vive;
3277 1260 3333 1315 in
3361 1219 3615 1327 α’ῑεῐηιιῖ

2024 1313 2208 1419 (Joan.
2242 1333 2317 1385 vr,
2342 1318 2431 1387 51,
2462 1323 2585 1431 i2);
2617 1337 2671 1384 et
2697 1313 2862 1403 quod
2890 1334 2993 1393 iste
3040 1313 3197 1414 panis
3242 1313 3328 1408 sit

2023 1407 2129 1472 sui,
2166 1414 2385 1480 exponit
2416 1433 2428 1468 :
2456 1414 2523 1472 Et
2554 1425 2707 1490 panis
2736 1445 2887 1501 quem
2914 1450 3008 1505 ego
3037 1440 3194 1511 dabo,
3223 1463 3348 1503 caro
3372 1407 3494 1510 me;
3514 1466 3608 1523 est,

2023 1515 2113 1523 ,η
2142 1503 2322 1523 φυηρ
2408 1509 2437 1523 ._
2696 1517 2725 1523 ._
2870 1522 2874 1523 ν

2020 1515 2115 1567 pro
2140 1503 2322 1557 mundi
2370 1509 2477 1562 vita
2503 1527 2520 1564 :
2547 1524 2595 1566 et
2623 1517 2763 1573 calix
2792 1503 2981 1581 salutis
3011 1503 3294 1603 perpetua}.
3326 1544 3453 1610 quia
3486 1503 3612 1602 san:

2022 1590 2141 1662 guis
2182 1594 2271 1651 ille
2312 1598 2514 1661 eﬁ'usus
2537 1617 2621 1662 est
2644 1626 2744 1681 pro
2783 1619 2967 1679 multis
2994 1590 3048 1685 iii
3080 1590 3458 1692 remissionem
3482 1655 3612 1712 pec-

2022 1688 2494 1767 catorum.‘Supra
2532 1718 2649 1773 qua?
2676 1712 2901 1780 propitio
2947 1733 3010 1771 ac
3049 1736 3250 1788 serena,
3280 1726 3338 1785 id
3362 1739 3463 1799 est,
3482 1688 3616 1804 'pla-

2024 1779 2178 1804 nnL!“
2236 1801 2279 1804 μς
2310 1785 2341 1804 Ιι
2534 1794 2544 1804 ⁵
2727 1799 2755 1804 “”

2021 1779 2180 1899 cubili
2228 1785 2379 1899 iultu
2410 1794 2661 1899 respicere
2701 1779 2952 1872 digneris,
2983 1818 3039 1865 et
3064 1779 3614 1899 reliqua.“No-n,qluo~d

2018 1873 2197 1928 vultus
2227 1876 2322 1959 Dei
2370 1881 2667 1955 aliquando
2706 1904 2976 1968 mutetur;
3015 1907 3109 1961 sed
3142 1873 3272 1967 tunc
3313 1873 3614 1988 superam;

2018 1977 2237 2023 serenat
2264 1978 2317 2024 ct
2345 1972 2615 2033 illuminat
2652 1985 2859 2047 vultum
2904 2005 3341 2070 suum,‘quando
3369 1972 3612 2069 declarat

2018 2076 2179 2131 super
2211 2080 2308 2119 nos
2334 2062 2762 2135 misericordiam
2797 2098 2972 2141 suam.
3004 2087 3206 2149 Oratur
3232 2096 3414 2169 itaque
3438 2101 3606 2173 Deus,

2105 2152 2181 2173 μμ
2240 2156 2276 2173 ί.
2714 2170 2725 2173 -

2016 2160 2076 2205 ιιι
2104 2152 2387 2223 placabilis
2419 2178 2610 2221 sereno
2638 2170 2812 2238 vultu,
2849 2176 2902 2231 id
2933 2189 3035 2247 est,
3082 2152 3611 2263 decussisse;

2016 2262 2127 2302 sua:
2170 2257 2478 2321 praesentia,
2533 2265 2787 2333 respiciat
2825 2269 3084 2329 Ecclesia:
3111 2294 3222 2335 suae
3261 2299 3528 2369 munera':
3561 2296 3614 2349 et

2018 2352 2224 2369 ιαμβι-..ιι-
2280 2345 2329 2369 2A
2363 2357 2439 2369 λη.
2500 2350 2553 2369 L,
2676 2358 2689 2369 1
2764 2360 2795 2369 ,ν
2859 2364 2871 2369 -
2930 2365 2943 2369 -

2014 2352 2245 2412 accepta,
2279 2345 2331 2399 id
2357 2357 2460 2413 est,
2499 2350 2833 2425 beneplacita
2856 2364 3073 2439 habeat,
3103 2372 3243 2428 sicut
3267 2348 3493 2436 munera,
3506 2383 3609 2453 ju-

2012 2434 2079 2486 sti
2104 2438 2253 2504 pueri
2280 2441 2364 2496 sui
2401 2443 2548 2507 Abel,
2579 2449 2732 2525 cujus
2778 2451 2911 2510 ﬁdes
2942 2467 2998 2514 et
3025 2436 3238 2529 justitia
3270 2476 3325 2523 et
3373 2434 3610 2531 oblazie-

2014 2526 2099 2580 nis
2121 2533 2385 2602 acceptio,
2415 2545 2470 2599 et
2512 2538 2565 2597 in
2616 2541 2735 2613 lege
2777 2555 3215 2623 commendatur,
3245 2571 3299 2625 et
3340 2564 3395 2621 in
3430 2565 3611 2627 Evan-

2012 2617 2172 2689 gelio,
2210 2630 2263 2677 et
2306 2625 2360 2681 in
2390 2627 2649 2701 Epistolis
2688 2635 3069 2708 Apostolorum
3102 2666 3115 2702 :
3154 2617 3245 2720 qui
3423 2617 3608 2728 aetate,

2014 2710 2109 2764 sed
2133 2715 2365 2782 puritate
2387 2730 2440 2775 et
2470 2722 2815 2796 simplicitate
2850 2750 2989 2804 puer
3013 2710 3230 2799 dicitur.
3266 2710 3335 2805 Et
3356 2710 3493 2807 sicut
3520 2710 3609 2810 sa:

2013 2805 2294 2876 oriﬁcium,
2345 2813 2538 2885 inquit,
2584 2824 2902 2889 patriarcha:
2956 2836 3136 2889 nostri
3162 2837 3413 2909 Abrahae,
3463 2849 3607 2916 quod

2013 2900 2340 2959 sacriﬁcavit
2376 2908 2431 2969 in
2480 2910 2751 2987 oblatione
2802 2922 3063 2993 unigeniti
3115 2929 3198 2984 sui
3251 2931 3419 3005 Isaac,
3475 2900 3607 2995 bife-

2012 3006 2141 3046 rens
2175 3010 2300 3063 eum
2345 2999 2399 3061 in
2454 3002 2866 3079 holocaustum;
2901 3017 2993 3087 qui
3038 3028 3121 3087 est
3156 2999 3469 3092 patriarcha
3498 3044 3606 3085 non

2014 3092 2225 3141 tantum
2277 3088 2586 3157 Israelitica:
2641 3100 2813 3177 plebis
2868 3088 3175 3167 secundum
3213 3130 3453 3186 carnem,
3511 3122 3607 3179 sed

1934 3218 1982 3285 ο
2013 3178 2175 3285 etiam
2202 3192 2390 3241 noster
2419 3193 2714 3249 secundum
2760 3196 2944 3255 ﬁdem.
2999 3202 3324 3277 Adjungitur
3377 3178 3611 3273 adhuc:

2010 3267 2079 3323 Et
2106 3275 2246 3345 quod
2272 3278 2365 3333 tibi
2394 3280 2577 3343 obtulit
2606 3303 2843 3346 summus
2880 3267 3127 3352 sacerdos
3175 3267 3297 3356 tuus
3327 3267 3606 3365 Melchise;

2007 3361 2161 3431 dech,
2195 3369 2287 3437 qui
2321 3371 2713 3445 interpretatur
2743 3397 2839 3437 rex
2873 3385 3119 3456 justitite,
3153 3393 3309 3463 cujus
3348 3399 3605 3457 sacerdo-

2010 3464 2144 3520 tium
2184 3476 2239 3522 et
2286 3473 2614 3532 sacriﬁcium
2643 3487 2853 3537 tantum
2897 3489 3298 3558 magniﬁcatur,
3325 3504 3383 3551 ut
3424 3498 3492 3554 de
3533 3516 3601 3557 eo

2007 3557 2153 3614 dicat
2190 3561 2483 3631 Apostolus
2514 3589 2526 3622 :
2576 3570 2915 3632 Assimilatus
2942 3597 3037 3648 per
3080 3586 3257 3641 omnia
3297 3586 3395 3645 Dei
3434 3589 3598 3660 Filio,

2004 3675 2221 3716 manens
2265 3668 2512 3723 sacerdos
2559 3671 2616 3727 in
2670 3683 2925 3733 (sternam
2970 3680 3128 3751 (Heb.
3158 3701 3268 3752 vn,
3314 3688 3390 3760 5).
3441 3690 3596 3759 Quod

2004 3765 2135 3807 vero
2185 3756 2571 3830 subiungitur:
2615 3763 2871 3823 Sanctum
2901 3775 3243 3843 sacriﬁcium,
3283 3756 3596 3841 inducula-

2004 3862 2112 3923 tam
2140 3855 2383 3925 hostiam,
2413 3862 2481 3917 ad
2497 3867 2870 3935 complendam
2898 3875 3214 3941 petitionem
3243 3877 3590 3949 subiunctum

2001 3954 2104 4000 est.
2149 3947 2262 4003 Hoc
2293 3960 2473 4007 autem
2502 3962 2675 4011 totum
2704 3968 2894 4015 oratur
2916 3964 3077 4031 Deus,
3109 3969 3232 4036 quia
3275 3947 3597 4044 inantiqu

2001 4040 2271 4098 sacriﬁcio
2296 4044 2450 4111 Abel,
2482 4050 2625 4118 quod
2664 4052 2729 4107 de
2769 4053 3145 4127 primogenitis
3172 4063 3376 4129 ovium,
3416 4074 3472 4121 et
3493 4040 3597 4122 sa-

2002 4131 2209 4189 oriﬁcio
2236 4133 2409 4202 Caini,
2464 4142 2605 4209 quod
2646 4152 2764 4197 erat
2793 4161 2859 4200 ex
2885 4155 3043 4203 terra:
3082 4150 3370 4223 fructibus,
3399 4159 3594 4227 praela-

2002 4232 2115 4281 tum
2150 4235 2254 4293 est,
2288 4231 2413 4285 novi
2443 4238 2749 4291 testamenti
2777 4237 2935 4310 505
2964 4242 3099 4298 ﬁdes
3122 4248 3593 4320 ptueﬁgurabatur,

2001 4333 2121 4388 qua:
2150 4335 2217 4375 ex
2261 4322 2582 4382 innocentiae
2633 4331 2809 4399 gratia
2846 4332 3131 4392 Dominum
3167 4338 3415 4409 laudans,
3447 4352 3595 4401 vete-

2000 4424 2077 4477 ris
2098 4423 2426 4481 Testamenti
2464 4430 2696 4484 terrenis
2717 4434 2973 4503 operibus
3003 4443 3368 4510 anteponitur,
3401 4452 3453 4501 et
3493 4447 3594 4503 im-
3628 4520 3631 4523 η

1999 4516 2293 4574 mulatione
2336 4520 2482 4577 unici
2527 4531 2581 4577 et
2622 4524 2801 4581 dilecti
2847 4527 2943 4584 ﬁlii
2992 4531 3249 4601 Abrahre,
3295 4538 3591 4599 immolatio

300 4605 496 4671 sionis,
523 4623 643 4676 qua:
689 4611 853 4667 totius
897 4617 1083 4671 mundi
1131 4630 1351 4689 peccata
1398 4624 1636 4679 delevit:
1684 4635 1740 4680 et
1769 4594 1893 4696 quia

2010 4608 2115 4679 ejus
2155 4611 2627 4684 prazﬁgurabatur,
2659 4619 2725 4673 de
2772 4635 2881 4689 quo
2926 4624 3058 4678 dicit
3098 4594 3261 4684 Pater
3296 4647 3307 4684 :
3361 4594 3589 4691 Hic

300 4711 411 4751 non
448 4698 620 4754 solum
676 4712 924 4762 mortuus
953 4715 1040 4763 est
1081 4726 1180 4780 pro
1235 4714 1389 4769 nobis
1435 4726 1660 4786 pr0pter
1698 4719 1892 4775 delicta

299 4797 505 4856 nostra,
544 4792 639 4847 sed
660 4793 825 4850 etiam
867 4802 1167 4856 resurrexit
1194 4814 1416 4875 pr0pter
1446 4806 1890 4877 justiﬁcationem

296 4889 564 4948 nostram,
613 4899 680 4941 ac
742 4887 824 4944 sic
872 4900 1102 4948 mortem
1158 4905 1401 4952 nostram
1461 4901 1748 4958 moriendo
1797 4906 1892 4960 de-

296 4974 516 5040 struxit,
565 4985 621 5032 et
673 4979 842 5035 vitam
898 4990 1230 5058 resurgendo
1278 4994 1585 5063 reparavit?
1628 4995 1893 5055 Memores

295 5077 487 5121 sumus
515 5071 931 5129 resurrectionis
954 5090 1170 5147 quoque
1197 5080 1333 5151 ejus,
1366 5099 1465 5153 per
1500 5101 1660 5154 quam
1694 5089 1892 5158 spolia-

296 5151 378 5208 vit
404 5153 710 5226 infernum;
741 5169 798 5216 et
836 5166 1051 5233 quando
1094 5151 1406 5241 assumptus
1451 5151 1535 5228 est
1582 5176 1638 5230 in
1667 5151 1887 5244 cdelum,

294 5256 354 5303 et
380 5249 520 5305 viam
550 5255 708 5310 nobis
742 5259 1067 5316 ascendendi
1100 5264 1377 5332 patefecit,
1406 5268 1577 5324 simus
1618 5287 1888 5329 memores

294 5340 461 5396 etiam
492 5345 740 5416 gloriosae
787 5354 1141 5410 ascensionis.
1184 5355 1309 5413 Ideo
1349 5362 1494 5415 enim
1537 5364 1769 5432 pretium
1805 5380 1889 5422 re-

294 5431 624 5505 demptionis
660 5449 860 5498 nostrae
901 5445 985 5501 vel
1021 5462 1362 5506 sacramento
1395 5431 1658 5509 Dominici
1696 5472 1887 5529 corpo—

291 5522 374 5579 ris
416 5535 470 5581 et
502 5533 780 5602 sanguinis
814 5536 1173 5607 celebramus,
1220 5551 1279 5596 ut
1314 5560 1529 5616 semper
1564 5548 1691 5605 illud
1718 5551 1889 5609 felici-

290 5623 380 5671 ter
423 5623 767 5695 meditemur,
816 5633 963 5701 quod
1011 5634 1088 5689 ait
1138 5636 1470 5707 Apostolus:
1525 5640 1702 5714 Empti
1749 5646 1885 5701 enim

290 5710 418 5763 estis
445 5715 611 5781 pretio
653 5733 843 5789 magno
889 5721 941 5794 (Ι
973 5721 1095 5779 Cor.
1132 5741 1219 5791 vr,
1252 5727 1364 5798 20).
1419 5710 1681 5791 Memores
1721 5735 1886 5807 igitur

260 5799 491 5859 .horum
515 5812 626 5864 tam
667 5813 944 5885 sacerdos,
972 5831 1136 5873 ouam
1180 5820 1333 5892 plebs
1361 5820 1533 5882 ﬁdelis
1561 5825 1721 5885 oﬁ‘ert
1742 5799 1885 5901 prae-

1999 4701 2172 4759 Filius
2198 4723 2343 4761 meus
2386 4708 2630 4776 dilectus,
2665 4713 2719 4766 in
2745 4728 2847 4784 quo
2879 4716 3008 4769 mihi
3047 4721 3339 4791 complacui
3366 4723 3584 4795 (ιΜαιιΙι.

1997 4812 2089 4862 tu,
2118 4797 2227 4868 17).
2276 4798 2342 4853 Ει
2370 4800 2659 4869 Apostolus
2687 4822 2698 4856 :
2750 4804 2857 4870 Qui
2884 4809 3035 4864 unico
3064 4809 3207 4867 Filio
3242 4832 3337 4868 suo
3378 4830 3479 4869 non
3506 4832 3589 4885 pe-

1994 4892 2176 4961 percit,
2206 4900 2261 4946 et
2314 4901 2507 4949 caetera
2553 4894 2731 4965 (Rom.
2779 4914 2907 4967 vm,
2945 4902 3057 4976 52).
3087 4903 3424 4963 Sacriﬁcium
3454 4926 3587 4979 quo-

1995 5000 2101 5055 Qte
2135 4984 2521 5043 Melchisedech
2552 4997 2660 5043 tam
2682 5005 2805 5045 vera
2834 5003 2955 5049 erat
2984 4998 3306 5069 signiﬁcatio
3330 5001 3584 5057 sacriﬁcii

1996 5076 2221 5143 Christi,
2254 5088 2314 5133 ut
2340 5081 2463 5135 inde
2504 5084 2819 5152 praedictum
2850 5089 2960 5145 sit:
3011 5091 3087 5144 Tu
3138 5109 3191 5146 es
3236 5094 3480 5149 sacerdos
3526 5096 3584 5151 in

1995 5178 2249 5224 wternum
2308 5174 2589 5228 secundum
2660 5179 2895 5235 ordinem
2968 5181 3345 5239 Melchisedech
3404 5182 3575 5259 (Psal.

1992 5275 2081 5316 Clx
2100 5302 2113 5323 ,
2147 5258 2227 5333 4).

2065 5374 2356 5447 Supplices,
2382 5391 2429 5435 te
2451 5400 2717 5456 rogamus,
2744 5392 3066 5461 omnipotens
3092 5392 3251 5459 Deus,
3296 5398 3427 5469 jube
3466 5401 3578 5457 ha’c
3654 5390 3673 5441 ἶ

1993 5466 2235 5536 perferri,
2294 5478 2348 5524 et
2374 5472 2601 5543 reliqua.
2658 5477 2783 5533 Haec
2814 5480 2975 5534 verba
3026 5492 3131 5536 tam
3160 5466 3423 5554 profunda
3456 5491 3577 5561 quis
3674 5516 3679 5519 ·

1992 5562 2453 5630 comprehendere
2490 5568 2762 5625 sufﬁciat?
2831 5572 2963 5641 Quis
3013 5574 3137 5634 inde
3187 5580 3344 5651 digne
3395 5585 3575 5655 aliqua

1987 5649 2279 5722 loquatur?
2313 5655 2479 5724 Magis
2512 5663 2813 5717 veneranda
2852 5675 2998 5732 sunt,
3019 5683 3182 5738 quam
3211 5649 3570 5734 discutienda.

1984 5742 2187 5802 Beatus
2208 5756 2386 5804 tamen
2410 5749 2703 5823 Gregorius
2733 5753 2959 5813 idoneus
2976 5761 3110 5815 tanti
3140 5768 3465 5823 sacramenti
3495 5769 3577 5833 in-

1983 5843 2215 5911 terpres,
2257 5842 2490 5911 quodam
2520 5842 2637 5898 loco
2666 5842 2732 5900 de
2751 5845 2832 5903 eis
2861 5854 3117 5922 tanquam
3148 5856 3213 5912 de
3235 5874 3292 5913 re
3318 5860 3574 5917 ineffabili
