4032 6354
339 309 479 366 1268

1164 310 1311 365 ore.
1356 308 1759 367 SUPPOSITA.
1802 337 1869 349 -α
1908 305 2036 362 LIB.
2082 308 2168 361 DE
2208 306 2459 362 DlVlNlS
2495 290 2799 364 ornans.

3481 307 3618 362 1266

335 428 604 495 culorum,
624 434 883 497 tanquam
900 428 1093 482 saecula
1112 428 1163 481 in
1184 426 1449 497 sapientia
1470 424 1739 479 Deiﬁrma
1758 422 1927 477 stabi-
1955 424 2010 484 Α
2034 424 2285 478 actualia.
2350 424 2496 479 Talis
2545 433 2630 480 est
2677 425 2841 491 Deus,
2873 426 3035 482 Pater
3068 435 3271 482 noster.
3346 426 3448 492 Qui
3486 445 3538 482 es
3566 432 3621 485 in

337 521 491 577 litate
503 520 800 587 manentia,
819 521 1067 584 istorum,
1084 534 1204 588 qua:
1226 533 1348 572 cum
1366 527 1610 586 tempore
1628 523 1929 579 transeunt,

337 613 627 671 efﬁcientia
671 613 866 670 saecula
904 612 1244 668 saeculorum.
1285 611 1394 665 Aut
1426 617 1575 665 certe
1612 606 1932 677 simpliciter

336 705 652 777 accipienda
680 714 807 759 sunt
834 702 1028 759 saecula
1051 702 1391 764 saeculorum,
1417 700 1565 754 velut
1595 712 1931 766 consequen-

336 797 411 851 tia
444 794 888 866 praecedentium,
917 802 978 849 ut
1005 794 1317 848 continuata
1344 791 1448 846 sibi
1476 790 1812 845 connexione
1837 803 1927 843 co-

333 888 603 959 pulentur,
628 901 747 956 qua:
766 886 1020 941 dicuntur
1043 885 1238 940 saecula
1261 882 1602 946 szeculorum,
1618 882 1930 949 donecprae-

335 997 476 1043 sens,
505 980 647 1049 quod
660 996 727 1035 ex
754 979 985 1034 diversis
1022 987 1324 1048 temporum
1357 975 1568 1031 saeculis
1596 973 1922 1038 contexitur,

332 1074 616 1146 perveniat
629 1073 697 1127 ad
711 1071 874 1126 linem
895 1080 951 1124 et
963 1071 1218 1126 succedat
1236 1068 1476 1123 futurum
1489 1066 1765 1143 saeculum,
1780 1064 1925 1134 quod

334 1184 439 1222 non
456 1166 817 1231 habetﬁnem,
840 1166 932 1220 ubi
952 1166 1091 1220 Deus
1113 1164 1385 1217 videbitur
1405 1171 1460 1215 et
1480 1161 1787 1215 laudabitur
1806 1160 1925 1214 sine

332 1262 457 1318 ﬁne.
489 1263 654 1315 Amen
682 1270 882 1325 autem,
917 1259 1060 1330 quod
1089 1258 1156 1311 ab
1180 1256 1328 1311 omni
1354 1254 1598 1309 Ecclesia
1624 1252 1921 1323 responde-

333 1366 438 1417 tur.
467 1356 871 1425 interpretatur,
896 1368 1106 1407 verum.
1135 1349 1249 1405 Hoc
1274 1364 1404 1419 ergo
1417 1349 1484 1403 ad
1518 1347 1654 1402 tanti
1679 1345 1923 1417 mysterii

333 1446 872 1508 consummationem,
902 1444 1041 1498 sicut
1070 1441 1191 1496 etin
1220 1441 1365 1496 omni
1391 1439 1631 1508 legitima
1651 1438 1920 1503 oratione,

335 1539 665 1608 respondent
687 1536 892 1600 ﬁdeles,
908 1544 961 1590 et
975 1534 1131 1603 quasi
1148 1531 1499 1587 subscribunt
1520 1528 1915 1597 respondendo.

400 1632 659 1702 Adjungit
680 1638 860 1685 autem
891 1629 1069 1683 adhuc
1094 1625 1374 1689 sacerdos,
1393 1633 1448 1677 et
1474 1622 1603 1677 dicit
1627 1640 1638 1675 :
1675 1619 1917 1686 Oremus,

332 1733 387 1780 et
410 1732 532 1779 orat
559 1722 800 1777 Ecclesia
829 1737 953 1775 cum
976 1719 1277 1783 sacerdote,
1305 1732 1412 1771 non
1441 1730 1589 1779 voce,
1620 1713 1715 1767 sed
1734 1713 1916 1768 corde.

2036 515 2197 570 caelis.
2250 516 2537 575 Psalmista
2568 518 2700 574 dicit
2729 518 2867 574 Deo:
2915 518 2973 574 Si
3020 518 3303 574 ascendero
3324 519 3381 573 in
3410 518 3619 587 caelum,

2032 617 2088 660 tu
2133 608 2242 663 illic
2271 627 2356 677 es;
2394 612 2439 667 si
2484 611 2799 666 descendere
2836 612 2891 665 in
2923 612 3209 680 infernum,
3263 611 3388 666 ades
3442 609 3618 683 (Psal.

2030 716 2293 769 cxxxvm,
2332 703 2420 772 8):
2461 705 2625 758 etiam
2677 704 3022 773 si'potuisset
3069 702 3210 769 ﬁeri,
3252 712 3313 757 ut
3356 704 3618 773 haberem

2028 809 2239 864 pennas
2260 804 2313 849 et
2339 797 2577 851 volarem
2634 798 2687 851 in
2709 807 2985 853 extremas
3010 805 3193 865 partes
3216 798 3402 861 maris,
3433 798 3545 852 illic
3566 806 3622 853 te

2030 892 2349 945 invenirem.
2410 892 2477 946 Et
2513 895 2773 948 Dominus
2805 910 2904 963 per
2949 892 3307 963 Prophetam:
3347 892 3544 947 Caelum
3570 901 3618 946 et

2028 991 2223 1035 terram
2262 999 2356 1053 ego
2387 983 2578 1052 impleo
2620 983 2756 1055 (Jer.
2792 1001 2950 1049 χχιιι,
2973 985 3086 1056 24).
3158 985 3335 1039 Altior
3382 1001 3620 1055 namque

2028 1082 2112 1129 est
2159 1076 2314 1138 caelo,
2399 1076 2719 1147 profundior
2763 1078 2960 1149 abysso
2989 1119 3005 1145 ,
3058 1079 3220 1134 latior
3278 1087 3448 1143 terra,
3503 1077 3619 1132 lon-

2026 1168 2145 1241 gior
2173 1170 2331 1223 mari.
2398 1169 2464 1223 Et
2493 1170 2539 1226 si
2560 1171 2760 1240 ubique
2784 1188 2881 1241 per
2902 1173 3294 1242 plenitudinem
3317 1171 3621 1227 divinitatis

2029 1275 2165 1325 sum,
2212 1270 2267 1316 et
2290 1276 2396 1317 non
2422 1277 2517 1331 per
2551 1263 2941 1328 extensionem,
3002 1278 3171 1334 quare
3224 1264 3531 1335 specialiter
3557 1278 3618 1319 se

2027 1354 2158 1409 dicit
2194 1354 2249 1409 in
2283 1355 2477 1409 caelis?
2525 1355 2660 1423 Quia
2691 1371 2789 1425 per
2814 1357 2983 1413 caelos
3013 1358 3391 1429 intelliguntur
3414 1356 3615 1429 angeli,

2024 1454 2081 1501 et
2099 1447 2347 1504 homines
2368 1447 2520 1517 justi,
2551 1448 2607 1503 in
2633 1448 2832 1517 quibus
2860 1450 3098 1503 maxime
3129 1449 3271 1503 Deus
3324 1449 3614 1514 inhabitat,

2016 1536 2171 1607 juxta
2187 1539 2331 1608 quod
2349 1539 2609 1608 scriptum
2628 1549 2742 1594 est:
2761 1540 2954 1594 Anima
2968 1540 3127 1610 justi,
3150 1540 3297 1594 sedes
3321 1549 3397 1593 est
3409 1540 3615 1610 sapien—

2021 1634 2131 1687 τίω.
2178 1631 2343 1686 Pater
2383 1642 2576 1697 noster,
2608 1634 2697 1705 qui
2725 1651 2779 1688 es
2801 1636 2856 1689 in
2877 1634 3039 1700 calis,
3065 1636 3118 1691 id
3143 1644 3248 1700 est,
3286 1635 3378 1705 qui
3404 1633 3619 1689 habitas

2023 1726 2081 1781 in
2109 1727 2335 1797 angelis,
2374 1742 2604 1795 quorum
2641 1727 3014 1783 habitaculum
3038 1737 3171 1785 sunt
3195 1727 3319 1784 caeli
3361 1736 3416 1784 et
3440 1726 3617 1783 homi-

332 1815 617 1869 Silentium
647 1823 751 1878 est,
781 1821 836 1867 et
866 1812 1062 1866 claznat
1091 1819 1278 1881 pectus
1306 1809 1373 1863 ad
1405 1808 1577 1862 Deum
1617 1807 1672 1860 in
1702 1806 1927 1860 auribus
1954 1799 2006 1861 Β
2030 1837 2128 1875 nes
2156 1820 2310 1889 justi,

332 1909 459 1964 Dei:
499 1906 786 1979 Prwceptis
816 1903 1141 1960 salutaribus
1163 1903 1370 1957 moniti.
1395 1899 1510 1955 Hoc
1549 1899 1693 1954 enim
1724 1913 1923 1967 prtece-

331 2011 483 2073 ptum
506 2001 663 2055 nobis
688 2007 772 2055 est
791 1999 1048 2063 salutare,
1083 1996 1136 2050 id
1182 2004 1286 2059 est,
1317 1994 1385 2047 ad
1415 1992 1649 2047 salutem
1678 1999 1921 2046 nostram

330 2099 640 2169 proﬁciens,
680 2112 786 2167 quo
834 2111 931 2149 nos
981 2093 1287 2163 unigenitus
1316 2090 1484 2146 Filius
1510 2104 1607 2159 per
1647 2088 1921 2142 lavacrum

334 2186 759 2260 regenerationis
788 2194 843 2240 et
870 2185 1119 2255 spiritum
1145 2182 1450 2251 adoptionis
1494 2180 1591 2235 Dei
1630 2179 1766 2234 ﬁlios
1794 2177 1923 2232 eﬁ‘e-

332 2292 467 2346 ctos,
494 2281 674 2335 dicere
699 2278 928 2342 monuit,
956 2286 1010 2332 et
1039 2291 1145 2331 non
1163 2276 1424 2339 humana,
1463 2273 1558 2328 sed
1605 2272 1784 2325 divina
1822 2287 1919 2325 sua

331 2375 679 2438 institutione,
711 2380 771 2426 ut
806 2371 917 2425 Deo
947 2369 1245 2424 audeamus
1278 2367 1477 2431 dicere,
1522 2362 1685 2418 Pater
1725 2371 1918 2428 noster,

330 2464 645 2522 informavit
672 2463 858 2517 dicens
878 2476 892 2515 :
910 2459 998 2515 Sic
1021 2478 1107 2515 vos
1130 2459 1369 2523 orabitis,
1398 2454 1563 2510 Pater
1594 2464 1798 2518 noster,
1831 2455 1923 2524 qui

336 2574 388 2612 es
415 2557 470 2609 in
497 2554 660 2618 caelis,
691 2562 794 2607 etc.
829 2551 1045 2624 (Matth.
1070 2567 1143 2616 γι,
1178 2550 1254 2621 9).
1298 2547 1492 2602 Divina
1543 2561 1674 2615 ergo
1709 2545 1923 2599 institu-

335 2650 477 2703 tione
503 2644 796 2708 informati,
840 2658 948 2698 non
974 2639 1410 2713 praesumptionis
1448 2637 1772 2701 temeritate,
1796 2686 1815 2735 lg

330 2741 649 2798 obedientize
661 2741 865 2810 pietate
879 2737 1256 2808 praesumimus
1277 2736 1458 2789 dicere
1482 2734 1593 2787 Deo
1614 2716 1925 2808 Pagrjj’iﬂd—J

330 2847 410 2891 ter
438 2845 633 2901 noster,
658 2834 747 2905 qui
767 2851 821 2887 es
850 2835 906 2886 in
927 2831 1088 2896 cmlis,
1116 2840 1170 2885 et
1192 2839 1407 2884 caetera.
1464 2828 1591 2882 Haec
1618 2833 1797 2881 autem
1825 2824 1921 2879 ob-
1948 2792 1982 2857 Ῐ)

332 2930 582 2991 secratio,
612 2924 797 2980 Oratio
828 2923 1107 2978 Dominica
1131 2930 1375 2985 vocatur,
1406 2920 1532 2989 quia
1565 2934 1685 2974 eam
1728 2917 1916 2972 Domi-

332 3035 433 3074 nus
454 3019 657 3081 docuit,
687 3024 743 3072 et
765 3032 795 3069 a
833 3015 1064 3070 Domino
1102 3000 1277 3068 oratio
1305 3011 1604 3067 Dominica.
1659 3008 1920 3080 Discipuli

331 3119 657 3183 rogaverunt
695 3109 1006 3173 Dominum,
1031 3115 1090 3162 ut
1110 3122 1203 3162 eos
1226 3106 1466 3171 doceret,
1496 3104 1728 3174 qualiter
1761 3118 1921 3157 orare

332 3171 608 3273 deberent,
639 3205 833 3275 quibus
856 3203 1116 3259 Dominus
1145 3202 1313 3255 dixit:
1363 3200 1487 3255 Non
1513 3216 1716 3254 necesse
1735 3206 1833 3263 est,
1858 3207 1914 3251 ut
1944 3171 1990 3234 Ο

329 3298 551 3354 multum
574 3297 861 3370 loquamini
896 3299 951 3350 in
980 3296 1236 3359 oratione,
1281 3294 1407 3364 quia
1455 3295 1781 3363 omnipotens
1823 3292 1917 3345 scit

323 3390 454 3464 quid
478 3408 604 3461 opus
658 3392 726 3444 sit
752 3399 1032 3459 antequam
1074 3388 1259 3457 petatis
1285 3403 1403 3440 eum
1429 3385 1615 3452 (Ibid.,
1646 3385 1721 3456 7).
1754 3383 1920 3439 ‘Tunc

333 3483 471 3537 dixit
496 3480 630 3535 illis:
676 3479 808 3533 Cum
846 3480 1032 3543 oratis,
1068 3478 1258 3531 dicite:
1292 3476 1457 3529 Pater
1495 3485 1686 3530 noster.
1757 3474 1920 3530 Pater

331 3572 531 3625 dicitur
563 3587 593 3625 a
618 3571 905 3640 patrando,
932 3571 985 3625 id
1022 3579 1127 3635 est,
1148 3568 1494 3638 perﬁciendo.
1544 3568 1643 3634 Qui
1671 3584 1801 3639 ergo
1820 3568 1920 3622 Pa-

332 3674 470 3721 trem
507 3664 725 3717 invocat
748 3662 918 3717 Deum
976 3662 1138 3717 talem
1170 3675 1231 3716 se
1264 3660 1425 3715 debet
1484 3676 1812 3731 pneparare,
1862 3669 1921 3715 ut

332 3755 475 3810 ﬁlius
508 3754 625 3824 ejus
668 3755 862 3825 dignus
903 3753 965 3807 ﬁt
1018 3755 1221 3808 vocari.
1281 3753 1437 3820 Quod
1461 3755 1509 3807 si
1553 3752 1750 3823 injuste
1794 3768 1919 3808 eum

332 3859 491 3904 vocat
511 3849 749 3915 Patrem,
783 3865 882 3919 pro
914 3850 1029 3920 ipsa
1056 3848 1398 3903 invocatione
1433 3845 1632 3916 injusta
1654 3845 1921 3914 judicium

335 3940 579 4010 recipiet.
645 3940 800 3994 Sicut
834 3940 981 3995 enim
1014 3939 1156 3993 ﬁlius
1189 3939 1430 3993 imitatur
1457 3939 1657 3993 bonum
1682 3948 1916 4007 patrem,

334 4041 394 4087 ut
409 4032 562 4088 Isaac
590 4033 833 4087 imitatus
856 4042 942 4088 est
983 4032 1284 4097 Abraham,
1316 4041 1370 4086 et
1393 4030 1559 4103 Jacob
1593 4031 1777 4097 Isaac;
1840 4032 1921 4087 sic

334 4140 433 4181 nos
455 4126 547 4195 qui
580 4126 748 4181 Deum
777 4126 997 4182 Patrem
1023 4140 1304 4189 vocamus,
1353 4134 1414 4179 ut
1438 4125 1565 4179 boni
1598 4125 1691 4178 lilii
1721 4125 1922 4180 sancti-

334 4226 499 4274 tatem
524 4218 666 4273 illius
688 4219 890 4273 imitari
912 4218 1193 4284 debemus,
1228 4226 1289 4271 ut
1316 4218 1485 4272 simus
1518 4217 1693 4272 sancti
1722 4225 1777 4272 et
1825 4217 1923 4271 im-

333 4310 607 4377 maculati,
638 4311 794 4380 juxta
818 4311 961 4379 quod
1003 4310 1120 4379 ipse
1143 4310 1309 4364 dicit:
1353 4309 1537 4363 Sancti
1568 4319 1747 4374 estote,
1796 4310 1923 4379 quia

1816 2635 1961 2719 Sed;

2099 1910 2475 1980 Sanctiﬁcetur
2501 1928 2689 1989 nomen
2716 1921 2884 1967 tuum.
2920 1910 3127 1968 Nomen
3154 1912 3249 1967 Dei
3277 1926 3376 1983 per
3407 1928 3465 1968 se
3492 1927 3616 1968 san-

2028 2011 2174 2057 ctum
2197 2014 2309 2069 est;
2334 2011 2390 2057 et
2408 2020 2576 2073 quare
2599 2019 2698 2059 nos
2722 2004 2952 2059 dicimus
2979 2023 2991 2057 :
3024 2002 3401 2073 Sanctiﬁcetur
3426 2020 3616 2058 nomen

2025 2096 2213 2148 tuum?
2241 2094 2469 2162 Quando
2492 2097 2666 2151 renati
2681 2111 2870 2152 sumus
2884 2111 2952 2151 ex
2973 2111 3112 2166 aqua
3129 2104 3185 2151 et
3196 2094 3401 2166 Spiritu
3427 2102 3617 2151 sancto

2025 2196 2269 2257 tempore
2308 2186 2671 2258 baptismatis,
2726 2187 2781 2241 in
2832 2188 3048 2242 nomine
3081 2186 3178 2240 Dei
3229 2186 3617 2256 omnipotentis

2024 2294 2215 2333 sumus
2248 2277 2587 2341 sanctiﬁcati,
2617 2278 2829 2333 dicente
2845 2279 3196 2351 presbytero:
3236 2277 3459 2349 Baptizo
3489 2287 3537 2330 te
3558 2278 3614 2331 in

2024 2370 2233 2422 nomine
2260 2366 2442 2423 Patris
2463 2378 2511 2422 et
2537 2366 2668 2421 Filii
2711 2377 2758 2422 et
2789 2366 3022 2437 Spiritus
3043 2368 3245 2422 sancti:
3274 2367 3397 2423 ideo
3431 2380 3615 2436 preca-

2024 2475 2169 2524 mur,
2217 2468 2277 2513 ut
2300 2458 2390 2513 illa
2417 2459 2700 2524 sanctitas,
2754 2472 2875 2527 quae
2914 2457 3057 2513 facta
3086 2466 3169 2513 est
3218 2459 3274 2513 in
3299 2458 3457 2512 nobis
3486 2466 3615 2513 tunc

2024 2553 2081 2607 in
2127 2552 2453 2623 baptismate
2510 2567 2609 2621 per
2639 2552 3037 2606 invocationem
3088 2551 3227 2617 Dei,
3275 2551 3364 2605 illa
3397 2566 3613 2622 perma-

2025 2654 2151 2701 neat
2175 2647 2229 2701 in
2296 2645 2453 2700 nobis
2502 2644 2557 2699 in
2607 2653 2896 2710 aeternum,
2921 2653 2982 2698 ut
3015 2659 3124 2698 non
3144 2642 3447 2714 polluamus
3470 2657 3616 2708 eam,

2024 2740 2119 2796 sed
2143 2754 2359 2819 semper
2380 2739 2548 2794 simus
2574 2739 2769 2803 sancti,
2823 2747 2882 2792 ut
2913 2738 3053 2793 sicut
3081 2746 3208 2792 tunc
3239 2737 3413 2792 sancti
3436 2734 3617 2792 effecti

2024 2848 2234 2897 sumus,
2260 2832 2336 2886 ita
2360 2832 2414 2887 in
2428 2839 2688 2901 perpetuo
2709 2832 2884 2886 sancti
2910 2846 3246 2886 maneamus.
3309 2828 3401 2884 Vel
3418 2829 3614 2887 aliter:

2025 2923 2403 2993 Sanctiﬁcetur
2417 2938 2605 2978 nomen
2622 2932 2790 2985 tuum,
2808 2922 3140 2993 intelligatur
3155 2939 3185 2976 a
3201 2922 3376 2987 nobis,
3399 2932 3619 2992 quantm

2024 3018 2330 3074 sanctitatis
2351 3018 2423 3073 sit
2457 3032 2653 3071 nomen
2684 3028 2853 3080 tuum,
2877 3017 2930 3071 id
2965 3024 3067 3081 est,
3127 3023 3375 3071 sanctum
3414 3015 3622 3071 habea-

2026 3119 2116 3164 tur
2142 3110 2197 3164 in
2223 3109 2474 3163 omnibus
2508 3107 2765 3178 operibus
2800 3107 3023 3171 nostris,
3078 3113 3138 3159 ut
3163 3106 3288 3161 dum
3318 3117 3465 3183 tuam
3494 3120 3621 3161 san-

2022 3204 2272 3259 ctitatem
2303 3201 2610 3263 recolimus,
2651 3214 2879 3269 peccare
2908 3199 3215 3254 timeamus.
3270 3196 3365 3253 Vel
3413 3198 3616 3254 aliter:

2020 3296 2119 3351 Est
2132 3295 2292 3350 modo
2305 3293 2501 3363 aliquis
2520 3292 2861 3349 Christianus
2882 3291 3078 3357 bonus,
3103 3290 3233 3345 facit
3256 3290 3397 3345 bona
3417 3304 3584 3360 opera
3603 3306 3615 3319 ’

2020 3387 2170 3442 videt
2200 3388 2306 3441 hoc
2332 3385 2529 3454 aliquis
2554 3399 2800 3455 paganus
2829 3382 3152 3438 autJudaaus
3179 3391 3234 3437 et
3258 3382 3420 3437 dicit:
3452 3380 3622 3436 Bene-

2022 3480 2195 3534 dictus
2234 3478 2375 3532 Deus
2404 3518 2419 3543 ,
2469 3478 2559 3547 qui
2600 3476 2757 3531 talem
2805 3492 3011 3530 servum
3054 3474 3243 3528 habet:
3294 3488 3492 3527 nomen
3525 3472 3620 3527 Dei

2022 3573 2413 3635 sanctiﬁcatur,
2444 3572 2496 3627 id
2530 3581 2635 3637 est,
2663 3573 2916 3627 laudatur
2950 3586 3047 3641 per
3076 3570 3226 3624 illum
3240 3571 3442 3624 bonum
3458 3567 3619 3623 Chri-

2021 3666 2278 3721 stianum.
2340 3665 2383 3718 E
2414 3671 2605 3719 contra
2628 3663 2823 3729 malus,
2852 3664 3002 3718 videt
3037 3678 3167 3718 eum
3202 3677 3447 3733 paganus
3477 3659 3622 3714 mala

2021 3758 2258 3828 operari,
2288 3766 2341 3812 et
2364 3757 2522 3811 dicit:
2593 3754 2745 3810 Certe
2765 3773 2879 3810 ecce
2904 3754 3079 3809 malus
3108 3751 3468 3819 Christianus,
3525 3768 3620 3807 nos

2022 3867 2202 3904 sumus
2221 3848 2496 3913 meliores;
2522 3864 2719 3903 nomen
2741 3848 3145 3918 blasphematur
3159 3862 3255 3917 per
3269 3846 3439 3909 illum,
3462 3844 3622 3915 juxta

2023 3944 2166 4014 quod
2198 3943 2396 3998 Paulus
2443 3943 2602 3997 dicit:
2648 3940 2856 3995 Nomen
2889 3940 2984 3994 Dei
3027 3956 3119 4009 per
3166 3956 3255 3993 vos
3288 3938 3622 4009 blasphema-

2022 4046 2110 4090 tur
2140 4037 2195 4089 in
2222 4035 2457 4106 gentibus
2489 4032 2668 4103 (Rom.
2704 4048 2780 4097 ιι,
2823 4031 2937 4102 c2.4).
2965 4029 3071 4086 Nos
3102 4040 3279 4085 autem
3310 4044 3617 4100 precamur,

2023 4136 2084 4183 ut
2103 4128 2470 4183 sanctiﬁcetur
2490 4141 2690 4182 nomen
2714 4125 2830 4189 Dei,
2858 4125 2911 4179 id
2937 4133 3039 4190 est,
3071 4124 3320 4179 laudetur
3341 4132 3395 4178 et
3415 4122 3621 4194 gloriﬁ-

2024 4232 2178 4280 cetur
2197 4224 2252 4278 in
2274 4238 2438 4293 opere
2464 4205 2670 4276 nostro.
2706 4218 2979 4288 Quidquid
3001 4218 3128 4272 boni
3154 4216 3384 4287 agimus,
3415 4217 3481 4269 ad
3502 4213 3621 4284 ejus

2010 4316 2237 4371 laudem
2252 4313 2506 4379 refertur,
2533 4311 2792 4382 quidquid
2815 4310 2966 4376 mali,
2985 4310 3052 4364 ad
3071 4307 3188 4378 ejus
3210 4306 3615 4364 contumeliam.

2032 4382 2039 4411 l

332 4417 424 4471 ego
450 4412 659 4455 sanctus
688 4419 803 4455 sum
830 4402 1254 4486 Dominus/Deus
1289 4410 1456 4455 vester
1487 4401 1538 4473 (I
1567 4401 1710 4456 Petr.
1739 4418 1779 4467 ι,
1944 4398 2037 4485 μυί
2096 4406 2349 4461 Adveniet
2376 4421 2592 4475 regnum
2620 4414 2787 4457 tuum.
2839 4402 2981 4457 Deus
3025 4401 3367 4470 omnipotens
3400 4412 3620 4471 semper
3654 4467 3661 4486 ’

334 4493 575 4547 Primum
599 4493 700 4548 fuit
722 4476 1582 4567 oninipotensfi’atei'Iudaeorum,
1604 4496 1761 4566 juxta
1778 4476 1921 4567 quod

332 4585 448 4655 ipse
472 4583 604 4639 dicit
627 4600 724 4655 per
745 4583 1100 4655 Prophetani:
1151 4584 1328 4640 Filius
1354 4603 1498 4640 meus
1544 4588 1920 4658 primogenitus

334 4674 505 4731 Israel
534 4674 732 4748 (Exod.
762 4693 834 4741 ιν,
872 4677 998 4750 22);
1027 4686 1101 4742 et,
1138 4676 1311 4731 Filios
1340 4678 1565 4732 enutrivi
1592 4687 1640 4731 et
1669 4678 1919 4745 exaltari,

332 4770 431 4838 ipsi
454 4780 628 4825 autem
652 4781 951 4841 spreverunt
974 4788 1056 4825 me
1075 4770 1232 4843 (Isai.
1249 4787 1291 4837 ι,
1314 4770 1391 4841 2).
1432 4769 1544 4825 Sed
1565 4771 1693 4840 quid
1721 4770 1920 4826 factum

336 4864 456 4919 est?
503 4864 673 4920 Desiit
708 4873 860 4934 pater
889 4880 1077 4920 eorum
1106 4881 1227 4921 esse
1255 4874 1476 4936 propter
1506 4864 1916 4920 inﬁdelitatem:

337 4963 521 5008 noster
545 4963 725 5009 autem
754 4963 977 5024 propter
1001 4970 1155 5009 suam
1184 4954 1613 5010 misericordiam
1637 4952 1814 5009 factus
1837 4962 1923 5009 est

336 5044 494 5100 Pater
534 5061 631 5116 per
676 5045 837 5100 ﬁdem
885 5055 940 5100 et
988 5046 1352 5113 dilectionem,
1408 5046 1494 5100 cui
1556 5045 1921 5117 supplicamus

337 5138 574 5207 quotidie
603 5138 863 5203 dicentes,
918 5135 1083 5191 Pater
1113 5148 1308 5191 noster.
1374 5137 1537 5192 Pater
1564 5139 1773 5193 duobus
1800 5154 1919 5193 mo-

337 5230 419 5285 dis
449 5232 649 5287 dicitur
672 5232 1037 5303 omnipotens,
1060 5232 1146 5287 vel
1170 5232 1298 5301 quia
1325 5231 1561 5300 patravit
1591 5245 1711 5295 nos,
1738 5231 1795 5286 id
1816 5240 1919 5298 est,

338 5324 560 5389 creavit,
620 5331 675 5379 et
700 5324 970 5395 compegit
992 5324 1045 5378 in
1070 5332 1225 5378 utero
1252 5331 1485 5377 matrum
1522 5330 1831 5377 nostrarum
1853 5339 1921 5378 ex

338 5431 503 5474 carne
535 5427 590 5474 et
635 5420 834 5485 anima,
860 5435 926 5474 ex
952 5420 1158 5474 semine
1185 5418 1287 5474 viri
1315 5426 1370 5473 et
1395 5417 1629 5484 feminae,
1660 5434 1782 5473 cum
1815 5434 1922 5473 non

339 5521 613 5566 essemus:
637 5510 722 5565 vel
744 5512 871 5581 quia
894 5510 1024 5567 fecit
1046 5527 1144 5565 nos
1171 5510 1384 5565 renasci
1408 5525 1473 5564 ex
1490 5525 1629 5580 aqua
1642 5518 1697 5565 et
1720 5510 1924 5580 Spiritu

340 5610 549 5666 sancto,
582 5618 706 5659 cum
744 5603 940 5675 perditi
980 5619 1241 5659 essemus.
1305 5601 1487 5658 Prima
1512 5602 1767 5658 nativitas
1794 5602 1922 5659 fecit

340 5709 439 5752 nos
479 5695 619 5752 ﬁlios
639 5699 1142 5768 praevaricationis;
1200 5698 1437 5755 secunda
1466 5696 1925 5755 reconciliationis

342 5791 663 5847 dimittendo
705 5792 860 5848 nobis
916 5795 1097 5848 omnia
1155 5802 1375 5864 peccata
1411 5835 1424 5859 ,
1471 5800 1525 5849 et
1560 5791 1844 5864 originalia
1870 5803 1924 5851 et

1951 4549 2005 4609 D

2027 4509 2219 4571 regnat
2239 4500 2292 4553 in
2326 4498 2463 4554 catlo
2487 4507 2543 4553 et
2594 4498 2647 4552 in
2675 4506 2841 4560 terra,
2895 4503 2951 4549 et
2981 4509 3080 4550 nos
3110 4494 3383 4549 nescimus
3434 4494 3616 4557 modo,

2027 4590 2260 4661 qualiter
2305 4596 2516 4660 regnat,
2557 4588 2760 4643 idcirco
2785 4601 3095 4658 precamur,
3137 4594 3199 4639 ut
3251 4585 3507 4640 adveniat
3529 4599 3620 4639 re-

2024 4697 2186 4753 gnum
2212 4682 2375 4736 illius.
2402 4680 2542 4748 Quid
2564 4688 2650 4734 est
2674 4680 2817 4734 istud
2839 4693 3066 4747 regnum
3081 4677 3213 4731 Dei?
3235 4675 3464 4732 Eterna
3492 4677 3620 4730 bea-

2027 4776 2218 4839 titudo,
2256 4776 2322 4829 de
2350 4789 2457 4843 qua
2480 4773 2725 4828 dicturus
2756 4778 2840 4847 est
2872 4771 3090 4826 electis:
3128 4768 3328 4836 Venite,
3365 4768 3620 4823 benedicti
3706 4786 3713 4793 ο

2030 4869 2205 4923 Patris
2234 4868 2358 4931 mei,
2382 4874 2487 4921 etc.
2530 4863 2746 4933 (Matth.
2774 4879 2903 4929 xxv,
2935 4862 3048 4935 54).
3098 4861 3215 4919 Hoc
3242 4875 3468 4933 regnum
3488 4874 3615 4930 pre-

2024 4974 2228 5023 camur,
2261 4965 2321 5012 ut
2342 4956 2617 5020 adveniat,
2632 4954 2749 5009 dies
2768 4952 2959 5025 judicii
2978 4951 3135 5009 valde
3156 4953 3314 5008 debet
3337 4964 3458 5005 esse
3482 4966 3617 5020 prae-

2024 5057 2266 5121 paratus.
2294 5047 2392 5102 Vel
2420 5046 2605 5101 aliter:
2633 5045 2775 5099 Deus
2789 5044 3131 5115 omnipotens
3152 5050 3343 5112 regnat
3361 5040 3416 5094 in
3432 5039 3621 5094 electis

2025 5142 2138 5197 suis
2164 5156 2264 5211 per
2293 5155 2462 5210 spem,
2523 5138 2682 5196 ﬁdem
2732 5148 2788 5194 et
2831 5139 3174 5201 charitatem,
3213 5144 3269 5190 et
3292 5149 3391 5204 per
3421 5142 3618 5190 caetera

2024 5235 2186 5290 bona.
2255 5232 2299 5287 E
2329 5240 2518 5288 contra
2564 5232 2811 5287 diabolus
2838 5239 3031 5300 regnat
3069 5244 3169 5299 per
3198 5225 3490 5289 luxuriam,
3519 5239 3618 5296 per

2026 5326 2368 5392 ebrietatem,
2404 5324 2587 5381 odium
2620 5332 2675 5379 et
2696 5332 2890 5380 caetera
2913 5321 3084 5377 mala:
3112 5319 3317 5375 idcirco
3330 5332 3620 5388 precamur

2032 5419 2340 5485 Dominum,
2362 5426 2423 5473 ut
2452 5418 2567 5489 ipse
2594 5426 2783 5487 regnet
2804 5418 2859 5471 in
2884 5412 3041 5469 nobis
3070 5426 3169 5482 per
3194 5410 3483 5481 justitiam,
3513 5424 3619 5464 non

2032 5511 2278 5567 diabolus
2300 5518 2725 5583 per'peccatum.

2101 5601 2230 5658 Fiat
2254 5602 2494 5658 uoluntas
2524 5612 2616 5657 tua
2639 5602 2773 5654 sicut
2818 5598 2875 5650 in
2901 5592 3050 5661 caelo,
3087 5601 3135 5648 et
3164 5594 3221 5647 in
3252 5601 3414 5647 terra.
3461 5590 3621 5649 Sicut

2030 5700 2086 5754 in
2108 5697 2261 5764 ccelo,
2291 5697 2347 5753 id
2370 5705 2476 5762 est,
2503 5696 2555 5751 in
2578 5689 2909 5765 angelis,qui
2933 5703 3209 5759 nunquam
3232 5697 3617 5759 peccaverunt,

2029 5802 2113 5848 est
2140 5791 2387 5846 voluntas
2422 5800 2515 5843 tua
2545 5788 2705 5851 bona,
2744 5794 2800 5842 et
2831 5784 3046 5839 illorum
3070 5781 3304 5840 cilicium
3362 5794 3616 5854 accepta-
3690 5825 3701 5835 .
