4032 6354
425 281 563 337 1267

1268 278 1327 330 Β.
1372 275 1428 329 F.
1475 273 1697 329 ALBINI
1739 274 1868 328 διε]ιῖ
1912 270 2185 326 ALCUINI
2222 271 2509 326 UPERUM
2550 270 2728 325 PARS
2767 272 2859 327 IX.

3571 282 3718 336 me

419 398 529 455 bile
553 396 752 452 habes:
798 394 877 449 sic
897 394 989 448 flat
1018 394 1265 449 voluntas
1311 401 1399 446 tua
1428 393 1565 446 bona
1596 394 1651 446 in
1700 388 2010 446 hominibus
2038 395 2089 450 Α
2118 388 2435 457 sanguinem
2476 388 2687 443 Domini
2734 391 3042 444 sumeretis.
3097 390 3348 457 Quadiu
3404 407 3517 451 non
3555 409 3720 453 am-

420 490 671 550 interra,
704 494 765 541 ut
795 485 1011 540 illorum
1038 484 1321 540 servitium
1356 481 1569 553 placeat
1589 478 1705 536 tibi.
1776 480 1873 537 Vel
1907 479 2007 534 ali-

420 592 535 637 ter:
575 580 733 652 507
791 578 895 631 Per
929 575 1127 631 cmlum
1182 573 1500 642 intelligitur
1536 572 1799 629 Dominus
1846 570 2008 629 Jesus

419 672 687 736 Christus,
727 684 823 739 per
854 678 1057 722 terram
1083 673 1269 721 sancta
1293 664 1555 721 Ecclesia.
1610 663 1846 730 Scimus,
1878 664 2007 735 quia

420 766 563 821 sicut
612 764 695 817 vir
734 777 765 817 a
798 760 1044 823 muliere,
1085 759 1163 814 sic
1209 757 1405 813 coelum
1451 765 1592 812 esta
1641 764 1788 812 terra
1819 768 1868 810 α.
1922 755 2008 811 Ab

420 859 536 927 ipso
561 857 760 925 accipit
792 868 1009 908 omnem
1059 851 1391 907 ubertatem:
1448 850 1529 906 sic
1576 857 1630 905 et
1689 857 1878 905 sancta
1904 849 2011 904 Ec-

419 952 583 1007 clesia
621 949 882 1020 quidquid
911 948 1039 1002 boni
1066 946 1253 1011 habet,
1288 962 1318 999 a
1363 946 1481 1000 viro
1511 961 1609 1000 suo
1638 945 1855 1001 Christo
1886 960 2009 1015 per-

418 1043 569 1112 cipit,
595 1041 750 1110 juxta
775 1040 918 1111 quod
949 1041 1214 1109 scriptum
1269 1046 1379 1093 est:
1425 1035 1593 1092 Omne
1646 1037 1827 1092 datum
1869 1037 2006 1107 opti-

415 1153 582 1200 mum,
615 1145 663 1190 et
692 1150 842 1189 omne
867 1134 1067 1188 donum
1098 1134 1409 1205 perfectum,
1436 1131 1711 1184 desursum
1730 1140 1805 1184 est
1860 1129 2001 1201 (Jac.

416 1250 453 1298 ι,
491 1233 598 1303 l7).
644 1230 769 1284 Fiat
798 1229 1059 1285 voluntas.
1107 1228 1188 1282 Ad
1217 1227 1387 1281 Deum
1417 1226 1632 1280 Patrem
1653 1225 1869 1279 dicitur.
1922 1223 2007 1278 Si-

414 1335 507 1383 cut
549 1334 633 1382 est
681 1326 932 1381 voluntas
970 1330 1059 1378 tua
1092 1324 1151 1377 in
1190 1323 1329 1378 cmlo
1360 1364 1373 1385 ,
1430 1321 1481 1376 id
1525 1329 1608 1377 est
1664 1321 1719 1374 in
1765 1320 2002 1385 Christo,

414 1418 489 1472 ita
514 1418 607 1472 iiat
630 1419 683 1471 in
721 1425 887 1479 terra,
946 1417 997 1470 id
1034 1423 1139 1479 est,
1194 1416 1248 1469 in
1282 1414 1542 1479 Ecclesia,
1616 1429 1735 1483 quae
1770 1422 1855 1468 est
1885 1428 2006 1467 cor-

410 1524 515 1579 pus
544 1508 680 1578 ejus.
750 1508 866 1571 Vel,
921 1507 1063 1562 sicut
1097 1514 1185 1561 est
1220 1507 1468 1561 voluntas
1524 1515 1611 1561 tua
1661 1506 1715 1560 in
1743 1506 1906 1569 coelo,
1950 1505 2005 1559 id

413 1609 517 1664 est,
552 1600 604 1653 in
643 1599 955 1653 hominibus
969 1595 1257 1665 justis,.ita
1281 1597 1376 1651 ﬁat
1404 1598 1457 1653 in
1490 1607 1653 1657 terra,
1688 1597 1739 1651 id
1782 1604 1885 1659 est,
1948 1596 2004 1648 in

411 1692 806 1761 peccatoribus,
841 1701 902 1745 ut
928 1691 1027 1761 ipsi
1058 1691 1275 1744 valeant
1328 1690 1426 1745 tibi
1450 1690 1663 1760 placere
1686 1705 1785 1759 per
1824 1690 2002 1760 pteni-

2114 479 2259 542 ditis,
2290 495 2396 534 non
2434 481 2565 534 mihi
2604 480 2802 550 placet.
2853 482 3108 537 Dicamus
3142 482 3303 537 aliter
3336 502 3348 537 :
3386 481 3591 540 Panem
3622 504 3719 542 ιο-

2113 583 2277 628 strum
2300 575 2685 645 quotidianum.
2705 574 2811 630 Per
2830 590 3027 645 panem
3046 592 3335 647 possumus
3361 579 3616 647 accipere
3642 582 3721 636 di-

2113 668 2234 722 vina
2311 668 2555 739 eloquia,
2632 669 2913 724 scientiam
2975 670 3109 740 legis
3173 679 3231 725 et
3280 670 3715 742 Prophetarum,

2109 761 2451 816 Psalmorum
2477 756 2529 815 et.
2544 760 2840 831 Evangelii.
2862 758 3062 816 Panem
3080 772 3316 816 nostrum
3338 764 3717 833 quotidianum

2110 854 2180 908 da
2202 854 2349 909 nobis
2372 854 2547 917 hodie,
2592 853 2645 908 id
2669 862 2753 908 est
2774 894 2787 917 ,
2834 856 2889 908 in
2922 856 3071 909 omni
3096 864 3338 924 tempore
3362 855 3490 910 vitae
3512 866 3717 913 nostra

2109 947 2273 1002 retice
2297 963 2396 1003 nos
2437 948 2681 1003 doctrina
2724 956 3035 1002 sanctarum
3084 946 3517 1017 Scripturarum,
3566 952 3715 1018 quod

2109 1040 2252 1097 sicut
2302 1056 2565 1112 corporeo
2610 1042 2731 1097 cibo
2775 1040 3023 1095 reﬁcitur
3068 1055 3291 1111 corpus,
3328 1042 3409 1096 sic
3437 1042 3717 1112 spirituali

2108 1133 2229 1187 cibo
2256 1133 2500 1187 reﬁcitur
2518 1135 2697 1189 anima
2730 1132 2796 1186 ad
2824 1148 3065 1188 amorem
3095 1141 3150 1187 et
3173 1134 3507 1204 agnitionem
3544 1135 3713 1188 illius.

2182 1225 2249 1279 Et
2277 1226 2482 1279 dimitte
2521 1225 2667 1278 nobis
2699 1225 2875 1279 debita
2907 1234 3111 1291 nostra,
3137 1227 3272 1280 sicut
3312 1236 3361 1279 et
3410 1243 3507 1279 nos
3534 1228 3719 1279 dimit-

2108 1318 2266 1371 timus
2316 1317 2640 1371 debitoribus
2671 1318 2884 1371 nostris.
2942 1318 3133 1371 Debita
3185 1317 3275 1371 hic
3327 1316 3715 1388 intelliguntur

2107 1424 2353 1483 peccata.
2401 1413 2620 1467 Duobus
2654 1413 2829 1467 modis
2879 1428 3067 1467 sumus
3111 1413 3385 1467 debitores
3414 1413 3512 1467 Dei
3561 1432 3572 1466 :
3621 1421 3717 1467 aut

2109 1505 2358 1560 faciendo
2409 1520 2474 1559 ea
2524 1520 2643 1574 qum
2690 1505 2807 1574 ipse
2856 1504 3136 1574 prohibuit
3180 1503 3321 1567 ﬁeri,
3352 1512 3447 1558 aut
3483 1518 3593 1558 non
3634 1503 3718 1558 l‘a-

2108 1601 2317 1658 ciendo.
2373 1614 2493 1668 quae
2534 1598 2698 1668 jussit
2730 1598 2866 1652 ﬁeri.
2917 1597 3037 1667 Ipse
3068 1598 3200 1653 dicit
3236 1598 3291 1652 in
3350 1597 3655 1669 Evangelia
3693 1616 3709 1651 :

2111 1693 2306 1762 Diliges
2350 1693 2631 1746 Dominum
2666 1692 2832 1745 Deum
2861 1702 3007 1744 tuum
3037 1707 3101 1745 ea:
3131 1700 3238 1745 toto
3268 1692 3426 1746 corde
3447 1701 3563 1753 tuo,
3596 1701 3712 1746 tota

411 1787 658 1841 tentiam.
735 1785 850 1849 Vel,
901 1784 995 1839 ﬁat
1018 1784 1266 1839 voluntas
1296 1792 1383 1838 tua
1435 1785 1575 1839 sicut
1612 1786 1665 1838 in
1693 1784 1854 1848 casio,
1898 1785 2004 1839 hoc
2032 1767 2081 1830 Β
2108 1787 2308 1850 anima,
2338 1794 2445 1838 tota
2478 1786 2686 1848 virtute,
2719 1793 2765 1838 et
2796 1785 3093 1855 proximum
3125 1793 3275 1837 tuum
3317 1786 3453 1839 sicut
3479 1786 3711 1855 teipstutt

410 1884 515 1942 est,
550 1878 606 1931 in
632 1877 904 1931 mentibus
929 1875 1163 1942 nostris,
1189 1877 1262 1931 ita
1285 1876 1382 1931 tlat
1406 1876 1461 1931 in
1484 1884 1649 1941 terra,
1675 1878 1777 1934 hoc
1808 1885 1915 1944 est,
1947 1878 2003 1932 in

408 1968 748 2039 corporibus.

476 2056 676 2114 Panem
704 2069 944 2115 nostrum
969 2060 1337 2131 quotidianum
1365 2059 1433 2113 da
1476 2060 1622 2114 nobis
1667 2060 1841 2113 hodie.
1874 2057 1998 2114 Pan

404 2149 613 2213 Graece,
649 2152 841 2207 Latine
863 2193 877 2215 ,
927 2160 1094 2206 totum
1130 2151 1217 2205 vel
1246 2168 1396 2206 omne
1426 2170 1439 2206 :
1469 2161 1525 2207 et
1570 2153 1637 2206 ab
1666 2168 1729 2207 eo
1752 2154 1893 2222 quod
1918 2162 2001 2209 est

403 2259 533 2315 pan,
570 2244 849 2299 derivatur
889 2245 1080 2313 panis;
1115 2251 1171 2297 et
1198 2244 1320 2297 ideo
1349 2260 1445 2313 per
1472 2258 1668 2313 panem
1699 2244 2001 2316 intelligere

406 2350 697 2407 possumus
732 2337 915 2392 omnia
968 2340 1277 2394 necessaria
1328 2349 1436 2394 tam
1478 2339 1531 2392 in
1566 2339 1709 2403 cibo,
1746 2354 1906 2408 quam
1944 2343 1998 2395 in

405 2436 559 2499 potu,
616 2435 672 2484 et
710 2430 1053 2491 vestimento,
1114 2433 1371 2500 omnique
1415 2431 1655 2484 subsidio
1705 2433 1994 2502 corporali.

407 2520 576 2576 Panis
628 2522 978 2591 quotidianus
1007 2522 1224 2581 dicitur.
1258 2524 1400 2593 quod
1433 2523 1673 2592 quotidie
1712 2525 1869 2578 nobis
1915 2532 2003 2577 cst

405 2615 766 2668 necessarius.
822 2612 1022 2669 Panem
1075 2626 1309 2669 nostrum
1355 2616 1743 2686 quotidianum,
1802 2616 1852 2669 id
1893 2625 1991 2676 est,

404 2705 607 2770 omnia,
657 2720 778 2775 quas
821 2707 978 2761 nobis
1016 2716 1145 2762 sunt
1183 2706 1490 2762 necessaria
1539 2714 1648 2760 tam
1679 2706 1745 2760 ad
1770 2706 1994 2771 victum,

404 2812 563 2868 quam
612 2799 680 2854 ad
723 2800 1130 2865 Vestimentum,
1177 2800 1347 2854 tribue
1376 2799 1524 2852 nobis
1573 2798 1746 2861 hodie,
1788 2798 1840 2851 id
1889 2806 1993 2863 est,

402 2888 546 2944 omni
584 2897 829 2960 tempore
859 2892 984 2945 vitae
1010 2898 1231 2946 nostrae.
1268 2890 1362 2946 Vel
1394 2891 1555 2944 aliter
1601 2908 1614 2943 :
1662 2889 1861 2944 Panem
1906 2891 1996 2945 hic

400 2994 691 3052 possumus
734 2982 1042 3053 intelligere
1072 2997 1270 3051 corpus
1305 2992 1363 3036 et
1409 2983 1728 3056 sanguinem
1758 2982 1992 3045 Domini,

2106 1875 2321 1947 (Matth.
2348 1892 2483 1941 χχιι,
2516 1875 2627 1946 '57).
2658 1874 2774 1929 Non
2806 1875 3081 1945 diligimus
3114 1876 3282 1930 Deum
3314 1892 3491 1947 neque
3517 1879 3708 1947 proxi-

2104 1982 2274 2033 mum,
2313 1970 2454 2023 sicut
2492 1970 2609 2037 ipse
2635 1969 2914 2038 praecipit?
2942 1968 3229 2023 Dehitores
3272 1984 3482 2031 sumus,
3512 1969 3566 2023 id
3598 1978 3707 2033 est,

2100 2070 2433 2132 peccatores.
2466 2062 2582 2132 Ipse
2605 2061 2739 2115 dicit
2772 2080 2783 2114 :
2814 2060 3034 2115 Honora
3075 2073 3277 2132 patrem
3308 2072 3457 2117 tuum
3487 2072 3539 2117 et
3582 2079 3706 2117 uss-

2102 2166 2230 2211 trem
2287 2166 2452 2219 tuam,
2503 2162 2561 2208 ut
2606 2154 2676 2208 sis
2725 2154 2988 2225 tangamus
3026 2171 3184 2225 super
3222 2164 3419 2209 terrent
3471 2152 3705 2223 (Matth.

2101 2263 2191 2312 xv,
2221 2247 2299 2320 ιι).
2337 2246 2452 2303 Νοιι
2496 2243 2727 2302 facimus
2773 2247 2910 2301 hoc?
2955 2246 3239 2301 Debitores
3268 2262 3479 2310 sumus,
3512 2245 3565 2299 id
3596 2254 3709 2312 est,

2099 2349 2435 2410 peccatores.
2470 2337 2597 2394 Haec
2620 2346 2768 2403 sunt,
2816 2352 2935 2407 quis
2962 2336 3223 2391 Dominus
3250 2336 3503 2405 pmcipit
3538 2335 3657 2391 fieri
3688 2354 3704 2390 :

2104 2432 2226 2485 Non
2257 2433 2477 2495 occides,
2513 2448 2615 2485 non
2639 2429 2986 2491 adulterabis,
3021 2440 3125 2483 non
3150 2427 3353 2496 furtum
3379 2428 3569 2495 facies,
3602 2444 3707 2497 non

2100 2523 2415 2594 perjurabis.
2452 2523 2567 2577 Non
2600 2522 2832 2577 facimus
2862 2522 3011 2585 talia,
3040 2535 3162 2591 quae
3210 2520 3471 2575 Dominus
3514 2521 3705 2591 prohi-

2100 2615 2216 2669 buit
2246 2616 2399 2670 ﬁeri?
2426 2616 2713 2670 Debitores
2755 2630 2960 2677 sumus,
3006 2615 3061 2668 id
3094 2620 3200 2675 est,
3248 2628 3565 2681 peccamus,
3602 2615 3701 2683 qui

2105 2714 2253 2760 tanta
2307 2706 2507 2774 ﬂagitia
2570 2715 2763 2762 contra
2810 2715 3078 2777 praecepta
3125 2703 3223 2761 Dei
3273 2706 3699 2763 committimus.

2106 2803 2487 2858 Necessarium
2529 2811 2613 2857 est
2656 2816 2786 2869 ergo
2823 2809 2904 2863 ut,
2956 2801 3001 2856 si
3051 2800 3302 2855 volumus
3352 2816 3417 2854 ea
3452 2800 3621 2855 nobis
3672 2815 3701 2854 a

2099 2901 2330 2955 Domino
2366 2899 2583 2961 dimitti,
2616 2898 2957 2951 dimittamus
2985 2911 3053 2951 ex
3095 2896 3262 2951 corde
3306 2894 3467 2950 fratri
3511 2897 3571 2950 in
3602 2912 3701 2950 no-

2095 2997 2182 3053 bis
2208 2993 2476 3064 peccanti,
2508 3000 2599 3045 aut
2633 2990 2771 3046 mala
2797 2991 3045 3060 operanti
3082 3007 3094 3042 :
3125 2999 3312 3044 contra
3342 3005 3509 3060 quem
3534 2991 3703 3044 etiam

400 3072 468 3128 de
492 3088 602 3143 quo
627 3074 745 3143 ipse
769 3073 903 3128 dicit
948 3072 1075 3127 alibi
1122 3092 1133 3126 :
1172 3073 1291 3128 Nisi
1333 3075 1449 3144 quis
1478 3074 1891 3134 manducauerit,
1938 3079 1995 3127 et

2102 3088 2385 3158 dupliciter
2424 3101 2608 3139 sumus
2648 3091 2987 3153 peccatores,
3019 3091 3113 3136 aut
3156 3080 3410 3137 faciendo
3450 3098 3576 3151 quae
3604 3082 3705 3135 Do-

399 3135 608 3238 reliqua
649 3135 849 3239 (lana.
894 3182 971 3233 vi,
1013 3168 1125 3239 54).
1181 3135 1477 3224 Precamur
1514 3182 1766 3238 namque,
1808 3176 1867 3220 ut
1900 3166 1992 3221 det

2102 3135 2279 3234 miluus
2318 3178 2595 3249 prohibuit
2646 3135 2782 3235 irieri,
2824 3174 3096 3229 videlicet
3144 3174 3188 3228 si
3241 3135 3705 3243 ﬂagellaierimus

397 3261 562 3318 nobis
585 3275 807 3315 carnem
842 3269 897 3314 et
938 3262 1255 3331 sanguinem
1286 3276 1441 3314 suum
1468 3261 1534 3313 ad
1558 3258 1903 3323 sumendum,
1934 3268 1994 3313 ut

397 3369 496 3425 pcr
528 3352 683 3418 illud,
731 3353 874 3422 quod
903 3352 1190 3406 visibiliter
1218 3353 1503 3417 sumimus,
1536 3350 1686 3413 illud,
1718 3351 1859 3421 quod
1885 3365 1991 3405 non

396 3447 666 3509 videmus,
700 3445 755 3499 in
800 3446 955 3500 nobis
979 3447 1255 3516 suscipere
1293 3446 1583 3515 possimus,
1622 3446 1672 3498 id
1706 3452 1789 3499 est
1822 3445 1991 3499 Deum

400 3543 849 3613 omnipotentem,
874 3541 1030 3611 juxta
1066 3543 1206 3612 quod
1230 3544 1343 3613 ipse
1364 3542 1493 3596 dicit
1518 3560 1531 3595 :
1560 3540 1663 3606 Qui
1706 3540 1995 3595 manducet

397 3638 607 3689 carnem
648 3651 839 3699 meam,
886 3643 934 3688 et
962 3634 1087 3687 bibit
1118 3637 1425 3704 sanguinem
1456 3648 1651 3697 meum,
1695 3633 1804 3701 ipse
1827 3632 1879 3685 in
1912 3648 1994 3685 me

396 3734 592 3789 manet,
642 3734 691 3778 et
736 3740 827 3795 ego
879 3725 936 3779 in
986 3740 1045 3778 eo
1077 3722 1265 3795 (Ibid.,
1298 3724 1412 3793 55).
1444 3724 1578 3777 Illud
1619 3725 1764 3794 quod
1794 3724 1993 3777 dicitur

396 3816 571 3879 hodie,
618 3824 726 3871 non
756 3830 1045 3887 possumus
1092 3817 1417 3889 generaliter
1446 3815 1652 3871 referre
1691 3816 1759 3869 ad
1794 3830 1992 3884 corpus

395 3917 452 3964 et
478 3910 793 3980 sanguinem
822 3910 1057 3973 Domini,
1106 3910 1232 3978 quia
1263 3916 1387 3963 sunt
1429 3908 1586 3973 tales,
1617 3908 1709 3963 cui
1741 3924 1845 3963 non
1868 3922 1993 3977 pos-

395 4010 519 4057 sunt
562 4003 805 4074 qu‘olidie
855 4003 1280 4067 communicare,
1331 4010 1425 4056 aut
1483 4000 1662 4071 aliqua
1720 4001 1988 4055 discordia

393 4082 915 4165 contra'pmximum
945 4094 1350 4159 commaculati,
1391 4103 1484 4148 aut
1510 4093 1814 4148 nocturnali
1839 4094 1994 4147 coin-

394 4189 601 4260 quinati
633 4189 927 4258 pollutione
956 4207 967 4241 :
1001 4189 1249 4243 homines
1276 4196 1423 4252 sunt,
1472 4202 1576 4241 non
1618 4193 1845 4257 possunt
1871 4200 1992 4241 esse

394 4294 608 4352 semper
629 4283 824 4352 parati.
857 4282 898 4335 E
920 4288 1109 4335 contra
1134 4290 1259 4335 sunt
1287 4281 1442 4344 tales,
1474 4280 1566 4349 qui
1603 4278 1844 4348 quotidie
1867 4293 1993 4348 pos-

394 4385 521 4432 sunt
544 4378 949 4431 communicare
982 4394 993 4429 :
1028 4376 1134 4430 illis
1170 4375 1373 4439 evenit,
1406 4374 1548 4443 quod
1579 4374 1830 4429 dominus
1853 4372 1990 4427 dixit

393 4470 623 4525 Zachaeo
650 4488 662 4523 ε
698 4469 869 4523 Hodie
890 4470 943 4522 in
970 4468 1124 4521 domo
1146 4476 1237 4521 tua
1262 4476 1463 4537 oportet
1487 4482 1568 4519 me
1596 4482 1807 4519 manere
1832 4464 1985 4536 (Luc.

392 4577 508 4626 XIX,
540 4560 616 4633 5).
650 4564 714 4615 At
736 4560 825 4614 ille
849 4560 1072 4631 suscepit
1093 4575 1211 4614 eum
1236 4559 1470 4629 gaudens
1499 4559 1554 4611 in
1578 4558 1791 4611 domum
1812 4574 1985 4623 suam,

393 4654 519 4726 quia
556 4651 630 4707 illi
658 4652 793 4709 tales
822 4667 945 4708 cum
986 4652 1178 4724 gaudio
1208 4651 1407 4705 debent
1450 4665 1649 4721 corpus
1678 4658 1732 4703 et
1771 4651 1987 4719 sangui—

392 4761 517 4802 nem
568 4745 782 4800 Domini
824 4760 1057 4800 sumere.
1112 4744 1188 4798 Illi
1244 4759 1396 4809 vero,
1447 4744 1538 4814 qui
1578 4742 1818 4811 quotidie
1878 4758 1985 4797 non

391 4845 616 4907 possunt
667 4837 1089 4903 communicare,
1125 4849 1355 4908 possunt
1408 4836 1593 4891 dicere
1631 4850 1753 4889 cum
1797 4843 1987 4889 centu-

394 4932 546 4987 rione
580 4951 592 4986 :
620 4931 861 4997 Domine,
891 4948 995 4986 non
1022 4948 1137 4985 sum
1170 4931 1359 5001 dignus
1407 4937 1463 4982 ut
1486 4931 1652 4983 intres
1676 4929 1772 4982 sub
1794 4938 1985 4981 tectum

388 5038 563 5077 meum
589 5023 748 5079 hodie
792 5020 1007 5095 (Matth.
1041 5037 1157 5086 vni,
1188 5021 1243 5093 5)
1271 5035 1287 5075 :
1318 5021 1550 5076 intrabis
1581 5020 1686 5075 alia
1715 5020 1818 5074 die.
1846 5020 1988 5073 Sunt

390 5115 552 5171 etiam
585 5115 743 5181 tales,
773 5116 866 5185 qui
900 5114 1093 5169 nolunt
1140 5129 1169 5167 a
1227 5130 1321 5168 sua
1372 5114 1660 5185 iniquitate
1704 5113 1983 5175 recedere,

390 5208 667 5263 abstinent
708 5224 767 5263 se
797 5224 825 5262 a
867 5220 1098 5278 corpore
1147 5215 1201 5263 et
1244 5207 1506 5279 sanguine
1559 5205 1771 5260 Domini
1819 5218 1985 5259 causa

389 5295 730 5351 humilitatis.
776 5296 997 5352 Talibus
1046 5298 1348 5368 praedicans
1399 5298 1593 5351 beatus
1649 5294 1985 5367 Augustinus

390 5388 566 5444 dixit:
610 5390 810 5451 Placet,
870 5390 1086 5455 fratres,
1112 5393 1242 5446 mihi
1287 5391 1567 5446 humilitas
1592 5400 1794 5455 vestra,
1836 5391 1985 5461 quod

389 5481 595 5537 timetis
631 5482 891 5538 accedere
932 5486 998 5538 ad
1045 5500 1242 5554 corpus
1273 5494 1326 5539 et
1362 5485 1676 5556 sanguinem
1720 5485 1931 5540 Domini
1965 5501 1977 5536 :

390 5573 486 5627 sed
510 5574 703 5629 melius
738 5585 905 5640 esset,
937 5584 997 5631 ut
1023 5576 1092 5630 ab
1120 5577 1497 5647 iniquitatibus
1526 5578 1723 5632 vestris
1764 5574 1983 5631 recede-

393 5663 546 5730 ntis,
585 5675 641 5719 et
667 5668 853 5722 mundi
893 5667 1070 5724 effecti
1101 5686 1198 5740 per
1227 5671 1626 5740 pmnitentiam,
1676 5684 1876 5740 corpus
1928 5677 1985 5726 et

469 5786 499 5819 ι
526 5775 703 5833 Locus
727 5788 1034 5851 corruptus.

2098 3286 2222 3326 eum
2270 3270 2486 3341 injuste,
2521 3276 2615 3322 aut
2651 3269 2697 3322 si
2730 3282 2828 3323 sua
2870 3266 3291 3329 abstulerimus;
3327 3273 3423 3319 aut
3475 3280 3589 3319 non
3617 3263 3701 3320 [ac

2098 3364 2292 3421 ciendo
2336 3378 2399 3417 ea
2442 3377 2562 3431 quae
2601 3358 2862 3415 Dominus
2913 3358 3191 3413 mandavit
3234 3356 3375 3421 ﬁeri,
3431 3356 3485 3413 id
3513 3365 3623 3419 est,
3654 3354 3701 3413 si

2098 3472 2203 3511 non
2255 3454 2608 3510 dilexerimus
2634 3464 2779 3515 eum,
2809 3458 2865 3504 et
2895 3449 3025 3504 illud
3054 3450 3199 3519 quod
3230 3446 3285 3501 in
3316 3461 3417 3501 nos
3443 3446 3700 3500 commit-

2096 3548 2183 3611 tit,
2218 3561 2325 3601 non
2348 3544 2736 3600 dimiserimus.
2773 3539 2996 3619 Siqergo
3048 3540 3438 3597 indulserimus
3464 3539 3538 3601 ei,
3571 3548 3699 3593 tunc

2096 3640 2363 3694 veraciter
2387 3638 2567 3693 dicere
2596 3635 2895 3705 poterimus
2917 3634 3029 3689 Deo
3063 3653 3074 3688 ε
3109 3633 3323 3689 Dimitte
3348 3633 3498 3687 nobis
3521 3632 3699 3687 debita

2098 3739 2294 3783 nostra.
2348 3728 2413 3781 Et
2457 3734 2540 3781 est
2584 3740 2779 3781 sensus
2832 3740 2847 3778 :
2898 3723 3114 3779 ODeus
3152 3723 3521 3792 omnipotens.
3554 3723 3699 3776 sicut

2096 3836 2195 3876 nos
2243 3820 2569 3874 dimittimus
2608 3817 2696 3873 bis
2740 3816 2830 3886 qui
2874 3817 2927 3870 in
2975 3815 3133 3871 nobis
3188 3826 3574 3884 peccaverunt,
3624 3816 3695 3868 ita

2095 3913 2323 3969 dimitte.
2378 3911 2433 3965 Si
2465 3918 2646 3965 autem
2696 3923 2806 3964 nos
2824 3924 2931 3964 non
2963 3908 3288 3963 dimittimus
3333 3906 3438 3968 eis,
3472 3922 3575 3963 nec
3608 3907 3696 3961 ille

2096 4006 2331 4061 dimittet
2378 4006 2534 4058 no‘is
2561 4012 2807 4072 peccata,
2838 4018 2959 4072 quae
3011 4010 3201 4057 contra
3233 4000 3376 4055 illius
3407 4012 3685 4070 praecepta

2095 4099 2379 4169 gessimus,
2430 4097 2553 4165 quia
2586 4096 2702 4164 ipse
2752 4094 2925 4148 dixit:
2962 4092 3022 4149 Si
3078 4110 3165 4147 vos
3196 4107 3299 4146 non
3349 4092 3689 4153 dimiseritis,

2094 4209 2187 4247 nec
2212 4192 2373 4245 Pater
2397 4201 2559 4246 vester
2586 4188 2810 4242 dimittet
2839 4186 2978 4241 vobis
3014 4194 3231 4256 peccata
3272 4193 3443 4239 vestra
3472 4182 3696 4255 (Matth.

2094 4303 2171 4349 vi,
2198 4284 2308 4355 l5).

2167 4375 2232 4431 Et
2259 4393 2321 4430 ne
2345 4392 2438 4430 nos
2460 4375 2685 4429 inducas
2709 4374 2767 4428 in
2809 4372 3169 4428 tentationem.
3222 4369 3342 4428 Una
3370 4377 3459 4426 est
3514 4378 3699 4426 tenta-

2098 4470 2187 4531 tio,
2245 4485 2366 4538 quae
2434 4468 2670 4538 pertinet
2728 4467 2795 4521 ad
2844 4464 3243 4535 probationem,
3287 4462 3357 4517 de
3409 4475 3519 4532 qua
3564 4462 3700 4517 dicit

2098 4564 2310 4635 Moyses
2363 4563 2431 4618 ad
2468 4563 2728 4633 populum
2774 4560 3130 4615 lsraeliticum
3163 4577 3176 4613 :
3212 4558 3420 4625 Tentat,
3474 4559 3527 4614 id
3588 4569 3693 4623 est,

2093 4659 2305 4729 probat,
2338 4673 2427 4712 vos
2478 4657 2734 4709 Dominus
2765 4654 2906 4707 Deus
2932 4663 3114 4719 vester,
3144 4662 3201 4707 ut
3231 4652 3361 4706 sciat
3392 4652 3439 4706 si
3468 4652 3695 4722 diligitis

2092 4766 2209 4804 eum
2259 4748 2437 4821 (Deut.
2476 4764 2601 4811 xm,
2636 4746 2714 4809 3).
2774 4746 2841 4799 Et
2868 4744 3155 4805 Psalmista
3189 4763 3201 4796 :
3240 4742 3415 4797 Proba
3448 4761 3553 4807 me,
3588 4743 3695 4797 Ds-

2092 4842 2249 4903 mine,
2270 4849 2317 4894 et
2340 4849 2480 4893 tenta
2504 4855 2585 4892 me
2611 4836 2783 4909 (Psal.
2816 4853 2968 4901 xxv.,
2998 4835 3075 4907 ἓ).
3110 4835 3223 4890 Hac
3247 4836 3550 4890 tentatione
3577 4845 3695 4887 ten-

2091 4935 2225 4990 tavit
2255 4934 2397 4988 Deus
2424 4933 2720 4997 Abraham,
2753 4939 2811 4986 et
2838 4931 3090 4984 inventus
3118 4939 3206 4985 est
3253 4927 3449 4983 fidelis.
3500 4928 3691 4979 Alit-ra

2091 5032 2190 5085 est,
2219 5041 2340 5095 quzc
2361 5025 2591 5093 pertinet
2624 5022 2691 5077 ad
2718 5023 3092 5092 deceptionem
3121 5030 3176 5075 et
3203 5021 3594 5091 perditionem,
3624 5020 3692 5073 de

2088 5130 2193 5187 qua
2228 5114 2465 5171 Jacobus
2494 5114 2769 5177 apostolus
2798 5131 2810 5166 :
2849 5112 2990 5166 Deus
3020 5112 3279 5166 neminem
3313 5119 3479 5163 tentat
3534 5107 3686 5175 (Jac.

2088 5227 2129 5273 ι,
2184 5208 2296 5275 15),
2336 5208 2403 5262 ad
2430 5208 2537 5263 hoc
2561 5207 2794 5271 scilicet,
2837 5214 2899 5260 ut
2947 5206 3157 5274 perdat.
3212 5203 3323 5258 Hac
3378 5202 3689 5256 teutatione

2088 5311 2260 5357 tentat
2287 5302 2555 5361 diabolus,
2582 5309 2641 5354 ut
2671 5299 2905 5370 decipiat
2931 5308 2985 5353 et
3016 5297 3234 5367 perdat,
3258 5304 3317 5349 et
3352 5308 3451 5348 nos
3482 5294 3549 5349 de
3585 5293 3691 5346 hac

2089 5398 2386 5450 tentatione
2432 5408 2744 5466 precamur,
2791 5401 2851 5446 ut
2905 5406 3011 5447 non
3052 5390 3291 5446 dimittat
3336 5401 3436 5441 nos
3484 5385 3689 5441 tentari

2091 5507 2251 5562 supra
2275 5506 2436 5559 quam
2462 5498 2648 5562 nostra
2676 5488 2944 5558 fragilitas
2966 5487 3139 5557 possit
3173 5483 3437 5539 sutiicere.
3474 5479 3531 5534 lu
3562 5487 3687 5533 ten-

2091 5584 2351 5639 tationem
2371 5584 2514 5637 enim
2542 5583 2682 5637 Deus
2706 5582 2967 5636 inducere
2996 5579 3217 5641 dicitur,
3250 5573 3471 5646 quando
3500 5589 3530 5627 a
3566 5582 3689 5626 teu-

2090 5676 2293 5731 tatione
2322 5689 2428 5728 non
2476 5673 2690 5728 liberat.
2721 5671 2849 5727 Tale
2872 5679 2977 5733 est,
3010 5668 3153 5739 quod
3179 5668 3244 5722 de
3292 5664 3578 5757 Pharaone
3607 5661 3684 5717 ls-
