4032 6354
352 245 493 306 1%9

347 376 526 434 gtmus
577 379 588 414 :

346 469 426 518 ix,
454 449 564 524 12),
600 453 743 520 quod
791 449 926 508 nihil
953 460 1036 505 est
1064 449 1209 505 aliud
1241 449 1343 524 pisi
1368 489 1387 526 ,
1422 463 1528 524 non
1552 448 1813 504 emollivit
1842 462 1936 522 cor

347 545 483 616 ejus,
513 543 656 614 quod
692 543 1004 610 induratum
1032 552 1174 599 erat.

417 635 525 694 Sed
569 637 730 694 libera
759 655 852 710 nos
895 656 927 708 ρ
955 636 1118 704 malo,
1153 637 1204 708 id
1247 646 1350 704 est,
1379 651 1410 690 a
1440 633 1653 708 diabolo
1681 641 1737 689 et
1758 633 1936 704 pinnis

346 727 568 802 inferni,
598 739 653 786 et
693 731 760 802 ab
784 730 929 792 omni
961 729 1290 785 adversitate
1328 728 1489 799 hujus
1515 719 1716 788 saeculi.
1747 724 1932 796 Amen,

345 823 685 898 signaculum
725 833 809 884 est
857 823 1014 884 istius
1043 822 1328 888 orationis,
1364 821 1506 876 sicut
1531 819 1764 892 sigillum
1807 833 1934 874 con-

345 897 583 970 tirmatio
625 897 708 970 εει
735 913 966 984 alicujus
997 911 1246 968 codiculi.
1293 911 1456 979 Quasi
1489 911 1634 986 dicat
1678 907 1790 966 Deo
1819 907 1929 976 ille,

344 1003 437 1077 qui
486 1005 626 1059 hanc
673 1005 977 1068 orationem
1009 1005 1262 1074 decantat
1307 1022 1319 1053 :
1383 1003 1546 1074 Certe
1601 1017 1791 1057 verum
1847 1010 1930 1070 est

343 1095 487 1170 quod
509 1095 776 1180 pactenus
797 1095 926 1150 dixi.
953 1094 1012 1150 Si
1034 1111 1164 1168 ergo
1183 1095 1440 1152 dimisero
1463 1094 1708 1165 peccanti
1734 1095 1790 1148 in
1818 1107 1928 1158 me,

341 1199 471 1246 tunc
491 1189 733 1262 dimittes
763 1204 828 1248 ea
880 1205 998 1262 quae
1024 1199 1214 1244 contra
1244 1197 1574 1259 praeceptum
1607 1196 1759 1248 tuum
1795 1187 1880 1258 egi
1911 1204 1926 1240 :

340 1277 397 1334 Si
418 1296 524 1338 non
555 1280 832 1352 dimisero,
874 1296 973 1350 nec
1001 1289 1058 1350 tu
1089 1280 1327 1338 dimittes
1357 1279 1509 1336 mihi.

411 1372 626 1448 Septem
688 1381 812 1432 sunt
861 1372 1151 1443 petitiones
1199 1371 1253 1426 in
1298 1371 1404 1428 hac
1453 1370 1722 1434 oratione.
1792 1368 1927 1432 Tres

337 1465 546 1535 priores
587 1464 862 1534 pertinent
909 1465 976 1518 ad
1026 1463 1264 1520 animam
1311 1469 1367 1518 et
1405 1462 1575 1516 vitam
1617 1468 1872 1520 azternam
1907 1479 1921 1514 :

548 1565 782 1630 quatuor
827 1556 1182 1628 posteriores,
1227 1555 1294 1612 ad
1334 1570 1530 1626 corpus
1577 1561 1630 1610 et
1681 1569 1924 1624 praesens

277 1643 284 1646 ’
339 1657 568 1724 tempus.
613 1645 982 1720 Sanctiﬁcatio
1026 1648 1261 1702 nominis
1314 1645 1430 1710 Dei,
1470 1653 1522 1702 et
1567 1661 1814 1717 regnum,
1865 1653 1922 1706 et

1170 244 1320 304 ore.
1361 243 1764 320 SUPPDSLTA.
1807 275 1876 306 -τ
1915 243 2044 318 un.
2088 245 2176 302 DE
2213 244 2464 314 invitus
2501 244 2804 306 OFFlCuS.

637 360 913 416 Induravit
963 359 1220 416 Dominus
1265 376 1356 414 cor
1393 358 1691 424 Pharaonis
1730 359 1926 438 (Exod.
1957 363 2012 442 ᾼ
2035 359 2180 424 trice,
2207 374 2482 432 perquam
2512 359 2668 416 nobis
2694 360 2838 416 salus
2860 368 3051 420 exorta
3073 370 3189 426 est,
3218 372 3263 414 et
3301 361 3462 416 beatis
3488 377 3618 433 apo-

3481 245 3616 304 1270

2037 447 2186 501 stolis
2210 448 2368 504 Petro
2391 458 2439 524 et
2457 446 2650 522 Paulo,
2675 458 2828 521 atque
2853 451 3063 506 Andrea
3093 452 3382 524 impetrare
3408 467 3617 508 merea~

2038 553 2179 592 mur.
2211 535 2268 593 In
2293 555 2398 610 qua
2425 539 2789 610 postulatione
2816 556 2922 616 pou
2950 548 3266 597 caeterorum
3306 549 3618 597 sanctorum

2035 630 2490 699 praetermittitur,
2546 634 2640 686 sed
2699 632 2751 688 in
2808 627 3038 702 istorum
3097 631 3614 694 commemoratione

2035 721 2216 776 omnia
2261 722 2512 795 suffragia
2557 734 2902 796 expetuntur.
2935 725 3071 794 Quia
3108 726 3183 786 ita
3210 743 3399 782 omnes
3425 726 3525 782 sibi
3559 727 3618 782 in

2035 805 2146 864 Deo
2170 811 2306 864 uniti
2331 820 2476 878 sunt,
2504 813 2579 867 ita
2607 831 2772 868 unum
2791 815 3100 872 desiderant
3121 825 3175 871 et
3195 826 3386 890 rogant
3403 832 3502 890 pro
3527 833 3616 874 sa-

2034 899 2145 955 lute
2177 901 2476 968 hominum,
2511 914 2566 958 ut
2593 905 2648 978 in
2687 921 2794 982 uno
2822 923 3012 963 omnes
3055 909 3356 964 habeantur
3387 909 3612 980 pariter,

2033 999 2087 1047 et
2141 991 2193 1045 in
2225 1009 2333 1046 uno
2363 1010 2553 1068 omnes
2587 998 2790 1076 pariter
2822 1000 3182 1072 negligantur.
3225 1001 3376 1072 Quod
3435 1009 3615 1055 autem

2031 1083 2162 1139 dicit
2206 1099 2220 1138 :
2261 1085 2345 1138 Da
2379 1087 2637 1162 propitius
2677 1107 2855 1162 pacem
2884 1093 2939 1146 in
2967 1093 3146 1147 diebus
3196 1095 3406 1148 nostris.
3453 1091 3614 1147 Juxta

2029 1175 2334 1246 exemplum
2377 1175 2645 1246 Ezechiae,
2679 1183 2770 1254 qui
2819 1199 2940 1238 cum
2989 1185 3230 1240 audisset
3279 1202 3307 1240 a
3347 1186 3616 1258 Propheta

2027 1267 2168 1322 mala
2223 1276 2464 1328 venturae
2503 1272 2852 1352 captivitatis,
2887 1275 3161 1344 respondit
3203 1294 3216 1329 :
3253 1273 3376 1331 Fiat
3431 1292 3536 1348 pax
3565 1285 3616 1332 et

2028 1360 2214 1412 veritas
2242 1359 2296 1413 in
2324 1360 2505 1416 diebus
2541 1364 2668 1417 meis
2710 1361 2816 1434 (IV
2846 1363 2971 1435 Reg.
3026 1382 3118 1431 xx,
3169 1366 3278 1438 i9),
3306 1366 3488 1420 futura
3517 1365 3612 1420 Dei

2021 1449 2226 1518 judicio
2263 1465 2572 1516 reservans,
2605 1452 2673 1508 de
2714 1457 2991 1526 praesenti,
3019 1458 3161 1525 quod
3186 1458 3254 1511 ad
3281 1473 3434 1512 suam
3461 1465 3516 1512 et
3545 1455 3614 1512 ad

2024 1545 2206 1616 populi
2232 1545 2459 1602 salutem
2481 1548 2806 1616 pertinebat,
2840 1550 3158 1620 deprecans.
3188 1550 3264 1605 Ita
3289 1560 3344 1610 et
3369 1551 3612 1606 Ecclesia

2026 1637 2350 1708 deprecatur
2397 1654 2586 1712 pacem
2636 1640 2690 1695 in
2740 1642 2931 1697 diebus
2960 1644 3181 1709 nostris,
3212 1644 3354 1716 quod
3390 1652 3444 1699 et
3490 1651 3616 1714 post

335 1715 584 1796 voluntas
607 1715 724 1809 ejus
747 1715 909 1802 bona,
939 1739 992 1794 in
1029 1737 1216 1791 electis
1247 1737 1301 1792 in
1327 1735 1507 1796 futura
1538 1715 1650 1790 vita
1675 1735 1924 1810 perﬁcie—
1952 1715 2002 1792 Β
2029 1751 2128 1793 nos
2149 1735 2261 1800 alii,
2294 1744 2344 1790 et
2373 1744 2495 1806 post
2519 1736 2664 1810 ipsos
2697 1737 2808 1804 alii,
2846 1754 3015 1816 usque
3053 1739 3118 1796 ad
3147 1715 3307 1794 ﬁnem
3337 1739 3517 1794 s'eculi
3547 1739 3616 1793 si-

336 1839 445 1886 tur.
479 1829 640 1894 Panis
679 1838 858 1902 autem
901 1839 954 1884 et
995 1829 1242 1884 remissio
1294 1837 1662 1899 peccatorum,
1713 1837 1768 1900 et
1817 1844 1923 1894 non

336 1923 517 1984 induci
563 1923 616 1976 in
650 1923 1024 1992 tentationem,
1057 1933 1112 1976 et
1139 1921 1388 1982 liberatio
1409 1936 1444 1990 ξι
1492 1919 1708 1978 diabolo
1757 1926 1814 1980 et
1852 1919 1920 1982 ab

333 2016 480 2072 omni
511 2013 843 2072 adversitate
875 2011 1034 2086 hujus
1061 2013 1265 2079 szeculi,
1306 2013 1359 2068 in
1383 2012 1641 2082 praesenti
1675 2021 1800 2068 sunt
1825 2026 1924 2068 no—

333 2106 417 2162 bis
433 2107 766 2170 necessaria,
792 2107 918 2176 quia
943 2105 999 2170 in
1025 2105 1207 2160 futura
1219 2105 1330 2160 vita
1346 2121 1452 2176 non
1470 2104 1572 2176 erit
1596 2101 1703 2158 ulla
1726 2101 1920 2178 fames,

334 2199 428 2254 sed
473 2196 696 2258 satietas
742 2205 948 2268 aeterna
1003 2197 1299 2254 electorum
1347 2195 1414 2250 de
1467 2194 1923 2265 contemplatione

334 2289 428 2350 Dei
460 2289 876 2364 omnipotentis;
915 2290 971 2364 in
1015 2290 1117 2348 hac
1148 2295 1332 2346 autem
1383 2288 1544 2362 panis
1583 2288 1921 2346 necessarius

334 2389 436 2448 est,
469 2389 522 2436 et
551 2381 820 2454 remissio,
865 2379 992 2450 quia
1042 2381 1130 2436 hic
1159 2395 1467 2452 peccamus,
1498 2388 1553 2433 et
1578 2381 1664 2438 hic
1699 2396 1922 2446 necesse

335 2483 440 2538 ρει,
509 2479 570 2532 ut
615 2472 912 2544 liberemur
969 2488 1000 2527 a
1051 2472 1250 2530 diaboli
1300 2473 1602 2548 tematione
1654 2481 1708 2525 et
1763 2472 1922 2545 hujus

334 2564 515 2622 saeculi
545 2564 912 2640 tribulatione:

401 2657 534 2730 Post
553 2659 856 2736 orationem
885 2672 1015 2732 vero
1045 2657 1380 2730 Dominicam
1409 2657 1476 2712 ad
1505 2655 1920 2728 completionem

335 2749 468 2820 tanti
500 2751 746 2822 mysterii
775 2757 889 2824 iota
925 2749 991 2820 ad
1023 2747 1192 2820 Deum
1238 2737 1414 2824 {ﬁndit
1441 2764 1631 2824 preces
1657 2748 1921 2824 Ecclesia,

333 2853 388 2899 et
417 2845 661 2914 sequitur
711 2845 765 2918 in
794 2844 1143 2912 conclusione
1172 2842 1414 2912 ejusdem
1445 2843 1721 2910 sacerdos,
1752 2850 1807 2898 et
1835 2842 1920 2914 di.—

332 2935 407 2992 cit
431 2953 443 2990 :
471 2934 656 2992 Libera
681 2951 796 3002 nos,
818 2951 1138 3008 qtttrsutttus,
1168 2933 1409 3000 Domine,
1439 2943 1493 2988 et
1520 2933 1746 3002 reliqua.
1776 2931 1924 3004 Mala

2028 1827 2228 1882 militer
2251 1827 2503 1884 orabunt.
2546 1827 2656 1886 Cur
2683 1837 2863 1884 autem
2904 1830 3073 1900 ipsam
3114 1845 3304 1900 pacem
3351 1829 3611 1901 postulet,

2027 1917 2324 1998 sul~jungit,
2375 1919 2583 1974 scilicet
2621 1937 2634 1972 :
2670 1929 2723 1973 ut
2774 1938 2887 1992 ope,
2916 1922 2970 1979 id
2993 1929 3094 1986 est,
3130 1921 3353 1987 auxilio,
3399 1929 3455 1977 et
3482 1937 3610 1993 pro-

2027 2012 2262 2067 tectione
2290 2011 2670 2074 misericordia:
2703 2011 2796 2068 Dei
2837 2013 3031 2084 adjuti,
3069 2021 3329 2084 quantum
3372 2014 3440 2068 ad
3475 2017 3614 2070 inte-

2025 2104 2223 2174 riorem
2264 2104 2540 2180 religionis
2566 2106 2903 2160 devotionem
2931 2106 3185 2180 pertinet,
3211 2107 3378 2160 simus
3409 2123 3612 2178 semper

2024 2215 2057 2252 α
2092 2208 2303 2269 peccato
2329 2196 2498 2272 liberi,
2543 2207 2802 2270 quantum
2833 2199 2902 2256 ad
2926 2201 3252 2254 exteriorem
3278 2215 3489 2276 pacem,
3528 2201 3606 2254 si-

2023 2309 2145 2352 mus
2168 2303 2217 2350 et
2237 2291 2302 2348 ab
2331 2295 2472 2368 omni
2489 2281 2492 2284 ’
2511 2293 2902 2367 perturbatione
2932 2293 3104 2366 securi
3179 2293 3436 2366 Sequitur
3468 2295 3613 2363 quod

2023 2395 2076 2440 et
2125 2386 2179 2440 in
2223 2385 2475 2460 omnibus
2515 2386 2903 2446 ecclesiasticis
2963 2386 3305 2441 orationibus
3359 2384 3610 2460 subiungi

2023 2476 2180 2541 solet,
2208 2475 2314 2530 Per
2334 2477 2616 2531 Dominum
2643 2487 2878 2532 nostrum
2906 2475 3088 2544 Iesum
3117 2476 3406 2544 Christum,
3439 2487 3494 2536 et
3525 2493 3611 2532 re-

2022 2565 2190 2636 liqua.
2223 2565 2293 2622 Ut
2319 2583 2480 2637 supra
2498 2568 2611 2638 jam
2645 2568 2900 2642 diximus.

2097 2657 2209 2712 Hac
2246 2659 2492 2712 oratione
2544 2657 2777 2730 expieta,
2811 2659 3170 2730 commiscens
3215 2661 3470 2714 sacerdos
3513 2660 3615 2714 Do-

2025 2750 2277 2804 minicam
2318 2750 2670 2824 oblationem,
2704 2759 2764 2804 ut
2797 2749 2940 2816 calix
2984 2751 3198 2810 Domini
3231 2759 3396 2808 totam
3442 2750 3614 2826 pleni-

2025 2839 2267 2912 tudinem
2321 2841 2602 2895 contineat
2651 2842 3006 2906 sacramenti,
3041 2848 3298 2914 tanquam
3326 2856 3423 2912 per
3472 2838 3615 2910 eius-

2025 2931 2147 2987 dem
2204 2931 2447 3005 mysterii
2513 2933 2914 3003 copulationem
2967 2933 3303 3004 imprecatur
3356 2931 3614 3000 Ecclesiae

331 3029 622 3100 praeterita,
672 3036 894 3104 peccata
945 3035 1218 3102 transacta
1265 3027 1658 3097 intelliguntur,
1689 3041 1918 3095 quorum
1946 3069 1994 3134 ο
2024 3041 2234 3096 pacem,
2286 3023 2663 3082 dicenszPax
2693 3026 2907 3082 Domini
2953 3027 3019 3081 sit
3072 3043 3274 3099 semper
3325 3027 3610 3082 vobiscum.

332 3118 378 3173 si
399 3119 540 3188 actio
563 3119 674 3191 jam
703 3120 936 3190 cessavit
965 3119 1017 3173 in
1047 3119 1220 3184 nobis,
1261 3127 1442 3174 tamen
1487 3126 1670 3172 reatus
1712 3119 1916 3182 manet,

332 3210 434 3266 nisi
464 3209 558 3284 Dei
590 3209 920 3288 indulgentia
965 3206 1242 3280 deleatur.’
1285 3207 1430 3281 Mala
1456 3224 1586 3263 vero
1615 3208 1918 3282 pra'sentia,

335 3303 646 3377 quotidiana
681 3312 903 3378 peccata
948 3301 1320 3373 intelliguntur
1352 3301 1406 3374 in
1438 3301 1636 3368 animo,
1667 3309 1722 3354 et
1765 3315 1921 3356 acce-

333 3399 524 3459 dentes
545 3412 687 3472 sarpe
731 3395 930 3468 diversi
954 3396 1273 3468 ianguores,
1297 3403 1352 3449 et
1377 3393 1695 3466 aiilictiones
1725 3394 1776 3447 in
1799 3408 1922 3447 cor-

330 3506 486 3563 pore,
519 3499 573 3545 et
620 3488 960 3544 extrinsecus
988 3489 1260 3546 irruentes
1314 3487 1612 3558 innumera:
1643 3485 1920 3541 calamita-

332 3590 438 3646 tes,
469 3596 590 3651 qute
635 3580 850 3654 quoties
879 3580 1134 3648 patimur,
1187 3578 1304 3647 ejus
1338 3577 1597 3650 debemus
1627 3576 1922 3646 implorare

333 3672 614 3740 auxilium,
665 3673 755 3746 qui
795 3671 943 3732 solus
967 3687 1066 3744 sua
1097 3671 1304 3744 pietate
1345 3677 1401 3740 et
1448 3671 1659 3742 animas
1689 3678 1838 3736 creat
1866 3676 1922 3723 et

335 3781 583 3838 corpora.
639 3763 849 3838 Futura
894 3764 1059 3838 mala,
1105 3779 1442 3837 quaecunque
1487 3764 1642 3822 nobis
1675 3765 1923 3834 accidere

333 3867 580 3932 possunt,
611 3859 726 3918 sive
751 3873 850 3932 per
877 3859 1204 3920 tentationes
1229 3857 1453 3924 diaboli,
1501 3858 1615 3919 sive
1639 3874 1739 3928 per
1761 3859 1922 3914 mise-

333 3953 446 4012 rias
469 3954 670 4010 saeculi.
696 3952 829 4022 Orat
854 3968 987 4026 ergo
1029 3953 1290 4019 Ecclesia,
1320 3962 1377 4008 ut
1403 3953 1546 4024 quod
1577 3953 1628 4008 in
1655 3953 1760 4008 ﬁne
1799 3969 1924 4024 ora-

333 4047 498 4104 tionis
525 4047 728 4114 dictum
755 4056 857 4120 est,
887 4047 1050 4106 libera
1097 4065 1194 4104 nos
1222 4066 1254 4103 a
1279 4047 1420 4104 malo
1453 4062 1470 4116 _:
1515 4048 1588 4112 ita
1637 4047 1794 4104 nobis
1827 4062 1923 4118 per

336 4142 433 4199 Dei
463 4141 891 4200 misericordiam
919 4149 1231 4214 praestetur,
1255 4150 1315 4197 ut
1337 4141 1632 4208 liberemur
1651 4141 1720 4195 ab
1742 4140 1921 4195 omni-

333 4233 435 4294 bus
469 4234 645 4302 malis,
674 4250 796 4306 quae
839 4235 998 4294 nobis
1037 4235 1122 4292 vel
1172 4233 1228 4290 in
1255 4233 1533 4305 praeterito
1583 4233 1919 4298 acciderunt,

333 4327 419 4384 vel
443 4329 497 4384 in
557 4329 814 4400 praesenti
865 4330 1138 4395 accidunt,
1194 4328 1277 4384 vel
1324 4327 1378 4382 in
1430 4326 1616 4382 futuro
1673 4325 1922 4382 accidere

2023 3117 2120 3178 Cui
2166 3124 2372 3186 tantum
2412 3118 2613 3173 bonum
2640 3116 2805 3171 etiam
2838 3117 3078 3172 Ecclesia
3118 3117 3470 3190 imprecatur,
3501 3133 3616 3172 res-

2020 3209 2264 3280 pondens
2304 3209 2378 3264 illi
2411 3227 2422 3262 :
2457 3208 2525 3263 Et
2555 3227 2674 3280 cum
2709 3209 2896 3282 spiritu
2929 3221 3040 3264 tuo.
3076 3209 3190 3264 Pax
3217 3210 3450 3278 Domini,
3501 3212 3614 3282 ipsa

2020 3313 2105 3360 est
2131 3319 2237 3380 pax
2284 3301 2509 3374 Christi,
2537 3320 2659 3382 quae
2687 3303 2850 3358 ﬁnem
2896 3321 3003 3360 non
3029 3305 3210 3370 habet,
3245 3314 3298 3361 et
3329 3317 3409 3362 est
3436 3307 3616 3362 omnis

2020 3397 2123 3470 pia:
2144 3395 2376 3466 actionis
2399 3395 2680 3472 perfectio.
2715 3395 2854 3468 Vera
2901 3408 3082 3452 autem
3111 3414 3214 3468 pax
3239 3399 3506 3455 unitatem
3533 3399 3614 3453 fa-

2021 3493 2113 3554 cit,
2163 3492 2432 3562 quomodo
2460 3491 2549 3561 qui
2596 3489 2826 3544 adba'ret
2857 3487 3104 3560 Domino,
3135 3507 3270 3544 unus
3300 3491 3516 3564 spiritus
3537 3501 3612 3546 est

2024 3582 2074 3652 (1
2119 3583 2242 3636 Cor.
2289 3599 2366 3647 v1,
2397 3580 2506 3652 i7).
2548 3581 2848 3650 lmprecata
2899 3581 3064 3654 igitur
3093 3597 3248 3654 pace,
3283 3584 3548 3654 incipiens
3582 3600 3610 3636 a

2023 3675 2324 3746 sacerdote,
2363 3673 2456 3727 dat
2487 3673 2589 3727 sibi
2622 3682 2809 3728 mutuo
2862 3674 3038 3728 omnis
3092 3671 3334 3728 Ecclesia
3366 3676 3612 3732 osculum

2024 3763 2193 3834 pacis,
2234 3770 2295 3832 ut
2320 3761 2572 3820 omnibus
2601 3776 2730 3815 vera
2761 3777 2892 3832 pace
2925 3762 3090 3820 unitis
3122 3762 3216 3818 ﬁat
3240 3763 3294 3817 in
3343 3765 3422 3818 eis
3458 3765 3613 3820 locus

2024 3853 2143 3919 Dei,
2170 3854 2310 3912 sicut
2331 3854 2529 3908 dicitur
2556 3872 2567 3906 :
2599 3853 2741 3911 Deus
2768 3854 2820 3908 in
2845 3852 2959 3909 loco
2985 3865 3165 3908 sancto
3195 3872 3316 3922 suo,
3343 3855 3484 3914 Deus
3521 3859 3613 3928 qui

2021 3945 2316 4000 inhabitare
2357 3943 2486 4018 facit
2532 3945 2812 4000 unanimes
2831 3946 2884 3998 in
2930 3945 3085 3998 domo
3127 3943 3300 4017 (Psal.
3327 3963 3495 4020 vait,
3532 3945 3606 4017 7).

2022 4039 2090 4093 Et
2107 4037 2209 4093 hoc
2230 4053 2297 4091 ex
2323 4037 2615 4092 traditione
2639 4037 3008 4108 apostolorum
3039 4043 3222 4092 servat
3244 4037 3499 4104 Ecclesia,
3523 4039 3608 4093 cui

2024 4131 2336 4204 frequenter
2364 4131 2431 4185 ab
2453 4130 2533 4186 eis
2559 4129 2761 4184 dicitur
2791 4149 2801 4182 :
2835 4127 3078 4183 Salutate
3100 4130 3316 4184 invicem
3346 4131 3398 4184 in
3431 4131 3618 4198 osculo,

2022 4223 2407 4297 sancto(ICor.
2438 4241 2549 4290 xvt,
2572 4221 2663 4294 20)
2692 4264 2708 4289 ,
2738 4223 2790 4277 id
2817 4231 2923 4288 est,
2947 4221 3196 4292 paciﬂco,
3227 4238 3372 4286 vero,
3403 4225 3607 4280 colum-

2023 4320 2174 4390 bino,
2215 4335 2322 4374 non
2349 4317 2500 4384 ﬁcto,
2534 4331 2640 4371 non
2668 4315 2916 4384 subdolo,
2949 4315 3094 4386 quali
3125 4323 3368 4388 utuntur,
3406 4317 3496 4390 qui
3528 4317 3608 4371 Io-

333 4423 896 4494 posseformidamup,
930 4423 1188 4494 sequia"-
1213 4441 1226 4476 ;
1255 4431 1302 4476 ει
1331 4419 1678 4480 intercedente
1703 4435 1797 4490 pro
1821 4435 1918 4473 ηο-
1946 4437 2004 4498 ι)
2022 4422 2256 4484 quuntur
2279 4427 2460 4482 pacem
2486 4425 2604 4462 cum
2633 4407 2875 4479 proximo
2901 4423 3018 4472 suo,
3046 4405 3195 4498 mala
3219 4417 3390 4466 autem
3413 4417 3534 4460 sunt
3557 4409 3611 4461 in

335 4517 435 4582 bis,
466 4525 599 4581 etc.,
650 4531 841 4585 usque,
895 4518 1088 4574 securi.
1123 4517 1385 4587 Praecepit
1419 4515 1680 4576 Dominus
1726 4514 1922 4586 pupulo

2029 4503 2269 4559 cordibus
2310 4502 2524 4558 illorum
2579 4499 2750 4572 (Psal.
2805 4515 2978 4564 xxvu,
3007 4499 3084 4570 3).
3139 4497 3219 4556 illi
3267 4516 3396 4580 ergo
3425 4500 3612 4554 osculo

333 4607 522 4674 lsrael,
565 4623 687 4664 cum
715 4616 990 4666 teneretur
1023 4609 1348 4681 Babylonica
1379 4608 1663 4673 servitute,
1701 4616 1760 4662 ut
1793 4623 1920 4678 nra-

337 4708 458 4756 rent
483 4716 582 4770 pro
609 4715 745 4770 pace
793 4700 963 4770 ipsius
991 4700 1248 4763 civitatis,
1275 4699 1419 4771 quod
1456 4698 1510 4754 in
1538 4713 1691 4770 pace,
1725 4697 1920 4768 inquit,

337 4791 604 4862 ejus,erit
631 4808 738 4864 pax
767 4801 983 4855 vestra;
1007 4800 1062 4848 et
1083 4790 1374 4861 Apostolus
1394 4791 1645 4846 hortatur
1671 4789 1787 4846 ﬁeri
1805 4805 1924 4846 ora-

340 4885 511 4940 tiones
541 4899 640 4955 pro
667 4885 916 4940 omnibus
948 4883 1280 4949 hominibus,
1322 4897 1418 4954 pro
1458 4882 1677 4956 regibus
1725 4890 1778 4939 et
1833 4883 1918 4938 his

337 4974 429 5046 qui
459 4974 514 5030 in
543 4974 873 5031 sublimitate
899 4983 1045 5040 sunt,
1079 4983 1139 5028 ut
1176 4975 1416 5045 quietam
1468 4982 1523 5028 et
1571 4973 1916 5044 tranquillam

339 5068 502 5128 vitam
532 5082 774 5139 agamus.
806 5065 966 5122 Juxta
993 5068 1137 5126 hanc
1163 5065 1394 5122 formam
1422 5066 1652 5136 populus
1682 5067 1918 5124 ﬁdelium

339 5160 393 5218 in
415 5160 574 5231 hujus
595 5159 776 5220 muli
803 5160 1261 5233 peregrinatione,
1279 5169 1534 5228 tanquam
1565 5161 1620 5214 in
1645 5159 1920 5230 Babylone

341 5257 604 5328 captivus,
631 5263 688 5312 et
732 5270 980 5326 superna:
1028 5253 1220 5324 patria:
1268 5252 1563 5322 inspirans,
1591 5260 1713 5306 orat
1757 5252 1922 5306 etiam

341 5362 438 5416 pro
464 5361 596 5417 pace
633 5346 917 5416 temporali
963 5363 977 5399 :
1011 5361 1080 5402 ne
1107 5341 1436 5414 impediatur
1463 5360 1494 5400 a
1547 5342 1834 5414 spirituali,
1866 5350 1927 5398 ut

344 5439 564 5506 remotis
606 5453 705 5512 per
747 5439 842 5496 Dei
871 5438 1129 5510 pietatem
1177 5436 1429 5496 omnibus
1485 5434 1924 5502 adversitatibus,

344 5529 580 5600 quietam
629 5538 685 5585 et
723 5529 1074 5600 tranquillam,
1112 5529 1276 5582 vitam
1335 5535 1461 5599 agat
1502 5526 1763 5582 Ecclesia.
1813 5524 1926 5581 Hoc

345 5627 526 5676 autem
568 5622 936 5694 paucissimis,
979 5621 1074 5676 sed
1103 5618 1550 5676 eminentissimis
1592 5617 1799 5672 sanctis
1828 5630 1927 5670 no-

349 5715 570 5771 minatis
594 5723 817 5782 exorat,
870 5726 926 5768 ut
957 5713 1308 5770 intercedente
1360 5711 1412 5766 in
1442 5709 1634 5784 primis
1663 5708 1760 5763 Dei
1784 5708 1930 5780 geni-

2025 4606 2212 4666 sancto
2259 4594 2499 4651 salutant
2545 4593 2798 4656 invicem,
2843 4594 2932 4663 qui
2959 4608 3062 4644 non
3091 4589 3314 4661 diligunt
3337 4587 3489 4646 uerbo
3519 4607 3610 4644 nec

2023 4690 2228 4760 lingua,
2255 4689 2345 4744 sed
2373 4703 2524 4760 apere
2560 4695 2608 4741 et
2635 4687 2848 4744 veritate
2879 4683 2931 4754 (1
2953 4681 3113 4738 Joan.
3141 4701 3221 4748 tu,
3251 4683 3360 4754 18).

2097 4784 2242 4840 Inter
2265 4784 2382 4838 haec
2421 4788 2675 4835 cantatur
2695 4780 2764 4833 ab
2796 4777 3068 4843 omnibus,
3099 4784 3154 4831 et
3181 4778 3454 4831 cantando
3491 4789 3609 4829 ora-

2026 4885 2134 4942 tur,
2167 4873 2469 4932 dicentibus
2501 4889 2512 4924 :
2538 4870 2716 4941 Agnus
2741 4865 2864 4934 Dei,
2889 4870 2976 4938 qui
3003 4867 3141 4922 tollis
3164 4877 3376 4940 peccata
3401 4867 3607 4932 mundi,

2026 4978 2083 5032 et
2127 4969 2354 5038 reliqua.
2387 4963 2576 5019 Nullus
2605 4963 2752 5026 enim
2802 4961 2941 5017 tollit
2965 4969 3206 5032 peccata,
3261 4961 3364 5015 nisi
3406 4959 3492 5016 ille
3523 4975 3610 5015 so-

2028 5061 2132 5126 lus,
2163 5060 2248 5114 cui
2271 5057 2476 5112 nullum
2506 5057 2706 5110 bonum
2735 5053 2969 5110 hominis
3001 5051 3330 5124 impossibile
3352 5057 3456 5118 est,
3489 5050 3609 5106 nul-

2029 5154 2140 5206 lum
2188 5149 2388 5204 malum
2448 5145 2764 5203 insanabile.
2820 5144 3100 5214 Quomodo
3145 5150 3324 5197 autem
3381 5152 3606 5214 peccata

2032 5241 2217 5310 mundi
2263 5239 2435 5305 tollat,
2486 5237 2723 5294 Joannes
2771 5237 2824 5292 in
2872 5235 3195 5306 Apocalypsi
3237 5235 3605 5299 demonstrat,

2031 5331 2134 5401 Qui
2158 5332 2338 5386 dilexit
2373 5348 2489 5408 nos,
2517 5331 2782 5401 inquiens,
2809 5339 2858 5386 et
2886 5327 3009 5383 lavit
3048 5344 3140 5382 nos
3187 5345 3218 5379 a
3257 5326 3481 5398 peccatis
3512 5342 3607 5380 no-

2028 5426 2152 5480 stris
2177 5427 2232 5481 in
2252 5427 2507 5498 sanguine
2528 5441 2624 5479 suo
2654 5423 2836 5495 (Apoc.
2865 5438 2903 5487 ι,
2927 5419 3004 5499 5),
3032 5420 3248 5492 quando
3281 5418 3456 5490 ipsum
3479 5431 3608 5473 san-

2027 5522 2246 5594 guinem
2273 5520 2420 5576 dedit
2443 5536 2543 5590 pro
2564 5519 2719 5573 nobis
2742 5517 2796 5571 in
2824 5529 3004 5578 cruce,
3035 5513 3118 5569 vel
3143 5501 3359 5583 quando
3380 5515 3610 5584 quisque

2028 5624 2274 5668 nostrum
2305 5613 2362 5667 in
2388 5613 2648 5684 mysterio
2675 5624 2844 5664 sacrae
2869 5606 3138 5677 passionis
3179 5605 3324 5662 illius
3353 5605 3606 5678 baptismi

2029 5706 2187 5784 aquis
2229 5705 2445 5776 ablutus
2477 5713 2560 5759 est
2588 5720 2601 5755 :
2636 5716 2822 5756 verum
2855 5701 3018 5754 etiam
3045 5701 3286 5776 quotidie
3315 5699 3452 5756 tollit
3476 5713 3606 5774 pec-
