4032 6354
440 267 574 331 ﬂ”

1296 277 1359 333 Β.
1402 279 1465 334 F.
1505 275 1736 335 ALBINI
1775 278 1910 336 SEU
1949 276 2230 338 ALCUINI
2268 277 2557 340 OPERUM
2594 279 2776 338 ΡΑιιε
2814 282 2905 339 IX.

3596 288 3748 343 12Ἶὲ

437 399 559 445 cata
598 390 806 456 mundi,
852 390 1105 462 lavatque
1158 407 1309 447 nosa
1336 392 1576 461 peccatis
1624 391 1825 446 nostris
1852 391 2032 460 quoti-
2057 395 2112 455 Α
2137 391 2415 463 Virginem
2460 393 2636 459 venit,
2678 394 2903 449 dicens:
2959 394 3094 447 Ecce
3138 396 3417 465 concipies,
3467 408 3516 451 et
3560 401 3749 469 paries

439 484 617 540 dianis
646 485 701 539 in
725 487 989 557 sanguine
1010 503 1128 551 suo,
1146 503 1268 542 cum
1283 487 1439 556 cujus
1457 486 1703 556 ejusdem
1720 487 1894 544 beatae
1913 504 2035 560 pas-

434 578 609 633 sionis
635 578 702 633 ad
735 579 907 635 altare
937 580 1200 634 memoria
1231 578 1541 649 replicatur.

505 669 637 726 Post
662 671 778 726 hac
804 682 1021 742 sumpta
1063 672 1418 737 eucharistia,
1450 673 1505 727 id
1532 681 1635 739 est,
1660 673 1803 729 bona
1834 674 2032 744 gratia,

434 761 635 833 (gratia
662 762 809 817 enim
855 761 952 817 Dei
978 777 1078 832 pro
1106 763 1363 818 omnibus
1413 764 1652 833 gustavit
1699 762 1949 836 mortem)
1981 770 2036 819 et

433 852 712 931 celebrata
764 853 1063 921 gratiarum
1112 854 1346 919 actione,
1378 855 1738 925 respondetur
1764 855 1831 908 ab
1858 855 2033 909 omni-

430 946 556 1011 bus,
583 945 769 1001 Amen.
819 946 947 1001 Haec
991 948 1139 1001 enim
1168 947 1316 1002 clara
1347 962 1452 1001 vox
1484 947 1766 1018 sanguinis
1798 945 2030 1014 Christi,

430 1054 596 1110 quam
623 1040 843 1109 sanguis
873 1040 976 1095 iste
1007 1040 1265 1111 exprimit
1287 1054 1355 1095 ex
1384 1055 1481 1095 ore
1523 1039 1784 1105 ﬁdelium,
1839 1041 2029 1096 eodem

429 1132 694 1203 sanguine
744 1131 1166 1202 redemptorum.
1213 1130 1408 1186 Finitis
1478 1132 1767 1198 omnibus,
1826 1133 2028 1187 astanti

429 1233 487 1279 et
536 1225 844 1280 observanti
890 1224 1087 1295 populo
1140 1224 1411 1280 absolutio
1466 1225 1646 1289 datur,
1699 1225 2029 1285 inclamante

429 1316 671 1374 Diacono
700 1334 713 1371 :
745 1315 852 1382 Ite,
884 1318 1049 1372 missa
1092 1326 1188 1371 est.
1228 1315 1393 1372 Missa
1439 1332 1571 1390 ergo
1596 1317 1731 1373 nihil
1768 1318 1912 1374 aliud
1943 1321 2029 1374 in-

432 1406 715 1480 telligitur,
745 1402 906 1479 quam
959 1408 1225 1473 dimissio,
1272 1407 1326 1463 id
1373 1417 1477 1473 est,
1525 1409 1812 1475 absolutio,
1860 1427 2027 1481 quam

429 1500 724 1557 celebratis
766 1501 1039 1566 omnibus,
1067 1508 1193 1556 tunc
1220 1501 1481 1557 diaconus
1510 1516 1633 1557 esse
1683 1504 2020 1574 pronuntiat,

382 1584 392 1593 ’
428 1610 553 1651 cum
573 1595 805 1665 populus
833 1612 864 1651 a
894 1595 1121 1651 solemni
1151 1595 1534 1653 observatione
1557 1598 1870 1653 dimittitur.
1904 1598 2021 1655 Un-

2135 484 2328 553 filium,
2362 500 2555 556 usque,
2592 487 2701 558 ipse
2725 488 2862 542 enim
2885 486 3090 542 salvum
3122 489 3279 557 faciet
3301 491 3557 561 populum
3580 510 3749 548 sum

2135 594 2169 631 a
2190 579 2415 648 peccatis
2437 595 2619 633 eorum
2642 578 2796 651 (Luc.
2826 596 2868 645 ι,
2895 580 3009 650 51).
3040 580 3195 635 Iesus
3224 580 3516 647 llebraice,
3547 583 3749 644 εγω

2136 666 2315 735 Soter,
2344 668 2538 725 Latine
2572 668 2819 725 Salvator
2848 671 3068 727 dicitur.
3101 670 3343 727 Christus
3375 674 3591 739 Graec.
3632 677 3750 733 He—

2132 760 2316 816 braice
2354 760 2598 827 Messias,
2636 761 2831 816 Latine
2869 761 3092 817 Unctus.
3136 762 3253 819 Non
3284 764 3386 820 fuit
3412 776 3605 823 autem
3637 784 3746 824 un-

2133 862 2253 908 ctus
2276 853 2396 908 oleo
2422 854 2642 920 visibili,
2689 855 2830 910 sicut
2861 856 3187 927 patriarcha:
3214 867 3272 913 et
3298 860 3612 930 propheta},
3642 864 3743 932 qui

2133 944 2373 1015 antiquis
2400 946 2737 1016 temporibus
2758 948 2877 1004 oleo
2901 951 3259 1019 ungehantur.
3286 951 3362 1006 De
3392 955 3598 1023 quibus
3624 955 3743 1024 ipse

2131 1032 2393 1090 Dominus
2434 1037 2604 1092 dicit:
2639 1037 2821 1093 Nolite
2868 1050 3082 1110 tangere
3126 1038 3365 1097 Christos
3406 1061 3575 1109 meos,
3630 1056 3744 1103 etc.

2134 1123 2310 1195 (Psal.
2336 1142 2446 1191 CIV,
2474 1127 2585 1199 15),
2618 1127 2711 1184 sed
2733 1129 2856 1185 oleo
2877 1131 3155 1196 invisibili,
3182 1132 3236 1187 id
3260 1141 3363 1197 est,
3396 1134 3746 1205 plenitudine

2132 1215 2367 1287 Spiritus
2420 1220 2615 1274 sancti.
2671 1220 2825 1277 Unde
2881 1220 3171 1278 Psalmista
3201 1243 3214 1278 :
3248 1222 3409 1279 Unxit
3451 1236 3503 1280 te
3554 1227 3740 1295 Dm,

2130 1307 2271 1363 Deus
2310 1319 2430 1366 tuus
2473 1311 2587 1366 oleo
2630 1311 2829 1368 lwtitite
2867 1331 2976 1385 pra:
3020 1316 3365 1386 participibus
3407 1320 3516 1372 tuis
3556 1319 3740 1389 (Psal.

2127 1415 2275 1465 κων,
2308 1400 2384 1472 8).
2421 1399 2666 1458 Unicum.
2717 1404 2922 1460 Unicus
2970 1407 3188 1471 dicitur,
3229 1408 3356 1477 quia
3402 1410 3608 1466 unicus
3654 1420 3741 1465 est

2127 1487 2238 1543 Deo
2280 1490 2451 1546 Patri.
2484 1492 2551 1546 Et
2582 1494 2775 1550 unicus
2813 1504 2897 1550 est
2921 1496 3031 1551 Deo
3062 1496 3232 1564 Patri,
3261 1500 3387 1570 quia
3413 1515 3519 1556 nec
3542 1502 3741 1557 habuit

2125 1580 2291 1638 Pater
2338 1582 2535 1639 Filium
2575 1594 2702 1641 ante
2751 1587 2924 1652 illum,
2981 1605 3083 1645 nec
3130 1600 3288 1660 post;
3339 1609 3517 1664 neque
3562 1606 3743 1652 mater

426 1686 495 1743 de
525 1695 581 1741 et
611 1686 833 1741 Missam
860 1688 1348 1741 catechumenorum
1371 1703 1609 1743 canones
1640 1688 1847 1755 dicunt,
1880 1704 2021 1759 quo-

2123 1675 2391 1733 similiter.
2433 1678 2715 1735 Dominum
2751 1692 3017 1737 nostrum.
3079 1685 3341 1741 Dominus
3390 1697 3584 1744 noster
3631 1701 3739 1756 est,

427 1781 574 1836 niam
621 1791 746 1853 post
791 1782 1056 1854 evangelii
1100 1782 1389 1837 lectionem
1442 1783 1711 1853 incipiunt
1754 1783 2022 1839 celebrari
2055 1757 2106 1819 Β
2131 1771 2222 1839 qui
2269 1772 2583 1828 ἀοηὶίηθῑυι*
2625 1775 2801 1830 nostri
2838 1776 2891 1829 in
2921 1777 3175 1832 omnibus
3204 1781 3478 1836 creaturis
3507 1782 3738 1837 visibili-

424 1889 581 1930 sacra
612 1875 893 1945 mysteria,
925 1875 1121 1945 quibus
1175 1875 1385 1929 nullum
1416 1875 1519 1928 nisi
1569 1875 1905 1943 baptizatum
1934 1876 2023 1930 in-

424 1974 635 2021 teresse
686 1966 813 2020 licet
844 1984 857 2019 :
891 1973 1020 2020 tunc
1056 1965 1202 2020 enim
1237 1965 1510 2020 clamante
1559 1965 1809 2029 diacono,
1851 1965 2022 2019 iidem

419 2060 799 2115 catechumeni
843 2060 1203 2116 mittebantur
1248 2058 1414 2114 foras.
1474 2056 1636 2113 Missa
1691 2073 1822 2130 ergo
1877 2069 2026 2114 cate-

422 2150 818 2205 ehumenorum
850 2148 1014 2205 ﬁebat
1046 2159 1175 2206 ante
1203 2150 1475 2205 actionem
1510 2157 2020 2217 sacramentorum;

420 2242 587 2297 Missa
615 2241 856 2297 ﬁdelium
885 2249 1008 2312 post
1038 2240 1435 2297 oonfectionem
1461 2250 1517 2296 et
1545 2242 2022 2312 participationem

419 2333 737 2389 eorumdem
781 2342 1273 2390 sacramentorum.
1320 2333 1419 2388 Vel
1466 2334 1633 2389 missa
1675 2342 1783 2398 est,
1813 2332 1867 2387 id
1914 2342 2019 2398 est,

417 2422 658 2489 directa;
694 2425 809 2480 sive
852 2425 1020 2480 missa
1048 2432 1152 2492 est,
1185 2424 1241 2480 id
1266 2432 1365 2488 est,
1399 2422 1642 2493 perfecta
1679 2432 1765 2479 est
1796 2439 1896 2494 pro
1922 2438 2021 2478 no-

416 2517 506 2575 bis
534 2517 738 2574 oblatio
772 2525 830 2575 et
855 2517 1048 2574 oratio.

906 2629 1071 2701 509
1100 2627 1330 2685 CAPUT
1384 2626 1520 2683 XLI.
2024 2652 2039 2706 ἓ

1006 2713 1031 2742 α
1067 2715 1134 2756 DE
1170 2715 1427 2756 SYIIBOLO.

490 2793 809 2868 Symbolum
852 2793 1073 2860 Graece,
1111 2793 1305 2848 Latine
1337 2791 1578 2857 collatio,
1627 2789 1741 2846 sive
1777 2789 2013 2860 signum,

414 2886 501 2943 vel
555 2886 835 2942 indicium.
885 2884 1189 2950 Indicium,
1244 2883 1370 2953 quia
1420 2882 1494 2936 ibi
1546 2878 1820 2935 indicatur
1880 2879 2018 2937 ﬁdes

415 2989 620 3035 sanctae
663 2977 973 3043 Trinitatis,
1001 2976 1237 3047 qualiter
1272 2975 1465 3031 debeat
1490 2973 1639 3029 credi
1670 2973 1834 3029 Pater
1858 2972 2015 3043 inge-

413 3071 583 3136 nitus,
636 3068 806 3124 Filius
845 3068 1080 3139 genitus,
1133 3064 1369 3137 Spiritus
1412 3072 1636 3120 sanctus
1680 3065 1748 3119 ab
1778 3071 2015 3133 utroque

2026 2568 2045 2619 i‘

2044 3115 2091 3180 C

2126 1864 2229 1916 bus
2272 1871 2327 1918 et
2376 1863 2759 1920 invisibilibus.
2815 1866 2919 1932 Qui
2964 1878 3240 1940 conceptus
3288 1881 3363 1924 est
3413 1872 3480 1926 de
3523 1871 3737 1943 Spiritu

2126 1965 2329 2022 sancto,
2378 1955 2559 2024 idest,
2590 1972 2756 2027 opere
2810 1968 2863 2014 et
2909 1961 3216 2016 ministerio
3252 1961 3493 2032 Spiritus
3537 1967 3735 2020 sancti.

2126 2045 2195 2100 Et
2226 2047 2269 2101 si
2303 2056 2600 2116 conceptus
2638 2057 2725 2103 est
2755 2064 2786 2103 a
2818 2048 3046 2119 Spiritu,
3082 2066 3252 2120 quare
3278 2068 3384 2108 non
3411 2054 3620 2109 dicitur
3648 2054 3736 2109 Fi-

2127 2136 2233 2194 lius
2273 2137 2509 2209 Spiritus
2539 2140 2749 2195 sancti?
2818 2139 2926 2196 Sed
2956 2142 3235 2197 sciendum
3264 2146 3393 2215 quia
3425 2161 3535 2200 non
3562 2163 3731 2203 omne

2127 2232 2272 2303 quod
2298 2231 2365 2285 ab
2387 2231 2569 2301 aliquo
2596 2232 2864 2297 nascitur,
2898 2234 3015 2304 ejus
3042 2233 3187 2290 ﬁlius
3207 2237 3547 2307 appellatur;
3578 2238 3731 2293 verbi

2124 2324 2324 2394 gratia,
2377 2323 2623 2378 nascitur
2661 2323 2891 2394 capillus
2920 2340 2987 2379 ex
3029 2327 3235 2397 capite,
3268 2328 3361 2382 sed
3394 2344 3507 2384 non
3532 2328 3735 2385 dicitur

2126 2411 2271 2467 ﬁlius
2318 2412 2535 2483 capitis.
2588 2412 2851 2470 Similiter
2899 2418 3143 2471 nascitur
3188 2419 3383 2489 unguis
3424 2434 3495 2475 ex
3544 2436 3734 2485 manu,

2129 2508 2224 2563 sed
2262 2523 2370 2563 non
2412 2506 2615 2563 dicitur
2656 2507 2799 2564 ﬁlius
2827 2525 3042 2564 manus.
3081 2508 3256 2565 Natus
3285 2528 3349 2567 ea:
3386 2511 3569 2567 Maria
3613 2512 3734 2567 Vir-

2124 2600 2264 2669 gine,
2290 2599 2585 2654 secundum
2616 2615 2860 2666 carnem,
2897 2601 3026 2671 quia
3050 2600 3210 2658 beata
3239 2603 3412 2658 Maria
3440 2606 3600 2675 virgo
3632 2605 3733 2661 fuit

2031 2692 2039 2730 ε
2124 2699 2253 2746 ante
2301 2700 2538 2762 partum,
2582 2702 2638 2747 et
2682 2692 2736 2748 in
2783 2703 2966 2763 partu,
3014 2700 3069 2748 et
3095 2703 3217 2765 post
3242 2705 3487 2766 partum.
3530 2695 3734 2752 Beatus

2122 2783 2458 2855 Augustinus
2487 2784 2619 2839 dicit
2648 2784 2721 2839 ibi
2750 2800 2915 2841 unam
2952 2788 3438 2857 comparationem.
3470 2786 3573 2843 Est
3604 2805 3729 2860 spe-

2125 2877 2307 2933 culum
2346 2877 2402 2933 in
2440 2877 2619 2949 aliqua
2660 2880 2842 2946 domo,
2877 2880 3045 2935 intrat
3077 2880 3274 2952 aliquis
3302 2885 3358 2939 in
3391 2881 3569 2948 illam,
3610 2900 3732 2938 um-

2120 2972 2222 3028 bra
2263 2971 2379 3040 ejus
2424 2988 2695 3043 apparens
2724 2975 2778 3029 in
2809 2974 3052 3045 speculo,
3092 2976 3313 3046 quando
3341 2976 3657 3045 ingreditur
3682 2988 3735 3031 et

2121 3065 2421 3137 egreditur,
2462 3082 2569 3121 non
2608 3067 2811 3139 frangit
2852 3069 2983 3123 illud
3033 3071 3353 3141 speculum:
3379 3073 3639 3128 similiter
3681 3074 3735 3129 in

411 3160 733 3231 procedens.
774 3156 1019 3227 Signum,
1056 3157 1183 3225 quia
1209 3156 1521 3228 quicunque
1548 3155 1667 3210 haac
1692 3154 1858 3210 verba
1885 3167 2015 3222 pro-
2044 3154 2091 3180 “
2127 3159 2375 3226 Domino,
2412 3160 2466 3214 in
2499 3161 2676 3217 eundo
2710 3169 2765 3217 et
2794 3163 3072 3219 redeundo
3093 3172 3282 3219 uterus
3326 3166 3617 3237 virginalis
3656 3169 3735 3223 in-

412 3250 541 3317 fert,
570 3251 809 3307 ostendit
838 3267 897 3305 se
927 3252 993 3305 ad
1022 3250 1195 3305 Deum
1242 3249 1330 3304 vel
1372 3249 1441 3304 ad
1473 3263 1761 3303 numerum
1791 3248 2015 3303 creden-

413 3344 551 3398 tium
584 3342 878 3413 pertinere.
920 3341 1149 3396 Collatio
1175 3341 1375 3397 dicitur
1403 3338 1743 3396 conferentia
1767 3339 1852 3396 vel
1880 3336 2035 3396 con?

414 3435 597 3491 ductio
618 3434 914 3490 verborum
942 3435 999 3489 in
1029 3450 1194 3489 unum
1221 3432 1384 3488 facta.
1406 3432 1610 3488 Beatus
1630 3432 2013 3503 Augustinush

414 3538 470 3586 et
511 3529 747 3598 majores
790 3529 962 3584 nostri
1005 3529 1247 3594 tradunt,
1293 3528 1421 3598 quia
1460 3535 1750 3599 postquam
1783 3525 2015 3598 apostoli

413 3633 745 3696 acceperunt
787 3622 1052 3693 Spiritum
1084 3631 1353 3688 sanctum,
1383 3621 1681 3693 profecturi
1709 3621 1766 3676 in
1794 3634 2014 3675 omnem

414 3727 622 3773 terram
649 3715 906 3770 dixerunt
939 3715 1144 3769 bonum
1167 3728 1305 3779 esse,
1337 3711 1466 3785 [ut,j
1497 3712 1623 3781 quia
1651 3728 1817 3766 unum
1840 3710 2015 3765 Deum

415 3810 730 3872 credebant,
766 3822 931 3862 unam
959 3805 1121 3862 ﬁdem
1147 3805 1528 3877 praedicarent.
1566 3804 1862 3861 Duodecim
1886 3818 2017 3874 apo-

416 3899 543 3959 stoli
586 3900 839 3966 fuerunt,
890 3899 1177 3955 duodecim
1225 3898 1392 3953 verba
1442 3904 1903 3967 composuerunt,
1961 3904 2017 3950 et

417 3996 879 4052 denuntiaVerunt
910 4009 1020 4049 non
1043 4007 1107 4047 ea
1137 3992 1338 4063 scripta
1362 3991 1565 4047 habere
1589 3992 1644 4045 in
1671 3990 2019 4046 membranu-

411 4088 512 4156 lis,
554 4089 649 4145 sed
686 4088 741 4143 in
782 4087 985 4143 tabulis
1023 4086 1204 4142 cordis
1241 4085 1519 4141 retinere:
1555 4082 1694 4151 Quia
1726 4084 1881 4138 corde
1903 4099 2016 4138 cre-

410 4181 560 4236 ditur
587 4182 657 4236 ad
672 4180 965 4251 justitiam,
991 4196 1080 4233 ore
1099 4188 1273 4232 autem
1298 4178 1555 4247 confessio
1584 4177 1649 4246 ﬁt
1678 4177 1746 4230 ad
1767 4176 2011 4231 salutent.

482 4269 652 4327 Credo
691 4274 749 4326 in
791 4271 984 4326 Deum.
1023 4269 1207 4334 Aliud,
1246 4268 1410 4324 credo
1452 4267 1583 4333 Deo,
1637 4266 1780 4321 aliud
1818 4266 2011 4330 Deum,

374 4360 377 4367 λ
413 4375 468 4422 ει
497 4364 645 4421 aliud
678 4364 732 4420 in
770 4363 965 4419 Deum.
998 4362 1174 4418 Credo
1214 4361 1325 4417 Deo
1371 4362 1555 4416 omnia
1597 4360 1795 4425 inesse,
1850 4359 2015 4415 credo

409 4457 580 4513 Deum
608 4471 738 4511 vera
763 4453 970 4517 dicere,
1008 4454 1171 4508 credo
1197 4452 1253 4506 in
1280 4452 1475 4519 Deum,
1528 4452 1581 4506 id
1624 4458 1706 4507 est
1741 4452 2013 4507 credendo

409 4546 562 4602 illum
594 4546 778 4617 diligo.
820 4542 1041 4597 Patrem
1078 4543 1503 4613 omnipotentem.
1533 4542 1699 4597 Pater
1724 4542 2010 4597 relativum

319 4613 390 4709 ,χχ
410 4626 621 4695 nomen
657 4613 744 4693 est
787 4654 818 4692 a
863 4636 994 4691 ﬁlio.
1075 4636 1240 4692 Pater
1284 4637 1483 4692 dicitur
1527 4652 1593 4692 eo
1628 4638 1773 4709 quod
1814 4638 2015 4693 habeat

340 4726 361 4770 ’ἷ
409 4730 601 4785 tilium.
642 4728 759 4785 Non
806 4729 951 4784 enim
994 4735 1171 4799 potest
1208 4729 1311 4784 dici
1353 4728 1537 4797 Pater,
1577 4730 1682 4784 nisi
1715 4730 1915 4785 habeat
1945 4728 2010 4784 ﬁ-

410 4821 574 4887 lium,
632 4834 809 4891 neque
859 4818 1035 4885 ﬁlius,
1106 4819 1209 4874 nisi
1268 4820 1467 4874 habeat
1526 4828 1755 4891 patrem.
1828 4818 2012 4873 Omni-

408 4923 685 4985 potentem.
736 4910 1090 4983 Omnipotens
1140 4911 1343 4967 dicitur
1384 4927 1449 4965 eo
1499 4912 1644 4981 quod
1685 4910 1867 4966 omnia
1919 4926 2015 4980 po-

412 5015 535 5062 test.
564 5006 631 5062 Et
666 5022 837 5078 quare
867 5006 1070 5061 dicitur
1097 5007 1472 5077 omnipotens,
1518 5021 1641 5061 cum
1691 5005 1871 5059 omnia
1904 5021 2012 5060 non

407 5100 619 5171 possit?
664 5099 878 5157 Mentiri
930 5115 1037 5155 non
1088 5108 1290 5170 potest,
1345 5099 1471 5169 quia
1514 5099 1872 5155 immutabilis
1903 5106 2007 5154 est.

411 5193 517 5248 Sed
565 5194 843 5249 sciendum
892 5195 1020 5263 quia
1069 5192 1332 5263 quidquid
1375 5192 1525 5247 illum
1562 5193 1753 5257 decet,
1807 5202 2005 5261 potest.

410 5284 479 5339 In
522 5284 705 5340 Jesum
749 5283 1019 5340 Christum
1065 5281 1271 5338 Filium
1320 5285 1459 5354 ejus,
1509 5283 1755 5349 subaudi,
1807 5285 2001 5339 credo.

409 5372 565 5429 Iesus
588 5390 783 5431 nomen
809 5383 890 5431 est
917 5374 1273 5431 humanitatis
1300 5383 1591 5445 assumpta:
1615 5390 1645 5429 a
1668 5375 1879 5430 Verbo.’
1896 5376 2004 5431 An-

410 5466 563 5536 gelus
607 5467 863 5538 imposuit
904 5469 955 5523 ei
984 5468 1088 5523 hoc
1130 5481 1349 5531 nomen,
1400 5468 1617 5536 quando
1648 5467 1734 5535 ,ad
1778 5466 2004 5523 Mariam

484 5615 511 5643 ι
539 5602 734 5686 Capita
773 5618 871 5658 sex
911 5604 1203 5674 sequentia.
1230 5603 1468 5673 primum
1495 5618 1527 5657 a
1556 5601 1900 5669 Quercetano
1936 5619 2003 5657 ex

413 5687 516 5727 ιιιε.
550 5683 801 5729 restituta
832 5684 978 5730 sunt.

488 5743 515 5782 δ
543 5735 672 5803 Haec
705 5754 925 5813 accepta
964 5746 1219 5802 videntur
1245 5761 1313 5803 ex
1345 5762 1511 5803 serm.
1546 5746 1612 5801 de
1642 5743 1889 5815 symbolo
1917 5746 2002 5800 in-

2124 3260 2276 3323 teger
2319 3254 2643 3322 permansit.
2695 3250 2898 3308 Passus
2931 3256 3025 3310 sub
3065 3253 3259 3311 Pontio
3297 3253 3507 3323 Pilato,
3538 3273 3733 3314 secuno

2122 3343 2252 3396 dum
2278 3342 2697 3409 humanitatem,
2727 3344 2853 3415 quia
2886 3344 3161 3416 lapidatus
3198 3355 3308 3412 est,
3351 3349 3529 3419 virgis
3557 3364 3732 3405 cassus

2121 3444 2228 3501 est,
2260 3445 2452 3507 sputus
2481 3445 2586 3503 est,
2618 3445 2676 3492 et
2705 3437 2922 3504 irrisus,
2962 3440 3255 3509 multisque
3287 3442 3613 3497 verberibus
3656 3443 3732 3496 af-

2122 3522 2322 3591 ﬂictus,
2363 3526 2458 3579 sed
2500 3526 2753 3582 divinitas
2785 3526 2931 3583 illius
2968 3528 3325 3599 impassibilis
3361 3532 3590 3587 mansit.
3625 3532 3726 3586 De-

2122 3632 2245 3671 mus
2274 3616 2399 3672 inde
2428 3618 2910 3688 comparationem.
2953 3618 3146 3675 Incidit
3186 3621 3310 3691 quis
3354 3622 3637 3689 arborem,
3679 3623 3729 3677 in

2122 3725 2229 3780 qua
2252 3708 2441 3766 radius
2471 3710 2600 3766 solis
2637 3719 2746 3765 stat
2774 3730 2785 3765 :
2819 3712 2979 3767 arbor
3010 3712 3291 3780 inciditur,
3322 3722 3510 3770 tamen
3541 3717 3731 3771 radius

2121 3801 2253 3856 solis
2292 3801 2429 3856 nihil
2458 3802 2587 3856 mali
2615 3804 2838 3873 patitur.
2885 3802 2977 3861 Sic
3024 3804 3286 3861 Dominus
3327 3806 3487 3863 Jesus
3531 3824 3729 3864 secun-

2121 3893 2250 3947 dum
2271 3893 2669 3949 humanitatem
2692 3910 2891 3965 passus
2921 3904 3021 3959 est,
3051 3897 3350 3952 secundum
3379 3900 3728 3956 divinitatem

2121 3984 2471 4055 impassibilis
2517 3987 2739 4041 mansit.
2788 3987 3011 4044 Pontius
3055 3988 3261 4045 Pilatus
3298 3993 3587 4063 proprium
3630 4010 3729 4049 no-

2121 4093 2244 4131 men
2272 4087 2355 4132 est
2373 4077 2553 4132 Pilati.
2585 4077 2645 4133 ln
2680 4077 2867 4134 Iudaea
2898 4089 3021 4135 erat
3050 4081 3304 4151 princeps
3338 4080 3552 4154 [Forte,
3588 4099 3727 4154 prte-

2121 4170 2231 4243 ses]
2264 4171 2365 4226 sub
2395 4171 2613 4228 Tiberio
2644 4173 2994 4243 imperatore.
3029 4173 3130 4242 Qui
3161 4175 3387 4232 Pontius
3422 4177 3606 4234 dictus
3642 4186 3727 4233 est

2118 4264 2204 4320 vel
2230 4280 2260 4319 a
2285 4265 2456 4320 Ponto
2485 4268 2725 4337 regione,
2755 4267 2841 4321 vel
2866 4283 2897 4322 a
2926 4266 3098 4323 Ponto
3130 4268 3303 4324 insula
3333 4270 3387 4324 in
3412 4287 3523 4340 qua
3558 4283 3724 4325 natus

2118 4368 2223 4423 est,
2255 4358 2338 4413 vel
2367 4375 2397 4413 a
2427 4357 2651 4425 familia,
2700 4368 2759 4414 ut
2782 4361 3104 4430 quibusdam
3146 4360 3345 4429 placet.
3390 4359 3727 4430 Cruciﬁxus,

2120 4448 2174 4503 id
2199 4458 2301 4513 est,
2334 4449 2481 4504 cruci
2514 4447 2707 4504 aﬁixus
2733 4466 2855 4504 cum
2888 4449 3075 4505 clavis.
3128 4450 3280 4505 Multi
3322 4450 3534 4515 dicunt,
3577 4453 3725 4522 quod

2120 4538 2321 4594 nullam
2367 4538 2620 4607 injuriam
2671 4540 2745 4595 ibi
2795 4541 3153 4597 substinuerit
3208 4542 3489 4597 Dominus.
3557 4543 3715 4598 Sicut

2118 4632 2263 4690 enim
2292 4632 2518 4705 quilibet
2555 4633 2719 4688 homo
2765 4648 2939 4689 nam
2981 4646 3038 4688 et
3079 4634 3246 4690 semis
3291 4649 3464 4689 annos
3508 4634 3722 4690 habens

2119 4726 2373 4795 injuriam
2404 4728 2716 4792 sustineret,
2750 4729 2795 4781 si
2826 4727 3241 4799 crucifigeretur
3267 4747 3279 4781 :
3310 4729 3384 4782 ita
3416 4727 3593 4783 Filius
3620 4728 3719 4783 Dei

2117 4831 2334 4889 poenam
2360 4819 2635 4885 sustinuit,
2670 4820 2793 4889 quia
2845 4821 2892 4873 si
2936 4836 3043 4875 non
3088 4819 3327 4885 fecisset,
3365 4836 3497 4877 vera
3532 4824 3721 4893 passio

2118 4925 2226 4964 non
2267 4920 2430 4966 esset.
2483 4910 2753 4977 Mortuus,
2803 4912 3097 4967 secundum
3152 4929 3392 4968 carnem.
3450 4913 3608 4969 Unde
3662 4915 3721 4970 in

2116 5002 2407 5073 Evangelio
2458 5003 2658 5059 dicitur
2701 5023 2713 5057 :
2760 5003 3022 5059 Inclinato
3052 5007 3220 5077 rapite
3256 5007 3433 5061 emisit
3466 5007 3720 5078 spiritum

2116 5096 2297 5168 (Joan.
2336 5113 2453 5163 xu,
2501 5090 2612 5168 50).
2659 5096 2813 5154 Unde
2848 5107 2903 5153 et
2929 5098 3188 5155 Dominus
3218 5116 3359 5155 nona
3388 5101 3577 5154 emisit
3605 5100 3722 5169 spi-

2113 5190 2301 5256 ritum,
2326 5193 2454 5261 quia
2479 5199 2634 5246 sexta
2654 5192 2792 5247 liora
2816 5192 2991 5246 fuerat
3012 5191 3328 5249 crucifixus.
3353 5193 3420 5249 Et
3444 5203 3599 5250 recto
3622 5209 3715 5248 or-

2110 5281 2237 5337 dine
2274 5282 2476 5339 factum
2507 5295 2613 5351 est,
2644 5293 2703 5338 ut
2729 5300 2835 5354 qua
2865 5284 3001 5338 liora
3027 5284 3189 5339 homo
3217 5285 3284 5340 de
3317 5286 3579 5356 paradiso
3603 5286 3721 5356 eje-

2110 5383 2229 5429 ctus
2256 5385 2361 5441 est,
2392 5375 2583 5431 eadem
2609 5374 2718 5431 illic
2748 5375 3146 5430 restitueretur.
3197 5374 3265 5428 Et
3313 5375 3572 5446 sepultus.
3613 5377 3715 5431 Se-

2111 5468 2291 5536 pultus
2314 5484 2343 5523 a
2374 5468 2576 5541 Ioseph
2614 5477 2669 5525 et
2705 5485 2735 5523 a
2766 5468 3081 5534 Nicodemo,
3113 5468 3255 5524 sicut
3281 5468 3532 5541 legimus,
3578 5470 3712 5539 quia

2112 5604 2245 5729 aet-ti
2271 5605 2534 5730 alslclt‘n‘ls,
2566 5606 2659 5677 qui
2679 5605 2857 5660 editus
2889 5612 3066 5661 exstat
3088 5605 3143 5660 in
3172 5605 3418 5676 Append.
3450 5614 3589 5663 tom.
3634 5603 3713 5662 VI

2161 5692 2272 5730 uer.
2346 5716 2358 5728 .
2391 5706 2404 5726 .~
2439 5692 2524 5730 ιια.

2160 5692 2272 5744 per.
2301 5692 2358 5730 δ.
2391 5692 2524 5745 ειυς.
