4032 6354
288 314 429 371 1273

284 542 456 606 petra.
500 527 778 584 Descendit
808 526 876 581 ad
910 524 1144 595 inferna,
1180 522 1234 577 in
1264 520 1445 575 anima
1477 517 1612 574 sola.
1645 512 1868 582 Quare?

286 628 358 685 Ut
384 624 606 687 electos,
641 621 734 691 qui
769 618 843 675 ibi
870 617 1257 673 detinebantur
1284 612 1483 683 injuste
1511 618 1734 681 propter
1752 606 1866 661 ori-

284 717 460 792 ginale
497 721 799 786 peccatum,
846 711 1104 766 liberaret
1133 716 1187 763 et
1234 705 1301 761 ad
1346 704 1512 760 coalos
1561 701 1864 757 reduceret.

290 811 441 868 Unde
465 808 663 865 dicitur
690 821 788 877 per
815 805 1144 875 Prophetam
1171 820 1184 855 :
1220 800 1329 855 Ero
1359 814 1499 854 mors
1536 806 1649 861 tua,
1675 812 1705 849 ο
1728 808 1868 847 mors

284 902 431 975 (Ose.
457 916 578 964 xm,
604 900 712 969 14).
756 897 1044 953 Momordit
1090 893 1353 949 Dominus
1398 889 1690 953 infernum,
1742 885 1870 955 quia

281 994 405 1051 inde
429 1001 639 1064 partem
668 990 907 1053 abstulit,
948 996 1003 1044 et
1038 996 1250 1059 partem
1296 983 1531 1053 reliquit.
1577 980 1754 1035 Tertia
1785 978 1870 1033 die

286 1087 593 1144 resurrexit.
638 1083 805 1139 Sexta
842 1084 986 1138 enim
1024 1081 1161 1137 feria
1189 1077 1482 1136 cruciﬁxus
1510 1082 1613 1138 est,
1644 1070 1870 1128 sabbato

282 1179 489 1250 quievit
518 1179 572 1233 in
604 1175 877 1246 sepulcro,
908 1174 997 1228 die
1025 1171 1309 1227 Dominico
1337 1166 1636 1224 resurrexit
1668 1180 1699 1219 a
1725 1178 1871 1217 mor-

282 1274 413 1337 tuis,
446 1272 584 1327 sicut
612 1269 959 1339 prazdixerat.
1006 1266 1160 1321 Unde
1193 1263 1327 1319 dicit
1363 1261 1431 1315 ad
1471 1266 1681 1329 patrem
1712 1276 1725 1311 :
1759 1256 1872 1311 E1:-

282 1381 497 1435 surgam
541 1359 775 1415 diluculo
812 1357 984 1431 (Psal.
1024 1372 1135 1422 LVI,
1176 1356 1252 1427 9).
1296 1352 1544 1407 Ascendit
1586 1349 1654 1404 ad
1694 1347 1867 1411 caelos,

294 1454 695 1527 tuadragesimu
722 1453 809 1507 die
841 1448 1263 1508 resurrectionis
1310 1460 1441 1500 suat.
1491 1441 1628 1496 Nam
1670 1455 1769 1510 per
1802 1455 1869 1495 XL

288 1549 399 1604 dies
441 1553 796 1602 conversatus
824 1554 908 1598 est
937 1557 1061 1597 cum
1085 1537 1365 1607 discipulis
1386 1534 1522 1598 suis,
1562 1541 1616 1586 et
1647 1531 1871 1586 mandu—
1908 1584 1915 1589 ,

279 1637 423 1692 cavit
461 1652 585 1692 cum
612 1636 741 1700 illis,
771 1635 911 1689 sicut
936 1632 1183 1702 legimus,
1212 1634 1426 1699 partem
1450 1623 1617 1694 piscis
1655 1622 1783 1686 assi,
1816 1629 1873 1676 et

279 1728 463 1785 favum
507 1728 704 1784 mellis.
746 1726 894 1781 Bibit
934 1725 1100 1778 etiam
1142 1735 1265 1776 cum
1309 1718 1439 1782 illis,
1481 1717 1622 1771 sicut
1672 1713 1869 1771 Petrus

1103 299 1253 359 OPP.
1297 293 1699 357 SUPPOSITA.
1741 322 1812 332 —
1845 288 1974 345 LIB.
2016 288 2106 345 DE
2142 286 2395 345 DIVINIS
2427 288 2734 346 OFFICIIS.

284 443 341 499 in
372 435 620 509 sepulcro
648 448 787 490 novo
816 431 1064 504 sepelivit
1099 444 1245 495 eum,
1285 426 1432 499 quod
1475 422 1755 480 exciderat
1800 419 1857 474 in
1883 414 1937 469 Δ

3420 292 3557 349 1974

2537 409 2764 465 CAPUT
2821 407 2975 464 XLII.

2066 516 2179 558 ’ΒΕ
2222 494 2460 570 ΤῈΒΤΙΕ,
2504 518 2690 559 ειῖκτιε
2730 518 2988 567 NONAEQUI
3025 519 3181 559 IIOReE
3221 520 3466 559 OFFICIIS.

2042 596 2246 653 Horam
2294 599 2531 663 tertiam,
2576 606 2786 653 sextam
2820 606 2873 652 et
2910 613 3111 652 nonam
3145 597 3334 652 Daniel
3364 606 3418 654 et
3448 607 3559 655 tres

1969 690 2124 762 pueri
2172 690 2657 758 supplicationibus
2711 690 3084 753 devoverunt;
3135 690 3345 745 scilicet
3390 700 3451 745 ut
3492 692 3559 747 ab

1972 793 2095 841 ortu
2126 783 2232 837 diei
2254 783 2306 836 in
2342 794 2553 853 tempus
2579 784 2907 854 precationis
2947 792 3060 838 tres
3099 783 3247 837 horae
3295 794 3561 854 porrectae

1973 876 2256 933 Trinitatis
2297 877 2452 930 nobis
2482 878 2843 932 reverentiam
2879 877 3220 933 declararent
3251 896 3261 931 :
3295 880 3503 947 pariter
3529 896 3559 935 a

1974 974 2132 1027 tertia
2176 973 2243 1026 ad
2287 980 2518 1037 sextam,
2552 972 2629 1044 [et
2680 974 2825 1045 inde]
2883 990 3054 1043 usque
3102 974 3166 1029 ad
3219 990 3413 1029 nonam
3464 991 3562 1045 per

1974 1062 2173 1137 [paria]
2213 1062 2348 1117 lucis
2390 1063 2672 1117 intervalla
2721 1064 2856 1119 ratis
2900 1065 3326 1121 dimensionibus
3374 1067 3561 1122 tenni-

1972 1168 2121 1220 nata,
2164 1155 2402 1211 Trinitas
2445 1164 2527 1211 ter
2554 1156 2639 1211 die
2675 1167 2862 1228 rogata
2903 1158 3192 1214 coleretur.
3232 1158 3368 1215 Illud
3397 1162 3561 1216 etiam

1972 1251 2211 1308 occurrit
2232 1250 2299 1304 ad
2324 1249 2698 1319 probationem
2724 1253 3049 1307 venerabilis
3076 1253 3385 1321 Trinitatis,
3417 1256 3562 1325 quod

1974 1343 2212 1414 Spiritus
2258 1351 2479 1398 sanctus
2522 1342 2656 1397 hora
2704 1344 2887 1411 tertia,
2923 1346 3025 1400 hoc
3064 1354 3165 1408 est,
3200 1362 3297 1401 suo
3341 1346 3459 1402 loco
3506 1354 3563 1402 et

1972 1450 2202 1491 numero
2228 1444 2283 1490 et
2308 1443 2549 1505 tempore
2579 1436 2858 1492 descendit
2899 1439 2967 1493 ad
3008 1449 3184 1494 terras
3238 1440 3560 1511 impleturus

1974 1528 2225 1600 gratiam,
2251 1542 2415 1597 quam
2440 1527 2687 1583 Christus
2716 1530 2986 1599 promisit.
3011 1529 3146 1585 Nam
3170 1541 3224 1586 et
3253 1540 3405 1588 sexta
3427 1534 3560 1588 hora

1973 1619 2223 1677 Christus
2252 1635 2445 1689 passus
2473 1621 2525 1673 in
2554 1636 2753 1675 nonam
2783 1622 3008 1691 patibuli
3042 1624 3409 1678 cruciamenta
3436 1639 3563 1694 por-

1974 1713 2132 1767 rexit.
2184 1710 2302 1765 Tali
2349 1712 2491 1765 enim
2538 1722 2878 1767 sacramento
2927 1712 3182 1783 legitimis
3231 1714 3299 1768 ad
3345 1729 3561 1784 precem

277 1822 415 1877 dixit
443 1836 459 1875 :
497 1820 663 1875 Nobis
705 1821 792 1892 qui
834 1816 1264 1873 manducavimus
1295 1821 1343 1867 et
1379 1811 1599 1866 bibimus
1626 1827 1744 1865 cum
1773 1811 1866 1866 illo
1897 1775 1946 1836 Β
1976 1804 2313 1876 temporibus
2338 1818 2437 1874 per
2464 1811 2647 1858 ternas
2677 1805 2842 1857 horas
2868 1775 3154 1857 Trinitatis
3187 1775 3449 1873 perfectio
3469 1814 3562 1860 aut

274 1927 552 1988 postquam
604 1915 890 1970 resurrexit
920 1930 953 1967 a
982 1911 1206 1966 mortuis
1256 1908 1394 1980 (Act.
1427 1923 1481 1972 ι,
1535 1906 1646 1978 Μ).
1690 1905 1869 1972 Quare

274 2008 628 2063 manducavit
656 2022 778 2061 cum
822 2006 930 2061 illis
965 2011 1087 2076 post
1128 1999 1624 2057 resurrectionem?
1664 1996 1782 2052 Non
1809 2005 1869 2052 ut

276 2098 399 2153 cibo
426 2098 698 2167 corporali
728 2098 1013 2168 indigeret,
1045 2095 1140 2151 sed
1170 2103 1230 2149 ut
1256 2095 1657 2149 demonstraret
1677 2106 1869 2146 verum

277 2205 475 2259 corpus
519 2206 576 2247 se
607 2192 904 2261 sumpsisse
951 2191 1017 2245 de
1063 2188 1349 2259 sepulcro,
1412 2203 1520 2242 non
1576 2186 1864 2240 factitium.

275 2285 441 2342 Cibus
479 2295 661 2343 autem
704 2286 794 2343 ille
841 2287 914 2341 ita
962 2284 1248 2341 deﬁciebat
1276 2299 1306 2336 a
1340 2283 1541 2336 virtute
1574 2278 1871 2335 divinitatis

278 2378 438 2443 illius,
476 2386 537 2432 ut
571 2378 913 2446 postmodum
957 2390 1066 2429 non
1093 2382 1267 2438 esset;
1302 2373 1461 2435 sicut,
1491 2371 1642 2426 verbi
1669 2370 1864 2441 gratia,

277 2482 427 2543 gutta
470 2488 623 2542 aqua:
667 2470 850 2526 deﬁcit
889 2486 921 2523 a
964 2468 1132 2523 nimio
1156 2466 1337 2523 calore
1380 2466 1539 2537 ignis.
1598 2462 1755 2519 Sedet
1799 2463 1869 2517 ad

275 2567 545 2622 dexteram
578 2563 674 2618 Dei
703 2562 883 2616 Patris
909 2560 1297 2631 omnipotentis.
1349 2557 1534 2621 Sedet,
1564 2556 1691 2626 quia
1715 2554 1870 2609 habi—

278 2666 358 2713 tat
384 2657 438 2710 in
454 2652 823 2725 magnitudine
841 2659 1081 2721 paternae
1102 2648 1406 2718 majestatis
1428 2646 1682 2701 feliciter.
1709 2644 1738 2697 1
1744 2644 1868 2709 nde,

274 2748 331 2805 id
359 2756 462 2814 est,
494 2748 561 2802 de
589 2746 763 2811 etelis,
804 2755 1053 2799 venturus
1074 2743 1322 2814 judicare
1372 2742 1510 2795 vivos
1536 2748 1582 2794 et
1607 2749 1864 2793 mortuos.

278 2841 464 2906 ’Vivos,
512 2840 604 2909 qui
640 2849 766 2895 tunc
788 2839 895 2893 vivi
932 2836 1288 2907 reperientur,
1331 2834 1456 2905 quia
1489 2834 1593 2889 iste
1632 2829 1866 2886 mundus

273 2931 467 3002 plenus
495 2932 599 2986 erit
627 2931 789 3001 510
828 2927 1157 2984 hominibus.
1192 2926 1452 2990 Mortuos,
1495 2924 1590 2995 qui
1642 2936 1871 2992 corpore

276 3021 476 3075 mortui
512 3028 691 3075 erunt.
735 3020 828 3075 Vel
857 3020 1029 3083 vivos,
1066 3018 1276 3088 justos;
1325 3022 1591 3078 mortuos,
1616 3020 1871 3083 peccato-

1968 1900 2222 1957 laudatur
2252 1898 2684 1961 celebritatibus,
2714 1906 2807 1952 aut
2827 1898 3082 1968 precibus
3109 1898 3450 1967 impetratur.
3477 1899 3565 1953 Li-

1971 2005 2057 2052 cet
2081 2005 2138 2050 et
2167 1994 2215 2049 si
2242 2002 2587 2063 computetur
2613 1992 2806 2046 diurna
2835 1990 3124 2046 celebritas
3149 2005 3245 2060 per
3272 2000 3565 2060 quaterna-

1971 2094 2112 2148 rium
2154 2103 2327 2159 usque
2372 2088 2425 2142 in
2470 2088 2836 2158 vespertinum
2864 2083 3121 2148 ofﬁcium,
3167 2084 3270 2138 hoc
3298 2093 3403 2150 est,
3433 2100 3566 2155 qua-

1951 2183 2114 2239 ‘terni
2148 2178 2528 2251 signiﬁcantur
2560 2177 2799 2239 numeri,
2825 2176 2951 2246 quia
2974 2175 3210 2230 mundus
3235 2173 3567 2243 quadrilarie

1971 2274 2177 2330 divisus
2220 2272 2274 2341 in
2319 2269 2586 2324 Trinitate
2627 2268 2884 2324 salvatur.
2930 2266 3210 2337 Siquidem
3237 2275 3292 2320 et
3322 2267 3376 2320 in
3407 2274 3565 2322 nocte

1971 2368 2252 2429 stationes,
2268 2373 2323 2419 et
2342 2364 2538 2433 vigiliae
2560 2363 2825 2418 militares
2846 2362 2902 2415 in
2924 2369 3155 2431 quatuor
3170 2369 3357 2430 partes
3377 2361 3563 2416 divisae

1970 2457 2143 2513 ternis
2188 2456 2445 2510 horarum
2482 2454 2671 2524 spatiis
2711 2462 3111 2509 secernuntur:
3144 2461 3202 2507 ut
3240 2460 3295 2508 et
3334 2454 3389 2508 in
3432 2452 3565 2524 ipsis

1969 2548 2254 2605 nocturnis
2284 2545 2757 2615 mundialibusque
2795 2543 2993 2600 ofﬁciis
3034 2542 3337 2601 Trinitatis
3363 2552 3566 2615 myste-

1973 2642 2117 2697 rium
2142 2649 2451 2695 veneretur.

2529 2731 2759 2789 CAPUT
2811 2729 2992 2787 XLIII.

2398 2824 2426 2862 δ
2468 2839 2533 2878 ne
2572 2837 2922 2878 VESPERTINIS
2954 2836 3133 2879 nonis.

2047 2936 2425 3006 Vespertinum
2448 2933 2629 2990 diurni
2660 2932 2785 2988 ﬁnis
2815 2930 3057 2988 ofﬁcium
3090 2940 3148 2988 et
3174 2932 3397 2989 alterum
3428 2933 3565 2992 lucis

1972 3046 2203 3088 occasus
2245 3038 2347 3085 est.
2397 3026 2563 3096 Cujus
2604 3040 2672 3081 ex
2713 3024 2899 3081 Veteri
2927 3024 3278 3082 Testamento
3306 3026 3568 3084 solemnis

276 3128 384 3168 res.
440 3110 609 3168 Credo
645 3113 700 3167 in
736 3111 991 3184 Spiritum
1028 3121 1287 3165 sanctum.
1340 3107 1603 3163 Sanctum
1632 3106 1765 3163 dicit
1795 3106 1863 3161 ad
1887 3137 1935 3199 ο
1968 3136 2054 3186 εει
2083 3123 2394 3181 celebratio.
2438 3121 2682 3189 Denique
2710 3120 2816 3175 hoc
2841 3129 3090 3190 tempore
3126 3128 3373 3177 venarum
3397 3122 3565 3176 θεαί,

276 3206 680 3261 distinctionem
718 3205 959 3275 maligni,
1008 3204 1059 3257 in
1106 3217 1268 3273 quem
1314 3200 1495 3256 nullus
1546 3198 1709 3255 debet
1743 3214 1863 3253 cre-

277 3294 426 3351 dere.
505 3294 757 3351 Sanctam
810 3293 1101 3349 Ecclesiam
1153 3291 1504 3357 catholicam,
1568 3290 1865 3354 subaudis,

277 3388 453 3442 credo.
503 3387 745 3441 Ecclesia
771 3385 982 3451 Crtece,
1014 3385 1205 3440 Latine
1228 3383 1579 3453 congregatio
1605 3382 1865 3437 ﬁdelium.

276 3480 393 3535 Hoc
425 3480 591 3534 distat
620 3478 765 3531 inter
806 3476 1285 3546 congregationem
1314 3482 1371 3528 et
1400 3474 1869 3537 convocationem,

276 3570 406 3640 quia
455 3566 773 3622 convocatio
822 3565 881 3618 ﬁt
918 3567 982 3618 de
1024 3564 1293 3627 ﬁdelibus,
1349 3563 1694 3633 congregatio
1740 3575 1871 3617 vero

277 3676 388 3717 non
419 3658 614 3722 solum,
663 3657 757 3712 sed
792 3656 957 3711 etiam
985 3654 1051 3709 de
1082 3653 1411 3717 inﬁdelibus,
1445 3660 1500 3707 et
1530 3653 1595 3707 de
1622 3651 1870 3706 animali-

279 3752 404 3815 bus,
451 3749 601 3803 etde
639 3746 927 3818 lapidibus.
976 3746 1237 3807 Καθολικὸς
1288 3743 1500 3808 Graece,
1548 3742 1872 3799 universalis

278 3843 496 3909 Latine,
524 3842 649 3911 quia
674 3849 861 3896 sancta
890 3840 1131 3897 Ecclesia
1154 3856 1251 3910 per
1271 3839 1587 3894 universum
1614 3838 1872 3893 mundum

278 3935 499 3992 dilatata
532 3943 633 3990 est.
663 3932 979 3988 Sanctorum
1011 3932 1449 3997 communionem,
1484 3931 1538 3986 id
1562 3938 1668 3994 est,
1701 3931 1875 3986 socie—

282 4035 471 4091 tatem,
516 4026 644 4095 quia
682 4040 850 4079 unum
892 4025 1061 4079 Deum
1099 4023 1346 4087 credunt,
1400 4038 1508 4077 uno
1548 4023 1873 4093 baptismate

290 4126 417 4175 sunt
459 4118 655 4183 renati,
708 4133 819 4172 uno
867 4117 1074 4187 Spiritu
1120 4126 1309 4173 sancto
1356 4115 1681 4182 conﬁrmati,
1714 4125 1769 4170 et
1807 4116 1876 4171 ad

281 4226 444 4266 unam
474 4211 639 4265 vitam
662 4218 921 4265 mternam
961 4209 1197 4264 transire
1246 4209 1618 4264 merebuntur.
1669 4206 1874 4262 Remis—

277 4303 481 4357 sionem
517 4312 849 4374 peccatorum
879 4304 1041 4357 credo
1072 4318 1193 4357 esse
1232 4302 1289 4356 in
1331 4300 1595 4365 Ecclesia,
1639 4300 1877 4370 primum

282 4412 383 4468 per
424 4396 775 4466 baptismum,
807 4394 1001 4450 deinde
1028 4410 1127 4464 per
1156 4394 1501 4466 martyrium,
1536 4394 1753 4448 demum
1778 4407 1878 4462 per

282 4488 707 4558 elcemosynam,
740 4487 1083 4555 postmodum
1106 4502 1204 4555 per
1230 4486 1559 4552 orationem,

280 4584 425 4638 bona
448 4594 642 4657 popera.
690 4576 878 4633 Carnis
924 4581 1357 4634 resurrectionem
1407 4580 1591 4643 credo,
1642 4580 1767 4648 quia
1816 4579 1871 4634 in

280 4678 383 4731 hac
410 4689 594 4740 carne,
625 4674 680 4728 in
709 4690 814 4744 qua
842 4690 987 4729 nunc
1030 4690 1238 4742 sumus,
1288 4675 1343 4729 in
1378 4675 1464 4729 die
1504 4689 1872 4745 resurgemus.

282 4771 391 4826 Sed
411 4771 540 4843 quid
558 4770 763 4825 restat?
791 4769 911 4824 Vita
931 4780 1146 4834 (eterna,
1173 4770 1227 4824 id
1247 4777 1329 4823 est
1347 4768 1461 4823 vita
1478 4770 1595 4824 sine
1618 4769 1870 4824 termino.

281 4862 398 4918 Hoc
438 4862 601 4918 distat
646 4863 787 4917 inter
808 4871 1091 4928 aeternum,
1126 4869 1182 4917 et
1208 4867 1553 4932 perpetuum,
1584 4868 1641 4914 et
1669 4869 1876 4930 tempo-

280 4961 398 5017 rale
426 4979 439 5015 :
472 4962 576 5017 hoc
610 4969 893 5026 aeternum,
943 4963 1087 5031 quod
1117 4978 1223 5017 non
1266 4961 1454 5016 habuit
1484 4961 1732 5028 initium,
1773 4977 1873 5019 nec

281 5055 444 5112 ﬁnem
468 5054 710 5119 habebit,
727 5063 788 5108 ut
806 5054 966 5120 Deus;
989 5063 1330 5125 perpetuum,
1349 5056 1492 5125 quod
1516 5056 1755 5121 initium,
1778 5056 1871 5113 sed

282 5145 449 5199 ﬁnem
500 5161 610 5201 non
660 5145 903 5211 habebit,
953 5152 1013 5199 ut
1058 5154 1182 5199 sunt
1232 5146 1503 5213 homines,
1552 5155 1608 5201 et
1654 5148 1868 5218 angeli:

283 5237 379 5307 qui
422 5237 692 5304 homines,
743 5236 869 5292 licet
913 5237 1216 5291 moriantur
1244 5237 1300 5291 in
1328 5253 1575 5307 corpore,
1610 5240 1664 5293 in
1692 5240 1872 5293 anima

286 5330 625 5386 immortales
670 5339 860 5397 erunt;
910 5330 1203 5401 temporale
1245 5340 1348 5395 est,
1396 5332 1538 5401 quod
1584 5340 1874 5402 utrumque

285 5421 474 5485 habet,
515 5430 573 5478 et
615 5421 863 5485 initium,
913 5429 968 5476 et
993 5421 1190 5489 ﬁnem,
1239 5432 1299 5478 ut
1346 5432 1472 5479 sunt
1519 5424 1773 5481 animalia
1822 5433 1877 5480 et

286 5512 496 5571 bestiae.

364 5727 392 5791 ξ
422 5714 505 5791 ξι
532 5714 761 5791 Isidoro,
791 5716 917 5791 libr.
949 5734 965 5773 ι
995 5717 1062 5773 de
1090 5715 1244 5791 Olﬁc.
1276 5717 1483 5776 Eceles.
1508 5734 1629 5791 cap.
1656 5718 1745 5774 l9.

366 5786 396 5829 ῒι
425 5785 506 5842 Ex
533 5786 681 5853 eod.,
714 5789 818 5843 loc.
853 5790 945 5844 cit.
976 5805 1095 5860 cap.
1120 5790 1210 5846 20.

1971 3222 2095 3279 ﬁcia
2119 3217 2304 3274 offerri
2330 3213 2645 3282 adolerique
2670 3212 2867 3266 altario
2894 3221 3144 3268 aromata
3173 3219 3229 3266 et
3253 3212 3413 3268 thura
3448 3228 3569 3269 mos

1971 3324 2110 3374 erat.
2137 3311 2315 3368 Testis
2341 3317 2425 3365 est
2454 3306 2800 3379 hymnidicus
2829 3306 2939 3371 ille,
2973 3306 3123 3376 regio
3154 3321 3219 3363 ac
3244 3306 3569 3363 sacerdotali

1971 3407 2293 3481 perfunctus
2340 3401 2539 3465 ofﬁcio,
2596 3400 2823 3455 dicens:
2858 3398 3139 3469 Dirigatur
3196 3402 3367 3455 oratio
3426 3417 3565 3467 mea,

1973 3501 2106 3555 sicut
2158 3499 2429 3551 incensum
2462 3494 2519 3546 in
2565 3501 2844 3563 conspectu
2886 3500 2977 3545 tuo
3004 3505 3022 3542 :
3048 3490 3263 3546 elevatio
3315 3510 3569 3550 manuum

1974 3607 2209 3649 mearum
2255 3586 2578 3655 sacriﬁcium
2620 3586 2968 3655 vespertinum
3013 3581 3188 3655 (Psal.
3234 3599 3354 3648 CIL,
3385 3584 3463 3657 2).
3505 3586 3565 3641 In

1972 3684 2126 3741 Novo
2155 3696 2371 3752 quoque
2400 3678 2751 3732 Testamento
2780 3676 2974 3733 eodem
3016 3683 3261 3746 tempore
3304 3675 3565 3732 Dominus

1976 3784 2032 3831 et
2063 3774 2313 3829 Salvator
2354 3778 2541 3825 noster
2580 3768 2922 3823 coenantibus
2950 3766 3209 3838 apostolis
3249 3769 3567 3840 mysterium

1977 3870 2062 3925 sui
2091 3867 2336 3938 corporis
2360 3876 2417 3921 et
2454 3865 2734 3936 sanguinis
2765 3865 2820 3919 in
2855 3865 3011 3920 initio
3048 3865 3272 3920 tradidit
3302 3884 3315 3920 :
3344 3875 3403 3920 ut
3431 3875 3565 3920 tem-

1977 3977 2079 4033 pus
2111 3962 2242 4017 illud
2278 3960 2532 4017 sacriﬁcii
2564 3973 2848 4029 vesperum
2877 3958 3057 4014 Steculi
3089 3960 3417 4015 ostenderet.
3450 3959 3566 4016 Sci-

1977 4055 2105 4112 licet
2132 4054 2358 4125 proinde
2382 4054 2437 4107 in
2467 4053 2672 4107 honore
2698 4067 2763 4106 ac
2788 4051 3053 4107 memoria
3079 4060 3355 4106 tantorum
3387 4068 3569 4109 sacra-

1979 4157 2288 4205 mentorum
2335 4146 2421 4202 bis
2477 4145 2809 4215 temporibus
2862 4145 3054 4199 adesse
3105 4160 3206 4199 nos
3258 4145 3413 4200 decet
3473 4146 3567 4201 Dei

1980 4239 2383 4310 conspectibus,
2431 4246 2486 4293 et
2526 4252 2819 4308 personare
2848 4236 2903 4290 in
2929 4234 3047 4305 ejus
3074 4235 3330 4303 cultibus,
3365 4238 3559 4313 oratio-

1980 4349 2110 4388 num
2145 4341 2456 4388 nostrarum
2494 4330 2570 4385 illi
2610 4329 2941 4386 sacriﬁcium
2978 4327 3286 4395 offerentes,
3320 4338 3483 4401 atque
3512 4331 3568 4386 in

1981 4424 2100 4494 ejus
2146 4423 2394 4478 laudibus
2438 4422 2645 4493 pariter
2680 4421 3032 4477 exsultantes.
3060 4422 3355 4491 Vesperum
3384 4432 3566 4480 autem

1596 4492 1650 4539 εί
1674 4492 1869 4583 C‘P‘efa
1899 4506 1955 4566 Ι)
1978 4492 2232 4571 vocatum
2266 4523 2373 4580 est,
2413 4492 2449 4567 a7
2470 4514 2674 4579 sidere,
2705 4513 2850 4582 quod
2879 4513 3089 4583 Vesper
3112 4522 3356 4580 vocatur,
3388 4523 3445 4569 et
3472 4517 3566 4571 de-

1977 4607 2203 4662 cedente
2249 4605 2361 4663 sole
2411 4606 2674 4661 exoritur.
2726 4604 2804 4660 De
2849 4619 2959 4675 quo
3002 4604 3271 4675 Propheta
3297 4606 3465 4661 dicit:
3496 4605 3565 4661 Et

1976 4715 2244 4769 vesperum
2276 4715 2432 4769 super
2464 4698 2604 4766 ﬁlios
2641 4697 2911 4751 hominum
2945 4697 3233 4768 producere
3259 4697 3385 4768 facit
3419 4694 3562 4769 (Job.

1976 4806 2209 4857 xxxvm,
2237 4789 2349 4861 52).

2556 4879 2787 4937 CAPUT
2825 4878 3007 4937 XLIV.

2541 4985 2562 5013 θ
2594 4991 2661 5030 DE
2699 4990 3014 5033 COIPLETIS.

2053 5092 2128 5146 De
2173 5078 2455 5159 completis
2500 5098 2682 5145 autem
2712 5092 3067 5159 celebrandis,
3100 5093 3154 5148 id
3188 5092 3351 5147 etiam
3384 5092 3437 5147 in
3464 5092 3569 5173 Pa-

1982 5192 2127 5237 trum
2170 5181 2444 5236 invenitur
2490 5183 2768 5254 exemplis,
2808 5183 2975 5239 David
3013 5184 3271 5254 propheta
3312 5184 3559 5242 dicente:

1982 5272 2041 5328 Si
2063 5274 2346 5328 ascendere
2374 5275 2427 5327 in
2458 5273 2647 5329 lectum
2684 5278 2836 5331 strati
2874 5278 2998 5342 mei,
3028 5277 3075 5330 si
3104 5276 3294 5330 dedero
3324 5296 3567 5337 somnum

1983 5364 2167 5431 oculis,
2193 5374 2240 5419 et
2272 5364 2530 5437 palpebris
2569 5366 3012 5447 dormitationem,
3054 5379 3145 5423 aut
3180 5372 3409 5442 requiem
3441 5381 3569 5426 tem-

1982 5460 2196 5533 poribus
2232 5460 2395 5525 meis;
2423 5460 2585 5516 donec
2620 5463 2882 5517 inveniam
2912 5462 3084 5516 locum
3114 5462 3364 5531 Domino,
3396 5465 3569 5520 taber-

1986 5549 2234 5606 naculum
2271 5550 2383 5606 Deo
2425 5550 2592 5607 Iacob
2626 5550 2799 5625 (Psal.
2827 5569 3010 5619 exul,
3032 5555 3066 5611 ὅ
3086 5556 3273 5628 seqq.).
3302 5556 3435 5624 Quis
3460 5571 3570 5613 non

2064 5739 2083 5767 ε
2114 5729 2189 5784 Ex
2221 5730 2368 5794 eod.,
2390 5730 2493 5786 loc.
2526 5730 2618 5786 cit.
2647 5744 2767 5801 cap.
2791 5730 2881 5785 21.
