4032 6354
498 225 640 282 1275

1346 223 1404 281 B.
1444 220 1509 277 F.
1544 216 1773 295 item
1813 214 1946 277 seu
1985 213 2263 287 ALcuuu
2300 213 2589 287 OPEBUM
2628 212 2808 281 rans
2843 212 2935 289 1x

3650 212 3799 269 1276

496 346 716 410 stupent
757 345 965 393 tantam
992 338 1047 392 in
1078 337 1173 397 Dei
1198 350 1385 409 amore
1418 334 1585 388 animi
1618 333 1982 397 devotionem,
2022 340 2083 386 ut
2108 339 2163 400 Α
2184 331 2412 402 proinde
2456 341 2662 397 oratur,
2693 342 2753 386 ut
2806 333 3133 388 resurrectio
3178 332 3380 388 Christi
3446 333 3792 389 celebretur.

499 447 750 490 somnum
777 433 903 497 sibi,
932 433 1049 486 sine
1077 446 1186 503 quo
1215 430 1400 499 utique
1426 444 1655 503 corpora
1681 428 1920 483 humana
1951 426 2085 482 deli-
2120 418 2123 421 ’

496 528 669 591 ciunt,
695 522 911 596 penitus
935 521 1299 587 interdixerit,
1330 519 1501 575 donec
1527 508 1702 576 locum
1734 520 1800 573 ad
1830 520 2090 591 templum

497 616 729 672 Domino
759 613 1135 669 fabricandum
1165 611 1217 664 in
1245 622 1463 683 pectore
1492 626 1587 667 suo
1616 626 1708 665 rex
1740 618 1792 664 et
1822 611 2087 682 pmpbeta

496 706 796 780 reperiret?
826 706 955 783 Qua:
988 721 1073 759 res
1101 703 1314 760 fortiter
1343 720 1442 759 nos
1482 704 1642 759 debet
1684 702 1997 769 admouere,
2032 714 2089 759 ut

504 803 549 857 si
585 802 683 874 ipsi
713 800 865 856 locus
906 798 1120 857 Domini
1147 815 1266 855 esse
1298 800 1566 860 volumus,
1597 807 1652 854 et
1679 798 2087 855 tabernaculum

498 899 635 969 ejus,
667 907 758 951 aut
783 896 1042 968 templum
1067 897 1316 968 cupimus
1342 894 1527 950 haberi
1548 895 1720 949 sancti
1748 886 2085 964 Spiritusfin

498 1002 763 1065 quantum
781 1008 1088 1067 possumus,
1104 992 1349 1063 exempla
1371 1002 1679 1046 sanctorum
1704 992 1999 1061 imitemur,
2020 1006 2087 1046 ne

499 1086 563 1138 de
586 1084 741 1149 nobis
769 1082 1009 1152 dicatur,
1043 1084 1188 1157 quod
1218 1082 1414 1156 legitur
1438 1100 1450 1138 :
1476 1082 1812 1136 Dormierunt
1843 1100 2086 1153 somnum

446 1236 451 1239 μ
495 1190 669 1241 suum,
721 1185 769 1230 et
802 1175 935 1237 nihil
970 1176 1274 1231 invenerunt
1309 1192 1486 1228 omnes
1532 1174 1631 1228 viri
1679 1173 1986 1228 divitiarum
2031 1174 2086 1227 in

496 1268 737 1322 manibus
769 1269 879 1322 suis
914 1266 1029 1339 (Ps.
1061 1282 1226 1331 Lxxv,
1254 1264 1330 1337 6).

967 1379 1124 1451 5n
1168 1378 1395 1443 CAPUT
1430 1379 1590 1433 XLV.

1083 1462 1108 1490 ⁸
1150 1464 1215 1505 DE
1254 1467 1489 1506 VICIIJIS.

568 1541 800 1611 Antiqua
846 1540 1150 1613 vigiliarum
1188 1541 1401 1595 devotio
1440 1539 1704 1598 familiare
1742 1540 1942 1599 bonum
1970 1560 2087 1599 om-

497 1633 657 1687 nibus
683 1633 885 1688 sanctis
912 1631 1029 1686 fuit.
1059 1630 1151 1687 Sic
1177 1631 1345 1687 Isaias
1369 1632 1597 1702 denique
1624 1633 1884 1705 propheta
1907 1634 2085 1691 excla-

2189 410 2450 476 Matutina
2477 424 2621 477 enim
2669 423 2787 479 luce
2814 422 3073 479 Dominus
3100 432 3155 479 et
3184 423 3442 480 Salvator
3475 435 3673 482 noster
3727 430 3794 484 ab

2190 512 2378 569 inferis
2404 516 2723 577 resurrexit,
2753 515 2969 584 quando
3014 516 3179 585 cmpit
3217 517 3351 571 oriri
3385 516 3641 572 ﬁdelibus
3674 518 3791 583 lux,

2189 620 2308 679 qum
2347 609 2611 663 moriente
2640 608 2856 664 Christo
2892 608 3164 663 occiderat
3208 609 3647 679 pececatoribus.
3702 608 3792 664 Si-

2188 682 2404 767 quidem
2447 708 2500 753 et
2531 700 2718 754 eodem
2752 709 2992 770 tempore
3021 700 3235 754 cunctis
3269 713 3393 770 spes
3447 698 3651 754 futurae
3704 716 3793 755 re

2180 791 2543 849 surrectionis
2583 791 2843 855 creditur,
2864 790 2996 845 cum
3037 789 3169 861 justi
3218 798 3273 845 et
3320 804 3513 843 omnes
3569 792 3641 844 ab
3687 793 3795 846 hac

2190 882 2470 952 temporali
2502 891 2698 949 morte,
2728 884 2881 953 quasi
2912 899 2941 937 a
2969 898 3163 954 sopore
3192 883 3371 938 somni
3410 894 3788 956 resurgentes,

2187 975 2537 1048 evigilabunt.

2708 1066 2937 1124 CAPUT
2973 1066 3179 1123 XLVII.

2190 1167 2214 1197 ο
2244 1173 2311 1213 nt:
2340 1175 2533 1215 0RDINE
2563 1172 2630 1214 AD
2668 1176 2993 1215 vrsrrunun
3034 1146 3296 1216 isrinlui
3334 1176 3435 1217 seu
3472 1177 3790 1231 causam,

2673 1247 2740 1286 EX
2780 1247 2990 1287 NIC£NO
3025 1248 3290 1289 COSCILIO.

2263 1365 2281 1398 ‹
2316 1344 2550 1421 Iacobus
2593 1349 2868 1419 apostolus
2900 1350 3035 1404 dixit
3066 1367 3079 1403 :
3123 1349 3443 1419 Inﬁrmatur
3467 1353 3593 1421 quis
3620 1353 3676 1406 in
3702 1370 3787 1406 eo—
3830 1344 3837 1355 ’

2189 1438 2315 1492 bis?
2350 1440 2578 1493 lndueat
2630 1440 2955 1510 presbyteros
3018 1439 3296 1506 Ecclesia',
3324 1452 3372 1496 et
3420 1454 3579 1497 orent
3638 1462 3791 1513 super

2188 1548 2328 1596 eum,
2360 1540 2608 1602 ungentes
2637 1548 2753 1585 eum
2781 1530 2892 1585 oleo
2926 1532 2981 1585 in
3008 1533 3215 1586 nomine
3254 1532 3489 1595 Domini,
3529 1545 3583 1587 et
3622 1537 3791 1590 oratio
3828 1556 3831 1561 ·

2189 1623 2313 1693 fidei
2348 1623 2567 1679 salvabit
2603 1623 2873 1695 inﬁrmum
2908 1639 2926 1677 :
2966 1633 3013 1676 et
3060 1624 3106 1677 si
3141 1623 3194 1677 in
3225 1626 3452 1696 peccatis
3486 1626 3576 1689 sit,
3614 1629 3789 1680 remit-

496 1734 609 1778 mat
640 1724 704 1778 ad
746 1724 1049 1788 Dominum,
1086 1723 1269 1778 dicens
1309 1741 1321 1777 :
1362 1722 1438 1777 De
1469 1735 1617 1777 nocte
1646 1724 1827 1795 vigilat
1867 1726 2082 1797 spiritus

2194 1725 2366 1770 tentur
2399 1717 2445 1769 ei
2484 1715 2501 1785 (
2524 1714 2643 1768 Jac.
2675 1713 2881 1783 ν,14).
2922 1713 3076 1781 Quod
3123 1730 3229 1768 non
3288 1726 3371 1770 cst
3433 1716 3669 1770 dubium
3728 1718 3788 1771 de

496 1831 642 1871 meus
670 1815 738 1869 ad
771 1826 838 1881 te,
872 1815 1043 1880 Deus,
1078 1815 1200 1886 quia
1231 1813 1325 1869 lux
1352 1825 1610 1887 prwcepta
1632 1825 1724 1870 tua
1767 1827 1887 1870 sunt
1928 1835 2085 1889 super

496 1918 690 1963 terram
718 1907 874 1980 (lsai.
901 1923 1049 1972 xxvr,
1076 1907 1150 1978 9).
1184 1906 1316 1961 Item
1346 1907 1515 1962 David
1545 1922 1559 1961 :
1595 1907 1771 1962 Media
1796 1919 1943 1964 nocte
1967 1929 2085 1965 sur-

493 2002 673 2071 gebam
702 2001 770 2053 ad
805 2000 1159 2069 conﬁtendum
1188 1999 1300 2063 tibi,
1335 2016 1491 2070 super
1509 2000 1715 2070 judicia
1736 2002 2084 2072 justi/icatio-

494 2096 575 2148 nis
604 2102 708 2147 tute
741 2089 912 2164 (Psal.
946 2106 1130 2154 cxvm,
1164 2090 1277 2162 62).
1309 2091 1421 2146 Hoc
1444 2108 1678 2162 namque
1715 2101 1957 2164 tempore
1986 2111 2081 2150 va-

494 2193 668 2241 stator
714 2182 935 2254 angelus
988 2182 1280 2248 transiens,
1311 2181 1668 2255 primogenita
1705 2184 2082 2258 Egyptiorum

490 2274 781 2345 percussit.
836 2273 986 2330 Unde
1037 2289 1135 2329 nos
1178 2274 1407 2345 vigilare
1455 2286 1700 2345 oportet,
1731 2293 1797 2331 ne
1844 2279 2083 2348 periculo

494 2366 874 2439 Egyptiorum
899 2367 1313 2421 admisceamur.
1340 2365 1535 2421 Iisdem
1558 2371 1722 2423 etiam
1764 2369 1914 2426 horis
1949 2384 2082 2425 ven-

494 2470 677 2516 turum
714 2475 772 2516 se
798 2475 917 2516 esse
945 2460 1205 2516 Dominus
1227 2461 1281 2515 in
1310 2462 1604 2531 Evangelio
1629 2460 1879 2516 Salvator
1903 2470 2082 2517 astru-

490 2554 590 2608 Xit.
625 2553 778 2608 Unde
812 2560 865 2607 et
894 2551 960 2605 ad
988 2552 1317 2623 vigilandum
1344 2554 1620 2608 auditores
1668 2568 1794 2608 suos
1841 2556 2085 2615 excitans

493 2644 624 2699 dicit
655 2660 669 2697 :
700 2643 853 2697 Beati
876 2653 996 2697 sunt
1023 2645 1156 2717 servi
1179 2643 1277 2715 illi,
1296 2663 1426 2719 quos
1447 2663 1565 2699 cum
1585 2645 1777 2699 venerit
1800 2645 2081 2713 Dominus,

491 2737 745 2792 invenerit
777 2735 1053 2805 vigilantes
1102 2734 1253 2807 (Luc.
1289 2750 1389 2801 xu,
1420 2736 1533 2808 '57).
1575 2736 1644 2790 Et
1687 2738 1733 2791 si
1769 2740 2084 2809 vespertina,

492 2828 689 2896 inquit,
722 2828 855 2881 hora
887 2827 1117 2894 venerit,
1151 2836 1199 2882 et
1235 2829 1279 2882 si
1315 2828 1487 2883 media
1539 2841 1719 2895 nocte,
1768 2840 1815 2884 et
1861 2831 1906 2885 si
1958 2830 2087 2901 galli

495 2930 678 2985 cantu,
706 2932 757 2975 st
790 2922 1018 2975 inueniat
1049 2921 1169 2975 illos
1206 2921 1514 2991 vigilantes,
1550 2923 1684 2976 beati
1722 2932 1862 2977 sunt.
1899 2923 2086 2993 Itaque

490 3023 542 3067 et
594 3028 680 3067 oos
733 3022 894 3067 estote
946 3012 1143 3083 parati,
1168 3014 1292 3083 quia
1342 3014 1550 3068 nescitis
1586 3030 1691 3084 qua
1742 3015 1872 3069 liora
1912 3013 2086 3069 Filius

2188 1810 2436 1865 fidelibus
2461 1809 2845 1881 :Pgrotantibus
2874 1809 3043 1879 accipi
3075 1809 3160 1863 vel
3190 1809 3416 1881 intelligi
3449 1810 3675 1873 debere,
3701 1813 3785 1881 qui

2188 1913 2378 1959 sancto
2406 1903 2525 1957 oleo
2552 1902 2777 1973 perungi
2812 1910 3054 1973 possunt,
3082 1903 3227 1971 quod
3265 1902 3333 1955 ab
3361 1901 3628 1974 episeopo
3656 1918 3785 1958 eon-

2188 1993 2387 2048 fectum
2429 2002 2530 2057 est,
2584 2008 2688 2049 non
2736 1993 2909 2048 solum
2956 1994 3362 2058 sacerdotibus,
3395 1994 3494 2049 sed
3532 1995 3789 2051 omnibus

2187 2087 2266 2141 uti
2295 2084 2617 2141 Christianis
2649 2086 2702 2140 in
2730 2102 2828 2141 sua
2854 2094 2946 2140 aut
2974 2101 3195 2140 suorum
3232 2087 3563 2141 necessitate
3590 2089 3663 2142 ad
3694 2104 3788 2142 un-

2188 2178 2439 2249 gendum.
2492 2176 2625 2230 Nam
2672 2176 2875 2232 idcirco
2931 2178 3265 2249 presbyteris
3317 2193 3649 2234 concessum
3689 2188 3785 2247 est,

2188 2271 2314 2341 quia
2341 2271 2577 2340 episcopi
2604 2271 3048 2341 occupationibus
3077 2273 3198 2326 aliis
3219 2272 3487 2343 impediti.
3514 2274 3579 2328 ad
3602 2290 3789 2331 omnes

2188 2363 2471 2434 languidos
2518 2364 2599 2418 ire
2649 2379 2757 2419 non
2804 2374 3052 2434 possunt.
3105 2364 3376 2420 Caeterum
3424 2367 3472 2421 si
3505 2369 3790 2440 episcopus

2186 2464 2386 2527 potest,
2418 2465 2509 2510 aut
2557 2456 2777 2528 dignum
2834 2459 2981 2513 ducit
3032 2458 3305 2514 infirmum
3358 2462 3705 2517 visitandum
3738 2474 3785 2518 et

2188 2551 2637 2616 benedicendum,
2664 2559 2718 2606 et
2765 2552 3090 2623 tangendum
3136 2554 3452 2618 chrismate,
3486 2556 3611 2611 sine
3658 2573 3787 2612 cnn-

2189 2641 2427 2696 ctatione
2453 2649 2653 2711 potest,
2693 2640 2848 2712 cujus
2876 2651 2958 2698 est
3000 2643 3174 2714 ipsum
3202 2646 3442 2699 chrisma
3494 2648 3785 2702 conﬁcere.

2190 2731 2325 2786 Nam
2352 2733 2742 2803 pmnitentibus
2769 2735 2911 2789 istud
2940 2732 3090 2789 fundi
3122 2750 3226 2790 non
3249 2746 3448 2806 potest,
3466 2739 3599 2807 quia
3628 2755 3790 2808 genitus

2189 2834 2272 2879 est
2304 2827 2629 2879 sacramenti
2665 2845 2677 2879 :
2709 2825 2908 2895 quibus
2955 2834 3134 2880 autem
3184 2826 3390 2897 reliqua
3443 2842 3788 2884 sacramenta

2190 2927 2477 2989 negantur,
2510 2918 2778 2988 quomodo
2803 2934 2969 2972 unum
3002 2935 3171 2991 genus
3217 2929 3438 2990 putatur
3490 2937 3620 2977 esse
3668 2940 3787 2978 cono

2192 3012 2527 3067 cedendum?
2587 3031 2603 3063 ι
2643 3009 2756 3066 Hac
2805 3012 3131 3066 auctoritate
3160 3013 3524 3085 promulgata,
3554 3020 3789 3085 quoties-

496 3104 723 3157 Iiominis
753 3074 999 3156 ventu-rus
1028 3111 1105 3156 est
1132 3074 1330 3173 7(J'larc.
1363 3116 1480 3168 xm,
1505 3074 1618 3173 35),.
1658 3105 1959 3176 Siquidem
1984 3122 2085 3163 nec
2108 3074 2160 3142 ϐ
2190 3118 2404 3173 cunque
2444 3102 2619 3157 ﬁdelis
2666 3102 3011 3167 infirmatur,
3042 3074 3424 3175 ingrediuntur
3472 3074 3680 3161 fratres
3725 3109 3787 3161 ad

492 3197 676 3251 verbis
698 3194 873 3250 solum
904 3196 1089 3250 docuit
1124 3197 1355 3267 vigilias,
1387 3199 1478 3252 sed
1524 3200 1689 3253 etiam
1743 3201 2086 3257 conﬁrmavit

490 3287 774 3357 exemplis.
808 3286 943 3343 Nam
970 3297 1203 3344 testatur
1225 3290 1594 3362 Evangelium,
1626 3294 1752 3363 quia
1782 3302 1894 3347 erat
1928 3295 2083 3349 Jesus

494 3390 811 3450 pertractans
836 3382 891 3435 in
917 3382 1244 3438 orationibus
1284 3384 1383 3438 Dei
1427 3384 1593 3456 (Luc.
1626 3401 1679 3439 vt
1699 3426 1713 3449 ,
1745 3386 1854 3457 l2).
1887 3386 2085 3447 Paulus

492 3480 549 3527 et
585 3471 729 3526 Silas
766 3472 818 3525 in
866 3474 1111 3528 custodia
1164 3473 1377 3545 publica
1428 3476 1572 3530 circa
1626 3478 1860 3532 medium
1908 3480 2085 3537 noctis

492 3574 717 3621 orantes
742 3565 1004 3637 hymum
1029 3568 1244 3624 cunctis
1290 3569 1631 3625 audientibus
1678 3571 1880 3628 dixisse
1913 3574 2083 3628 vincti

495 3669 871 3714 memorantur
914 3659 1054 3730 (Act.
1080 3676 1195 3726 svi,
1222 3661 1309 3723 95,
1340 3660 1454 3729 26).
1514 3661 1614 3716 Ubi
1664 3672 1883 3733 repente
1928 3672 2085 3720 term

494 3760 644 3805 metu
704 3750 869 3817 laeto,
898 3760 956 3807 et
999 3753 1282 3807 concussis
1331 3753 1570 3807 carceris
1617 3752 2002 3819 fundamentis,
2030 3763 2087 3810 et

487 3842 671 3912 januis
719 3845 945 3915 apertis,
976 3846 1219 3899 omnium
1255 3844 1470 3898 vincula
1513 3854 1639 3900 sunt
1686 3845 1882 3900 soluta.
1934 3846 2084 3903 Unde

493 3946 709 4006 Oportet
743 3938 829 3992 bis
874 3938 1023 3993 horis
1061 3938 1323 4006 psallendi
1373 3938 1671 4007 orandique
1720 3938 2085 4010 frequentiam

494 4044 597 4084 nos
628 4030 828 4085 habere
857 4030 911 4085 in
939 4031 1144 4085 sanctis
1170 4029 1380 4095 ofﬁciis,
1413 4030 1681 4101 finemque
1714 4042 1983 4101 nostrum,
2002 4034 2082 4090 vel

497 4120 545 4176 si
566 4120 864 4187 advenerit,
898 4120 999 4176 sub
1022 4122 1113 4175 tali
1146 4131 1269 4177 actu
1300 4131 1617 4196 exspectare
1641 4124 1904 4179 securius.

1063 4230 1292 4287 CAPUT
1334 4228 1513 4286 XLVI.

1060 4304 1088 4345 δ
1110 4318 1176 4358 νε
1201 4319 1511 4358 ιλτυτικιε.

568 4390 643 4446 De
672 4391 1057 4447 Matutinarum
1093 4393 1414 4462 antiquitate
1453 4401 1509 4450 et
1550 4397 1873 4451 auctoritate
1928 4399 2083 4453 testis

496 4490 580 4538 est
610 4480 751 4539 idem
774 4482 940 4537 David
970 4482 1255 4552 propheta,
1282 4484 1470 4539 dicens
1503 4501 1515 4538 :
1548 4484 1616 4539 In
1657 4489 1929 4541 matutinis
1981 4506 2083 4552 me:

498 4572 710 4628 ditabor
742 4574 797 4628 in
822 4583 891 4639 te,
916 4574 1039 4646 quia
1062 4574 1211 4643 fuisti
1236 4575 1455 4645 adjutor
1482 4591 1628 4629 meus
1658 4574 1828 4648 (Psal.
1855 4582 2076 4651 Lxu,7).

498 4664 568 4721 Et
602 4664 729 4719 alibi
761 4682 774 4719 :
813 4662 1184 4721 Prwvenerunt
1210 4665 1346 4720 oculi
1385 4668 1487 4721 mei
1531 4668 1599 4721 ad
1645 4678 1692 4721 te
1734 4668 1989 4737 diluculo,
2025 4683 2081 4726 ut

498 4759 783 4813 meditarer
816 4757 1023 4830 eloquia
1054 4769 1145 4812 tua
1171 4757 1358 4827 (lbid.,
1390 4774 1584 4823 cxvm,
1618 4760 1762 4832 148).
1789 4762 2083 4820 Cassianus

498 4862 679 4907 autem
728 4852 877 4916 dicit,
919 4853 1195 4906 matutina:
1242 4851 1601 4907 solemnitatis
1658 4854 1888 4908 ollicium
1941 4873 2079 4912 novo

496 4945 670 4998 adhuc
699 4954 940 5013 tempore
972 4943 1275 4997 institutum
1302 4958 1421 4998 esse
1450 4944 1699 5013 primitus
1730 4946 1782 4999 in
1811 4946 2080 5001 Bethleem

496 5036 848 5103 monasterio,
873 5035 961 5090 ubi
997 5034 1253 5091 Dominus
1280 5045 1465 5090 noster
1493 5033 1650 5091 Jesus
1691 5034 1941 5093 Christus
1985 5054 2083 5108 pro

496 5129 867 5200 redemptione
894 5127 1143 5181 humana:
1168 5126 1356 5181 salutis
1381 5142 1446 5181 ex
1478 5127 1682 5198 virgine
1714 5128 1861 5182 nasci
1898 5128 2085 5199 digna-

497 5229 581 5273 tus
613 5229 726 5285 est;
761 5221 947 5290 sicque
971 5234 1035 5273 ex
1069 5218 1157 5274 illo
1186 5236 1281 5290 per
1308 5221 1621 5276 universum
1651 5223 1909 5276 mundum
1936 5224 2080 5293 ejus-

495 5312 612 5366 dem
638 5312 1019 5370 celebrationis
1044 5311 1232 5369 inoluit
1252 5316 1606 5371 consuetudo.
1627 5315 1871 5371 Dilueulo
1901 5324 2080 5377 autem

566 5488 590 5515 α
619 5474 700 5546 Ex
728 5473 855 5529 Isid.
890 5475 993 5532 loc.
1027 5477 1119 5531 cit.
1146 5490 1266 5546 cap.
1298 5476 1390 5531 22.

568 5547 593 5586 ιι
627 5540 700 5631 ξπ
733 5547 855 5631 eod.
1017 5548 1111 5602 cit.
1142 5540 1262 5631 cap.
1289 5548 1376 5603 2'5.
1537 5620 1550 5631 ‘
1600 5619 1638 5631 ﬁ

568 5632 587 5656 υ
627 5619 700 5744 Esx
755 5619 913 5689 epist.
946 5618 1242 5674 Innocentii
1292 5635 1441 5690 papae
1486 5620 1550 5673 ad
1600 5619 1920 5674 Decentium
1970 5637 2081 5691 ep.,

496 5702 617 5759 cap.
690 5730 703 5745 .

2188 3202 2447 3266 tegrotum
2475 3210 2599 3249 cum
2639 3209 2777 3265 aqua
2818 3194 3124 3261 benedicta,
3159 3206 3213 3251 et
3274 3212 3398 3254 cum
3448 3199 3630 3253 cereis
3680 3201 3787 3255 sive

2188 3289 2409 3343 incenso
2457 3296 2582 3340 ante
2631 3287 2808 3342 oleum
2856 3296 3209 3354 sanctum,ct
3266 3300 3539 3360 peragunt
3584 3295 3784 3356 omnia,

2187 3381 2326 3435 sicut
2354 3379 2409 3433 in
2436 3390 2904 3434 sacramentorum
2930 3379 3095 3435 Libro
3119 3382 3452 3435 continetur.

2732 3490 2961 3547 CAPUT
3001 3492 3226 3548 XLVIII.

2186 3561 2302 3619 dDE
2332 3579 2431 3619 HOC
2461 3580 2598 3627 QUOD
2638 3580 2740 3619 NON
2766 3580 2850 3620 SIT
2892 3580 3246 3619 PtENITENTIA
3302 3580 3551 3621 ΝΕΕΑΝΒΑ
3598 3581 3657 3622 ΙΝ
3694 3583 3787 3625 ει-

2471 3651 2686 3700 TREMIS,
2714 3652 2781 3689 EX
2812 3650 3057 3690 DECRETO
3097 3652 3284 3691 1.80le
3318 3652 3489 3691 ΡΛΡᾹ.

2254 3725 2333 3779 Ita
2360 3740 2490 3795 ergo
2519 3725 2706 3779 talium
2734 3727 3044 3780 necessitati
3085 3727 3457 3782 auxiliandum
3479 3738 3589 3791 est,
3606 3738 3669 3784 ut
3690 3744 3787 3786 nec

2186 3815 2326 3872 ratio
2356 3816 2461 3871 illis
2484 3816 2839 3886 poenitentiae,
2863 3832 2964 3870 nec
2988 3818 3393 3873 communionis
3416 3821 3598 3889 gratia
3623 3822 3785 3875 date-

2186 3918 2364 3981 getur,
2395 3910 2440 3964 si
2464 3909 2652 3974 etiam,
2672 3907 2785 3977 jam
2809 3910 3010 3985 amisso
3036 3910 3187 3965 vocis
3210 3909 3408 3975 ofﬁcio,
3438 3928 3540 3981 per
3586 3914 3783 3969 indicia

2186 4001 2380 4071 integri
2422 4016 2615 4055 sensus
2652 4015 2898 4071 quaerere
2935 4003 3376 4072 eomprobentur.
3418 4004 3578 4072 Quod
3622 4009 3668 4062 si
3714 4009 3785 4062 ita

2182 4091 2504 4161 aegritudine
2555 4090 2758 4145 fuerint
2806 4094 3109 4163 aggravati,
3140 4103 3199 4148 ut
3244 4097 3392 4164 quod
3442 4098 3610 4167 paulo
3663 4109 3784 4154 ante

2184 4180 2509 4254 poscebant,
2562 4182 2662 4237 sub
2710 4185 2999 4253 praesentia
3055 4185 3224 4258 [Edit.
3274 4188 3404 4241 add.
3460 4191 3782 4264 sacerdotis]

2184 4273 2491 4344 signiﬁcare
2520 4290 2628 4328 non
2653 4278 2881 4344 possint,
2911 4277 3220 4333 testimonia
3259 4278 3341 4333 eis
3378 4279 3629 4337 ﬁdelium
3661 4300 3783 4354 pro-

2186 4368 2340 4421 desse
2364 4368 2658 4429 debebunt,
2687 4368 2847 4424 simul
2880 4378 3062 4426 tamen
3107 4380 3163 4427 et
3204 4376 3548 4443 pmnitentia
3596 4386 3655 4433 et
3698 4394 3782 4434 re-

2186 4461 2581 4517 conciliationis
2611 4461 2936 4518 beneficium
2964 4476 3389 4536 consequantur.

2656 4578 2816 4649 512
2842 4578 3070 4638 CAPUT
3100 4579 3286 4638 XLIX.

2514 4682 2538 4709 θ
2564 4684 2629 4725 us
2666 4686 3008 4728 COMIUNIONE
3049 4658 3155 4730 nox;
3188 4690 3458 4732 NEGANDA.

2260 4762 2334 4816 De
2359 4762 2445 4816 bis
2470 4764 2565 4832 qui
2588 4764 2642 4817 in
2671 4764 2875 4818 exitum
2908 4766 3153 4833 veniunt,
3185 4768 3351 4823 etiam
3376 4784 3526 4825 nunc
3555 4770 3643 4825 lex
3692 4786 3787 4826 an-

2186 4852 2335 4921 tiqua
2362 4854 2733 4923 regularisque
2759 4856 3086 4924 servabitur,
3123 4859 3196 4913 ita
3235 4868 3294 4914 ut
3326 4861 3369 4915 si
3410 4863 3536 4931 quis
3576 4865 3786 4935 egredi-

2186 4953 2277 4998 tur
2302 4943 2368 4999 de
2392 4960 2651 5015 corpore,
2677 4947 2870 5003 ultimo
2898 4959 2954 5003 et
2986 4954 3298 5007 necessario
3322 4954 3526 5009 viatico
3557 4958 3785 5013 minime

2186 5037 2450 5106 privetur.
2485 5037 2640 5105 Quod
2663 5039 2709 5094 si
2738 5039 3058 5110 desperatus
3084 5054 3138 5099 et
3173 5057 3498 5102 consecutus
3536 5064 3785 5104 commu-

2186 5130 2403 5185 nionem
2449 5132 2844 5203 oblationisque
2890 5134 3064 5192 factus
3088 5141 3378 5212 particeps,
3414 5143 3616 5197 iterum
3646 5161 3781 5200 con-

2187 5223 2436 5289 valuerit,
2468 5225 2537 5280 sit
2567 5226 2709 5281 inter
2738 5242 2833 5283 eos
2865 5229 2958 5298 qui
2999 5236 3548 5291 communicationem
3586 5242 3789 5293 oratio-

2186 5316 2273 5371 nis
2304 5316 2677 5373 tantummodo
2730 5330 3155 5390 consequuutur.
3204 5323 3551 5382 Generaliter
3598 5342 3785 5385 autem

2256 5477 2291 5619 ἒ
2314 5478 2425 5603 Ιλξο
2449 5494 2607 5550 papa,
2638 5480 2793 5551 epist.
2844 5482 2908 5537 l8
2940 5480 3046 5554 [AL
3075 5481 3166 5556 83]
3198 5486 3265 5539 ad
3292 5485 3644 5542 Theodorum
3668 5503 3784 5558 φη

2224 5566 2251 5603 a
2300 5590 2312 5602 .
2388 5591 2399 5602 .

2189 5568 2312 5605 can.
2346 5568 2399 5603 ἶ).

2263 5634 2285 5659 θ
2317 5620 2487 5675 Antea
2514 5629 2633 5677 erat
2663 5641 2674 5675 :
2699 5621 2776 5676 De
2805 5624 2885 5679 his
2930 5625 3022 5697 qui
3059 5625 3115 5679 in
3144 5630 3389 5682 extremis
3419 5639 3565 5684 sunt.
3600 5628 3787 5699 Qun-

2188 5708 2314 5748 CET.
