4032 6354
488 307 627 373 1ἓῖ9

1346 300 1406 353 Β.
1446 297 1509 353 F.
1550 297 1777 353 ALBlNl
1820 295 1952 355 SEU
1992 292 2273 352 ALCUlNl
2309 292 2598 349 OPERUM
2634 290 2814 349 PARS
2852 293 2944 347 IX.

3632 293 3782 351 ηδε)

481 423 765 481 multitudo
813 421 992 478 videns
1048 418 1349 475 occubuisse
1382 418 1590 480 Aaron,
1627 416 1768 485 flevit
1816 431 1974 481 super
2011 432 2070 469 eo
2099 420 2147 476 Α
2175 412 2297 467 ideo
2322 413 2586 482 repetitur
2605 411 2909 477 defunctis,
2949 412 3205 480 quoniam
3234 413 3510 469 nescimus
3531 414 3784 484 qualiter

490 520 704 589 triginta
726 516 930 579 diebus,
950 523 999 568 et
1023 511 1243 581 Moysen
1263 511 1518 577 ﬂeverunt
1541 507 1641 577 ﬁlii
1668 505 1839 562 Israel
1857 509 1914 561 in
1937 523 2078 561 cam-
2178 518 2367 559 eorum
2392 519 2558 559 causa
2584 505 2848 559 habeatur
2876 504 2930 557 in
2963 502 3069 557 alia
3096 503 3229 559 vita.

491 610 742 668 oestribus
775 608 933 663 Moab
958 607 1177 676 triginta
1196 603 1377 658 diebus
1400 601 1579 675 (Deut.
1597 616 1785 666 xxxrv,
1808 600 1889 671 8).
1909 600 2077 655 David

492 714 541 761 et
568 704 665 760 ﬁlii
701 701 868 759 Israel
907 700 1290 775 jejunaverunt
1333 709 1433 766 pro
1474 693 1623 759 Saul,
1656 702 1711 748 et
1754 694 2079 765 plauserunt

492 813 613 855 eum
641 797 860 869 planctu
893 792 1147 848 maxime.
1183 789 1248 842 Et
1278 789 1332 842 in
1362 786 1523 841 Libro
1565 784 1852 855 Sapientiae
1882 785 1947 840 de
1975 792 2081 838 ter-

492 896 586 961 tio,
623 892 852 963 septimo
893 896 1055 957 atque
1077 884 1358 957 trigesimo
1377 882 1465 936 die
1506 898 1521 936 :
1564 879 1694 933 Filii
1722 881 1777 933 in
1815 889 2081 932 mortuum

493 988 688 1057 produc
716 984 1001 1055 lacrymas.
1033 981 1099 1035 Et
1123 986 1244 1050 post
1282 992 1453 1048 pauca
1482 994 1494 1029 :
1532 975 1757 1044 Propter
1785 971 2080 1026 delaturum

494 1090 667 1135 autem
698 1094 879 1133 amare
912 1076 993 1145 fer
1018 1074 1216 1128 luctum
1245 1070 1411 1125 illius.
1443 1069 1511 1123 Et
1538 1068 1735 1121 iterum
1782 1084 1794 1119 :
1847 1061 1960 1117 Fac
2000 1064 2083 1117 lu-

494 1185 633 1230 ctum
682 1172 970 1227 secundum
1018 1169 1265 1223 meritum
1303 1166 1419 1235 ejus
1465 1180 1569 1216 uno
1612 1162 1718 1227 die,
1762 1160 1838 1213 vel
1878 1158 2082 1212 duobus

460 1277 703 1338 —propter
748 1264 1122 1319 detractionem
1179 1258 1387 1331 (Eccli.
1432 1250 1941 1324 xxxvm,l6-18).
1979 1250 2083 1306 Ubi

494 1359 669 1429 primo
690 1357 842 1418 dixit,
868 1363 1091 1424 propter
1123 1350 1427 1404 delaturam
1451 1362 1559 1401 uno
1586 1346 1673 1400 die
1701 1344 1818 1399 ﬁeri
1854 1343 2082 1408 luctum,

494 1460 547 1507 et
579 1460 766 1522 postea
788 1456 1011 1519 propter
1033 1443 1444 1508 detractionem,
1473 1459 1576 1495 uno
1618 1440 1691 1494 vel
1717 1439 1940 1503 duobus,
1972 1446 2087 1494 tres

496 1545 610 1599 dies
642 1541 944 1598 introduxit
995 1540 1051 1592 in
1091 1538 1315 1591 luctum.
1362 1534 1701 1603 Quapropter
1744 1539 1799 1587 et
1847 1546 1947 1585 nos
1986 1544 2086 1600 pro

497 1634 650 1689 valde
691 1630 1029 1689 charissimis
1048 1628 1296 1699 jejunare
1322 1641 1417 1681 seu
1460 1626 1836 1694 eleemosynas
1884 1622 2085 1688 facere,

498 1735 661 1797 atque
693 1724 921 1777 interius
946 1736 1045 1791 pro
1069 1734 1258 1776 eorum
1288 1718 1528 1773 reatibus
1556 1715 1687 1770 ﬂere
1724 1714 2000 1776 debemus,
2028 1719 2088 1767 ut

500 1787 645 1891 quod
680 1817 755 1871 illi
785 1818 839 1871 in
871 1787 979 1869 vita
1006 1814 1311 1868 debuerunt
1345 1808 1543 1873 facere,
1569 1816 1625 1864 et
1664 1823 1772 1863 non
1818 1805 2084 1869 fecerunt,
2119 1787 2164 1845 Β

500 1909 690 1965 saltem
717 1924 816 1963 nos
840 1922 939 1978 pro
964 1905 1071 1961 illis
1110 1920 1234 1959 eum
1272 1902 1370 1958 Dei
1423 1901 1624 1956 auxilio
1674 1899 2085 1968 adimpleamus.

568 2003 777 2057 Interea
806 1999 994 2054 dicunt
1038 1996 1236 2067 aliqui,
1281 2002 1465 2048 utrum
1514 2009 1613 2064 pro
1653 1991 1905 2046 omnibus
1934 1988 2089 2044 Chri-

499 2092 688 2151 stianis
730 2091 936 2145 licitum
976 2090 1047 2144 sit
1082 2087 1279 2143 missas
1319 2085 1633 2141 celebrare?
1664 2083 1801 2137 Hinc
1827 2081 2088 2153 Augusti-

500 2206 601 2244 nus
634 2199 681 2241 α.
734 2184 921 2257 Neque
958 2181 1265 2253 negandum
1314 2188 1399 2235 est
1446 2178 1824 2234 defunctorum
1878 2176 2092 2230 animas

501 2285 702 2355 pietate
753 2296 975 2337 suorum
1019 2278 1314 2332 viventium
1361 2274 1614 2337 revelari,
1671 2286 1793 2326 eum
1840 2285 1939 2340 pro
1988 2268 2094 2323 illis

502 2375 834 2430 sacriﬁcium
882 2372 1199 2427 mediatoris
1242 2366 1488 2431 olfertur,
1518 2366 1605 2420 vel
1647 2365 2001 2434 eleemosynae
2037 2362 2093 2416 in

503 2467 746 2523 Ecclesia
778 2464 931 2520 ﬁunt.
980 2462 1087 2519 Sed
1122 2462 1202 2516 eis
1229 2462 1347 2516 haec
1383 2467 1631 2529 prosunt,
1673 2458 1766 2528 qui
1798 2471 1921 2510 cum
1947 2455 2094 2510 vive-

504 2571 646 2625 rent,
688 2560 804 2615 hate
840 2558 944 2614 sibi
988 2565 1048 2611 ut
1086 2565 1276 2627 postea
1304 2555 1563 2624 prodesse
1599 2560 1842 2622 possent,
1883 2563 2094 2604 merue-

503 2652 647 2725 runt.
686 2654 783 2709 Est
810 2654 953 2725 enim
978 2652 1199 2721 quidam
1230 2648 1443 2704 vivendi
1476 2646 1689 2711 modus,
1727 2660 1829 2703 nec
1858 2653 1969 2699 tam
1997 2644 2095 2698 bo-

510 2764 612 2803 nus
662 2755 727 2801 ut
765 2762 873 2801 non
928 2744 1174 2816 requirat
1223 2742 1326 2795 ista
1377 2748 1501 2810 post
1543 2746 1794 2801 mortem,
1840 2751 1941 2791 nec
1984 2743 2095 2789 tam

503 2839 678 2895 malus
714 2847 774 2892 ut
798 2838 848 2893 ei
884 2853 991 2892 non
1020 2836 1231 2907 prosint
1262 2835 1365 2889 ista
1390 2840 1514 2904 post
1538 2838 1792 2887 mortem.
1836 2829 1932 2885 Est
1963 2843 2095 2884 vero

503 2931 629 2987 talis
657 2931 711 2986 in
739 2932 905 2995 bono,
927 2936 988 2983 ut
1015 2930 1130 2984 haec
1151 2944 1257 2983 non
1278 2926 1551 2996 requirat;
1583 2933 1637 2980 et
1657 2932 1741 2979 est
1758 2939 1946 2979 rursus
1972 2922 2096 2978 talis

503 3022 556 3075 in
585 3020 751 3085 malo,
769 3030 949 3075 utnec
968 3020 1052 3074 his
1068 3019 1269 3082 valeat,
1293 3034 1418 3072 eum
1442 3018 1510 3073 ab
1538 3017 1642 3071 hac
1666 3016 1776 3070 vita
1796 3015 2092 3079 transierit,

502 3111 768 3181 adjuvari.
844 3110 1185 3179 Quapropter
1230 3117 1444 3178 oportet
1494 3123 1594 3176 pro
1635 3105 1887 3160 omnibus
1942 3120 2095 3175 rege-

2786 644 3015 701 CAPUT
3072 643 3158 699 LI.

2293 776 2313 805 ε
2345 782 2410 820 DE
2447 780 2680 831 TERTIA,
2721 779 2949 818 SEPTIMA
2998 777 3066 816 ΕΤ
3110 777 3396 818 ΤΙΠΟΕΞΙΙῙΔ
3436 780 3529 818 DIE
3570 780 3678 819 PRO

2815 870 3124 910 DEFUNCTIS.

2257 972 2434 1026 Tertia
2489 970 2599 1023 dies
2653 968 2964 1038 specialiter
3018 984 3116 1039 pro
3172 970 3365 1024 animte
3434 970 3785 1025 absolutione

2183 1065 2508 1125 celebratur,
2548 1063 2675 1131 quia
2703 1061 2956 1116 videlicet
2996 1062 3223 1133 triplicis
3269 1071 3355 1117 est
3400 1073 3643 1125 naturas,
3682 1066 3784 1119 ira-

2185 1158 2408 1221 seibilis,
2439 1146 2897 1227 concupiScibilis,
2926 1164 2982 1211 et
3010 1156 3340 1211 rationalis:
3375 1166 3435 1213 et
3462 1160 3600 1229 quia
3634 1161 3784 1231 inge-

2186 1252 2276 1305 nio
2304 1253 2473 1322 viget,
2501 1250 2800 1315 intellectu,
2832 1258 2884 1305 et
2914 1253 3196 1306 memoria.
3230 1252 3461 1321 Propter
3489 1254 3600 1308 hoc
3628 1256 3789 1325 igitur

2186 1345 2514 1401 sacriﬁcium
2546 1345 2633 1399 die
2661 1346 2820 1399 tertia
2848 1346 3147 1416 peragitur,
3180 1355 3241 1399 ut
3279 1347 3324 1400 si
3353 1348 3486 1416 quid
3520 1348 3787 1402 temulen.

2188 1447 2302 1493 tum
2333 1436 2487 1509 [Cod.
2512 1437 2657 1503 Vat.,
2679 1438 3043 1509 cenulentum]
3069 1456 3135 1493 ex
3163 1441 3346 1494 carnis
3374 1440 3789 1495 eohabitatione

2189 1530 2480 1594 contraxit,
2506 1530 2844 1593 obliteretur,
2872 1538 2927 1584 et
2953 1540 3155 1586 sanetae
3176 1531 3466 1587 Trinitatis
3488 1533 3789 1587 similitudo

2195 1630 2499 1692 reparetur.

2262 1715 2387 1769 Dies
2428 1717 2676 1784 septimus
2724 1716 3079 1771 nihilominus
3107 1716 3299 1773 ofﬁciis
3341 1718 3647 1789 deputatur
3691 1722 3789 1774 eis-

2195 1809 2343 1875 dem,
2369 1818 2431 1863 ut
2461 1809 2642 1862 anima
2670 1824 2768 1863 suo
2795 1811 3011 1881 corpori
3062 1812 3452 1865 reconcilietur
3483 1830 3496 1864 :
3530 1823 3789 1881 septena-

2194 1905 2308 1958 rius
2333 1919 2569 1975 namque
2599 1920 2861 1960 numerus
2886 1920 2954 1959 ex
2978 1905 3221 1959 ternario
3243 1914 3463 1961 constat
3491 1914 3548 1959 et
3572 1917 3790 1975 quater-

2194 1992 2373 2057 nario,
2411 2000 2467 2046 et
2494 1992 2770 2048 ternarius
2816 1992 3011 2047 anima:
3067 1992 3352 2056 tribuitur,
3402 1994 3792 2062 quaternarius

2194 2084 2407 2152 corpori
2440 2081 2752 2152 deputatur,
2787 2091 3008 2152 propter
3037 2092 3271 2152 quatuor
3298 2083 3648 2145 notissimos,
3681 2084 3790 2154 qni-

2194 2177 2295 2232 bus
2322 2184 2559 2241 constat,
2588 2176 2865 2230 humores.
2898 2173 2994 2227 Est
3023 2189 3154 2245 ergo
3196 2176 3351 2243 quasi
3391 2176 3651 2244 quasdam
3682 2177 3789 2229 rita

2196 2270 2443 2341 corporis
2491 2277 2545 2324 et
2594 2269 2824 2331 animae,
2876 2283 2995 2337 qua:
3035 2282 3199 2322 carne
3238 2268 3521 2330 illiciente,
3570 2283 3793 2341 eamque

2197 2363 2311 2417 suis
2343 2361 2615 2417 illecebris
2657 2361 2987 2425 attrahente,
3016 2360 3281 2430 peccavit.
3346 2359 3413 2415 Ut
3449 2375 3590 2431 ergo
3621 2362 3790 2416 anima

2197 2472 2297 2510 suo
2350 2457 2565 2523 corpori
2613 2452 2958 2524 paciﬁcetur,
3006 2453 3383 2508 holocaustum
3435 2455 3675 2523 septima
3715 2454 3795 2510 die

2201 2546 2357 2619 [Ms.,
2383 2547 2599 2618 septimi
2625 2545 2752 2617 diei]
2782 2546 3082 2617 peragitur.
3116 2546 3197 2600 Ad
3225 2546 3332 2601 hoc
3362 2544 3505 2600 forte
3534 2548 3793 2615 pertinet,

2199 2640 2343 2709 quod
2386 2639 2440 2691 in
2476 2638 2619 2692 libro
2646 2637 3015 2691 Ecclesiastici
3059 2637 3300 2690 dicitur:
3334 2635 3537 2691 Luctus
3580 2638 3792 2699 mortui,

2198 2740 2388 2800 septem
2433 2730 2543 2783 dies
2573 2742 2591 2781 :
2619 2729 2789 2782 luctus
2813 2737 2987 2781 autem
3013 2726 3171 2795 fatui,
3199 2744 3376 2782 omnes
3406 2729 3520 2783 dies
3543 2731 3667 2799 ejus
3694 2731 3796 2784 rita!

2201 2819 2392 2892 (Eccli.
2437 2835 2573 2885 χχιι,
2605 2820 2715 2890 15).
2761 2820 2886 2874 Haec
2918 2821 2983 2874 de
3015 2820 3177 2874 tertia
3206 2831 3262 2875 et
3288 2822 3527 2891 septima
3558 2824 3673 2889 die,
3711 2841 3800 2879 au-

2199 2912 2510 2966 ctoritative
2537 2912 2757 2981 quidem
2789 2910 2943 2983 [Ms.,
2962 2913 3345 2967 auctoritativa
3368 2916 3652 2988 quaedam]
3678 2917 3795 2972 bre-

2198 3002 2344 3057 viter
2388 3002 2645 3056 diximus.

2272 3094 2540 3149 Caeterum
2592 3095 2658 3149 de
2701 3096 2972 3165 trigesima
3024 3097 3109 3150 die
3154 3099 3210 3151 in
3258 3098 3619 3171 Dialogorum
3655 3101 3797 3156 libris

505 3176 709 3257 neratis
744 3202 846 3255 ista
874 3176 1081 3259 facere,
1107 3208 1167 3253 ut
1195 3176 1373 3253 nullus
1400 3214 1591 3253 eorum
1618 3196 2090 3266 prmtermittatur,
2123 3176 2168 3238 C
2200 3191 2429 3259 legimus
2474 3189 2526 3255 ά,
2577 3190 2796 3245 beatum
2848 3191 3170 3261 Gregorium
3234 3197 3565 3264 praecepisse
3616 3197 3796 3251 diebus

504 3293 573 3348 ad
603 3306 739 3361 quos
765 3291 879 3345 haec
916 3290 1178 3345 beneﬁcia
1218 3289 1422 3358 possint
1451 3296 1508 3342 et
1532 3288 1767 3341 debeant
1788 3288 2091 3356 pervenire.

579 3380 889 3436 Praesertim
938 3396 1059 3435 cum
1091 3379 1311 3449 quidam
1343 3379 1411 3432 ab
1442 3378 1690 3433 hostibus
1736 3387 1949 3448 captus,
1980 3379 2097 3432 vin-

508 3474 754 3543 culisque
802 3472 996 3527 ferreis
1041 3471 1401 3542 mancipatus,
1446 3487 1475 3524 a
1508 3472 1743 3542 quodam
1789 3486 1948 3526 servo
1975 3470 2093 3535 Dei,

510 3565 720 3620 scilicet
747 3580 1006 3635 germano
1052 3579 1170 3629 suo,
1213 3571 1272 3617 ut
1308 3563 1602 3632 putabatur
1634 3571 1905 3626 mortuus,
1957 3562 2097 3618 cele-

506 3658 677 3711 bratis
702 3671 800 3727 pro
828 3672 893 3711 eo
918 3656 1162 3725 quotidie
1188 3655 1372 3709 missis
1404 3670 1557 3709 more
1596 3664 1958 3719 mortuorum,
1998 3671 2097 3709 sa:-

504 3750 727 3821 pissime
754 3749 964 3804 vincula
991 3748 1350 3815 solverentur,
1383 3764 1415 3803 a
1437 3748 1633 3818 quibus
1660 3757 1847 3817 postea
1880 3747 2095 3802 absolu-

506 3852 593 3899 ωε
624 3851 725 3899 est.

581 3934 689 3990 Sed
718 3943 773 3989 et
812 3936 916 3989 hoc
944 3935 1261 3999 notandum,
1291 3933 1419 4003 quia
1451 3934 1595 4005 quod
1627 3935 1808 3989 missae
1854 3942 2096 3989 mortuo-

506 4044 627 4082 rum
651 4028 855 4097 absque
881 4023 1063 4080 Gloria
1089 4034 1144 4085 et
1164 4025 1414 4091 Alleluia,
1443 4042 1539 4081 seu
1564 4028 1716 4097 pacis
1741 4026 1926 4081 osculo
1955 4027 2099 4083 cele-

512 4118 757 4182 brantur,
795 4116 939 4185 quod
973 4124 1055 4171 est
1096 4116 1352 4170 indicium
1378 4116 1597 4182 laetitiae,
1633 4118 1699 4171 ad
1732 4117 2097 4174 imitationem

515 4211 695 4281 agitur
743 4207 1064 4273 ciliciorum,
1112 4224 1232 4278 qua:
1278 4218 1509 4280 aguntur
1551 4210 1605 4263 in
1653 4217 1827 4265 morte
1858 4211 2107 4266 Domini.

510 4299 691 4356 Potest
730 4302 834 4356 hoc
880 4300 1084 4356 addisci
1119 4301 1172 4354 in
1197 4302 1417 4357 bomilia
1451 4300 1702 4373 Origenis
1741 4303 1931 4372 quinta
1971 4303 2096 4359 libri

510 4392 755 4459 Levitici,
782 4394 873 4447 ubi
919 4393 1048 4446 dicit
1078 4392 1106 4431 h
1135 4412 1145 4445 :
1180 4414 1197 4442 ‹
1236 4393 1576 4449 Sacriﬁcium
1599 4409 1697 4464 pro
1723 4405 1946 4464 peccato
1991 4412 2098 4451 non

510 4484 569 4539 fit
607 4485 659 4539 in
690 4485 829 4550 oleo,
880 4485 1011 4539 dicit
1063 4486 1206 4538 enim
1252 4504 1262 4538 :
1309 4486 1433 4541 Non
1467 4499 1778 4559 superponet
1814 4491 1861 4543 ei
1901 4489 2095 4557 oleum,

510 4594 627 4632 cum
644 4578 762 4648 jam
793 4594 888 4650 pro
907 4589 1117 4648 peccato
1145 4587 1239 4631 est.
1274 4578 1425 4645 Quod
1451 4594 1580 4648 ergo
1610 4596 1710 4648 pro
1739 4590 1965 4650 peccato
1989 4591 2094 4650 est,

511 4684 610 4725 nec
640 4670 819 4725 oleum
846 4671 1068 4737 laetitias,
1115 4686 1215 4725 nec
1242 4671 1365 4725 thus
1400 4670 1686 4725 suavitatis
1715 4671 2030 4739 imponitur.
2070 4695 2088 4726 ι

510 4764 586 4818 Ac
636 4763 758 4818 ideo
801 4763 1007 4833 absque
1031 4762 1215 4819 Gloria
1252 4774 1308 4820 et
1327 4762 1556 4817 Alleluia
1593 4763 1922 4831 celebratur,
1969 4768 2095 4837 quia

510 4859 626 4909 sine
648 4852 767 4909 oleo
794 4862 848 4908 et
873 4856 1031 4908 thure
1062 4855 1289 4909 Romani
1337 4856 1393 4909 in
1423 4855 1751 4927 vespertinis
1779 4870 1874 4911 seu
1898 4856 2098 4927 vigiliis

509 4960 671 5019 atque
702 4951 980 5004 matutinis
1005 4950 1381 5005 defunctorum
1414 4958 1525 5005 tres
1551 4953 1929 5006 tantummodo
1953 4952 2098 5021 psal-

509 5054 626 5095 mos
653 5041 901 5107 recitant,
948 5040 1155 5095 scilicet
1181 5040 1250 5094 ob
1280 5041 1615 5110 sepulturam
1647 5041 1961 5095 triduanam
1996 5041 2099 5097 Do-

512 5133 662 5187 mini.
696 5132 765 5186 At
794 5134 868 5199 hi,
900 5134 991 5203 qui
1016 5149 1112 5204 per
1153 5134 1545 5187 novennarium
1592 5150 1905 5199 numerum,
1937 5135 2098 5191 sicuti

510 5232 591 5276 est
622 5223 677 5278 in
703 5223 1063 5279 Kalendarum
1093 5224 1280 5279 diebus
1320 5240 1415 5280 seu
1444 5223 1980 5291 Anniversariorum,
2017 5242 2101 5280 re.

510 5314 715 5381 colunt,
744 5316 977 5384 ﬁgurant
1010 5317 1098 5371 illa
1138 5315 1312 5372 ollicia
1348 5317 1712 5383 nocturnalia,
1739 5333 1860 5388 quae
1891 5318 1945 5372 in
1976 5335 2102 5389 pas-

510 5407 662 5461 sione
702 5407 913 5462 Domiui
968 5408 1073 5462 rite
1127 5406 1491 5464 celebrantur.
1546 5408 1935 5464 Anniversaria
1972 5410 2092 5466 dies

582 5535 611 5565 ι
650 5524 707 5579 ln
741 5523 1075 5590 Encbiridio,
1114 5539 1234 5594 cap.
1263 5521 1394 5589 “0;
1445 5529 1499 5578 et
1545 5521 1670 5578 libr.
1724 5523 1791 5578 de
1829 5521 1972 5578 Cura
2002 5539 2102 5595 pro

512 5596 744 5652 mortuis
772 5612 891 5667 cap.
921 5596 1006 5652 l8.

586 5668 614 5707 δ
654 5664 1132 5743 ρςίεθῐὶθε,-1ιοεῐι.
1155 5666 1280 5743 5_in
1303 5664 1499 5730 Levit.,
1532 5680 1682 5720 num.
1732 5664 1785 5743 6,
1815 5664 2099 5735 pag.209,

516 5744 649 5792 tom.
682 5738 726 5793 ll
754 5736 914 5807 Oper.
944 5736 1119 5807 Paris.
1149 5738 1303 5793 1755.

593 5822 613 5848 ε
657 5808 845 5863 Exstat
898 5810 1001 5864 hoc
1051 5809 1348 5879 capitulum
1392 5808 1687 5880 separatim
1742 5808 1797 5863 in
1842 5808 1961 5867 cod.
1994 5822 2099 5865 ms.

2129 4540 2177 4600 D

2200 3283 2421 3353 triginta
2482 3284 2757 3338 continuis
2818 3300 2919 3354 pro
2972 3286 3206 3354 quodam
3264 3289 3537 3342 monacho
3584 3290 3798 3345 nomine

2198 3374 2352 3429 Justo
2402 3372 2577 3446 [ϐοαί
2596 3373 2716 3429 Vat.
2752 3376 2945 3441 omitt.,
2976 3374 3176 3450 Justo],
3223 3378 3441 3450 sibique
3487 3380 3801 3437 necessario

2198 3467 2429 3531 medico,
2456 3482 2616 3537 quem
2651 3467 2789 3538 ipse,
2818 3469 2887 3523 ob
2910 3469 3089 3524 scelus
3120 3470 3198 3524 rei
3226 3471 3540 3540 peculiaris,
3577 3474 3800 3528 damna-

2198 3568 2374 3624 verat,
2409 3558 2606 3615 missas
2633 3567 2689 3614 et
2714 3561 2992 3617 orationes
3021 3562 3410 3631 percelebrari.
3456 3565 3672 3633 Quibus
3716 3584 3799 3621 e1-

2199 3650 2375 3721 pletis,
2405 3652 2587 3705 divina
2620 3651 3027 3708 manifestatum
3053 3663 3138 3710 est
3169 3656 3528 3720 revelatione,
3558 3675 3802 3714 comma-

2201 3744 2418 3797 nionem
2471 3754 2895 3815 sanctorumque
2942 3748 3262 3802 societatem
3320 3751 3601 3819 recepisse
3651 3750 3800 3824 [ιιι.

2201 3836 2517 3891 societatem
2568 3838 2880 3909 redditam].
2933 3838 3059 3893 Haec
3094 3855 3224 3911 ergo
3249 3840 3534 3895 salutifera
3587 3843 3806 3898 inolevit

2202 3928 2554 3992 consuetudo,
2590 3936 2649 3981 ut
2693 3929 2975 3999 trigesima
3002 3929 3119 3985 dies
3164 3930 3549 3985 defunctorum
3601 3934 3805 3989 devotis

2201 4019 2617 4090 frequententur
2673 4020 2884 4077 olliciis.
2944 4033 2967 4060 ε
3019 4022 3340 4095 [Possumus
3394 4025 3565 4078 etiam
3625 4034 3683 4080 et
3724 4027 3805 4081 hic

2202 4113 2543 4169 auctoritatis
2580 4113 2784 4182 aliquid
2814 4115 3093 4179 adhibere,
3133 4131 3257 4169 nam
3291 4115 3458 4187 514
3481 4117 3673 4171 Aaron
3704 4120 3803 4189 pri-

2202 4222 2351 4260 mum
2404 4206 2749 4261 sacerdotum
2807 4207 3030 4275 triginta
3081 4208 3271 4261 diebus
3342 4208 3546 4277 legitur
3598 4210 3805 4265 flevisse

2201 4297 2431 4370 populus
2480 4298 2790 4369 (Num.xx,
2818 4298 2956 4373 30).]
3019 4297 3160 4355 Sunt
3205 4302 3298 4370 qui
3346 4302 3542 4356 dicunt
3590 4305 3698 4359 hoc
3727 4307 3805 4375 agi

2201 4406 2303 4463 pro
2346 4390 2680 4461 perfectione
2729 4394 3006 4447 tricenarii
3059 4396 3272 4448 numeri
3317 4412 3495 4450 :nam
3541 4398 3804 4452 Dominus

2204 4484 2428 4556 triginta
2474 4500 2741 4539 annorum
2792 4492 2952 4538 aetate
3006 4486 3314 4555 baptizatus
3358 4496 3463 4543 est.
3524 4490 3595 4543 Et
3642 4490 3802 4545 David

2203 4577 2427 4648 triginta
2483 4592 2749 4633 annorum
2778 4618 2793 4643 ,
2852 4579 3005 4650 regni
3061 4582 3297 4649 suscepit
3348 4583 3797 4652 gubernaculum.

2202 4670 2444 4725 Primum
2470 4672 2637 4724 etiam
2664 4671 2971 4736 hominem,
3003 4671 3059 4725 in
3088 4673 3307 4742 triginta
3338 4690 3618 4729 annorum
3652 4688 3800 4731 aetate

2203 4773 2445 4820 creatum
2497 4762 2751 4819 doctores
2802 4772 3072 4829 asserunt,
3124 4773 3179 4819 et
3225 4774 3413 4821 nostra
3472 4782 3711 4838 corpora
3756 4770 3803 4822 in

2202 4871 2517 4937 mensuram
2561 4857 2740 4911 aetatis
2771 4855 3123 4925 plenitudinis
3170 4853 3400 4922 Christi,
3439 4860 3726 4915 credimus
3759 4872 3811 4915 et

2204 4966 2487 5021 speramus
2522 4957 2930 5006 resurrectura:
2959 4950 3233 5021 multaque
3261 4961 3485 5006 exstant
3511 4953 3620 5009 alia
3658 4954 3807 5023 hujus

2205 5042 2283 5097 rei
2315 5042 2591 5113 mysteria.
2634 5040 2956 5097 Celebratur
2993 5057 3123 5112 ergo
3168 5042 3285 5097 dies
3314 5043 3631 5113 tricesima,
3668 5060 3727 5102 ut
3760 5051 3805 5101 in

2204 5135 2385 5188 anima
2425 5132 2849 5204 iucorruptionis
2892 5143 3182 5188 renovetur
3203 5133 3490 5202 juventus,
3527 5149 3585 5193 et
3618 5157 3805 5211 corpus

2205 5228 2348 5298 quod
2395 5227 2449 5280 in
2494 5225 2799 5280 humilitate
2844 5224 3114 5295 sepultum
3164 5226 3381 5293 fuerat,
3439 5244 3703 5303 resurgat
3754 5236 3803 5287 in

2205 5320 2399 5391 gloria,
2439 5318 2833 5390 conﬁguratum
2878 5320 3092 5390 corpori
3124 5320 3390 5377 claritatis
3419 5321 3639 5379 Christi
3664 5325 3801 5396 (Plai—

2209 5412 2299 5484 lip.
2326 5428 2407 5477 Ill,
2432 5410 2547 5481 21).

2210 5527 2472 5607 Vaticano
2519 5525 2850 5607 3850,‘po'st
2879 5523 3165 5580 Orationes
3206 5525 3412 5607 {illuni
3438 5530 3513 5607 ad
3544 5529 3721 5607 Deum
3740 5541 3805 5607 et

2211 5598 2503 5667 apostolos,
2520 5613 2655 5667 quas
2678 5597 2927 5651 dedimus
2953 5612 3115 5666 supra
3139 5596 3241 5651 col.
3276 5597 3412 5651 1027
3441 5601 3598 5655 inter
3626 5603 3803 5657 dubia.

2279 5667 2305 5706 ά
2347 5668 2404 5739 S.
2431 5666 2592 5739 Greg.
2638 5668 2707 5722 Μ.
2734 5667 2943 5739 libr.1v
2974 5666 3115 5721 Dial.
3154 5682 3274 5737 cap.
3298 5668 3389 5724 55.

2216 5810 2256 5865 ν
2288 5751 2313 5864 ἰ
2350 5738 2481 5809 Quae
2517 5738 2728 5795 uncinis
2764 5738 3132 5805 includuntur,
3172 5740 3372 5795 omissa
3414 5753 3547 5799 sunt
3597 5748 3653 5801 in
3685 5746 3805 5801 cod.

2259 5826 2289 5865 a
2322 5851 2333 5865 .

2259 5826 2333 5865 al.
