4032 6354
174 314 179 317 -
240 276 372 333 1281

845 389 1071 448 CAPUT
1110 393 1217 448 LII.

663 492 689 520 ⁸
720 496 784 534 DE
820 498 967 537 MISSA
1008 501 1391 541 INNOCENTIUM.

308 571 386 627 De
412 571 576 627 missa
611 571 981 633 Innocentium
1010 578 1414 646 particulariter
1464 579 1519 632 in
1550 577 1816 647 Antipho-

236 664 393 719 nario
420 662 500 719 sic
529 686 544 716 δ
570 660 755 718 Gloria
796 666 847 718 in
883 666 1098 721 excelsis
1130 667 1239 722 Deo
1268 685 1376 724 non
1411 676 1685 733 cantatur,
1717 649 1817 723 nec

236 759 487 823 Alleluia,
521 760 614 815 sed
642 760 797 830 quasi
848 761 901 814 in
946 763 1167 817 tristitia
1211 762 1496 818 deducitur
1543 764 1658 818 dies
1704 762 1810 817 ille.

235 851 575 922 Compositor
600 852 759 906 cilicii
782 854 1065 921 praesentis
1093 854 1497 911 Innocentium:
1528 852 1815 908 Voluerunt

236 955 292 1000 et
318 945 832 1015 planxerunt:sicut
877 956 1092 1016 separat
1137 964 1236 1003 nos
1276 948 1344 1002 ab
1379 956 1503 1003 actu
1549 948 1814 1001 malorum

234 1037 544 1094 Judzeorum
594 1039 650 1094 in
672 1038 836 1095 Coena
868 1041 1102 1107 Domini,
1138 1043 1253 1097 sive
1289 1044 1343 1097 in
1369 1043 1684 1107 Parasceve,
1718 1056 1813 1096 seu

238 1132 292 1186 in
340 1131 576 1188 Sabbato
631 1142 838 1199 sancto,
882 1136 1180 1191 omittendo
1226 1138 1407 1192 oscula
1461 1137 1575 1191 sive
1617 1145 1813 1191 caetera

237 1235 514 1291 consueta,
547 1229 625 1283 sic
647 1230 925 1300 conjungit
955 1232 1007 1286 in
1033 1234 1288 1299 praesenti
1318 1232 1614 1288 festivitate
1640 1232 1814 1288 dolori

237 1316 549 1372 devotarum
578 1317 919 1374 feminarum.
950 1320 1123 1376 Causa
1158 1338 1348 1377 earum
1387 1322 1621 1378 tristitie
1656 1324 1816 1379 omit-

238 1409 420 1475 timus,
452 1408 635 1465 Gloria
663 1411 719 1465 in
740 1410 956 1467 excelsis
976 1412 1108 1478 Deo,
1132 1424 1187 1469 et
1209 1414 1457 1469 Alleluia.

832 1527 1061 1583 CAPUT
1096 1528 1227 1582 Llll.

238 1610 301 1648 DE
340 1611 440 1651 HOC
477 1611 582 1651 CUR
621 1612 871 1652 ιιΑῦιδι-ιιι
911 1614 1174 1653 8801,εὸιῶ
1223 1614 1640 1663 ουληιιλαεδιιιλε
1684 1615 1816 1655 ΤΙ-ΞΜ-

311 1701 402 1740 PUS
438 1702 577 1740 ANTE
616 1703 802 1743 ιιοιιιΝι
840 1705 1125 1745 Ρλεειοιςειι
1159 1707 1535 1747 οθεειιγλιςιιωι
1577 1708 1815 1747 ετλτυε-

309 1792 474 1832 RUNT.

308 1868 556 1941 Congrua
594 1879 776 1927 autem
828 1873 1037 1928 ratione
1087 1874 1331 1944 magistri
1376 1873 1631 1929 Ecclesiae
1667 1872 1814 1939 Qua-

235 1962 557 2033 dragesima:
586 1974 797 2036 tempus
818 1975 945 2022 ante
970 1967 1179 2022 Domini
1202 1968 1508 2037 passionem
1528 1968 1817 2022 observan-

238 2056 363 2111 dum
395 2071 515 2112 esse
544 2067 869 2125 statuerunt,
919 2069 979 2115 ut
1017 2060 1378 2133 intelligamus
1412 2062 1538 2131 quia
1583 2075 1817 2130 praesen-

240 2150 309 2207 tis
338 2152 462 2206 vitae
488 2152 705 2208 aﬂlictio
745 2154 1206 2209 immortalitatem
1253 2154 1488 2209 futuram
1523 2154 1685 2223 parit.
1734 2152 1817 2207 Ad

236 2260 397 2315 quam
449 2261 563 2301 rem
596 2246 1025 2302 confirmandum
1075 2249 1188 2317 ipse
1218 2248 1478 2304 Dominus
1500 2289 1513 2313 ,
1547 2249 1639 2318 qui
1686 2263 1817 2317 qua-

238 2333 483 2406 draginta
515 2335 702 2391 diebus
744 2345 868 2391 ante
894 2338 1198 2407 passionem
1241 2338 1536 2409 jejunavit,
1582 2340 1817 2410 quadra-

239 2427 384 2495 ginta
416 2427 575 2481 etiam
604 2436 725 2496 post
754 2430 1207 2485 resurrectionem
1233 2447 1357 2486 cum
1382 2431 1660 2500 discipulis
1690 2447 1818 2487 con-

241 2526 484 2573 versatus
505 2526 621 2584 est,
666 2529 956 2591 utrumque
985 2529 1198 2592 tempus
1220 2523 1578 2593 quadraginta
1608 2523 1817 2578 dierum

240 2624 467 2665 numero
510 2611 803 2681 complens,
854 2621 914 2667 ut
957 2615 1270 2670 ostenderet
1314 2616 1368 2670 in
1408 2617 1664 2685 przesenti
1708 2618 1817 2672 vita

240 2708 452 2772 tempus
481 2717 600 2758 esse
643 2702 964 2768 alﬂictionis,
997 2715 1051 2761 et
1098 2706 1151 2760 in
1200 2700 1380 2761 futura
1429 2708 1631 2778 gaudii.
1682 2707 1817 2763 Cum

238 2796 382 2851 enim
413 2796 769 2867 quadraginta
800 2798 988 2853 diebus
1025 2807 1149 2853 ante
1179 2800 1487 2869 passionem
1523 2800 1815 2871 jejunaret,

240 2890 397 2959 quasi
443 2890 714 2945 clamabat
751 2909 763 2943 :
816 2891 937 2946 Nisi
967 2894 1323 2962 paenitentiam
1374 2894 1600 2965 egeritis,
1631 2896 1822 2949 morie-

242 2983 370 3037 mini
400 2984 455 3036 in
483 2985 708 3054 peccatis
754 2986 934 3039 vestris
968 2985 1148 3056 (Joan.
1181 3002 1301 3050 vni,
1328 2986 1440 3057 24).
1500 2987 1569 3041 Et
1593 2987 1815 3042 Petrus:

243 3074 501 3129 Abstinete
544 3092 629 3131 vos
679 3093 711 3128 a
753 3076 1055 3131 carnalibus
1096 3078 1387 3141 desideriis,
1437 3096 1554 3149 qua:
1588 3078 1817 3133 militant

242 3168 489 3223 adversus
520 3169 751 3223 animam
776 3168 829 3239 (Ι
853 3168 997 3224 Petr.
1033 3156 1090 3234 n,
1118 3170 1226 3241 ll).
1267 3170 1401 3225 Cum
1430 3186 1559 3226 vero
1584 3180 1706 3243 post
1736 3188 1821 3226 re-

244 3263 633 3316 surrectionem
679 3276 799 3315 cum
846 3260 1123 3331 discipulis
1160 3272 1599 3327 conversaretur,
1634 3278 1821 3317 eorum

242 3351 406 3405 corda
438 3350 738 3415 laetificans,
769 3352 921 3419 quasi
958 3351 1087 3406 illud
1113 3353 1364 3423 gaudium
1404 3354 1669 3410 ineffabile
1693 3370 1820 3425 pro-

244 3441 529 3506 mittebat,
584 3442 650 3495 de
686 3457 791 3509 quo
834 3441 961 3495 alibi
997 3443 1110 3496 ait:
1152 3443 1353 3497 Iterum
1398 3445 1577 3498 videbo
1625 3463 1735 3511 vos,
1775 3456 1823 3501 et

241 3531 489 3602 gaudebit
512 3548 603 3585 cor
624 3542 870 3597 uestrum,
903 3543 949 3585 et
972 3534 1222 3603 gaudium
1249 3544 1473 3590 vestrum
1504 3553 1652 3590 nemo
1680 3537 1823 3591 tollet

243 3641 275 3677 a
298 3624 439 3677 vobis
472 3622 650 3693 (Ioan.
680 3640 791 3687 xvi,
815 3623 926 3696 22).
978 3624 1047 3678 Et
1095 3626 1290 3680 iterum
1323 3646 1334 3681 :
1364 3626 1499 3681 Ecce
1534 3645 1625 3699 ego
1660 3631 1825 3684 vobis-

243 3733 363 3771 cum
392 3733 505 3770 sum
539 3716 776 3770 omnibus
802 3716 980 3771 diebus
1024 3734 1187 3789 usque
1234 3720 1302 3773 ad
1326 3723 1823 3776 consummationem

243 3810 425 3866 δαναιιὶ
452 3809 667 3882 (Matth.
694 3827 882 3877 xxvm,
910 3810 1022 3884 20).
1061 3811 1334 3882 Jejunavit
1380 3824 1561 3869 autem
1599 3832 1705 3870 non
1738 3830 1825 3871 so—

244 3902 356 3957 lum
399 3904 751 3975 quadraginta
800 3905 1012 3970 diebus,
1048 3907 1141 3961 sed
1188 3907 1353 3961 etiam
1389 3909 1661 3973 noctibus,
1688 3915 1749 3961 ut
1780 3907 1824 3962 si

242 4008 503 4065 prospera
552 3994 918 4062 blandiantur,
967 4012 1087 4067 qua:
1132 3997 1507 4068 significantur
1540 4015 1637 4069 per
1674 4000 1823 4065 dies,

245 4086 361 4141 sive
392 4088 616 4143 adversa
649 4096 908 4154 terreant,
934 4104 1054 4159 qua:
1088 4089 1462 4159 signiﬁcantur
1484 4106 1582 4161 per
1617 4098 1823 4155 noctes,

245 4176 537 4233 immobilis
565 4188 873 4249 perseveret
904 4181 1122 4235 animus
1150 4180 1514 4247 Christianus,
1564 4182 1707 4238 sicut
1740 4182 1825 4236 fa-

246 4268 426 4324 ciebat
456 4269 543 4323 ille
583 4270 674 4340 qui
698 4271 952 4332 dicebat:
996 4268 1101 4325 Per
1128 4290 1279 4326 arma
1306 4273 1532 4343 justitia:
1570 4292 1602 4327 a
1629 4273 1826 4329 dextris

246 4369 295 4413 et
324 4377 356 4412 a
384 4360 632 4425 sinistris,
662 4378 752 4430 per
776 4361 999 4432 gloriam
1029 4372 1077 4415 et
1106 4362 1505 4431 ignobilitatem,
1551 4380 1646 4433 per
1684 4364 1825 4434 infa-

1046 277 1192 335 OPP.
1234 279 1634 337 SUPPOSITA.
1671 308 1740 321 -——
1779 279 1906 335 LIB.
1948 280 2037 335 DE
2077 279 2324 335 DlVlNlS
2362 280 2666 337 OFFICIIS.

3350 277 3487 334 1282

1838 396 1890 459 Α
1915 394 2195 449 miseratio
2220 408 2233 447 :
2261 410 2392 450 sana
2414 395 2675 461 'vulnera,
2719 394 2939 467 ejusque
2983 397 3198 455 remitte
3237 402 3484 466 peccata,
3508 402 3523 417 '

1915 494 1977 541 ut
2005 486 2167 541 nullis
2201 501 2231 540 a
2269 494 2322 540 te
2369 486 2745 556 iniquitatibus
2794 496 3090 557 separatus,
3119 489 3216 544 tibi
3250 501 3484 557 semper,

1916 575 2164 641 Domine,
2187 577 2369 631 valeat
2392 578 2548 632 adhm
2559 591 2701 632 rere.
2729 576 2833 631 Per
2859 577 3167 634 Dominum.

1986 667 2126 721 Alia.
2172 666 2398 720 Domine
2426 665 2569 721 Deus
2603 673 2807 731 noster,
2845 668 2938 738 qui
2969 667 3263 724 offensione
3308 680 3489 728 nostra

1915 773 2023 812 non
2044 758 2299 823 vinceris,
2326 758 2417 812 sed
2442 757 2807 813 satisfactione
2826 758 3087 828 placaris:
3105 762 3327 832 respice,
3349 778 3491 832 qua»

1915 863 2123 913 sumus,
2154 849 2220 902 ad
2248 849 2392 905 hunc
2421 848 2681 904 famulum
2708 858 2882 916 tuum,
2907 852 2995 921 qui
3027 868 3085 908 se
3112 854 3206 908 tibi
3236 869 3492 923 peccasse

1915 939 2153 1009 graviter
2172 942 2491 1007 confitetur;
2516 951 2668 996 tuum
2684 950 2766 998 est
2790 943 3180 1001 absolutionem
3206 947 3492 1005 criminum

1916 1031 2065 1097 dare,
2104 1040 2158 1086 et
2190 1027 2403 1087 veniam
2445 1043 2707 1103 praestare
2754 1037 3123 1104 peccantibus,
3174 1038 3265 1107 qui
3311 1038 3494 1095 dixisti

1912 1124 2285 1192 paenitentiam
2322 1133 2373 1180 te
2415 1126 2573 1181 malle
2600 1136 2971 1198 peccatorum,
3022 1145 3187 1200 quam
3241 1141 3491 1189 mortem.

1915 1212 2161 1270 Concede
2191 1230 2341 1286 ergo,
2385 1215 2632 1284 Domine,
2682 1219 2803 1287 hoc,
2832 1228 2892 1274 ut
2924 1233 2981 1276 et
3023 1221 3117 1276 tibi
3165 1224 3496 1293 paenitentiae
3586 1254 3589 1261 -

1915 1308 2173 1363 excubias
2197 1308 2452 1375 celebret,
2480 1318 2535 1366 et
2566 1313 2828 1368 correctis
2865 1314 3077 1369 actibus
3112 1316 3225 1371 suis
3261 1319 3498 1374 conferri

1916 1397 2018 1451 sibi
2065 1414 2094 1453 a
2138 1407 2188 1453 te
2229 1400 2559 1471 sempiterna
2591 1404 2787 1474 gaudia
2819 1406 3141 1475 gratuletur.
3184 1408 3288 1465 Per
3316 1411 3500 1468 Domi-

1916 1504 2067 1544 num.

1988 1583 2129 1637 Alia.
2171 1583 2390 1651 Precor,
2419 1586 2662 1651 Domine,
2694 1588 3031 1646 clementiam
3064 1602 3168 1649 tua:
3196 1592 3499 1663 maiestatis

1918 1692 1981 1732 ac
2011 1679 2264 1745 nominis,
2298 1689 2358 1734 ut
2384 1681 2510 1735 huic
2545 1681 2747 1737 famulo
2780 1692 2894 1748 tuo,
2924 1695 3144 1754 peccata
3170 1697 3225 1743 et
3256 1688 3496 1745 facinora

1846 1780 1893 1841 Β
1919 1785 2015 1824 sua
2043 1771 2345 1839 confitenti,
2371 1775 2586 1829 veniam
2620 1776 2768 1842 dare,
2807 1786 2863 1832 et
2885 1783 3282 1849 praeteritorum
3309 1786 3496 1840 crimi-

1918 1880 2046 1917 num
2070 1864 2256 1935 culpas
2280 1865 2526 1922 relaxare
2548 1867 2806 1939 digneris,
2833 1871 2924 1940 qui
2948 1872 3188 1927 humeris
3212 1876 3316 1930 tuis
3342 1893 3498 1933 ovem

1904 1952 2190 2029 perditam
2238 1958 2501 2014 reduxisti
2535 1960 2602 2013 ad
2633 1960 2848 2026 caulas;
2886 1963 2977 2031 qui
3013 1963 3283 2032 publicani
3328 1967 3497 2035 preci-

1916 2048 2017 2103 bus
2042 2048 2126 2103 vel
2158 2049 2501 2105 confessione
2541 2051 2788 2119 placatus
2824 2068 2901 2119 es,
2938 2062 2993 2106 tu
3030 2054 3215 2119 etiam,
3244 2055 3494 2122 Domine,

1916 2146 1973 2192 et
1998 2139 2123 2193 huic
2160 2139 2361 2195 famulo
2395 2149 2486 2195 tuo
2527 2141 2775 2211 placare,
2805 2150 2860 2197 tu
2904 2142 3020 2212 ejus
3063 2146 3315 2214 precibus
3346 2148 3499 2201 beni-

1918 2245 2053 2299 gnus
2101 2232 2313 2294 assiste,
2358 2240 2417 2286 ut
2466 2232 2518 2286 in
2560 2234 2898 2290 confessione
2946 2235 3109 2293 ﬂebili
3154 2238 3498 2309 permanens,

1917 2322 2259 2377 clementiam
2286 2324 2540 2380 celeriter
2560 2336 2837 2393 exoret,et
2860 2331 3063 2386 sanctis
3093 2347 3155 2387 ac
3172 2334 3341 2388 sacris
3368 2334 3501 2389 alta-

1918 2413 2069 2467 ribus
2095 2415 2377 2470 restitutus
2407 2418 2521 2487 spei
2553 2434 2741 2475 rursus
2767 2427 2984 2476 aeterna:
3012 2431 3068 2477 et
3091 2424 3295 2479 cmlesti
3318 2424 3500 2496 gloria:

1920 2505 2269 2561 reformetur.
2304 2508 2408 2564 Per
2431 2510 2738 2566 Dominum.

1987 2598 2129 2653 Alia.
2173 2598 2527 2671 Omnipotens
2556 2606 2882 2675 sempiterne
2909 2606 3071 2675 Deus,
3098 2609 3376 2667 confitenti
3405 2612 3501 2669 tibi

1918 2688 2045 2743 huic
2089 2689 2289 2747 famulo
2317 2700 2407 2749 tuo
2444 2710 2544 2764 pro
2573 2706 2661 2750 tua
2692 2698 2894 2768 pietate
2923 2709 3147 2770 peccata
3182 2703 3365 2759 relaxa
3392 2722 3409 2759 :
3442 2713 3503 2761 ut

1920 2795 2026 2834 non
2058 2780 2178 2851 plus
2213 2784 2262 2837 ei
2308 2795 2500 2840 noceat
2550 2789 2895 2845 conscientiae
2944 2800 3128 2848 reatus
3165 2796 3229 2850 ad
3258 2810 3497 2865 pinnam,

1919 2887 2083 2942 quam
2130 2874 2461 2948 indulgentia
2497 2887 2602 2935 tua:
2630 2880 2848 2951 pietatis
2897 2885 2965 2940 ad
2997 2885 3229 2941 veniam.
3270 2884 3375 2943 Per
3396 2886 3502 2943 Do-

1920 2982 2144 3020 mmum.

1992 3058 2130 3113 Alia.
2169 3057 2519 3131 Omnipotens
2551 3073 2606 3120 et
2654 3068 2966 3125 misericors
3000 3070 3158 3135 Deus,
3190 3072 3282 3142 qui
3310 3088 3501 3143 pecca-

1851 3133 1897 3197 C
1931 3154 2106 3203 torum
2138 3150 2524 3222 indulgentiam
2556 3155 2610 3210 in
2638 3156 2978 3214 confessione
3007 3133 3167 3216 celeri
3195 3133 3503 3233 postulasti,

1925 3256 2182 3298 succurre
2205 3244 2392 3314 lapsis,
2423 3247 2681 3303 miserere
2712 3250 2974 3307 confessis
3002 3270 3014 3305 :
3042 3264 3100 3308 ut
3128 3270 3263 3324 quos
3286 3256 3507 3312 delicto-

1924 3347 2045 3385 rum
2075 3344 2268 3388 catena
2294 3338 2636 3409 constringit,
2664 3341 2978 3411 magnitudo
2999 3344 3216 3414 pietatis
3240 3345 3503 3404 absolvat.

1922 3418 2036 3477 Per
2061 3424 2369 3482 Dominum.

2427 3521 2586 3594 515
2616 3524 2841 3581 CAPUT
2879 3526 2988 3582 Lv.

2425 3614 2452 3652 Ι)
2478 3631 2540 3668 ne
2581 3631 3009 3674 rmsnmrmus.

1997 3723 2391 3781 Poenitentibus
2454 3729 2760 3798 exemplum
2818 3729 2919 3785 Job
2981 3733 3188 3801 primus
3232 3737 3507 3805 exhibuit,

1927 3819 2141 3886 quando
2165 3828 2289 3887 post
2319 3818 2507 3875 funera
2536 3820 2619 3875 vel
2648 3820 2853 3892 ﬂagella
2881 3824 3057 3879 adhuc
3088 3827 3142 3879 in
3181 3841 3278 3881 sua
3319 3828 3507 3885 redar-

1928 3917 2147 3986 gutione
2160 3918 2324 3971 etiam
2352 3918 2405 3971 in
2424 3918 2601 3973 cilicio
2615 3927 2670 3975 et
2692 3921 2874 3976 cinere
2902 3921 3133 3977 lamenta
3159 3923 3511 3993 paenitudinis
3538 3982 3557 3987 _

1929 4008 2190 4076 sumpsit,
2223 4010 2406 4065 dicens
2432 4030 2444 4065 :
2474 4012 2681 4068 Idcirco
2725 4031 2822 4085 ago
2849 4017 3201 4085 paenitentiam
3230 4018 3284 4071 in
3328 4016 3510 4087 favilla

1930 4110 1975 4154 et
2005 4102 2174 4156 cinere
2202 4103 2342 4174 (Job.
2368 4121 2502 4171 xui,
2526 4106 2600 4179 6).
2630 4108 2757 4163 Post
2783 4111 2924 4166 hunc
2955 4112 3109 4166 nobis
3137 4112 3308 4168 David
3341 4112 3511 4183 pumi-

1929 4195 2109 4249 tentia:
2140 4196 2508 4264 magisterium
2546 4200 2793 4268 praebuit,
2835 4205 3047 4271 quando
3090 4204 3240 4275 gravi
3282 4203 3507 4260 vulnere

1929 4285 2132 4356 lapsus,
2165 4287 2292 4342 dum
2333 4290 2571 4344 audisset
2611 4307 2641 4345 a
2686 4294 2945 4362 propheta
2993 4304 3272 4365 peccatum
3320 4312 3506 4361 suum,

1932 4377 2218 4433 confestim
2239 4380 2510 4450 ptenituit,
2537 4390 2590 4436 et
2611 4383 2821 4452 culpam
2849 4401 2999 4440 suam
3026 4388 3357 4457 paenitentiae
3383 4404 3510 4447 con-

247 4451 409 4504 miam
434 4459 481 4503 et
503 4450 687 4504 bonam
714 4451 930 4519 famam.
962 4450 1026 4505 Ut
1047 4453 1341 4508 seductores
1363 4464 1413 4508 et
1438 4471 1661 4521 veraces,
1692 4456 1825 4510 sicut
1862 4506 1913 4568 Β
1934 4468 2168 4525 fessione
2217 4473 2425 4527 sanavit
2472 4473 2556 4545 (Il
2588 4450 2713 4546 Reg;
2743 4477 2862 4547 xu).
2913 4476 3003 4533 Sic
3026 4450 3298 4535 -Ninivit:e
3338 4489 3392 4535 et
3421 4480 3513 4535 alii

255 4546 338 4568 _-..'
369 4544 532 4568 2......1.‘
566 4553 605 4568 ,ι
636 4545 818 4568 -Α....ἔι2
851 4544 937 4568 ΙΙΙ
962 4544 1065 4568 l'__
1112 4562 1162 4568 -.-
1215 4547 1266 4568 οὶ
2029 4564 2042 4568 -
2074 4564 2084 4568 -

247 4546 339 4615 qui
366 4544 532 4615 ignoti
557 4553 605 4598 et
628 4545 818 4615 cogniti
850 4545 900 4611 (1
909 4544 937 4599 Ι
962 4544 1083 4599 Cor.
1112 4562 1185 4609 v1,
1214 4547 1290 4619 8).

838 4661 1064 4718 CAPUT
1111 4662 1240 4717 LIV.
1304 4730 1309 4735 ι

584 4749 879 4789 ORATIONES
916 4751 1078 4789 SUPER
1118 4750 1505 4791 PGSNI’I‘ENTEI.

323 4823 552 4890 Exaudi,
588 4814 843 4889 Domine,
876 4842 1067 4897 preces
1099 4835 1333 4893 nostras,
1367 4836 1420 4882 et
1451 4827 1829 4883 confitentium

251 4917 349 4973 tibi
403 4934 563 4989 parce
610 4918 879 4987 peccatis;
946 4929 1005 4972 ut
1060 4936 1195 4989 quos
1244 4921 1590 4976 conscientiae
1647 4929 1830 4977 reatus

249 5019 491 5076 accusat,
526 5010 857 5080 indulgentia
897 5019 1001 5066 tuae
1029 5014 1395 5070 miserationis
1437 5015 1698 5071 absolvat.
1728 5015 1834 5071 Per

249 5102 558 5157 Dominum.

322 5195 463 5249 Alia.
502 5194 804 5250 Praeveniat
826 5196 969 5250 hunc
1000 5193 1260 5249 famulum
1297 5204 1468 5262 tuum,
1498 5213 1827 5267 quaesumus,

248 5286 497 5350 Domine,
525 5286 895 5341 misericordia
926 5294 1043 5352 tua;
1081 5294 1137 5340 et
1160 5301 1350 5341 omnes
1376 5288 1690 5358 iniquitates
1714 5291 1831 5360 ejus

248 5379 415 5436 celeri
443 5379 769 5451 indulgentia
798 5379 1099 5435 deleantur.

320 5472 462 5528 Alia.
502 5473 721 5539 Adesto,
767 5473 1012 5540 Domine,
1060 5474 1540 5545 supplicationibus
1605 5478 1827 5545 nostris,

250 5582 352 5623 nec
386 5568 458 5623 sit
482 5569 550 5624 ab
574 5570 677 5625 hoc
700 5569 900 5624 famulo
928 5579 1017 5626 tuo
1049 5570 1349 5625 clementia:
1384 5578 1487 5626 tua:
1534 5572 1826 5643 longinqua

323 5697 347 5724 η
391 5680 680 5808 Seg)uentia
707 5700 798 5739 sex
828 5686 1004 5755 capita
1029 5686 1191 5743 etiam
1232 5683 1443 5754 adjecta
1479 5694 1697 5743 suntex
1724 5703 1826 5744 ms.

323 5755 372 5808 d.
413 5770 444 5808 a
519 5792 532 5808 .
567 5754 925 5808 Ouercetano.

249 5755 372 5810 00d.
413 5770 444 5809 a
469 5754 532 5809 D.
567 5754 925 5822 Quercetano.

1934 4564 2088 4619 multi
2116 4575 2337 4633 peccata
2363 4583 2458 4622 sua
2481 4569 2713 4624 confessi
2746 4579 2891 4635 sunt,
2915 4580 2969 4625 et
2986 4573 3358 4640 paenitentiam
3383 4590 3509 4645 ege-

1933 4664 2078 4710 runt.
2098 4656 2492 4725 Displicuerant
2518 4660 2618 4714 sibi
2642 4660 2829 4729 quales
2858 4660 3091 4723 fuerant,
3121 4671 3175 4716 et
3199 4664 3385 4733 quales
3413 4679 3513 4737 per

1933 4748 2102 4803 Deum
2128 4749 2255 4803 facti
2281 4759 2409 4805 sunt
2434 4751 2506 4805 illi
2533 4753 2849 4821 placuerunt
2878 4752 3024 4824 (Jan.
3055 4770 3139 4821 ιιι,
3164 4755 3239 4827 5).

2002 4840 2099 4894 Est
2144 4848 2323 4895 autem
2374 4842 2689 4911 poenitentia
2735 4845 3187 4901 medicamentum
3244 4850 3506 4918 vulneris,

1933 4948 2058 5004 spes
2104 4933 2321 4999 salutis,
2369 4948 2466 5002 per
2515 4950 2676 5004 quam
2722 4945 3034 5006 peccatores
3082 4938 3378 5005 salvantur,
3419 4958 3517 5011 per

1933 5040 2099 5095 quam
2130 5025 2271 5079 Deus
2301 5025 2368 5079 ad
2398 5025 2822 5083 misericordiam
2854 5038 3179 5100 provocatur
3204 5049 3217 5085 :
3247 5046 3366 5101 qua:
3409 5048 3513 5088 non

1934 5124 2177 5188 tempore
2206 5126 2486 5189 pensatur,
2515 5120 2608 5175 sed
2651 5120 3015 5191 profunditate
3041 5125 3224 5180 luctus
3248 5132 3303 5179 et
3345 5124 3517 5196 lacry-

1934 5227 2167 5266 marum.
2201 5210 2525 5266 Pmnitentia
2568 5222 2748 5268 autem
2790 5231 2898 5269 non
2930 5217 3194 5271 mensium
3220 5232 3283 5272 ac
3313 5224 3517 5288 tempo-

1932 5321 2056 5360 rum
2084 5321 2247 5362 cursu
2286 5316 2567 5377 pensatur,
2602 5308 2697 5363 sed
2724 5324 2909 5380 pmna,
2936 5325 3042 5379 qua
3085 5310 3265 5365 anima
3303 5310 3513 5366 crucia-

1932 5406 2043 5467 tur,
2069 5409 2125 5456 et
2162 5400 2519 5458 mortiﬁcatur
2559 5419 2707 5458 caro.
2754 5401 2818 5458 Hi
2847 5418 2994 5469 vero,
3025 5403 3117 5475 qui
3146 5404 3518 5475 pmnitentiam

1930 5502 2143 5562 gerunt,
2180 5493 2406 5564 proinde
2454 5494 2676 5565 capillos
2713 5502 2766 5550 et
2794 5494 3016 5550 barbam
3067 5494 3334 5562 nutriunt,
3372 5492 3519 5551 unde

1931 5592 2236 5640 monstrent
2284 5586 2668 5641 abundantiam
2732 5586 3052 5669 criminum,
3103 5586 3300 5657 quibus
3358 5592 3521 5657 caput

2004 5695 2033 5735 ιι
2071 5692 2147 5749 Ex
2176 5695 2385 5751 lsidoro
2413 5695 2489 5754 De
2514 5696 2716 5754 Otiiciis
2743 5695 2885 5753 Eccl.
2912 5695 3004 5753 lib.
3032 5714 3093 5765 ιι,
3120 5713 3239 5769 cap.
3274 5696 3353 5752 I6.
