4032 6354
523 323 666 392 1283

1369 341 1428 396 Β.
1469 336 1534 398 F.
1572 333 1804 399 ALBlNi
1843 339 1977 400 SEU
2015 341 2296 402 ALCUlNl
2333 335 2624 403 OPERUM
2659 335 2840 403 PARS
2875 343 2966 402 ιχ.

3683 341 3830 407 ηει

520 451 826 521 peccatoris
853 463 1126 523 gravatur.
1151 452 1340 523 Capilli
1367 455 1509 510 enim
1536 471 1634 526 pro
1665 458 1811 513 vitiis
1837 459 2110 528 accipiu'n-
2134 453 2189 523 Α
2212 457 2368 523 bent,
2421 459 2466 514 si
2514 475 2704 516 rursus
2757 469 2880 532 post
2923 457 3381 526 emendationem,
3437 461 3641 517 relicto
3666 465 3830 532 vitio,

521 547 634 599 tur.
677 541 768 598 Vir
809 541 944 600 enim
991 548 1036 601 si
1076 557 1277 602 contam
1309 547 1538 614 nutriat,
1576 557 1635 604 ut
1683 551 1758 605 ait
1799 545 2108 622 Apostolus,

521 635 810 708 ignominia
851 649 926 694 est
964 639 1046 692 illi
1090 639 1144 711 (Ι
1172 638 1296 695 Cor.
1321 657 1361 696 ιι
1382 684 1396 709 ,
1425 641 1536 716 Η).
1568 643 1746 715 Ipsam
1775 646 1916 700 enim
1961 645 2112 717 igno-

520 730 745 784 miniam
787 729 1090 802 suscipiunt
1134 733 1464 806 pmnitentes
1507 751 1608 807 pro
1635 738 1832 792 merito
1864 748 2110 809 peccato-

520 835 659 876 rum.
687 822 840 890 Quod
867 825 996 881 vero
1019 825 1074 882 in
1095 827 1271 883 cilicio
1296 837 1734 899 prosternuntur,
1756 847 1853 904 per
1875 831 2110 887 cilicium

520 916 717 993 quippe
741 918 1047 974 recordatio
1076 929 1160 975 est
1185 929 1557 993 peccatorum,
1591 929 1812 993 prepter
1832 922 2012 977 haedos
2043 919 2108 976 ad

519 989 796 1064 sinistram
849 1009 1077 1067 futuros.
1117 989 1246 1066 inde
1289 1028 1420 1084 ergo
1467 1013 1788 1069 confitentes
1832 1013 1885 1069 in
1932 1013 2110 1070 cilicio

517 1099 957 1172 prosternuntur,
981 1097 1239 1175 tanquam
1262 1106 1535 1161 dicentes:
1557 1105 1626 1160 Et
1647 1105 1914 1177 peccatum
1937 1121 2108 1162 meum

518 1203 700 1247 contra
733 1209 816 1248 me
843 1203 918 1249 est
963 1209 1165 1266 semper
1193 1191 1366 1269 (PSal.
1397 1197 1458 1261 ι,
1493 1195 1569 1269 5).
1601 1197 1753 1264 Quod
1785 1199 1969 1253 cinere
2015 1212 2105 1252 as-

515 1291 846 1356 perguntur;
879 1285 964 1341 vel
989 1293 1051 1341 ut
1070 1287 1179 1342 sint
1213 1295 1502 1356 memores,
1536 1289 1662 1360 quia
1691 1291 1826 1346 cinis
1848 1297 1902 1347 et
1929 1291 2106 1362 pulvis

516 1365 676 1442 sunt,
707 1376 790 1432 vel
817 1376 943 1447 quia
973 1375 1224 1449 pulveres
1250 1377 1375 1436 facti
1403 1377 1549 1447 sunt,
1581 1379 1634 1437 id
1661 1389 1766 1450 est,
1796 1386 1947 1456 impii
1975 1383 2105 1442 facti

515 1475 662 1522 sunt.
707 1465 861 1524 Unde
887 1477 941 1524 et
969 1469 1047 1525 illi
1075 1474 1523 1541 praevaricatores
1554 1475 1713 1546 primi
1744 1479 1992 1533 homines
2022 1493 2106 1532 re-

514 1562 770 1616 cedentes
798 1577 828 1614 a
861 1562 991 1627 Deo,
1032 1565 1295 1634 malisque
1330 1566 1488 1622 factis
1516 1568 1853 1626 olfeudentes
1881 1570 2106 1626 Creato-

513 1667 655 1718 rem,
685 1653 738 1707 in
772 1653 1070 1723 pulverem,
1103 1659 1244 1714 unde
1277 1655 1406 1715 facti
1434 1655 1589 1727 sunt,
1624 1663 1926 1718 redierunt.
1959 1663 2104 1721 Bene

513 1759 645 1817 ergo
669 1747 722 1799 in
745 1745 924 1802 cilicio
945 1755 1000 1804 et
1025 1747 1206 1806 cinere
1229 1753 1502 1823 pmuiteus
1529 1756 1772 1825 deplorat
1796 1765 2097 1829 peccatum,

2213 550 2376 605 corda
2419 551 2729 620 pulsentur;
2764 552 2891 607 dum
2933 567 3040 606 non
3080 557 3306 622 pbssunt
3333 549 3489 638 bona:
3522 569 3832 611 conversa-

2211 640 2345 696 tioni
2387 657 2604 708 nocere,
2635 644 2682 698 si
2712 641 2835 699 talis
2876 643 3131 716 cogitatio
3162 653 3268 698 non
3313 653 3571 715 erumpat
3601 645 3666 700 in
3699 662 3827 703 con-

2211 746 2372 787 sensu
2401 732 2486 790 vel
2517 734 2572 789 in
2617 751 2798 806 opere.
2832 735 2998 793 Ferre
3027 737 3170 792 enim
3208 739 3325 792 sine
3361 736 3715 810 perfectione
3749 741 3828 797 vi-

2211 825 2410 880 tiorum
2441 827 2797 898 cogitationes
2824 845 2932 884 non
2960 837 3044 886 est
3068 825 3137 885 ad
3160 831 3597 897 damnationem,
3626 833 3732 888 sed
3760 834 3823 888 ad

2208 917 2606 988 probationem.
2647 919 2758 978 Nec
2789 925 2876 978 cst
2902 921 3119 979 Occasio
3161 923 3425 980 subeundi
3457 923 3820 992 discriminis,

2209 1008 2305 1064 sed
2351 1010 2532 1080 potius
2575 1013 2795 1084 agenda:
2837 1014 3056 1071 virtutis
3103 1013 3301 1088 [Isi'd.,
3328 1014 3596 1088 augenda
3647 1015 3824 1088 perfo-

2207 1099 2449 1174 ctionis].
2480 1101 2614 1157 Nam
2643 1111 2698 1158 et
2727 1104 2774 1160 si
2800 1106 2924 1174 quis
2952 1108 3100 1162 circa
3127 1103 3290 1162 ﬁnem
3320 1123 3480 1164 suum
3513 1123 3621 1180 per
3649 1111 3821 1182 peni-

2209 1193 2434 1248 tentiam
2479 1195 2690 1252 desinat
2725 1212 2846 1254 esse
2889 1197 3082 1267 malus,
3131 1205 3240 1258 non
3276 1201 3398 1258 ideo
3429 1202 3598 1259 debet
3631 1204 3821 1274 despe-

2208 1295 2351 1348 rare,
2385 1286 2510 1355 quia
2561 1287 2616 1340 in
2667 1291 2898 1345 termino
2945 1299 3030 1347 est
3076 1292 3282 1349 ultima:
3331 1295 3459 1350 vitae
3496 1316 3512 1349 :
3557 1298 3817 1366 quoniam

2207 1374 2353 1432 Deus
2383 1394 2488 1432 non
2517 1381 2742 1451 respicit
2781 1383 2970 1452 quales
3019 1395 3178 1441 antea
3225 1385 3448 1454 fuimus,
3479 1387 3586 1444 sed
3633 1390 3818 1460 quales

2207 1472 2354 1527 circa
2381 1473 2541 1529 linem
2573 1477 2890 1533 existemus.
2918 1477 2997 1534 Ex
3023 1479 3129 1535 line
3153 1479 3300 1536 enim
3324 1493 3424 1537 suo
3449 1483 3819 1554 unumquem-

2207 1579 2312 1633 que
2359 1573 2453 1618 aut
2491 1563 2788 1632 justilicat,
2835 1577 2928 1624 aut
2975 1572 3322 1638 condemnat,
3357 1575 3498 1629 sicut
3551 1575 3814 1646 scriptum

2205 1663 2324 1710 est:
2358 1655 2477 1726 Ipse
2527 1658 2734 1727 judicat
2779 1670 3012 1715 extrema
3053 1671 3205 1717 terra:
3253 1662 3307 1736 (Ι
3335 1663 3466 1735 Reg.
3495 1664 3707 1738 11,10).
3753 1667 3814 1722 Et

2203 1745 2332 1800 alibi
2359 1764 2371 1800 :
2402 1745 2774 1805 Universomm
2795 1752 2952 1822 ﬁnem
2973 1755 3084 1824 ipse
3111 1755 3410 1811 considerat
3442 1755 3592 1828 (Job.
3621 1775 3808 1826 xxvut,

513 1839 638 1906 quia
668 1839 719 1892 in
752 1839 928 1895 cilicio
957 1843 1224 1912 asperitas
1251 1851 1306 1900 et
1339 1850 1684 1918 compunctio
1712 1859 2096 1919 peccatorum;

2209 1837 2294 1909 5).
2340 1839 2574 1897 Proinde
2615 1859 2722 1899 non
2771 1845 3078 1904 dubitamus
3121 1851 3264 1906 circa
3312 1827 3477 1907 finem
3513 1851 3809 1922 iustiﬁcari

511 1929 566 1984 in
594 1930 776 1985 cinere
803 1937 982 1987 autem
1008 1934 1186 2004 pulvis
1213 1939 1517 1994 ostenditur
1547 1935 1900 1999 mortuorum.
1929 1945 1994 2000 Et
2025 1941 2104 2000 id-

509 2020 658 2076 circo
700 2022 754 2076 in
791 2029 1021 2094 utroque
1063 2025 1438 2097 paenitentiam
1475 2033 1714 2104 agimus,
1760 2045 1819 2090 ut
1852 2037 1902 2092 in
1949 2055 2100 2094 com-

507 2113 800 2182 punctione
857 2114 1017 2171 cilicii
1079 2132 1440 2188 agnoscamus
1482 2121 1640 2190 vitia,
1686 2136 1805 2196 qua:
1842 2142 1940 2200 per
1985 2127 2099 2182 cul-

411 2263 427 2276 _
506 2216 634 2274 pam
676 2206 1079 2269 commisimus;
1125 2217 1178 2264 et
1214 2211 1313 2280 per
1360 2209 1598 2267 favillam
1640 2213 1836 2270 cineris
1874 2232 2104 2288 perpen-

506 2294 702 2352 damus
730 2299 922 2355 mortis
947 2301 1290 2368 sententiam,
1321 2301 1389 2358 ad
1416 2319 1578 2375 qttam
1604 2307 1878 2378 peccando
1912 2325 2101 2380 perve-

511 2389 712 2444 nimus.

578 2479 917 2537 Pmnltentite
948 2491 1126 2540 autem
1160 2487 1456 2543 remedium
1485 2477 1722 2546 Ecclesia
1749 2491 2016 2548 catholica
2046 2493 2099 2551 in

507 2585 604 2643 spe
651 2573 997 2646 indulgentiae
1039 2577 1270 2636 ﬁdenter
1311 2581 1495 2653 alligat
1537 2577 1873 2640 exercendos
1921 2585 2099 2642 homi-

505 2679 622 2732 nes,
649 2673 708 2721 et
733 2676 855 2739 post
881 2683 1048 2725 unum
1083 2655 1336 2742 baptismi
1367 2683 1786 2744 saeramentum,
1820 2669 1961 2750 quod
1989 2682 2100 2736 sin-

503 2755 678 2828 gulari
735 2753 1026 2816 traditione
1075 2765 1516 2822 commendatum
1571 2769 1798 2824 sollicite
1847 2772 2102 2842 prohibet

503 2847 830 2918 iterandum,
862 2854 1172 2911 medi'cinali
1206 2861 1444 2916 remedio
1485 2863 1819 2931 poenitentiae
1843 2867 2100 2939 subrogat

505 2937 900 3010 adJUmentum,
929 2944 1082 3013 cujus
1132 2951 1372 3008 remedio
1413 2968 1574 3024 egere
1621 2972 1677 3010 se
1709 2959 1889 3013 euncti
1934 2977 2099 3032 agno-

502 3044 658 3085 scere
706 3032 906 3088 debent
957 3053 1056 3106 pro
1103 3042 1434 3107 quotidianis
1487 3047 1735 3103 humanae
1787 3049 2097 3121 fragilitatis

502 3123 836 3188 excessibus,
871 3127 990 3182 sine
1019 3130 1214 3197 quibus
1245 3134 1296 3186 in
1332 3135 1433 3190 hac
1467 3137 1572 3192 vita
1605 3156 1725 3194 esse
1770 3159 1876 3198 non
1907 3161 2098 3215 possu-

503 3225 644 3276 mus,
678 3215 883 3271 honore
929 3219 1190 3276 duntaxat
1231 3235 1283 3279 et
1332 3221 1595 3296 dignitate
1643 3241 1890 3304 servata,
1925 3235 1998 3293 ita
2037 3249 2096 3296 ut

504 3303 876 3361 sacerdotibus
905 3315 959 3362 et
989 3308 1183 3378 levitis,
1214 3309 1326 3370 Deo
1353 3325 1562 3376 tantum
1595 3331 1751 3391 teste,
1779 3326 1898 3395 liat;
1934 3346 1964 3384 a
1992 3347 2097 3386 cae—

501 3393 637 3448 teris
665 3409 812 3461 vero,
855 3406 1147 3458 attestante
1177 3421 1359 3462 coram
1405 3409 1516 3466 Deo
1555 3414 1870 3472 solcmniter
1909 3436 2092 3478 sacer-

504 3483 652 3548 dote,
697 3495 756 3539 ut
795 3487 897 3543 hoc
940 3498 1085 3562 tegat
1124 3493 1402 3554 fructuosa
1433 3503 1724 3572 confessio,
1753 3511 1893 3578 quod
1927 3519 2094 3568 teme-

500 3577 682 3631 rarius
725 3583 1017 3651 appetitus,
1069 3596 1163 3641 aut
1212 3590 1536 3660 ignorantia:
1579 3607 1704 3653 nota
1754 3577 2092 3663 contraxisse

500 3665 859 3739 negligentius
907 3674 1160 3732 videtur:
1193 3688 1254 3734 ut
1293 3682 1434 3738 sicut
1482 3686 1536 3740 in
1587 3688 1856 3760 baptismo
1904 3711 2092 3754 omnes

499 3755 813 3828 iniquitates
855 3768 1076 3834 remitti,
1107 3771 1191 3826 vel
1231 3789 1328 3843 per
1353 3755 1676 3849 martyrium
1719 3785 1851 3840 nulli
1897 3803 2092 3857 pecca-

499 3855 610 3904 tum
657 3855 932 3914 credimus
973 3860 1262 3930 imputari,
1307 3868 1380 3922 ita
1429 3874 1766 3944 poenitentiae
1825 3855 2086 3950 compun-

498 3941 679 3998 ctione
707 3942 987 4004 fructuosa
1018 3950 1288 4011 fateamur
1311 3941 1479 4015 deleri
1520 3975 1766 4032 peccata.
1807 3941 2088 4044 Lacr'ymm

496 4033 641 4089 enim
669 4038 1052 4106 pmniteutium
1081 4047 1220 4114 apud
1254 4048 1424 4105 Deum
1449 4067 1551 4122 pro
1580 4056 1901 4127 baptismate
1931 4033 2090 4134 repu-

496 4132 700 4182 tantur.
753 4129 908 4186 Unde
954 4142 1011 4190 et
1065 4140 1362 4206 quamlibet
1417 4146 1527 4200 sint
1597 4164 1792 4218 magna
1857 4129 2083 4224 delicta,

494 4221 742 4287 quamvis
768 4225 985 4293 gravia;
1019 4243 1124 4283 non
1161 4240 1246 4286 est
1276 4242 1454 4291 tamen
1485 4237 1538 4292 in
1582 4240 1688 4295 illis
1733 4243 1825 4299 Dei
1876 4247 2088 4304 miseri-

493 4309 680 4364 cordia
708 4311 1060 4382 dcsperauda.
1090 4319 1146 4374 lu
1177 4326 1390 4379 actione
1433 4329 1577 4383 enim
1622 4335 1994 4403 pmuitudiuis,
2027 4348 2087 4396 ut

493 4410 658 4465 supra
687 4399 888 4456 dictum
912 4415 1016 4470 est,
1041 4423 1147 4462 non
1176 4419 1284 4465 tam
1306 4399 1696 4477 consideranda
1723 4435 1805 4479 est
1833 4444 2084 4488 mensura

494 4489 772 4557 temporis,
803 4508 964 4562 quam
996 4495 1217 4553 doloris.
1247 4500 1354 4557 Cor
1381 4507 1526 4561 enim
1563 4515 1856 4571 contritum
1887 4528 1942 4574 et
1986 4523 2083 4578 hu-

493 4577 759 4633 miliatum
809 4581 951 4638 Deus
993 4601 1103 4642 non
1135 4593 1342 4659 spernit
1373 4595 1544 4666 (Psal.
1577 4620 1630 4668 ι,
1661 4606 1767 4677 l9).
1802 4577 2084 4671 Verumta-

490 4680 616 4723 men
643 4679 846 4739 quanto
883 4673 936 4728 in
980 4682 1255 4746 peccando
1299 4684 1403 4741 fuit
1445 4691 1512 4746 ad
1555 4673 1754 4750 malum
1784 4704 2084 4773 promptior

490 4762 691 4817 mentis
721 4763 974 4834 intentio,
1007 4778 1162 4828 tanto
1195 4776 1441 4836 devotior
1470 4784 1627 4842 debet
1655 4762 1859 4846 esse-in
1903 4762 2080 4866 pinni-

490 4855 652 4910 tendo
681 4856 926 4936 aiilictio.

487 5225 669 5280 autem
699 5236 824 5278 vere
853 5227 1228 5294 paenitentiam
1257 5235 1385 5306 agit,
1417 5240 1509 5308 qui
1537 5259 1638 5299 nec
1665 5225 1931 5315 pinnitere
1959 5270 2077 5325 per-

484 5315 698 5400 petrata
747 5317 1000 5390 negligit,
1045 5338 1146 5378 nec
1189 5325 1367 5384 adhuc
1411 5335 1720 5401 paenitenda
1761 5315 2069 5406 committit.

485 5406 583 5473 Qui
635 5425 763 5493 vero
811 5411 1080 5486 lacrymas
1113 5420 1486 5482 indesinenter
1533 5430 1740 5500 fundit,
1789 5449 1846 5495 et
1877 5451 2070 5501 tamen

481 5589 756 5650 dationem
783 5610 892 5652 non
919 5599 1103 5657 habet.
1143 5603 1200 5658 Si
1241 5609 1334 5676 qui
1363 5619 1546 5668 autem
1573 5631 1672 5684 per
1695 5589 1928 5690 gratiam

481 5683 548 5735 ad
597 5688 973 5752 penitentiam
1019 5707 1430 5770 convertuntur,
1461 5683 1770 5776 perturbari
1821 5732 1926 5774 non
1973 5683 2067 5776 de—

557 5803 582 5833 ι
623 5795 700 5850 Ex
726 5798 952 5868 Isidoro,
982 5806 1086 5864 loc.
1113 5811 1228 5874 cit.,
1257 5815 1347 5867 lib.
1381 5833 1417 5881 ι,
1445 5833 1560 5888 cap.
1592 5822 1670 5874 16.

2207 1929 2484 1985 hominem
2531 1944 2627 2004 per
2669 1937 3042 2005 paenitentiam
3086 1945 3141 1995 et
3169 1943 3689 2013 Compunctidnem;
3719 1949 3808 2003 sed

2209 2025 2336 2094 quia
2365 2031 2490 2081 raro
2531 2029 2635 2084 hoc
2681 2029 2799 2085 ﬂeri
2835 2033 2987 2097 solet,
3023 2031 3370 2091 metuendum
3417 2031 3536 2104 cst;
3571 2055 3643 2094 ne
3687 2042 3808 2096 dum

2210 2117 2275 2170 ad
2307 2117 2466 2173 linem
2515 2119 2762 2176 differtur
2789 2127 3095 2192 conversio,
3126 2127 3331 2183 incerta
3365 2135 3606 2202 occupet.
3647 2149 3806 2200 mors,

2209 2215 2500 2277 anteduam
2546 2213 2832 2269 subveniat
2885 2218 3224 2286 paenitentia.
3276 2220 3382 2277 Pro
3434 2223 3545 2295 qua
3603 2241 3662 2280 re
3710 2226 3806 2281 etsi

2206 2300 2348 2356 bona
2371 2310 2456 2357 est
2483 2305 2550 2359 ad
2577 2314 2883 2362 extremum
2908 2312 3214 2377 conversio,
3253 2313 3451 2369 melior
3495 2319 3684 2372 tamen
3711 2325 3805 2384 est,

2206 2406 2328 2462 quae
2358 2394 2516 2467 longe
2540 2407 2668 2456 ante
2689 2399 2852 2458 linem
2883 2403 3083 2474 agitur,
3107 2413 3167 2460 ut
3196 2407 3264 2464 ab
3289 2409 3393 2466 hac
3419 2410 3536 2466 vita
3568 2411 3806 2469 securius

2207 2490 2541 2541 transeatur.

2803 2582 3033 2641 CAPUT
3066 2585 3200 2643 LW.

2684 2683 2708 2714 ⁸
2735 2689 2801 2729 DE
2831 2689 3068 2734 SYMBOLO
3092 2695 3323 2737 NICJNO.

2277 2758 2592 2832 Symbolum
2634 2773 2836 2833 autem,
2864 2759 3008 2838 quod
3040 2782 3282 2844 tempore
3310 2777 3578 2836 sacriﬁcii
3611 2783 3804 2853 populo

2202 2855 2550 2926 praedicatur,
2600 2873 2831 2917 cccxvm
2875 2873 3186 2922 sanctorum
3238 2869 3466 2927 Patrum
3517 2873 3802 2933 collatione

2201 2952 2344 3020 apud
2370 2953 2633 3023 synodum
2657 2954 2932 3012 Nicamam
2957 2969 3042 3015 est
3065 2963 3290 3020 editum.
3311 2963 3486 3035 Cujus
3514 2984 3660 3026 vene
3683 2970 3798 3027 ﬁdei

2201 3043 2387 3113 regula
2435 3049 2600 3100 tantis
2647 3047 2909 3106 doctrinae
2957 3055 3231 3125 mysteriis
3283 3059 3586 3128 praecellit;
3634 3069 3692 3116 ut
3737 3063 3798 3118 de

2199 3135 2346 3188 omni
2383 3145 2539 3206 parte
2585 3138 2707 3194 ﬁdei
2739 3141 3019 3212 loquatur;
3053 3147 3308 3220 nullaque
3339 3165 3483 3220 pene
3532 3153 3602 3208 sit
3631 3155 3798 3210 luere-

2119 3199 2172 3264 c
2201 3227 2297 3293 sis,
2325 3199 2413 3283 cui
2442 3243 2539 3300 per
2563 3232 2774 3302 singula
2797 3238 2962 3292 verba
3007 3239 3090 3294 vel
3117 3199 3418 3300 senicutiras
3447 3259 3557 3301 non
3589 3257 3799 3318 respon-

2199 3319 2344 3374 deat.
2373 3319 2575 3378 Omnes
2599 3325 2747 3378 euim
2792 3329 3016 3394 erroris,
3059 3331 3421 3402 impietatum,
3473 3333 3799 3409 perlidcique

2199 3409 2564 3480 blasphemia's
2585 3415 2780 3482 calcat,
2807 3426 2862 3473 et
2883 3421 2952 3476 ob
2978 3423 3079 3479 hoc
3103 3425 3375 3482 universis
3396 3423 3661 3486 EccieSiis
3684 3433 3794 3503 pari

2194 3503 2537 3561 confessione
2567 3521 2597 3562 a
2628 3511 2825 3580 populo
2855 3513 3243 3582 proclamatur.

2683 3609 2846 3702 εις
2880 3609 3110 3688 CAPUT
3149 3633 3302 3692 Lvu.

2712 3708 2738 3747 ι)
2765 3724 2829 3762 DE
2868 3725 3075 3768 necem
3108 3731 3272 3772 FIDE].

2266 3791 2393 3849 Haec
2417 3799 2522 3861 est,
2561 3807 2684 3867 post
2710 3797 3092 3871 Apostolorum
3135 3805 3456 3880 Symbolum
3487 3819 3796 3876 certissima

2193 3882 2346 3948 ﬁdes,
2371 3895 2531 3954 quam
2564 3885 2814 3948 doctores
2845 3897 3015 3951 nostri
3045 3899 3410 3966 tradiderunt,
3447 3891 3512 3960 ut
3541 3911 3797 3980 profitea-

2190 3991 2317 4031 mur
2349 3977 2586 4046 Patrem,
2610 3991 2672 4050 et
2700 3983 2921 4054 Filium,
2956 3999 3011 4045 et
3045 3990 3303 4063 Spiritum
3347 3977 3605 4057 sanctum
3639 4007 3798 4064 unius

2191 4071 2463 4138 essentiae,
2509 4073 2860 4150 ejusdemque
2893 4089 3179 4154 potestatis
3207 4097 3263 4145 et
3311 4097 3791 4166 sempiternitatis.

2193 4157 2370 4215 Unum
2402 4162 2569 4220 Deum
2597 4167 2944 4241 invisibilem,
2979 4169 3050 4233 ita
3082 4187 3138 4235 ut
3169 4181 3221 4238 iu
3254 4185 3486 4258 singulis
3534 4209 3796 4262 persona-

2191 4263 2310 4304 rum
2335 4255 2670 4324 proprietate
2693 4273 2923 4330 servata,
2956 4285 3055 4325 nec
3087 4255 3796 4344 substantialiter-Trinitas

2191 4339 2374 4410 dividi,
2405 4361 2504 4402 nec
2528 4353 2888 4418 personaliter
2914 4359 3108 4419 debeat
3131 4369 3351 4424 omnino
3379 4371 3664 4432 confundi.

2191 4443 2329 4540 trem
2359 4447 2574 4510 quoque
2617 4445 2863 4506 conliteri
2908 4455 3228 4526 ingenitum,
3276 4461 3476 4520 Filium
3509 4472 3790 4540 genitum,

2189 4523 2451 4598 Spiritum
2483 4546 2732 4594 sanctum
2766 4560 2866 4599 nec
2891 4548 3152 4617 genitum,
3189 4569 3288 4609 nec
3328 4555 3668 4629 ingenitum;
3697 4565 3791 4621 sed

2185 4632 2252 4672 ex
2283 4619 2443 4678 Patre
2479 4634 2532 4680 et
2561 4627 2698 4686 Filio
2731 4627 3135 4703 procedentem.
3169 4637 3366 4701 Filium
3389 4619 3438 4702 3
3491 4619 3789 4710 Ρειιιηιέοελέἶ

2184 4714 2384 4768 scendo
2424 4721 2742 4789 procedere,
2793 4723 3054 4798 Spiritum
3109 4750 3236 4790 vero
3288 4751 3543 4798 sanctum
3593 4763 3791 4816 puce-

2185 4801 2360 4857 dendo
2387 4822 2493 4861 non
2522 4812 2691 4866 nasci.
2720 4811 2898 4886 Ipsum
2925 4836 3055 4877 vero
3083 4823 3279 4882 Filium
3305 4847 3372 4884 ex
3403 4801 3635 4906 Virgine
3671 4839 3791 4894 sine

2181 4897 2410 4966 peccato
2468 4899 2744 4964 hominem
2792 4918 3129 4987 suscepisse,
3171 4933 3231 4978 ut
3274 4917 3435 4996 quem
3472 4931 3588 4987 sola
3633 4935 3791 4994 boni-

2185 4993 2294 5086 tate
2322 5009 2635 5066 creaverat,
2675 5015 2865 5074 sponte
2895 5005 3104 5082 lapsum
3152 5018 3586 5082 misericorditer
3629 5046 3789 5102 nepa—

2183 5077 2349 5140 raret.
2395 5083 2566 5156 Quem
2605 5099 2872 5156 veraciter
2913 5107 3254 5179 crucifixum,
3286 5123 3342 5170 et
3373 5120 3534 5174 tertia
3578 5077 3789 5182 die-re-

2176 5362 2517 5422 tnortuorum
2550 5385 2899 5443 exspectatur
2925 5362 3204 5442 venturus.
3239 5390 3306 5447 Et
3351 5397 3495 5464 quod
3535 5400 3782 5458 divinam

2177 5452 2579 5536 humanamque
2603 5468 2990 5541 substantiam,
3017 5476 3068 5530 iu
3093 5490 3320 5552 utroque
3343 5452 3644 5560 perfectus,
3672 5511 3782 5550 una

2230 5531 2236 5536 _
2978 5531 2988 5541 ,
3099 5531 3782 5560 __-_-1.--,.e...,......,.....

2047 5567 2072 5640 -:
2175 5543 2427 5605 Christus
2477 5567 2712 5622 persona
2762 5569 3085 5636 gestaverit;
3141 5571 3267 5644 quia
3315 5593 3416 5632 nec
3474 5575 3782 5650 geminavit

2176 5638 2461 5735 utriusque
2499 5647 2818 5709 substantiae
2847 5657 3130 5731 integritas
3158 5638 3448 5734 personam
3460 5638 3615 5735 ,vnec
3643 5691 3782 5731 oon-

2175 5729 2316 5788 fudit
2341 5727 2615 5806 geminam
2651 5745 2834 5804 unitas
2875 5727 3120 5821 persona:
3166 5727 3780 5827 substantiamdltero

2250 5843 2276 5880 δ
2313 5845 2394 5899 Ex
2423 5848 2570 5917 eod.,
2598 5852 2756 5923 ibid.,
2787 5858 2880 5917 lib.
2908 5879 2972 5932 ιι,
3003 5870 3240 5940 ριῳρὶό.
