4032 6354
268 370 413 433 1285

1083 370 1232 432 ΟΡΡ.
1273 370 1786 432 SUPPOSITA.-—-
1820 364 1950 429 LIB.
1990 371 2079 427 DE
2113 364 2364 431 DlViNlS
2401 373 2707 434 OFFiCilS.

3403 372 3543 443 i286

264 478 464 561 quippe
490 496 742 545 neutrum
771 486 1029 557 exclusit,
1060 491 1186 563 quia
1234 499 1525 562 utrumque
1560 491 1720 545 unius
1765 490 1846 543 in-
1873 497 1926 555 Α
1952 490 2024 544 ita
2056 498 2116 545 ut
2142 492 2461 561 paenitentia
2490 492 2763 548 fructuosa
2789 493 3040 548 universa
3060 492 3343 548 fateamur
3368 494 3541 551 deleri

266 589 531 637 temerato
553 579 679 650 jure
721 582 987 647 servavit,
1038 583 1182 652 quod
1220 581 1355 639 Novi
1385 590 1439 640 et
1487 582 1701 641 Veteris
1748 580 1852 634 Te-

265 672 522 728 stamenti
566 671 802 729 salubris
843 675 1188 728 commendat
1231 674 1526 730 auctoritas
1560 691 1573 727 :
1626 672 1713 727 illa
1755 686 1853 740 per

264 763 641 835 prophetiam,
702 764 808 822 ista
852 778 954 836 per
1012 765 1294 825 historiam
1342 766 1614 822 veraciter
1658 778 1848 834 perso-

264 856 458 912 lutam.

335 949 405 1005 Et
432 948 575 1020 quod
606 965 782 1022 neque
809 952 876 1007 de
913 950 1046 1018 Deo,
1083 967 1259 1023 neque
1287 954 1355 1009 de
1374 946 1631 1008 creatura
1663 946 1847 1006 saeculi

266 1041 338 1096 sit
374 1057 498 1097 cum
526 1042 750 1114 paganis
778 1050 872 1097 aut
915 1058 1037 1097 cum
1074 1043 1346 1098 haereticis
1382 1042 1582 1113 aliquid
1612 1041 1852 1096 sentien-

266 1133 392 1189 dum
420 1134 474 1188 in
505 1134 613 1200 his,
639 1136 835 1205 quibus
870 1152 900 1189 a
930 1136 1160 1193 veritate
1192 1135 1546 1200 dissentiunt;
1574 1136 1669 1190 sed
1705 1135 1850 1203 quod

266 1214 580 1295 in‘utroque
609 1216 958 1281 Testamento
985 1222 1164 1281 divina
1190 1214 1563 1296 iirote'stahiur
1604 1218 1848 1297 elaquia,

264 1317 368 1375 hoc
392 1317 765 1373 tantummodo
810 1319 1149 1373 sentiendum
1176 1336 1187 1371 :
1220 1317 1365 1387 quod
1409 1317 1521 1372 sive
1550 1318 1849 1391 hominem,

266 1408 379 1465 sive
408 1411 685 1475 universa,
712 1408 858 1463 nulla
886 1409 1208 1464 necessitate
1236 1408 1375 1462 Deus
1402 1396 1703 1472 creaverit;
1736 1394 1851 1461 nui-

266 1498 371 1554 iam
402 1515 520 1556 esse
546 1504 766 1555 omnino
808 1499 1098 1564 visibilem,
1128 1498 1563 1568 invisibilemque
1596 1499 1850 1554 substan-

224 1580 229 1585 ’
265 1590 414 1655 tiam,
448 1592 551 1646 nisi
596 1600 689 1646 aut
738 1586 857 1661 qua:
901 1591 1042 1646 Deus
1072 1589 1161 1656 sit,
1206 1599 1300 1645 aut
1326 1606 1356 1644 a
1383 1591 1524 1644 bono
1561 1588 1672 1644 Deo
1708 1588 1850 1645 bona

265 1691 445 1739 creata
474 1681 575 1748 sit;
606 1682 698 1738 sed
730 1684 872 1738 Deus
902 1698 1111 1737 summe
1139 1690 1193 1737 et
1222 1680 1736 1738 incommutabiliter
1762 1682 1854 1739 bo-

264 1788 385 1838 nus,
423 1781 673 1829 creatura
701 1789 830 1829 vero
868 1771 1093 1827 inferius
1120 1780 1176 1827 et
1211 1773 1545 1828 mutabiliter
1588 1774 1763 1841 bona;
1795 1780 1853 1828 et

1948 590 2197 650 peccata,
2233 584 2373 638 sicut
2412 584 2673 653 scripturn
2708 594 2827 639 est:
2862 584 3011 638 Beati
3049 577 3271 655 quorum
3311 590 3541 641 remissae

1951 681 2073 725 sunt
2103 670 2424 742 iniquitates,
2449 684 2496 728 et
2524 691 2747 745 quorum
2778 685 2911 729 tecta
2934 686 3055 729 sunt
3079 688 3310 747 peccata.
3344 678 3541 733 Beatus

1950 764 2030 817 vir
2052 764 2139 817 cui
2166 781 2270 819 non
2297 766 2569 837 imputavit
2588 767 2843 823 Dominus
2868 778 3139 839 peccatum
3183 766 3356 840 (Ρεαι.
3389 785 3539 834 xxxr,

1953 853 2115 923 1,2).

2022 944 2238 1000 Nullum
2263 960 2479 1017 quoque
2504 948 2618 1003 suis
2644 949 2874 1015 viribus,
2911 951 3005 1005 sed
3032 966 3130 1022 per
3158 951 3394 1005 divinam
3421 967 3542 1020 gra-

1952 1042 2086 1096 tiam
2118 1042 2283 1112 capiti
2309 1042 2529 1098 Christo
2557 1044 2825 1114 subjungi,
2857 1054 3021 1115 atque
3050 1045 3365 1114 indisrupta:
3393 1045 3544 1115 pacis

1950 1134 2437 1205 perseverantiam,
2466 1135 2520 1188 in
2563 1136 2770 1189 unitate
2798 1136 3054 1195 Ecclesiae
3082 1138 3251 1207 ipsius
3277 1136 3499 1191 solidari
3527 1154 3539 1189 :

1952 1237 2053 1276 nec
2088 1223 2339 1276 humanae
2366 1220 2661 1276 voluntatis
2706 1220 2938 1276 arbitrio
2968 1216 3091 1277 bbni
3122 1224 3418 1294 quidquam
3453 1223 3545 1278 de-

1952 1315 2251 1385 putandum
2300 1315 2592 1380 aestimari;
2641 1318 2934 1370 secundum
2972 1319 3307 1387 propositum
3352 1318 3542 1372 volun-

1953 1404 2081 1459 tatis
2106 1404 2201 1458 Dei
2231 1408 2446 1459 ‘omnem
2473 1408 2760 1460 numerum
2790 1406 3089 1460 electorum
3127 1408 3363 1477 acquiri;
3397 1409 3538 1463 bona

1954 1512 2167 1567 quoque
2199 1497 2515 1565 temporalia
2546 1497 2702 1551 bonis
2741 1496 3005 1565 malisque
3042 1494 3348 1553 communia
3379 1516 3409 1553 a
3434 1499 3545 1554 Deo

1955 1586 2151 1652 creari,
2182 1582 2405 1655 ejusque
2433 1586 2833 1656 dispensatione
2863 1587 3090 1657 singulis
3120 1588 3423 1657 quibusque
3459 1587 3546 1645 vel

1955 1680 2119 1735 tribui
2156 1678 2241 1734 vel
2276 1679 2460 1750 negari
2491 1696 2502 1733 :
2547 1680 2777 1750 quorum
2820 1678 3084 1737 bonarum
3130 1681 3183 1735 in
3222 1678 3548 1752 unoquoque

1959 1771 2200 1827 fidelium
2227 1786 2332 1826 non
2366 1770 2603 1837 habitus,
2634 1770 2726 1826 sed
2750 1782 2877 1825 usus
2907 1778 2999 1825 aut
3029 1772 3415 1841 improbandus
3440 1781 3544 1838 est,

263 1867 408 1938 quod
438 1866 631 1921 anima:
673 1867 825 1937 origo
857 1866 1063 1921 incerta
1096 1865 1197 1931 sit,
1227 1874 1280 1921 et
1329 1867 1472 1937 quod
1518 1864 1848 1937 Angeiorum
1879 1858 1926 1919 B
1957 1874 2048 1919 aut
2088 1864 2438 1935 probandus;
2494 1866 2644 1919 certa
2693 1880 2823 1919 vero
2866 1870 3173 1933 aeternaque
3220 1867 3359 1920 bona
3405 1866 3551 1922 solos

262 1970 459 2015 natura
494 1961 577 2015 vel
606 1959 799 2015 animae
842 1976 948 2014 non
989 1958 1058 2014 sit
1104 1974 1231 2029 pars
1262 1944 1456 2015 divinm
1502 1960 1847 2021 substantiae;

261 2051 358 2108 sed
395 2050 489 2105 Dei
518 2058 768 2106 creatura
810 2066 876 2105 ex
904 2050 1072 2105 nihilo
1099 2051 1332 2105 condita.
1377 2049 1501 2105 ldeo
1533 2051 1851 2121 incorporea

263 2144 440 2197 anima
489 2144 692 2213 absque
738 2142 933 2207 dubio,
963 2151 1017 2197 et
1055 2142 1163 2197 Deo
1197 2151 1253 2197 et
1300 2143 1526 2214 angelis,
1574 2158 1604 2198 a
1652 2144 1851 2214 quibus

262 2233 641 2303 comprehendi
671 2242 724 2287 et
762 2234 1043 2288 transferri
1074 2242 1269 2303 potest,
1303 2248 1563 2304 corporea
1592 2250 1711 2290 esse
1740 2236 1850 2290 evi-

265 2326 453 2382 denter
482 2326 783 2381 ostenditur
806 2338 852 2380 ει.
897 2326 978 2381 Ad
1006 2327 1295 2397 imaginem
1327 2337 1505 2382 autem
1539 2328 1632 2383 Dei
1665 2338 1849 2385 creata

263 2426 366 2482 est,
390 2418 588 2488 pietate
609 2432 839 2482 morum,
868 2417 984 2472 sine
1007 2432 1111 2488 qua
1138 2418 1271 2473 fides
1297 2419 1463 2473 divini
1491 2421 1670 2476 cuit‘us
1693 2419 1848 2495 [non]

262 2509 560 2579 perficitur.
609 2510 675 2565 Et
710 2516 767 2565 ut
807 2511 1176 2582 unusquisiiue
1228 2511 1428 2578 Demn,
1472 2518 1851 2584 proximumve

265 2602 322 2659 in
354 2602 462 2658 Deo
491 2596 737 2675 diligens,
788 2620 959 2674 usque
1004 2605 1071 2658 ad
1118 2604 1464 2661 dilectionem
1504 2622 1718 2676 quoque
1749 2608 1883 2669 ini-.

264 2697 530 2754 micorum
572 2698 937 2769 pertendendo
972 2698 1238 2770 proficiat,
1283 2708 1339 2753 ut
1368 2700 1701 2771 proficiendo
1729 2718 1855 2772 per-

266 2789 471 2845 veniat.

336 2882 576 2937 Alterum
603 2886 813 2952 quoque
834 2881 1057 2936 alterius
1085 2881 1250 2953 pollui
1278 2884 1380 2937 nbn
1409 2896 1570 2953 posse
1600 2892 1848 2953 peccato,

263 2973 357 3028 ubi
387 2990 485 3044 par
516 2973 764 3028 voluntas
802 2989 909 3027 non
954 2981 1166 3028 tenetur
1210 2976 1514 3029 consensio.
1558 2973 1853 3047 Legitimas

263 3065 481 3133 nuptias
510 3079 613 3119 non
646 3063 789 3119 credi
818 3065 1117 3129 damnatas,
1150 3064 1273 3120 licet
1298 3080 1365 3120 ex
1395 3067 1475 3121 eis
1505 3082 1719 3136 quoque
1744 3068 1851 3121 ori-

266 3155 431 3226 ginali
467 3158 687 3226 peccato
740 3155 974 3211 obnoxia
1022 3157 1275 3211 credatur
1324 3156 1472 3212 nasci
1527 3159 1848 3227 posteritas,

266 3248 450 3318 eisque
471 3248 593 3319 jure
620 3248 853 3303 fidelium
886 3248 1155 3319 virginum
1182 3247 1262 3303 vel
1293 3248 1685 3304 continentium
1712 3266 1851 3319 prte-

268 3340 487 3397 ferenda
534 3343 792 3397 doceatur
840 3342 1143 3415 integritas.
1202 3340 1313 3399 Nec
1352 3346 1515 3399 tinum
1564 3344 1852 3400 Trinitatis

265 3433 554 3503 baptisma,
580 3434 722 3503 quod
753 3434 903 3489 nefas
929 3444 1031 3501 est,
1063 3435 1290 3491 iteretur
1308 3478 1321 3501 ,
1354 3452 1528 3506 neque
1555 3444 1651 3507 pro
1677 3438 1850 3494 diver-

266 3526 427 3580 sitate
462 3524 793 3580 tradentium
840 3526 1212 3580 ministrorum
1241 3527 1466 3596 singulis
1492 3536 1709 3596 putetur
1738 3530 1854 3598 qui-

265 3616 473 3686 busque
503 3615 760 3680 conferri,
804 3616 896 3671 sed
926 3632 954 3670 a
1001 3615 1112 3670 Deo
1160 3616 1418 3688 singulari
1462 3626 1731 3689 potestate
1761 3620 1855 3674 do-

160 3698 169 3703 t
265 3723 407 3766 nari.
455 3708 531 3764 De
573 3724 680 3780 quo
720 3708 919 3781 dictum
956 3708 1222 3780 legimus:
1257 3708 1427 3780 Super
1468 3726 1619 3782 quem
1667 3712 1854 3766 videris

269 3797 529 3869 Spiritum
559 3799 947 3854 descendentem
983 3809 1029 3853 et
1072 3809 1364 3854 innuentem
1400 3806 1555 3872 Super
1590 3819 1730 3869 eum,
1771 3804 1854 3858 hic

267 3904 363 3958 est,
394 3894 481 3964 qui
511 3893 734 3963 baptizat
764 3894 817 3947 in
843 3892 1043 3963 Spiritu
1072 3904 1286 3957 sancto;
1310 3904 1355 3947 et
1382 3911 1473 3962 ego
1501 3896 1607 3949 vidi
1634 3906 1681 3950 et
1712 3898 1855 3951 testi-

270 3985 503 4039 monium
545 3983 809 4055 perhibui,
842 3985 965 4056 quia
1013 3985 1095 4038 hic
1130 3994 1204 4038 est
1245 3984 1419 4041 Filius
1456 3986 1552 4040 Dei
1586 3987 1769 4059 (Joan.
1801 4006 1851 4054 ι,

269 4076 361 4139 55,
387 4076 498 4147 54).
530 4075 595 4130 Et
630 4092 695 4131 ne
742 4075 1071 4147 paenitentia:
1116 4077 1370 4133 remediis
1416 4094 1512 4133 nos
1542 4095 1699 4150 egere
1748 4096 1855 4135 non

270 4176 525 4239 putemus
552 4184 650 4239 pro
679 4168 1005 4239 quotidianis
1051 4168 1297 4224 humana:
1333 4168 1641 4240 fragilitatis
1671 4189 1857 4229 exces-

271 4259 444 4327 sibus,
475 4261 590 4316 sine
614 4262 809 4331 quibus
852 4260 905 4314 in
952 4260 1053 4317 hac
1078 4265 1188 4315 vita
1218 4274 1339 4317 esse
1384 4276 1491 4318 non
1519 4278 1806 4333 possumus
1838 4285 1851 4321 :

346 4427 372 4453 ι
401 4414 663 4490 Cor-porca
684 4415 1079 4490 esse_evidenter
1102 4417 1410 4471 ostenditur.
1440 4418 1618 4484 Deest,
1643 4421 1855 4490 opinor,

271 4485 536 4559 particula
561 4502 684 4559 non,
711 4497 765 4540 et
795 4487 897 4559 leg.
926 4505 1174 4559 corporea
1203 4506 1305 4559 non
1329 4506 1459 4554 esse,
1487 4500 1616 4556 etc.,
1648 4485 1705 4545 ut
1731 4485 1859 4548 con;

274 4556 531 4611 tradictio
578 4557 777 4611 vitetur
820 4556 873 4611 et
902 4556 1074 4612 error.
1106 4558 1159 4613 in
1203 4558 1406 4613 isidoro
1451 4569 1627 4616 tamen
1674 4562 1751 4617 sic
1780 4564 1854 4619 le-

274 4627 457 4698 gitur:
490 4646 508 4676 ‹
536 4625 640 4698 Sed
684 4625 776 4681 Dei
825 4637 1092 4694 creatura,
1134 4643 1196 4683 ex
1244 4629 1411 4685 nihilo
1456 4633 1688 4697 condita,
1716 4643 1771 4687 et
1802 4638 1853 4690 in

275 4696 503 4773 corpore
537 4696 779 4773 (Faleg.
811 4700 1149 4773 incorporea)
1190 4716 1311 4773 esse
1357 4703 1635 4757 evidenter
1676 4715 1858 4760 osten-

276 4767 442 4824 ditur.
476 4767 738 4835 Quoniam
768 4771 932 4842 igitur
965 4767 1299 4842 apprehendi
1344 4782 1399 4831 et
1434 4774 1717 4831 transferri
1764 4794 1862 4848 po-
1886 4772 1943 4833 D

1954 1974 2113 2029 posse
2145 1958 2317 2012 bones
2348 1958 2400 2011 in
2433 1955 2615 2012 futuro
2639 1958 2920 2025 consequi,
2948 1972 3177 2027 quorum
3203 1959 3428 2029 pignore
3449 1956 3551 2015 Ea-

1954 2052 2173 2106 clesiam
2202 2066 2344 2105 nunc
2381 2050 2724 2106 info'rmatam
2751 2048 3021 2106 credimus
3046 2051 3305 2114 detineri;
3337 2052 3425 2106 hic
3453 2052 3550 2105 ha-

1953 2146 2167 2199 bentem
2216 2143 2484 2214 primitias
2533 2144 2776 2214 spiritus,
2808 2144 2860 2198 in
2895 2143 3077 2197 futuro
3122 2143 3546 2214 perfectionem:

1952 2238 2042 2294 hic
2071 2238 2360 2294 sustentari
2405 2239 2458 2293 in
2486 2254 2598 2309 spe,
2637 2246 2825 2308 postea
2856 2238 3001 2308 pasci
3032 2238 3086 2291 in
3119 2253 3209 2304 re;
3246 2237 3336 2292 hic
3359 2234 3545 2294 videre
3624 2294 3635 2301 ,

1952 2348 2051 2403 per
2086 2332 2359 2402 speculum
2384 2341 2438 2386 et
2480 2335 2532 2387 in
2556 2333 2860 2401 aenigmate,
2890 2332 2943 2385 in
2970 2330 3151 2385 futuro
3193 2332 3375 2385 autem
3404 2328 3543 2387 facie’

1953 2428 2021 2481 ad
2052 2426 2267 2490 faciem,
2299 2442 2422 2481 cum
2450 2427 2517 2481 ad
2563 2426 2800 2495 speciem
2839 2424 3004 2479 fuerit
3046 2425 3208 2479 ducta
3235 2436 3334 2494 per
3363 2423 3547 2491 fidem,

1954 2520 2169 2588 quando
2214 2519 2547 2589 perficiatur,
2597 2526 2656 2572 ut
2703 2518 2897 2572 summi
2951 2514 3046 2571 Dei
3097 2516 3255 2571 bonis
3302 2514 3548 2570 fruamur

1956 2611 2195 2677 mlernis,
2240 2610 2471 2666 fruendo
2520 2608 2953 2684 [temporalibus]
2998 2610 3051 2664 in
3087 2608 3199 2663 Deo
3230 2623 3334 2662 non
3364 2607 3550 2662 oberi-

1956 2719 2076 2757 mus
2120 2712 2174 2758 et
2212 2704 2506 2773 proximis;
2539 2718 2658 2757 eam
2697 2718 2914 2772 quoque
2964 2716 3061 2756 nos
3108 2710 3259 2770 spem
3305 2704 3552 2757 resurre-

1956 2794 2149 2849 ctionis
2194 2795 2415 2860 habere,
2461 2803 2519 2847 ut
2548 2794 2737 2849 eodem
2769 2792 2957 2847 ordine
3005 2792 3301 2861 eademque
3350 2790 3545 2856 forma,

1956 2900 2059 2953 qua
2096 2886 2209 2955 ipse
2238 2886 2498 2939 Dominus
2528 2885 2827 2939 resurrexit
2857 2892 2886 2937 a
2916 2883 3166 2945 mortuis,
3196 2888 3294 2936 nos
3334 2892 3551 2951 quoque

1958 2985 2364 3032 resurrecturos
2393 2992 2514 3032 esse
2562 2976 2847 3032 credamus
2884 2975 2938 3029 in
2971 2975 3158 3029 eodem
3202 2978 3449 3043 cut-pore,
3494 2973 3550 3027 in

1957 3087 2065 3141 quo
2108 3087 2314 3137 sumus,
2352 3069 2436 3125 vel
2466 3069 2723 3132 vivimus,
2769 3084 2872 3122 non
2921 3072 3173 3121 naturain
3222 3073 3315 3119 aut
3360 3062 3550 3120 sexum

1958 3174 2251 3227 mutantes,
2280 3165 2373 3220 sed
2407 3172 2616 3218 tantum
2656 3160 3001 3234 fragilitatem
3029 3170 3085 3214 et
3109 3159 3241 3215 vitia
3272 3160 3548 3229 deponen-

1960 3267 2073 3323 tes;
2108 3257 2284 3327 ipsum
2314 3272 2531 3327 quoque
2559 3256 2819 3311 Satanam
2851 3268 2973 3310 cum
3002 3253 3209 3325 angelis
3245 3254 3359 3308 suis
3387 3256 3552 3321 atque

1955 3347 2254 3404 cultoribus
2298 3356 2500 3403 aeterno
2546 3347 2797 3403 inccndio
2840 3346 3334 3410 condemnandum,
3373 3350 3551 3414 neque

1957 3439 2252 3495 secundum
2285 3441 2645 3508 quorumdam
2676 3437 2999 3507 sacrilegam
3026 3435 3448 3505 disputationem
3480 3432 3551 3492 ad

1956 3524 2263 3600 pristinam,
2293 3531 2345 3585 id
2376 3538 2475 3593 est,
2505 3529 2803 3599 angelicam
2830 3529 3165 3597 dignitatem,
3195 3541 3262 3581 ex
3287 3541 3394 3596 qua
3423 3531 3549 3596 pro-

1956 3621 2075 3692 pria
2103 3621 2441 3692 malignitate
2469 3620 2681 3683 cecidit,
2708 3618 3095 3675 reducendum.

2031 3720 2157 3774 Haec
2182 3726 2265 3774 est
2289 3717 2567 3773 catholica:
2595 3717 2900 3771 traditionis
2932 3716 3055 3771 fidei
3082 3730 3209 3770 vera
3236 3715 3547 3787 integritas,

1958 3810 2023 3863 de
2051 3824 2159 3879 qua
2189 3809 2232 3863 si
2259 3824 2425 3862 unum
2469 3807 2748 3878 quodlibet
2790 3813 3101 3877 respuatur,
3134 3812 3243 3859 tota
3273 3805 3399 3859 fidei
3425 3818 3547 3858 cre-

1959 3904 2155 3959 dulitas
2182 3903 2463 3957 amittitur.
2498 3901 2638 3972 Lege
2667 3900 2943 3956 homiiiam
2967 3910 3154 3953 n‘xvu
3188 3900 3214 3940 ι)
3239 3899 3416 3953 sancti
3438 3896 3554 3950 Au-

1958 3999 2163 4071 gustini
2193 3999 2245 4053 in
2276 3997 2451 4069 prima
2482 4004 2635 4068 parte
2664 4011 2824 4065 super
2860 3994 3121 4049 Joannem
3162 3992 3550 4064 evangelistam

1958 4088 2111 4159 cujus
2141 4089 2353 4143 initium
2383 4096 2465 4143 est
2490 4106 2503 4140 :
2540 4085 2708 4141 Verba
2738 4082 2950 4140 Domini
2980 4087 3141 4139 nostri
3169 4084 3299 4139 Iesu
3330 4083 3549 4147 Christi,

1957 4199 2073 4253 quae
2100 4182 2280 4236 habuit
2303 4198 2419 4235 cum
2442 4179 2670 4247 Judrris,
2692 4180 2767 4233 ita
2790 4179 3067 4234 moderans
3090 4176 3351 4248 loquelam
3377 4191 3548 4241 suam,

1957 4286 2015 4330 ut
2040 4275 2163 4329 cwci
2192 4291 2294 4327 non
2326 4272 2574 4337 viderent,
2603 4276 2709 4327 ct'c.

1960 4441 2087 4496 test,
2117 4445 2377 4502 corporea
2416 4444 2537 4485 esse
2574 4429 2933 4502 nihilominus
2957 4427 3281 4502 ostenditur.
3313 4445 3331 4477 ›
3368 4424 3435 4479 Ει
3470 4423 3554 4477 in-

1959 4504 2172 4558 ferius:
2215 4497 2393 4556 iSine
2440 4518 2545 4572 qua
2591 4501 2725 4555 fides
2773 4501 2938 4556 divini
2984 4499 3161 4572 cultus
3208 4497 3382 4572 otiosa
3432 4506 3547 4572 tor-

1963 4576 2163 4657 pescit,
2197 4583 2252 4629 et
2292 4589 2413 4629 cum
2454 4564 2563 4642 qua
2614 4571 2897 4643 integritas
2953 4569 3117 4626 divini
3159 4568 3336 4624 cultus
3382 4564 3529 4639 peril-

1965 4654 2158 4771 cul‘irlii
2184 4715 2344 4771 editis
2369 4730 2555 4778 xxxrx,
2582 4712 2764 4768 'l‘ract.
2795 4711 2850 4765 in
2876 4709 3033 4765 Joan.
