4032 6354
519 306 662 367 1887
1358 309 1416 361 Β.
1457 308 1517 361 F.
1557 306 1782 363 ALBlNl
1820 304 1953 363 SEU
1987 303 2111 361 ALC

2211 302 2266 358 Nl
2299 299 2586 359 OPEBUM
2622 297 2801 355 PARS
2835 295 2927 353 IX.
3650 288 3803 349 ιω

521 436 3801 475 MM

1326 572 1732 636 AMALARII
1778 565 2388 633 ARCHIEPISCOPI
2434 563 2960 628 TREV‘IRENSIS

788 743 1126 804 EPISTOLA
1163 745 1255 802 AD
1289 739 1624 802 CAROLUM
1664 737 1961 797 MAGNUM
1999 731 2504 792 IMPERATOREM
2542 730 2631 787 DE
2678 728 3125 789 CEREMONIIS
3159 728 3510 789 BAPTISHI.

1528 901 1689 976 (Vide
1721 896 2043 966 Patrologia:
2064 901 2193 948 tam.
2221 892 2427 961 XCIX,
2449 894 2551 951 col.
2578 893 2726 966 887.)

1041 1129 1689 1221 517EJUSDEM
1767 1134 2263 1214 AMALARII
2339 1134 2730 1216 VERSUS
2806 1138 3180 1220 MARINI
3237 1176 3291 1219 -.

1472 1337 1829 1385 AMALABIUS
1874 1332 2256 1378 VENERABILI
2301 1334 2532 1380 ΑΒΒΔΤΙ
2576 1340 2804 1386 PETRO.

504 1526 667 1594 Quid,
702 1522 882 1585 Pater,
928 1525 1186 1591 angustos
1214 1514 1440 1584 repedas
1472 1513 1563 1582 qui
1609 1520 1851 1582 tempora
1901 1508 2088 1573 calles,
2120 1510 2167 1569 Α
2195 1507 2301 1565 Sed
2332 1512 2501 1567 sancti
2532 1514 2711 1583 potius
2737 1530 2927 1570 cursus
2945 1515 3143 1585 psallat
3164 1515 3441 1575 Benedicti
3470 1537 3486 1574 :

503 1614 749 1683 Namque
778 1611 958 1683 quieta
991 1617 1162 1664 tenes.
1200 1604 1512 1674 Forsanque
1534 1617 1696 1673 paras
1720 1614 1987 1657 renovare
2197 1598 2305 1656 Aut
2332 1602 2445 1658 fors
2475 1613 2567 1660 aut
2590 1606 2876 1676 potiusque
2904 1608 3082 1663 forent
3116 1609 3299 1680 ignota
3328 1611 3568 1668 nefanda

506 1706 712 1764 Saccos
736 1714 792 1760 tu
816 1701 1286 1776 nostros‘iterum,
1314 1697 1401 1753 vel
1423 1695 1674 1767 frangere
1701 1695 1877 1760 dente,
2198 1692 2343 1775 illius
2375 1695 2530 1752 nobis
2551 1698 2720 1764 urbis,
2748 1715 2868 1769 quie
2895 1717 3037 1771 saepe
3063 1702 3261 1758 beabat

503 1802 732 1859 Crustas
756 1808 813 1856 et
840 1806 987 1855 totas
1008 1798 1177 1851 micas
1204 1792 1431 1848 volitare
1456 1805 1551 1861 per
1575 1804 1756 1844 auras.
2200 1786 2406 1856 Totque
2430 1789 2596 1855 viros,
2624 1799 2805 1847 tantos
2828 1792 3056 1848 famulos
3082 1809 3179 1863 per
3205 1795 3365 1850 saecla
3391 1797 3586 1852 beatos
3610 1813 3629 1853 :

502 1895 671 1965 Agius
692 1896 833 1950 inter
857 1890 1170 1946 frondentes
1196 1887 1377 1942 lauros
1400 1884 1652 1940 habitans
1684 1896 1803 1937 sors
2198 1878 2371 1945 Quam
2408 1881 2636 1951 legimus
2664 1886 2900 1941 tenuisse
2925 1894 3085 1957 caput
3112 1888 3264 1957 regni
3294 1889 3475 1943 omnis
3502 1889 3624 1945 Eoi.

504 1985 735 2043 Maxima
763 1985 878 2055 ipse
911 1989 1070 2037 vocat
1091 1979 1287 2034 fratres
1317 1976 1384 2032 ad
1412 1974 1616 2031 fercula
1640 1972 1811 2042 pacis.
2268 1974 2419 2031 Tunc
2445 1992 2567 2032 sero
2594 1976 2810 2033 rediens
2846 1979 3089 2036 Basileus
3117 1978 3225 2035 Leo
3250 1980 3492 2047 mandat,
3517 1992 3576 2039 et
3610 1983 3726 2053 ipsa

500 2077 774 2149 Disjunxit
802 2075 990 2129 labens
1021 2073 1193 2128 Arton
1223 2086 1361 2141 quos
1389 2069 1622 2138 turpiter
1645 2065 1845 2120 Auster
2200 2067 2506 2124 Utveniant
2539 2067 2736 2125 fratres
2767 2072 2831 2126 ad
2863 2087 3074 2127 summa
3102 2073 3303 2141 palatia
3336 2075 3502 2144 regis.

500 2168 706 2225 Juuxit.
741 2167 858 2236 Quo
888 2179 1183 2237 pmperare
1210 2164 1351 2235 petis
1382 2162 1482 2228 sic,
1510 2161 1650 2217 abba
1678 2174 1853 2222 meus,
1882 2156 2024 2227 quo?
2196 2156 2297 2213 Hic
2325 2158 2613 2227 eloquitur,
2637 2160 2727 2215 hic
2749 2162 2814 2215 de
2852 2160 3027 2216 Caroli
3055 2172 3176 2216 orat
3210 2163 3320 2217 vita
3356 2179 3458 2233 per
3487 2180 3684 2229 aevum,

500 2263 803 2327 Ventorum
830 2260 1091 2315 Dominus
1127 2259 1218 2329 qui
1249 2266 1395 2312 vetat
1428 2257 1545 2312 sine
1575 2268 1799 2325 pergere
1831 2250 2020 2305 fratre.
2194 2251 2274 2306 Ac
2302 2259 2555 2307 notorum
2584 2252 2720 2323 ejus,
2753 2254 2894 2308 sacri
2925 2254 3083 2308 simul
3113 2256 3320 2311 ordinis
3349 2259 3552 2317 omnis,
3752 2239 3757 2243 ’

502 2354 643 2423 Quid
678 2354 897 2416 mirum,
921 2350 968 2406 si
997 2348 1290 2419 Gregorius
1312 2346 1512 2415 jaceat,
1542 2346 1986 2414 lacrymansque;
2195 2343 2262 2398 Et
2286 2344 2466 2415 populi
2496 2359 2804 2399 memorans
2830 2345 3163 2402 Francorum
3184 2363 3313 2403 voce
3337 2348 3591 2419 benigna.

503 2447 695 2509 Sinon
721 2456 804 2502 est
840 2447 1058 2509 mirum,
1085 2442 1290 2498 Christi
1322 2442 1549 2496 chorum
1577 2438 1883 2509 trepidare?
2193 2436 2238 2490 A
2265 2452 2372 2506 quo
2400 2437 2567 2491 laxati
2596 2437 2768 2509 pelagi
2791 2438 3055 2507 profunda
3084 2440 3327 2495 trahebat

500 2537 804 2609 Equoreas
843 2546 1072 2609 tangens
1096 2534 1357 2590 Dominus
1381 2540 1585 2602 partes,
1613 2530 1990 2601 lacrymabant
2195 2524 2504 2597 [Equoreus
2529 2544 2827 2598 cursusque
2851 2539 3043 2596 ratem,
3083 2548 3206 2586 cum
3246 2532 3437 2602 ingens
3477 2532 3593 2588 fera
3628 2536 3785 2589 venit.

499 2628 778 2700 Discipuli,
811 2629 858 2683 si
887 2626 1182 2698 Gregorius
1207 2641 1313 2679 non
1343 2622 1564 2695 pertulit
1584 2621 1780 2687 undas,
2196 2620 2326 2687 Quis
2348 2629 2631 2675 ventorum
2656 2622 2841 2677 avidas
2892 2638 3095 2693 pennas
3126 2633 3203 2679 tot
3223 2623 3405 2678 dicere
3432 2624 3648 2689 suffert,

498 2717 741 2792 Vespere
760 2719 872 2789 jam
901 2726 1248 2789 properante,
1275 2724 1429 2787 rogat
1453 2731 1667 2771 cessare
1696 2712 1984 2785 procellas,
2196 2713 2263 2767 Et
2285 2729 2391 2767 non
2416 2713 2649 2769 miretur
2673 2723 2882 2768 tantum
2909 2716 3233 2785 crepitantia
3260 2714 3411 2769 lora?

500 2811 645 2880 Quas
671 2812 801 2868 dicit
827 2812 1010 2867 senior
1036 2809 1242 2880 majore
1265 2823 1487 2880 surgere
1515 2808 1684 2862 Euro.
2127 2874 2167 2882 _
2198 2805 2522 2863 Terribilem
2549 2810 2677 2865 hinc
2699 2809 2937 2864 sonitum
2963 2808 3157 2865 ﬂuctus
3182 2810 3528 2882 redduntque
3548 2812 3744 2867 marini
3771 2830 3785 2867 ε

498 2874 650 2962 Ᾰδδδ
673 2906 826 2976 jubet
852 2874 1178 2960 monachum
1213 2874 1395 2958 vultus
1430 2902 1677 2957 attollere
1710 2914 1945 2962 sursum,
2124 2874 2171 2935 Β
2196 2899 2325 2956 Inde
2360 2910 2540 2958 truces
2570 2912 2740 2959 ratem
2770 2903 3058 2973 quatiunt.
3092 2942 3105 2956 .
3135 2942 3151 2957 .
3181 2943 3194 2956 .
3226 2944 3239 2957 .
3268 2944 3281 2956 .
3312 2874 3460 2959 vires

501 2998 731 3054 Sumere
761 2998 828 3052 de
857 3012 1043 3052 mensa
1068 2996 1297 3051 fratrum
1322 2996 1500 3051 saltim
1530 2995 1914 3065 exiguumque.
2196 2996 2436 3051 Ventris.
2462 2995 2557 3050 His
2578 2993 2858 3064 maiorque
2886 3003 3063 3050 metus
3084 3010 3207 3050 cum
3233 3004 3316 3051 est
3344 2997 3544 3051 mortis
3571 3012 3783 3051 amarae.

499 3089 792 3161 Gregorius
817 3089 953 3143 dixit
987 3108 999 3142 :
1036 3088 1173 3144 Hinc
1198 3105 1307 3143 non
1334 3105 1569 3160 surgam,
1597 3088 1701 3142 nisi
1731 3088 1838 3141 fixa
2197 3087 2349 3143 Vatis
2374 3104 2494 3143 sum
2524 3089 2642 3154 tibi,
2674 3097 2860 3143 sancte
2882 3086 3063 3153 Pater,
3101 3103 3209 3144 non
3234 3086 3462 3158 effugies
3496 3097 3550 3142 tu

500 3183 627 3239 Haec
656 3183 849 3254 puppis
884 3192 1124 3249 maneat,
1152 3200 1328 3253 neque
1355 3185 1452 3239 has
1481 3184 1692 3239 tabulas
1721 3183 1986 3252 relinquo.
2196 3179 2356 3245 Hinc,
2388 3180 2491 3234 nisi
2522 3180 2865 3249 perfundaris
2896 3180 3070 3249 aquis,
3101 3180 3301 3234 nimbis
3325 3181 3577 3235 sacieris.

502 3274 672 3330 Nocte
700 3274 830 3345 vigil
861 3273 1031 3329 frater
1052 3291 1159 3330 non
1186 3276 1505 3339 dormitans,
1537 3290 1711 3344 neque
1740 3281 1955 3329 cessant
2197 3272 2433 3343 Elfugias
2464 3272 2679 3328 Mauros
2707 3312 2723 3339 ,
2752 3282 2960 3328 metuas
2988 3270 3233 3337 Sclavos,
3267 3271 3630 3344 Regiumque.

502 3364 653 3421 Salsa
676 3365 813 3419 vada
843 3366 1107 3420 undarum
1140 3364 1344 3436 jugiter
1367 3366 1583 3421 turbare
1613 3364 1878 3436 procellae.
2116 3424 2141 3431 _
2180 3365 2275 3420 'Tu
2309 3364 2520 3421 cumula
2545 3364 2672 3431 tela,
2706 3373 2764 3419 ut
2796 3364 3039 3420 Maurum
3071 3364 3286 3435 jugules
3310 3368 3685 3431 metuendum,

500 3460 570 3517 Et
591 3460 724 3516 ratis
749 3460 855 3514 alta
883 3459 1152 3531 profunda
1178 3467 1372 3530 petens
1397 3459 1626 3513 nimium
1655 3459 1763 3514 cito
1794 3458 1972 3514 saltat.
2196 3459 2368 3528 Quem
2396 3459 2551 3514 nobis
2583 3468 2886 3514 monstrant
2918 3468 3129 3528 portus,
3156 3474 3318 3528 quem
3350 3458 3551 3513 famina
3580 3460 3784 3513 tollunt.

500 3553 681 3610 Triste
711 3562 893 3625 caput,
928 3570 1121 3609 sensus
1151 3562 1379 3609 maestus
1406 3554 1610 3622 patitur
1635 3552 1794 3617 male,
1821 3551 2037 3606 tandem
2197 3555 2379 3610 Tende
2403 3570 2614 3619 arcum,
2656 3554 2825 3608 donec
2850 3567 3238 3623 percurramus
3273 3569 3427 3608 mare
3457 3569 3643 3608 cursu.

499 3643 636 3702 Cum
660 3646 818 3701 victis
850 3646 1093 3702 tenebris
1128 3645 1355 3701 rutilans
1379 3645 1610 3699 miratur
1641 3644 1808 3710 Eous,
2198 3642 2292 3698 Sta
2310 3643 2494 3714 procul
2520 3660 2551 3697 a
2575 3651 2718 3697 terra
2737 3642 3055 3697 Sclavorum
3072 3627 3252 3697 littora
3276 3642 3483 3713 linque,
3510 3642 3786 3714 repellant.

500 3737 602 3795 Sat
625 3739 911 3794 metuenda
940 3746 1118 3794 truces
1149 3738 1429 3809 agitabant
1460 3735 1678 3791 ﬂamina
1703 3736 1969 3806 lymphas.
2195 3738 2325 3793 Post
2351 3753 2595 3801 vernum,
2622 3752 2743 3791 sero
2770 3735 2919 3801 licet,
2948 3730 3267 3805 Italiamque
3292 3736 3583 3800 virentem,

499 3831 611 3889 Nos
640 3848 859 3888 cursum
890 3841 1129 3897 revocat,
1159 3832 1227 3886 ad
1251 3831 1542 3886 durissima
1569 3838 1769 3885 castra.
2194 3833 2304 3888 Nos
2330 3832 2676 3901 pervadimus
2706 3830 2848 3885 banc
2869 3831 3087 3894 cursim,
3120 3830 3417 3901 rapidoque
3444 3832 3629 3887 volatu

500 3925 706 3982 Forsan
738 3927 969 3983 delectat
1005 3934 1268 3989 castrum,
1300 3924 1520 3990 fratres,
1552 3924 1840 3996 Eginense,
2198 3925 2443 3980 Silvestri
2470 3924 2538 3979 ad
2562 3923 2780 3995 dignam
2806 3924 3092 3978 ecclesiam
3121 3925 3294 3978 sancti
3316 3933 3695 3994 properantes.

498 4019 568 4075 Et
587 4020 792 4089 palmas
814 4034 971 4090 agere
998 4020 1130 4074 satis
1159 4033 1255 4090 per
1283 4025 1524 4087 tempora
1552 4017 1733 4088 longa,
2196 4017 2365 4072 Obvia
2389 4024 2495 4071 stat
2524 4025 2709 4071 sancta
2736 4016 2932 4071 cohors
2955 4014 3185 4070 fratrum
3209 4016 3371 4071 simul
3392 4017 3574 4071 omnis

496 4108 706 4165 Puncta
730 4108 820 4164 ubi
846 4108 1041 4180 Wippo
1071 4126 1233 4164 manu
1263 4108 1439 4179 plorat
1463 4109 1709 4178 rapuisse
1730 4108 1924 4164 aliena.
2007 4092 2019 4101 ’
2195 4105 2443 4170 Flebilis;
2480 4106 2729 4176 egregius
2758 4114 2943 4176 pastor
2970 4105 3277 4176 lacrymans
3304 4106 3671 4177 la’crymantct

500 4199 750 4273 Siugultu
778 4201 945 4256 nimio
976 4201 1220 4271 pulsabat
1257 4215 1399 4271 smpe
1426 4201 1664 4270 quietem
2115 4230 2167 4296 ο
2194 4197 2455 4275 Suscipit,
2480 4199 2659 4254 orbati
2695 4199 2932 4270 gaudent
2959 4199 3023 4254 de
3048 4200 3253 4270 sospite
3282 4199 3464 4255 Patre.

474 4291 599 4347 -Hic
631 4301 895 4359 nostram,
924 4308 1022 4362 pro
1045 4308 1153 4363 quo
1177 4301 1262 4347 sat
1281 4299 1474 4347 mcesta
1511 4302 1729 4347 caterva
1749 4291 1987 4362 jacebat.
2128 4291 2164 4296 “
2198 4293 2403 4351 Gaudia
2426 4294 2754 4364 perfundunt
2775 4295 3042 4365 lacrymas
3063 4295 3191 4364 quia
3221 4294 3341 4349 laeta
3371 4304 3614 4359 caterva,

498 4380 577 4435 Ac
601 4399 808 4452 memor
837 4392 955 4438 esto
983 4383 1298 4445 sacerdotis,
1329 4398 1490 4453 quem
1517 4384 1695 4438 sidera
1722 4382 1914 4437 tollunt
2197 4383 2483 4440 Germanis
2508 4386 2787 4440 monachis
2820 4384 3069 4440 Patribus
3093 4385 3221 4439 dant
3245 4385 3398 4441 basia
3429 4385 3649 4441 blanda.

500 4473 606 4528 Pro
630 4474 849 4539 famulo,
882 4490 1041 4545 quem
1070 4474 1191 4529 finis
1217 4476 1342 4545 equi
1372 4476 1672 4544 retinetque
1699 4475 1991 4544 sepultum,
2198 4475 2461 4547 Optamus
2484 4476 2638 4531 laetus
2663 4491 2883 4531 maneas
2911 4492 3035 4531 cum
3073 4476 3331 4532 fratribus
3354 4477 3542 4541 almis,

500 4564 687 4620 Funde
712 4582 920 4637 preces,
957 4567 1262 4622 venerande
1299 4567 1482 4633 Pater,
1511 4582 1631 4621 eum
1666 4566 1924 4623 fratribus
1959 4582 2085 4621 una.
2194 4569 2342 4624 Inter
2360 4585 2497 4639 quos
2526 4569 2712 4626 fratris
2736 4586 3039 4627 memorare
3065 4571 3250 4641 tuique
3270 4572 3471 4627 marini

501 4655 690 4711 Partes
714 4655 1231 4728 Constantinopolim
1260 4673 1611 4729 properemus
1645 4666 1702 4712 et
1729 4666 1890 4723 ante;
2197 4659 2275 4714 Tu
2305 4660 2547 4731 dignare,
2576 4651 2760 4728 Pater,
2791 4678 2897 4717 non
2934 4662 3191 4718 exsiliens
3215 4665 3376 4718 modo
3408 4664 3616 4729 tristis;

500 4747 766 4819 Tempora
791 4749 1035 4805 laxemus
1061 4750 1233 4821 gelida
1265 4751 1481 4818 utrique
1506 4748 1684 4804 Attica
1713 4766 1861 4804 rura.
2192 4749 2386 4806 Frater
2420 4767 2625 4823 egoque
2656 4760 2800 4819 tuus,
2833 4754 3089 4823 quoniam
3115 4770 3222 4809 non
3258 4755 3435 4809 tristia
3458 4771 3651 4825 carpo.

498 4841 790 4912 Postquam
811 4840 1332 4912 Constantinopolim
1356 4840 1709 4896 lustrabimus
1732 4842 1944 4906 urbem,
2194 4846 2373 4902 Triste
2396 4846 2575 4917 polum
2599 4847 2778 4902 fratri!
2806 4846 2985 4903 Caroli
3006 4848 3133 4919 quia
3159 4858 3333 4903 morte
3356 4849 3577 4919 fatigor.

498 4930 697 5003 Bisque
717 4941 1014 5003 quaterque
1036 4933 1221 4988 decem
1242 4934 1347 4989 hac
1376 4942 1562 4989 noctes
1591 4932 1928 5004 possedimus
1946 4930 2089 4998 albo,
2195 4940 2304 4995 Nos
2326 4948 2584 5010 utrosque
2613 4941 2755 4996 Deus
2784 4941 2980 5012 jungat
3000 4942 3206 5012 pariter
3227 4942 3343 4997 sine
3377 4942 3507 5007 fine,

498 5025 767 5082 Continuo
797 5034 943 5080 stant
968 5025 1172 5096 vigiles,
1207 5026 1299 5097 qui
1321 5025 1506 5081 limina
1530 5027 1807 5091 claudunt,

2197 5032 2330 5088 Cum
2362 5031 2555 5088 Carolo
2592 5035 2859 5103 quondam
2887 5050 3012 5106 rege
3037 5043 3091 5090 et
3126 5050 3247 5091 cum
3272 5033 3541 5091 fratribus
3568 5034 3745 5090 almis.

499 5116 577 5174 Ne
606 5118 904 5173 monachus
928 5116 1112 5173 forsan
1135 5133 1234 5188 per
1260 5134 1429 5189 opaca
1450 5120 1673 5175 vaderet
1697 5117 1869 5185 urbis,

571 5267 597 5295 α
627 5254 723 5309 His
760 5256 1005 5313 versibus
1050 5258 1111 5311 in
1162 5273 1261 5313 ms.
1303 5257 1592 5313 admodum
1642 5256 1933 5380 corruptis,
1977 5253 2081 5309 for-
2199 5264 2446 5321 testatur,
2489 5266 2543 5311 et
2572 5256 2725 5327 cujus
2759 5267 3034 5315 auctorem
3070 5260 3407 5314 Amalarium
3435 5275 3565 5315 esse
3611 5260 3788 5316 censet

571 5326 662 5380 isis
686 5328 1161 5380 comprehenditur
1202 5328 1609 5380 Hodwvoricum
1656 5328 1785 5380 illud
1827 5326 2090 5380 errationis
2124 5350 2172 5380 n
2197 5328 2261 5380 D.
2290 5328 2490 5380 Rivet..
2523 5329 2659 5380 Hist.
2692 5328 2772 5380 lit.
2798 5328 3057 5380 Franciae-
3092 5342 3221 5380 tom.
3250 5330 3340 5380 IV.
3366 5346 3495 5380 nan.
3525 5330 3655 5380 419.

499 5326 662 5412 φεβξδ
686 5328 1161 5412 comprehenditur
1202 5328 1609 5412 ﬂodwporicum
1656 5326 2090 5412 illudnlegationis
2123 5350 2173 5412 υ
2197 5328 2261 5384 Ι).
2290 5328 2490 5396 Βὶνθι.,
2523 5326 2659 5385 Hist.
2692 5328 2772 5385 lit.
2798 5328 3057 5398 Francias,
3092 5342 3221 5387 tom.
3250 5330 3340 5398 IV,
3366 5346 3495 5401 pag.
3525 5330 3655 5387 M9.

498 5396 643 5467 quod
685 5413 783 5455 suo
809 5396 1061 5471 tempore
1099 5396 1382 5456 exstitisse
1422 5400 1728 5456 Hermanus
1767 5396 2092 5454 Contractus
