4032 6354
918 299 1067 358 ΟΡΡ.
1108 292 1512 354 SUPPOSITA.
1552 318 1626 333 —-
1656 287 1951 355 ADSODHS
1990 286 2101 343 LIB
2164 286 2254 342 DE
2285 280 2774 343 ANTICHRISTO.

3346 273 3485 331 1295

184 446 185 453 η
227 422 461 485 marinum
487 422 633 477 esset
664 427 727 475 et
753 422 1045 484 meum;
1077 418 1159 472 ita-
1192 429 1409 486 quoque
1454 408 1699 469 diabolus
1741 408 1799 462 in
1823 413 1880 478 Α
1902 406 2191 471 ducantur,
2221 406 2269 459 si
2295 404 2411 475 ﬁeri
2440 411 2604 475 potest
2623 442 2637 466 ,
2678 402 2834 455 etiam
2868 399 3015 455 electi
3056 397 3293 471 (Matth.
3325 413 3484 463 xxw,

225 528 447 577 manent
469 514 794 571 Antichristi
820 513 1110 569 descendet
1128 553 1149 576 ,
1173 519 1227 567 et
1258 516 1429 565 totam
1467 520 1593 563 eam
1623 502 1800 573 reple-

225 610 328 669 δίε.
361 619 424 664 et
455 616 623 662 tantm
660 620 783 661 eam
813 604 1172 661 circumdabit
1192 644 1215 669 ,.
1244 610 1524 670 totamque
1558 596 1798 660 tenebit,

226 712 279 759 et
314 709 480 756 tatam
529 700 764 755 interius
805 698 1152 766 exteriusque
1198 693 1495 767 possidebit
1540 706 1695 755 eam,
1739 696 1805 743 ut

584 791 862 848 hominem
890 799 1218 861 cooperante
1245 788 1545 857 concipiat.
1574 793 1631 838 et
1656 781 1805 853 quod

228 895 404 942 malm
442 876 608 938 ﬁerit
635 892 806 937 totum
847 883 917 936 sit
945 882 1223 951 iniquum»,
1248 888 1423 937 totum
1450 876 1651 931 malum
1671 914 1686 938 ,
1718 882 1805 928 to-

226 976 330 1033 tum
364 977 659 1047 perditum.
703 974 857 1030 Unde
891 983 957 1029 et
982 973 1069 1029 ille
1105 975 1267 1029 horno
1310 971 1457 1040 ﬁlius
1493 965 1805 1040 perditionis

228 1068 535 1142 mpii-ﬂatur,
570 1067 696 1138 quia
733 1066 795 1129 in
829 1075 1095 1136 motum
1126 1064 1327 1134 poterit
1347 1102 1369 1125 ,
1403 1076 1576 1130 genus
1612 1059 1804 1113 buma—

225 1158 592 1229 numpeodet,
624 1166 681 1213 et
707 1158 829 1229 ipse
851 1157 907 1211 in
936 1157 1230 1211 novissime
1257 1152 1537 1223 perdetur.

290 1252 424 1306 Ecce
452 1250 636 1304 audita
666 1250 967 1303 nativitatis
997 1248 1259 1317 qualitate
1288 1246 1495 1309 locum,
1526 1242 1619 1296 ubi
1648 1253 1675 1282 ι
1706 1252 1807 1295 na-

227 1343 301 1400 sci
326 1342 549 1405 debeat,
578 1340 781 1395 audite.
814 1339 953 1394 Nam
982 1340 1125 1394 sicut
1165 1338 1424 1393 Duminus
1467 1351 1531 1391 ac
1570 1334 1805 1390 Redem-

225 1446 338 1509 ptor
360 1442 545 1490 noster
565 1432 880 1487 Bethlehem
907 1432 1017 1487 sibi:
1040 1430 1318 1502 prmvidit,
1344 1437 1405 1483 ut
1428 1427 1503 1481 ibi
1528 1440 1628 1496 pro
1651 1423 1809 1481 nobis

225 1532 615 1588 humanitatem
635 1543 926 1584 assumere
942 1536 999 1583 et
1026 1528 1177 1583 nasci
1207 1528 1521 1595 dignaretur
1546 1539 1561 1577 :
1590 1524 1670 1579 sic
1694 1523 1813 1577 dia-

223 1624 368 1681 bolus
404 1623 483 1678 illi
523 1622 730 1681 homini
768 1621 1015 1691 perdito,
1056 1620 1151 1690 qui
1188 1618 1555 1672 Antichristus
1588 1615 1806 1679 dicitur,

225 1716 395 1772 locum
440 1716 592 1771 novit
638 1723 855 1783 aptum,
894 1714 1041 1767 unde
1078 1712 1236 1766 radix
1273 1710 1515 1764 omnium
1546 1708 1809 1764 malorum

1899 501 1973 557 M
1988 501 2030 572 ).
2063 500 2224 571 529
2252 498 2314 571 [ο
2346 496 2452 554 Sed
2483 504 2539 553 et
2566 494 2848 550 mendacia
2884 500 3065 559 erunt,
3104 500 3159 548 et
3200 508 3232 548 a
3260 492 3493 547 veritate

1900 598 2076 654 aliena
2104 614 2117 651 :
2150 596 2277 665 quia
2305 610 2403 664 per
2434 593 2700 663 magicam
2729 599 2906 645 artem
2943 598 2994 644 et
3028 587 3367 658 phantasiam
3395 584 3491 641 de-

1901 691 2052 747 ludet
2078 689 2359 754 homines,
2388 689 2529 743 sicut
2553 696 2609 741 et
2648 682 2836 739 Simon
2875 682 3062 753 Magus
3102 679 3268 739 illusit
3306 678 3486 743 illum,

1902 783 1994 852 qui
2024 789 2221 852 putans
2249 780 2496 837 occidere
2533 794 2690 843 eum,
2726 777 2951 832 arietem
2988 776 3187 831 occidit
3216 788 3314 846 pro
3351 788 3436 828 eo.
3468 770 3495 847 ]

1902 873 2039 930 Cum
2065 872 2210 928 enim
2236 880 2385 926 tanta
2415 879 2469 925 et
2498 871 2626 925 talia
2656 870 2810 941 signa
2841 869 3073 923 viderint
3102 867 3266 922 etiam
3295 865 3371 921 illi
3400 865 3494 935 qui

1902 962 2131 1037 perfecti
2169 970 2225 1019 et
2259 962 2418 1018 electi
2453 962 2553 1019 Dei
2597 973 2755 1027 sunt,
2802 960 3127 1015 dubitabunt
3164 966 3346 1014 utrum
3380 959 3503 1029 ipse
3562 964 3563 967 “

1906 1034 1978 1117 sit
2000 1059 2281 1123 Christus,
2310 1056 2401 1126 qui
2434 1055 2489 1109 in
2518 1055 2625 1110 ﬁne
2653 1055 2835 1110 mundi
2866 1054 3160 1109 secundum
3189 1052 3497 1123 Scripturas

1904 1161 2169 1209 venantis
2203 1157 2317 1215 est,
2358 1164 2429 1202 an
2463 1164 2592 1202 non.
2632 1146 2679 1216 [ί
2730 1147 2858 1203 Huic
2897 1158 3079 1202 autem
3114 1146 3298 1201 omnia
3332 1145 3499 1202 mira-

1909 1245 2032 1305 cula
2085 1242 2336 1299 omnibus
2386 1240 2561 1295 modis
2611 1254 2710 1309 per
2756 1239 3156 1295 incantationes
3198 1237 3495 1294 diabolicas

1908 1338 2051 1395 falsa
2086 1344 2277 1402 erunt,
2312 1334 2693 1403 peccatoribus
2729 1341 2786 1390 et
2826 1332 3122 1389 incredulis
3168 1332 3498 1389 videbuntur

1909 1428 2175 1502 uera.1*
2456 1474 2467 1483 .

1985 1524 2259 1579 Exeitabit
2267 1522 2698 1594 persecutionem
2712 1521 2813 1578 sub
2828 1520 2974 1576 omni
2999 1518 3138 1576 cmlo
3162 1532 3323 1590 super
3340 1518 3500 1575 Chri-

1913 1618 2121 1674 stianos
2167 1625 2224 1672 et
2275 1626 2473 1672 omnes
2506 1616 2726 1672 electos.
2764 1616 2950 1685 Erigat
2975 1614 3156 1685 itaque
3212 1629 3272 1669 se
3310 1621 3501 1669 contra

1914 1710 2103 1767 ﬁdeles
2155 1710 2331 1765 tribus
2365 1708 2559 1773 modis,
2590 1708 2643 1762 id
2688 1715 2793 1773 est,
2824 1717 3051 1773 terrore,
3112 1706 3425 1762 muneribus
3450 1713 3503 1759 et

223 1808 349 1863 oriri
386 1807 611 1867 debeat,
652 1804 863 1859 scilicet
904 1803 1179 1858 civitatem
1221 1800 1565 1872 Babylonia;
1610 1799 1665 1855 in
1706 1800 1809 1853 hac
1836 1792 2216 1860 Imimculis.
2273 1802 2432 1857 Dabit
2484 1800 2828 1857 credentibus
2863 1800 2915 1854 in
2956 1815 3014 1857 se
3042 1801 3162 1854 auri
3204 1808 3367 1869 atque
3414 1812 3503 1850 ωε-

221 1900 361 1954 enim
402 1899 625 1953 civitate
656 1909 703 1960 °,
748 1911 869 1966 qum
912 1895 1183 1965 quondam
1226 1892 1328 1947 fuit
1363 1891 1567 1961 inclyta
1611 1899 1668 1945 et
1705 1890 1818 1960 glo-

221 1990 359 2045 riosa
409 1988 481 2060 [°
508 1989 641 2042 nubs
669 1985 999 2059 gentilium]
1046 1993 1102 2042 et
1149 1991 1313 2054 caput
1360 1980 1611 2055 [totius]
1662 1982 1821 2052 regni»

222 2082 510 2138 Persarum
533 2121 546 2145 ,
578 2080 952 2134 Antichristus
980 2087 1275 2141 nascetur;
1315 2082 1369 2130 et
1412 2075 1466 2129 in
1505 2074 1819 2130 civitatibus

221 2173 506 2232 Bethsaide
541 2181 596 2227 et
622 2171 911 2226 Gosozaim
939 2170 1138 2224 nutriri
1169 2167 1267 2241 [et
1295 2167 1605 2222 conversari
1630 2165 1650 2240 ]
1684 2167 1819 2222 dici-

222 2277 341 2324 tur:
373 2267 571 2336 quibus
600 2264 619 2337 ]
643 2264 1000 2336 civitatibus]
1029 2264 1288 2319 Dominus
1312 2262 1366 2316 in
1394 2262 1687 2332 Evangelia
1716 2262 1819 2316 im-

221 2365 505 2432 properat,
541 2358 728 2413 dicens
754 2374 766 2410 :
802 2355 897 2409 Va:
928 2355 1044 2421 tibi,
1074 2354 1381 2419 Gorozaim,
1402 2370 1478 2408 me
1504 2353 1629 2415 tibi,
1654 2352 1817 2407 Beth-

222 2448 371 2504 s’aida
416 2446 661 2520 (Matth.
708 2462 799 2512 x1,
826 2445 937 2511 21;
971 2444 1102 2501 Luc.
1146 2459 1212 2507 ι,
1266 2443 1397 2517 15)Ῑ
1442 2443 1678 2498 Habebit
1720 2458 1817 2498 au-

224 2549 331 2596 tem
371 2539 742 2595 Antichristus
786 2548 976 2609 magos
1017 2545 1075 2593 et
1114 2535 1320 2593 ariolus
1353 2544 1407 2591 et
1450 2534 1725 2590 maleﬁcos
1760 2542 1819 2591 et

222 2637 593 2693 incantatores
615 2642 671 2689 et
697 2633 913 2688 divinos
931 2671 948 2697 ,
979 2632 1079 2701 qui
1101 2646 1225 2686 eum
1257 2629 1278 2703 [
1302 2629 1516 2685 diabolo
1544 2629 1818 2699 inspiran-

158 2742 159 2747 ‘
222 2728 316 2801 te]
348 2729 588 2783 nutrierit
617 2735 673 2783 et
700 2726 1004 2790 docebunt,
1032 2733 1093 2779 et
1128 2724 1375 2778 imbuerit
1419 2722 1476 2777 in
1518 2720 1667 2776 omni
1710 2719 1817 2775 ini-

223 2822 432 2893 quitate
460 2827 516 2874 et
544 2818 778 2873 falsitate
821 2824 881 2873 et-
915 2816 1127 2871 nefaria
1163 2824 1323 2870 arte:
1357 2822 1416 2870 et
1452 2812 1674 2883 maligni
1706 2810 1817 2882 spi-

220 2914 359 2970 ritus
395 2920 557 2967 erunt
597 2913 762 2966 duces
802 2908 919 2978 ejus
961 2915 1019 2962 et
1058 2906 1197 2963 socii
1237 2920 1453 2975 semper
1491 2912 1549 2960 et
1587 2902 1817 2959 comites

223 3003 397 3079 ](Iod.
433 3000 581 3067 Vat,
606 3009 664 3056 et
685 2997 1131 3069 commilitones]
1168 2997 1404 3053 indivisi.
1443 2996 1648 3053 Deinde
1688 2994 1815 3051 llie-

222 3096 552 3166 rosolymam
581 3093 840 3157 veniens,
868 3106 1062 3147 omnes
1087 3090 1426 3146 Christianos
1468 3102 1607 3158 quos
1645 3088 1713 3142 ad
1756 3100 1821 3142 se

221 3202 329 3243 non
357 3185 557 3256 poterit
585 3192 935 3249 convertere,
975 3196 1073 3253 per
1107 3180 1259 3235 varia
1295 3187 1568 3235 tormenta
1601 3176 1819 3247 jugula-

1920 1897 2075 1968 genti
2122 1894 2304 1963 copias
2344 1893 2395 1967 [ε
2438 1902 2682 1963 tempore
2726 1893 2871 1947 enim
2896 1891 3013 1960 ejus
3043 1907 3232 1947 omnes
3277 1892 3504 1946 abscon-

1920 1990 2023 2046 diti
2078 1989 2325 2044 thesauri
2375 1984 2800 2057 revelabuntur].
2859 1984 3006 2053 Quos
3040 1993 3219 2039 autem
3268 1982 3503 2039 muneri-

1918 2084 2023 2141 bus
2073 2095 2423 2151 corrumpere
2472 2096 2581 2134 non
2626 2078 2866 2149 poterit,
2914 2084 3124 2132 terrore
3191 2074 3500 2145 superabit;

1919 2189 2067 2243 quos
2111 2184 2295 2228 autem
2350 2180 2559 2227 terrore
2606 2184 2714 2224 non
2760 2169 2964 2238 poterit
2992 2166 3276 2240 [vincere],
3338 2165 3511 2237 signis

1918 2278 1977 2324 et
2002 2267 2279 2322 miraculis
2320 2266 2579 2321 seducere
2611 2266 2877 2329 tentabit;
2902 2279 3040 2333 quos
3072 2266 3178 2319 'nec
3202 2263 3371 2333 signis
3411 2277 3510 2331 po-

1920 2360 2051 2414 terit
2087 2356 2355 2431 [illudere]
2410 2357 2468 2411 in
2513 2365 2807 2426 conspectu
2833 2356 3077 2410 omnium
3103 2355 3337 2409 mirabili
3369 2369 3514 2409 mor-

1918 2458 1976 2506 te
2010 2451 2282 2507 cruciatos
2336 2449 2629 2506 crudeliter
2676 2450 2890 2505 necabit
2909 2447 3063 2521 [Cad.
3104 2447 3250 2515 Vat.,
3287 2449 3511 2505 misera—

1916 2543 2015 2599 bili
2086 2551 2267 2599 morte
2301 2542 2591 2611 temptabit
2632 2540 2874 2613 necare].
2913 2540 3064 2596 Tunc
3097 2541 3204 2595 erit
3239 2540 3364 2595 talis
3415 2540 3514 2595 tri-

1915 2638 2142 2705 bulatio,
2202 2638 2381 2709 qualis
2407 2652 2515 2693 non
2546 2637 2650 2691 fuit
2681 2652 2844 2705 super
2898 2643 3102 2692 terram
3140 2652 3204 2691 ex
3246 2643 3509 2704 tempore,

1917 2744 2029 2800 quo
2073 2736 2263 2801 gentes
2306 2744 2428 2785 esse
2468 2736 2751 2799 eruperunt
2778 2742 2951 2798 usque
2992 2729 3059 2783 ad
3088 2726 3220 2782 illud
3269 2735 3507 2797 tempus.

1917 2820 2073 2877 Tune
2122 2823 2219 2893 qui
2255 2821 2311 2875 in
2358 2836 2491 2889 agro
2540 2828 2723 2887 erunt,
2768 2818 2977 2891 fugient
3030 2822 3100 2875 ad
3156 2828 3369 2877 montes
3426 2820 3511 2875 di-

1915 2921 2148 2970 centes:
2198 2914 2376 2969 cadite
2412 2928 2576 2983 super
2629 2928 2756 2978 nos;
2809 2922 2864 2968 et
2914 2912 3165 2977 collibus,
3230 2913 3511 2983 cooperite

1916 3021 2036 3072 nos,
2062 3013 2119 3062 et
2161 3007 2255 3077 qui
2286 3021 2450 3076 supra
2490 3012 2712 3070 tectum,
2748 3018 2859 3059 non
2886 3005 3179 3060 descendet
3201 3006 3256 3059 in
3291 3006 3514 3061 domum

1923 3113 2099 3164 suam,
2162 3098 2395 3154 uttollat
2424 3096 2631 3167 aliquid
2677 3097 2850 3161 abea,
2926 3096 3023 3151 sed
3061 3096 3302 3166 seipsum
3356 3096 3521 3151 dabit

1922 3190 2257 3261 praecipitem
2312 3188 2527 3261 (Matth.
2588 3202 2741 3254 xxxv,
2804 3186 2873 3242 l6
2923 3187 3088 3257 ιαμ).
3134 3186 3289 3244 Tunc
3334 3186 3525 3242 omnis

221 3280 334 3343 bit,
366 3286 421 3333 et
446 3293 602 3334 suam
630 3278 817 3334 sedem
850 3278 903 3332 in
937 3276 1136 3346 templo
1170 3282 1369 3330 sanctor
1388 3272 1625 3345 parabit.
1657 3271 1818 3327 Tem-
1923 3281 2103 3337 ﬁdelis
2129 3280 2491 3344 Christianus,
2553 3281 2646 3350 qui
2671 3282 2923 3335 inventus
2972 3278 3160 3345 fuerit,
3226 3286 3321 3334 aut
3350 3278 3525 3335 Deum

220 3370 371 3440 plum
416 3370 583 3424 etiam
623 3370 995 3433 destructum,
1043 3366 1184 3437 quod
1231 3364 1485 3421 Salomon
1517 3365 1628 3418 Deo
1660 3378 1814 3432 para-

1922 3374 2163 3444 negahit,
2213 3381 2308 3428 aut
2341 3373 2455 3428 sive
2482 3388 2580 3443 per
2623 3371 2853 3438 ferrum,
2907 3372 3021 3428 sive
3048 3388 3148 3443 per
3178 3375 3359 3445 ignem
3404 3371 3519 3429 fer-

220 3461 336 3524 vit,
375 3458 667 3514 aediﬁcabit
690 3498 711 3523 ,
742 3458 887 3513 etin
926 3465 1127 3512 statum
1166 3471 1323 3510 suum
1360 3455 1724 3518 restaurabit,
1763 3461 1819 3508 et
1922 3466 2100 3531 meis,
2150 3466 2265 3520 sim
2300 3481 2396 3536 per
2460 3474 2766 3536 serpentes,
2815 3465 2930 3519 sive
2965 3478 3063 3533 per
3119 3464 3345 3529 bestias,
3404 3464 3520 3519 δίνο

221 3552 585 3613 circumcidet
610 3566 669 3607 se
686 3590 705 3618 ,
730 3558 788 3607 et
807 3550 1008 3605 Filium
1035 3548 1134 3605 Dei
1170 3546 1558 3617 omnipotentis
1598 3561 1658 3601 se
1698 3560 1821 3603 esse

219 3647 541 3706 mentietur.

296 3742 477 3812 Reges
517 3746 698 3794 autem
736 3746 790 3792 et
823 3736 1097 3808 principes
1130 3735 1367 3806 primum
1405 3734 1473 3789 ad
1502 3748 1560 3789 se
1588 3748 1822 3789 conver-

221 3843 339 3900 tet,
371 3842 429 3887 et
455 3832 650 3888 deinde
686 3846 783 3901 per
811 3828 931 3884 illos
969 3836 1196 3882 caeteros
1232 3824 1478 3897 populos.
1519 3823 1661 3879 Loca
1691 3839 1820 3880 vero

218 3943 326 4003 per
355 3941 475 3997 quae
505 3924 767 3980 Dominus
789 3919 950 3976 Jesus
978 3918 1227 3976 Christus
1259 3917 1589 3982 ambulavit,
1621 3924 1677 3971 et
1708 3916 1822 3987 ipse

217 4018 660 4094 perambulavit:
692 4018 786 4072 sed
814 4017 966 4088 prius
994 4014 1239 4070 destruet
1264 4028 1384 4083 qua:
1415 4012 1677 4067 Dominus
1702 4010 1824 4065 illu-

219 4114 441 4172 stravit.
475 4111 677 4167 Deinde
701 4126 800 4181 per
826 4108 1141 4163 universum
1166 4105 1422 4161 mundum
1449 4104 1670 4159 nuntios
1699 4104 1823 4158 mit-

1921 3575 2023 3631 per
2055 3560 2269 3631 aliquid.
2295 3560 2439 3614 aliud
2468 3560 2746 3630 quodlibet
2795 3568 3191 3616 tormentorum
3219 3574 3391 3631 genus
3428 3559 3518 3615 in.

1923 3652 2127 3715 teribit,
2183 3652 2309 3706 siin
2360 3650 2465 3707 ﬁde
2498 3652 2875 3721 permanserit.

1994 3742 2123 3798 Haec
2166 3749 2345 3796 autem
2388 3750 2495 3797 tam
2562 3742 2820 3797 terribilis
2866 3750 2922 3797 et
2948 3742 3186 3799 timenda
3242 3742 3529 3802 tribulatio:

1926 3838 2102 3893 tribus
2144 3837 2303 3891 annis
2328 3846 2382 3891 et
2418 3837 2644 3892 dimidio
2668 3838 2907 3892 manebit
2939 3836 2991 3911 [δ
3025 3839 3079 3893 in
3116 3846 3229 3894 toto
3263 3840 3514 3913 mundo].

1928 3931 2075 3985 Tunc
2095 3930 2536 3985 abbreviabuntur
2553 3931 2669 3985 dies
2686 3942 2899 4004 propter
2917 3932 3108 3989 electos
3123 3931 3336 4005 (Matth.
3363 3950 3517 4003 xxxv,

1925 4023 2050 4095 22);
2125 4024 2233 4078 nisi
2287 4024 2431 4079 enim
2492 4024 2759 4080 Dominus
2810 4024 3185 4084 abbreviasset
3236 4027 3375 4095 dies,
3423 4030 3516 4085 vix

1925 4115 2077 4170 salva
2118 4124 2271 4170 esset
2316 4113 2475 4188 [ϐοά.
2537 4114 2675 4182 Vat.,
2716 4132 2825 4173 non
2882 4117 3073 4174 luisset
3112 4120 3283 4195 salva]
3338 4124 3518 4179 omnis

221 4214 308 4263 tet
345 4215 402 4262 et
433 4204 822 4276 praedicatores
856 4217 1003 4258 suos.
1037 4200 1359 4255 Praedicatio
1393 4206 1574 4253 autem
1612 4195 1733 4266 ejus
1769 4205 1831 4252 et
1924 4221 2072 4262 eam.
2133 4207 2368 4278 tempus
2396 4210 2686 4279 siquidem,
2737 4213 2957 4281 φιεηαο
3005 4213 3379 4272 Αηιίοιηιίειυε
3416 4231 3513 4273 γε..

160 4354 165 4383 Α
219 4308 470 4371 potestas
504 4296 708 4354 tenebit
732 4311 763 4349 a
791 4294 931 4351 mari
962 4308 1133 4383 usque
1174 4294 1242 4348 ad
1283 4308 1465 4356 mare,
1497 4293 1566 4348 ab
1609 4293 1823 4348 oriente
1927 4302 2089 4367 net-it,
2114 4301 2203 4356 vel
2222 4303 2439 4372 quando
2460 4303 2576 4359 dies
2599 4302 3077 4376 judiciiappnrere
3098 4311 3347 4382 coeperit,
3372 4311 3516 4368 Pau-

218 4408 401 4463 usque
430 4390 499 4462 [ἀ
532 4389 600 4443 ad
637 4388 975 4443 occidentem
1018 4381 1095 4443 ρι’
1112 4387 1180 4441 ab
1218 4385 1469 4455 aquilone
1505 4385 1699 4457 usque]
1751 4385 1814 4441 ad

1926 4394 2010 4448 lus
2060 4395 2349 4463 apostolus
2387 4396 2441 4450 in
2496 4396 2747 4465 Epistolas
2773 4398 2841 4453 ad
2890 4381 3403 4459 Thessalonicenses
3427 4404 3520 4462 de-

218 4477 898 4580 setitentriomm-_Facist
924 4493 1140 4580 quoque
1167 4478 1323 4580 signa
1361 4477 1530 4580 multa
1567 4486 1623 4580 et
1653 4477 1820 4531 mira-
1849 4518 1907 4580 Dp
1926 4492 2197 4540 monstrat
2222 4486 2443 4542 dicens:
2474 4486 2821 4543 Νίείιυοηετάι
2873 4488 3126 4545 discessio
3170 4494 3423 4564 primum,
3462 4504 3513 4550 et

219 4576 359 4633 cuia
379 4587 570 4643 magna
598 4578 655 4626 et
684 4570 940 4625 inaudita.
975 4568 1158 4625 Faciet
1189 4570 1366 4640 ignem
1397 4570 1463 4624 de
1492 4569 1630 4625 caelo
1659 4570 1822 4624 terri-
1849 4568 1891 4580 ’⁷
1925 4576 2180 4631 revelatus
2206 4575 2367 4647 fuerit
2426 4578 2580 4633 homo
2603 4581 2822 4650 peccati,
2860 4580 3004 4651 ﬁlius
3043 4585 3374 4655 perditionis,
3404 4596 3511 4644 ειο,

217 4669 411 4725 biliter
437 4666 797 4729 descendere,
823 4664 1045 4717 arbores
1072 4661 1249 4718 subito
1276 4663 1468 4718 ﬂorere
1494 4671 1548 4718 et
1575 4676 1821 4718 crescere
1926 4666 2013 4739 (ΙΙ
2052 4667 2232 4725 Thess.
2281 4688 2342 4736 ιι,
2375 4670 2453 4745 5).
2510 4670 2725 4730 Scimus
2783 4684 2965 4733 autem
2998 4678 3256 4748 quoniam
3287 4690 3411 4752 post
3436 4699 3521 4739 re.

223 4756 364 4835 ξιιί.
399 4758 550 4822 cad,
585 4770 835 4811 arescere
857 4753 919 4827 ],.
950 4760 1100 4811 mare
1128 4756 1335 4810 turbari
1374 4762 1430 4810 et
1465 4755 1644 4813 subito
1673 4762 1822 4811 tran—
1924 4777 2089 4830 gnum
2147 4760 2489 4829 Graecorum,
2539 4766 2652 4819 sive
2685 4766 2859 4822 etiam.
2879 4778 3003 4838 post
3047 4787 3272 4844 regnum
3320 4774 3519 4832 Persa-

220 4851 507 4942 quillarizri
530 4858 753 4905 naturas
789 4848 953 4902 etiam
994 4847 1049 4903 in
1087 4846 1320 4942 diversis
1358 4846 1547 4919 ﬁguris
1585 4849 1819 4915 mutari,
1922 4873 2062 4919 mm,
2100 4870 2167 4912 ex
2199 4858 2393 4927 quibus
2426 4858 2846 4931 unumquodque
2888 4876 2988 4920 suo
3038 4872 3279 4937 tempore
3318 4884 3516 4942 magna

223 4959 405 5015 aquas
437 4941 566 5016 [111.
596 4944 714 4996 cod.
737 4981 752 5006 ,
772 4955 1037 5010 aquarum
1066 4939 1294 5013 cursus]
1323 4951 1512 4997 contra
1544 4956 1741 4997 cursus
1765 4948 1827 4997 el:
1924 4950 2093 5022 gloria
2124 4950 2313 5020 viguit,
2343 4959 2398 5004 et
2425 4965 2621 5021 magna
2659 4954 2901 5022 potentia
2928 4953 3126 5022 ﬂoruit,
3176 4960 3240 5014 ad
3264 4939 3516 5018 ultimum

217 5038 480 5094 ordinem
530 5034 814 5099 converti,
863 5049 993 5089 aera
1038 5035 1215 5089 ventis
1262 5036 1821 5106 commotionibusque
1925 5056 2139 5111 quoque
2189 5050 2313 5111 post
2366 5052 2563 5096 camera
2608 5058 2794 5113 regna,
2850 5060 3078 5119 regnum
3138 5047 3512 5108 Romanorum

216 5128 431 5185 multis
450 5126 678 5198 agitari,
704 5132 759 5180 et
781 5134 978 5180 caetera
1003 5141 1217 5196 quoque
1242 5128 1507 5183 mirabilia
1541 5126 1650 5199 [Id.
1678 5128 1820 5193 cod.,

1924 5133 2150 5202 incmpit
2206 5132 2332 5205 [.lIs.
2410 5133 2565 5205 Reg.,
2617 5134 2885 5211 incipiet],
2949 5140 3094 5209 quod
3154 5136 3514 5199 fortissimum

218 5216 683 5290 innumerabilia}
707 5224 763 5273 et
785 5218 1069 5288 stupenda,
1096 5228 1342 5273 mortuos
1372 5219 1579 5274 scilicet
1609 5220 1675 5274 in.
1694 5235 1825 5274 con-
1925 5225 2166 5280 omnium
2209 5241 2498 5297 regnorum
2531 5228 2875 5299 superiorum
2910 5228 3012 5285 ibit
3047 5228 3177 5303 [Μς.
3208 5228 3335 5304 Reg.
3360 5236 3510 5307 erit],

215 5321 426 5385 spectu
451 5311 733 5369 hominum
790 5310 1111 5366 rcsuscitari
1131 5352 1145 5376 ,
1184 5311 1259 5365 ita
1300 5320 1357 5365 ut
1390 5312 1446 5365 in
1479 5327 1706 5366 errorem
1738 5312 1823 5366 in-

301 5511 331 5541 α
369 5498 504 5555 Cod.
552 5499 676 5553 Vat.
703 5516 717 5552 :
748 5498 937 5553 rEcce
982 5496 1210 5553 audistis
1258 5499 1496 5569 qualiter
1541 5503 1820 5561 nascetur,

215 5571 417 5625 audite
446 5572 608 5624 etiam
640 5570 816 5625 locum
845 5571 933 5623 ubi
966 5590 983 5620 ›
1009 5611 1025 5635 ,,
1058 5579 1161 5623 etc.

301 5643 335 5682 ιι
370 5643 503 5697 ϐοός
536 5642 657 5695 Vat.
683 5659 696 5694 :
724 5660 749 5691 ι
774 5642 830 5695 in
858 5641 1075 5695 civitate
1100 5642 1391 5713 Babylonia
1417 5658 1431 5708 ;
1459 5640 1514 5698 in
1541 5642 1645 5698 hac
1673 5640 1822 5697 vide-

214 5714 361 5770 lieet
387 5714 626 5767 civitate.
654 5730 675 5764 ι

304 5797 331 5824 ο
373 5783 575 5840 Addita
600 5796 668 5838 ex
698 5782 818 5839 cod.
850 5782 975 5839 Vat.

1926 5326 1989 5377 et,
2021 5317 2204 5373 omnia
2232 5333 2398 5389 regna
2456 5320 2557 5376 sub
2580 5319 2951 5377 dominatione
3002 5337 3099 5377 sua
3157 5321 3347 5380 habuit
3393 5325 3510 5397 [Ιά.

2001 5498 2029 5540 ἀ
2064 5500 2141 5555 Ex
2173 5500 2290 5554 cod.
2323 5501 2446 5554 Vat.

2008 5583 2031 5610 θ
2057 5572 2217 5625 [locis
2240 5572 2444 5625 inclusa
2465 5572 2643 5626 omitt.
2678 5572 2733 5625 in
2763 5572 2882 5626 cod.
2918 5573 3041 5629 Vat.

2011 5642 2030 5681 ί
2064 5644 2139 5695 Ex
2172 5644 2288 5696 cod.
2334 5642 2455 5695 Vat.

2005 5714 2247 5768 8Omiss.
2284 5714 2339 5766 in
2360 5714 2480 5767 cod.
2515 5714 2637 5768 Vat.

2001 5785 2035 5827 ιι·
2053 5784 2133 5840 Ex
2154 5784 2272 5840 cod.
2299 5784 2421 5839 Vat.
