4032 6354
483 282 624 343 ηυδ
1313 286 1374 340 Β.
1416 285 1477 339 F.
1519 280 1745 339 ALBINI
1784 280 1916 340 SEU
1954 282 2043 338 AL

2154 279 2231 337 [Νι
2268 278 2556 339 OPERUM
2595 278 2776 337 PARS
2814 278 2907 336 IX.
3633 283 3781 341 1296

480 409 623 473 cod.,
656 404 901 479 habebit]
928 422 942 461 ι
975 419 1164 462 omnes
1220 418 1433 474 quoque
1458 403 1777 473 populorum
1818 388 2068 456 nationes
2095 407 2145 465 Α
2171 399 2400 471 bylonize
2443 410 2622 466 natus,
2682 398 3020 455 Hierusalem
3068 397 3294 455 veniens
3323 397 3693 458 circumcidet
3720 420 3782 461 se

475 503 666 559 Roma:
709 497 1087 569 subjacebant,
1118 507 1174 553 et
1202 497 1510 552 serviebant
1548 498 1595 551 ei
1618 495 1729 568 [ld.
1779 494 1920 557 cod.,
1963 494 2070 547 Ro-
2173 492 2359 547 dicens
2380 492 2581 549 ludatis
2611 511 2623 547 :
2654 494 2765 563 Ego
2793 508 2914 547 sum
2963 491 3214 548 Christus
3270 493 3424 548 vobis
3468 496 3779 564 repromis—
3852 556 3857 563 ί

472 594 654 650 manis
705 591 1063 660 subjacebuut
1089 598 1142 643 et
1171 588 1411 641 servient
1434 585 1537 658 eis]
1567 586 1668 641 sub
1692 584 1913 640 tributo.
1940 585 2070 639 Inde
2171 598 2286 643 sus.
2330 586 2424 655 qui
2456 586 2524 640 ad
2558 585 2791 641 salutem
2822 595 3061 642 vestram
3105 582 3255 651 veni,
3282 591 3344 639 ut
3389 600 3508 650 vos,
3558 588 3656 655 qui
3698 589 3779 644 di-

408 756 409 759 η
467 702 606 759 ergo
658 688 803 741 dicit»
840 684 1149 756 Apostolus,
1183 682 1583 737 Antichristum
1632 696 1740 736 non
1797 688 1958 732 antea
2012 676 2067 729 in
2169 676 2342 744 spersi
2382 677 2536 741 estis,
2565 690 2888 747 congregem
2915 684 2972 731 et
2995 674 3303 730 defendam.
3350 676 3508 732 Tunc
3544 677 3617 731 ad
3646 693 3775 734 eum

472 781 736 837 mundum
766 794 890 833 esse
932 785 1239 841 venturum,
1283 775 1383 828 nisi
1429 772 1624 827 venerit
1675 770 1921 824 discessio
1959 768 2071 838 pri-
2168 778 2487 822 concurrent
2522 766 2570 839 [τι
2619 782 2810 822 omnes
2848 764 3067 839 Judaei],
3115 774 3174 821 et
3198 766 3583 823 existimantes
3612 768 3779 825 ειεηὲ

474 891 640 937 mum,
680 872 869 935 idest,
923 869 1028 923 nisi
1052 868 1232 923 omnia
1260 882 1423 937 regna
1448 864 1633 919 mundi
1668 859 2066 918 discesserinta
2168 855 2347 925 cipere
2386 857 2684 925 Christum,
2731 858 2994 928 recipient
3042 856 3315 913 diabolum
3362 869 3412 919 ο.
3468 860 3775 918 secundum

470 966 719 1022 Romano
751 964 1001 1033 imperio,
1026 962 1112 1016 cui
1145 961 1297 1030 prius
1331 959 1550 1014 subdita
1613 964 1787 1011 erant.
1826 954 1942 1008 Hoc
1969 967 2067 1006 au-
2168 953 2313 1021 quod
2374 952 2635 1008 Dominus
2662 954 2719 1007 in
2753 951 3049 1023 Evangelio
3089 952 3167 1005 ait
3216 950 3420 1007 Iudaeis
3458 969 3475 1006 :
3506 952 3634 1023 Ego
3662 957 3774 1009 veni

472 1066 582 1111 tem
630 1040 841 1123 tempus
897 1051 1135 1107 nondum
1207 1050 1379 1115 venit,
1430 1049 1557 1119 quia
1612 1047 1740 1103 licet
1784 1046 2064 1101 videamus

469 1149 841 1205 Romanorum
870 1161 1096 1215 regnum
1132 1144 1186 1198 in
1233 1143 1470 1196 maxima
1506 1150 1661 1211 parte
1695 1139 1810 1210 jam
1853 1138 2065 1193 destru-

464 1249 640 1303 ctum,
688 1251 869 1294 tamen
908 1237 1145 1309 quandiu
1174 1252 1327 1308 reges
1352 1236 1688 1289 Francorum
1723 1231 2058 1297 duraverint,

466 1334 563 1403 qui
603 1326 929 1387 Romanum
964 1328 1251 1399 imperium
1298 1337 1488 1383 tenere
1537 1327 1758 1391 debent,
1822 1325 2062 1395 dignitas

464 1423 940 1493 Romaniimperii
982 1438 1049 1476 ex
1105 1429 1217 1475 toto
1242 1436 1349 1474 non
1398 1418 1618 1489 peribit,
1664 1417 1790 1487 quia
1810 1416 1983 1471 stabit
2006 1415 2062 1470 in

466 1518 687 1589 regibus
746 1506 1174 1570 suis.\Tradunt
1228 1526 1462 1581 namque
1508 1511 1759 1567 doctores
1826 1506 2001 1563 nostri
2033 1518 2059 1547 ⁸

467 1611 613 1683 quod
659 1626 799 1663 unus
844 1623 911 1661 ex
951 1608 1165 1677 regibus
1217 1605 1553 1660 Francorum
1603 1604 1906 1657 Romanum
1960 1599 2062 1653 im-

465 1703 678 1775 perium
709 1717 773 1754 ex
804 1701 1014 1771 integro
1050 1699 1275 1764 tenebit,
1315 1697 1405 1766 qui
1451 1697 1506 1751 in
1563 1694 1860 1750 novissimo
1915 1700 2055 1747 tem-

2164 1045 2222 1098 in
2251 1046 2461 1099 nomine
2511 1044 2691 1099 Patris
2722 1046 2845 1109 mei,
2881 1053 2930 1098 et
2956 1060 3062 1099 non
3084 1044 3354 1114 recepistis
3381 1061 3498 1109 me;
3552 1047 3604 1098 si
3633 1056 3771 1102 atras

2164 1138 2363 1191 venerit
2413 1137 2469 1191 in
2511 1138 2718 1191 nomine
2767 1152 2886 1203 suo,
2943 1135 3084 1191 hunc
3137 1137 3401 1207 recipietis
3467 1137 3668 1209 (locu.
3719 1154 3770 1203 v,

2167 1224 2280 1297 ιδ).

2170 1366 2179 1395 ί
2239 1319 2393 1375 Sicut
2436 1320 2488 1375 in
2537 1320 2802 1393 sibyllinis
2852 1321 3102 1378 versibus
3155 1321 3444 1389 habemus,
3516 1331 3771 1396 tempore

2163 1412 2409 1482 praedicti
2455 1414 2619 1484 regis,
2681 1412 2837 1481 cujus
2892 1428 3094 1469 nomen
3137 1414 3244 1473 erit
3272 1414 3333 1470 C.
3363 1429 3463 1469 rex
3487 1414 3769 1473 Romano-

2164 1524 2286 1564 rum
2327 1509 2492 1565 totius
2531 1509 2767 1579 imperii,
2815 1518 3027 1566 statura
3065 1510 3309 1581 grandis,
3341 1520 3572 1581 aspectu
3612 1514 3769 1569 deco-

2164 1617 2277 1668 rus,
2326 1601 2486 1673 530
2524 1603 2677 1657 vultu
2707 1601 3047 1673 splendidus,
3093 1610 3149 1659 et
3191 1618 3288 1674 per
3334 1604 3553 1675 singula
3598 1618 3770 1660 mem-

2160 1694 2382 1749 brorum
2413 1694 2741 1751 lineamenta
2776 1696 3110 1764 compositus
3151 1693 3429 1760 decenter,
3470 1703 3642 1749 erunt
3684 1696 3767 1750 di-

464 1773 599 1867 pore
645 1794 789 1855 erit;
834 1802 887 1844 et
935 1792 1049 1861 ipse
1102 1792 1206 1845 erit
1256 1791 1523 1844 maximus
1571 1788 1814 1843 omnium
1867 1801 2058 1857 regum
2090 1773 2306 1843 Bvitiae
2344 1803 2574 1858 magum,
2634 1795 2689 1842 et
2719 1794 2867 1842 terra
2896 1787 3045 1843 dabit
3084 1785 3323 1842 fructum
3351 1803 3538 1853 suum,
3600 1787 3680 1841 ita
3708 1796 3769 1843 ut

464 1896 520 1941 et
581 1884 824 1947 ultimus,
872 1883 964 1952 qui
1014 1890 1300 1952 poStquam
1344 1895 1570 1951 regnum
1623 1895 1779 1934 suum
1823 1878 2057 1933 ﬁdeliter

460 1976 621 2050 [ϐοά.
659 1975 792 2038 Vat.,
820 1973 1073 2044 feliciter]
1102 1972 1503 2043 gubernaverit,
1554 1972 1621 2025 ad
1644 1971 1893 2025 ultimum
1926 1968 2055 2024 Hie-

461 2066 789 2138 rosolymam
839 2064 1038 2128 veniet,
1094 2062 1150 2116 ct
1200 2062 1255 2115 in
1306 2070 1491 2116 monte
1537 2061 1730 2117 Oliveti
1781 2068 2054 2131 sceptrum

459 2168 516 2213 et
559 2173 817 2214 coronam
878 2170 1031 2211 suam
1085 2155 1337 2224 deponet.
1376 2154 1475 2209 Hic
1524 2155 1630 2208 erit
1670 2153 1793 2208 ﬁnis
1831 2161 1888 2207 et
1918 2168 2050 2208 con-

457 2248 753 2303 summatio
811 2246 1182 2299 Romanorum
1226 2252 1280 2298 et
1330 2243 1762 2299 Christianorum
1814 2243 2047 2323 imperii,

456 2342 756 2395 secundum
790 2339 1100 2407 prtedictam
1154 2335 1395 2406 Apostoli
1420 2338 1742 2391 sententiam
1769 2322 2049 2390 Antichri-

457 2442 605 2489 stum
654 2435 840 2488 dicunt
891 2448 1015 2486 mox
1065 2430 1397 2495 adfuturum,
1453 2439 1507 2484 et
1553 2437 1683 2484 tunc
1738 2428 2052 2483 revelabitur

460 2525 549 2580 ille
612 2527 767 2580 homo
795 2526 1016 2595 peccati,
1070 2524 1438 2578 Antichristus
1486 2523 1761 2588 videlicet,
1807 2523 1899 2592 qui
1924 2522 2051 2577 licet

457 2619 622 2673 homo
647 2618 743 2685 sit,
798 2616 918 2671 fons
970 2624 1151 2670 tamen
1183 2617 1293 2670 erit
1353 2616 1595 2669 omnium
1650 2624 2043 2685 peccatorum:

456 2720 512 2766 et
538 2711 680 2781 ﬁlius
734 2710 1061 2781 perditionis,
1118 2710 1223 2765 hoc
1280 2720 1385 2775 cst,
1442 2710 1586 2764 ﬁlius
1629 2710 1828 2764 diaboli
1858 2708 1909 2781 [δ
1942 2726 2050 2764 non

453 2820 551 2876 per
585 2813 853 2867 naturam,
896 2805 990 2859 sed
1030 2819 1130 2874 per
1158 2803 1560 2875 imitationem].
1589 2804 1714 2873 quia
1742 2817 1840 2872 per
1865 2803 2052 2856 omnia

456 2898 769 2968 adimplebit
803 2897 1001 2952 diaboli
1038 2898 1406 2962 voluntatem;
1469 2897 1594 2965 quia
1627 2896 1909 2965 plenitudo
1936 2896 2051 2950 dia-

455 2989 642 3045 bolicae
690 2988 977 3058 potestatis
1035 2996 1092 3043 et
1136 2989 1300 3043 totius
1356 2987 1615 3041 malitiosi
1657 2987 1859 3056 ingenii
1897 2987 1951 3040 in
1983 3001 2049 3040 eo

455 3082 725 3137 habitabit
780 3080 887 3152 [AL
952 3081 1078 3134 add.
1138 3078 1565 3151 corporaliter]:
1605 3080 1660 3133 in
1724 3094 1834 3147 quo
1885 3084 2048 3132 erunt

452 3187 644 3228 omnes
699 3173 941 3226 thesauri
984 3171 1206 3226 malitia:
1247 3179 1301 3227 et
1350 3172 1649 3239 iniquitatis
1713 3169 2037 3226 absconditi.

455 3264 561 3332 Qui
617 3266 944 3329 adversatur,
994 3265 1045 3317 id
1076 3272 1178 3329 est,
1235 3265 1543 3318 contrarius
1570 3273 1654 3318 est
1679 3262 1899 3319 Christo
1931 3263 2043 3318 Deo

452 3366 511 3412 et
543 3356 793 3411 omnibus
829 3355 1086 3409 membris
1120 3355 1254 3424 ejus.
1282 3354 1352 3408 Et
1392 3355 1681 3418 extollitur,
1704 3354 1760 3409 id
1797 3363 1903 3421 est,
1930 3356 2041 3410 eri-

452 3448 673 3520 giturin
717 3448 1043 3518 superbiam,
1071 3465 1233 3518 supra
1259 3465 1410 3502 omne
1448 3447 1587 3518 quod
1637 3448 1833 3501 dicitur
1879 3447 2038 3513 Deus,

452 3540 614 3595 idest
644 3538 689 3611 [ε
748 3554 909 3609 supra
948 3554 1137 3595 onmes
1171 3550 1410 3603 sanctos,
1439 3540 1530 3609 qui
1565 3540 1866 3594 secundum
1888 3538 2043 3593 Psal-

452 3633 674 3686 mistam
710 3632 784 3685 dii
836 3632 1140 3685 dicuntur:
1193 3632 1307 3702 Ego
1338 3632 1475 3697 dixi,
1532 3633 1609 3686 dii
1662 3634 1785 3686 estis
1862 3632 2036 3702 (Psal.

450 3740 638 3789 cxxxr,
662 3723 737 3797 6).
787 3725 904 3797 Vel]
937 3742 1101 3795 supra
1142 3742 1330 3781 omnes
1361 3728 1491 3781 deos
1537 3727 1797 3797 gentium,
1837 3727 2042 3783 Hercu-

452 3817 556 3873 lem
598 3818 867 3880 videlicet.
920 3818 1247 3889 Apollinem,
1280 3818 1492 3884 Jovem,
1525 3820 1875 3886 Mercurium,
1904 3837 2040 3891 quos

448 3911 645 3981 pagani
694 3911 822 3965 deos
875 3926 995 3965 esse
1041 3911 1374 3965 existimant.
1430 3910 1607 3980 Super
1660 3927 1850 3966 omnes
1907 3914 2042 3967 istos

452 4000 584 4053 deos
600 3999 892 4055 extolletur
919 3999 1310 4065 Antichristus,
1341 4000 1467 4070 quia
1502 4000 1763 4070 majorem
1777 4001 2041 4056 etfortio-

450 4109 563 4148 rem
582 4107 641 4147 se
663 4092 914 4147 omnibus
941 4092 1103 4146 faciet
1131 4112 1143 4145 :
1174 4100 1231 4147 et
1262 4107 1367 4147 non
1404 4092 1578 4147 solum
1609 4108 1773 4163 super
1796 4093 1917 4159 hos,
1943 4095 2039 4150 sed

449 4184 613 4237 etiam
636 4200 797 4254 supra
824 4178 974 4237 omne
1004 4183 1143 4254 quod
1161 4182 1371 4247 colitur,
1392 4184 1443 4238 id
1470 4191 1573 4249 est,
1605 4200 1769 4254 supra
1791 4193 2039 4240 sanctam

451 4276 797 4340 Trinitatem,
846 4292 965 4345 quae
1013 4275 1126 4331 sola
1180 4274 1401 4330 colenda
1435 4283 1491 4329 et
1521 4275 1797 4331 adoranda
1829 4284 1936 4341 est,
1980 4284 2040 4330 ut

451 4367 677 4423 Creator
718 4371 786 4425 ab
827 4370 994 4424 omni
1043 4376 1293 4423 creatura
1347 4384 1464 4423 sua.
1504 4370 1581 4422 lta
1619 4384 1677 4423 se
1705 4369 1952 4435 extollet,
1980 4379 2036 4424 ut

2158 1882 2326 1937 tritici
2361 1883 2576 1937 modius
2600 1883 2824 1937 denario
2853 1897 2960 1936 uno
2999 1880 3364 1945 venundetur,
3416 1880 3535 1935 viui
3572 1890 3633 1936 et
3659 1881 3761 1937 olei

2156 1975 2422 2030 similiter.
2476 1974 2630 2030 Tunc
2660 1981 2957 2045 exsurgent
2986 1973 3055 2029 ah
3099 1972 3369 2044 Aquilone
3393 1973 3766 2043 spurcissima

2153 2074 2360 2137 gentes,
2414 2081 2551 2137 quas
2576 2065 2885 2121 Alexander
2911 2081 3007 2121 rex
3033 2064 3255 2119 inclusit
3278 2066 3334 2119 iu
3364 2063 3523 2120 Goch
3546 2075 3605 2120 et
3651 2065 3762 2120 Ma-

2153 2159 2310 2229 goch.
2363 2156 2490 2213 Haec
2513 2165 2641 2214 sunt
2669 2158 2861 2229 viginti
2918 2158 3024 2214 duo
3064 2157 3195 2230 [Με.
3238 2156 3399 2227 Reg.,
3445 2156 3760 2230 duodecim]

2153 2263 2342 2319 regna,
2389 2262 2622 2317 quorum
2670 2262 2929 2303 numerus
2989 2256 3074 2303 est
3135 2246 3278 2303 sicut
3329 2262 3507 2302 arena
3570 2250 3756 2304 maris.

2153 2337 2306 2406 Quod
2322 2354 2446 2394 cum
2471 2339 2707 2395 audierit
2728 2339 3103 2395 Romanorum
3132 2354 3252 2405 rex,
3277 2348 3589 2396 convocato
3604 2357 3759 2397 exer-

2152 2437 2265 2486 citu
2333 2431 2627 2487 debellabit
2695 2448 2814 2496 eos,
2862 2439 2918 2487 et
2971 2441 3282 2503 prosternet
3326 2449 3424 2489 eos
3466 2450 3650 2505 usque
3696 2435 3761 2491 ad

2153 2523 2604 2579 internecionem.
2641 2523 2744 2581 Hic
2764 2539 2983 2595 semper
3011 2525 3239 2581 habebit
3263 2541 3377 2595 pra!
3406 2527 3587 2583 oculis
3612 2527 3759 2584 Scri-

2150 2625 2367 2685 pturam
2414 2616 2486 2671 ita
2528 2618 2797 2673 dicentem
2830 2635 2846 2672 :
2879 2618 2996 2672 Rex
3041 2618 3413 2674 Romanorum
3447 2636 3618 2677 omne
3660 2622 3759 2678 sibi

2151 2707 2394 2762 vindicet
2429 2724 2657 2779 regnum
2690 2717 2985 2764 terrarum.
3032 2711 3234 2767 Omnes
3286 2726 3421 2782 ergo
3473 2712 3763 2770 insuisset

2153 2800 2404 2857 civitates
2453 2802 2773 2869 devastabit,
2825 2811 2883 2858 et
2918 2803 3170 2859 universa
3224 2804 3495 2861 idolorum
3554 2808 3755 2877 templa

2154 2894 2414 2957 destruet,
2460 2905 2516 2950 et
2537 2912 2729 2952 omnes
2752 2912 2996 2968 paganos
3024 2899 3093 2952 ad
3122 2897 3455 2968 baptismum
3480 2916 3751 2957 convoca-

2152 2988 2255 3053 hit,
2310 2997 2364 3043 et
2384 3002 2485 3059 per
2539 2990 2722 3044 omnia
2779 2990 2980 3060 templa
3028 3006 3162 3046 crux
3208 2990 3414 3046 Christi
3465 2993 3753 3064 erigetur:

2151 3079 2321 3136 Judzei
2375 3083 2540 3137 etiam
2586 3091 2713 3137 tunc
2747 3091 3138 3139 convertentur
3188 3083 3256 3139 ad
3306 3084 3625 3142 Dominum.
3688 3087 3754 3141 In

2151 3171 2335 3226 diebus
2371 3172 2476 3227 illis
2508 3174 2799 3228 salvabitur
2839 3174 3011 3240 Juda,
3044 3184 3095 3230 et
3134 3176 3305 3253 Israel
3335 3179 3601 3233 habitabit
3621 3197 3744 3234 con-

2148 3260 2374 3330 fidenter
2432 3261 2649 3335 (Jerem.
2713 3281 2875 3330 xxnr,
2920 3265 3032 3337 16).
3090 3264 3333 3335 Impletis
3389 3278 3577 3323 autem
3626 3285 3753 3324 cen-

2150 3366 2265 3411 tum
2322 3356 2605 3412 duodecim
2656 3356 2782 3429 [Ms.
2822 3357 2979 3430 Reg.,
3018 3358 3327 3424 duodecim,
3361 3378 3473 3414 om.
3503 3359 3749 3433 centum]

2149 3448 2301 3516 regni
2331 3447 2450 3517 ejus
2471 3448 2629 3504 annis
2652 3450 2833 3504 veniet
2864 3449 3202 3506 Hierusalem
3244 3460 3300 3506 et
3323 3451 3421 3516 ibi,
3449 3460 3512 3507 ut
3543 3453 3751 3508 dictum

2149 3547 2252 3602 est,
2284 3538 2531 3607 deposito
2562 3539 2865 3595 diademate
2888 3539 3162 3610 relinquet
3189 3542 3299 3595 Deo
3339 3540 3493 3597 Patri
3510 3552 3569 3597 et
3610 3542 3755 3599 Filio

2148 3628 2265 3696 ejus
2294 3628 2514 3683 Christo
2570 3630 2697 3685 Jesu
2751 3645 2978 3701 regnum
3027 3630 3489 3697 Christianorum,
3524 3643 3583 3689 et
3634 3635 3741 3690 erit

2148 3719 2455 3789 sepulcrum
2477 3721 2595 3791 ejus
2620 3722 2936 3791 gloriosum.

2220 3832 2370 3888 Tunc
2398 3835 2683 3889 mittentur
2716 3836 2770 3890 in
2794 3832 3060 3891 mundum
3081 3837 3187 3894 duo
3215 3838 3395 3909 magni
3439 3840 3745 3909 prophetae,

2146 3925 2292 3981 Elias
2316 3934 2372 3981 et
2407 3926 2612 3991 Enoch,
2648 3928 2737 3996 qui
2762 3936 2948 3983 contra
2975 3930 3239 3999 impetum
3261 3930 3588 3987 Antichristi
3616 3934 3747 3989 ﬁde-

2140 4012 2223 4073 les
2254 4018 2449 4072 divinis
2484 4019 2651 4074 armis
2681 4021 3063 4089 praemunient,
3110 4031 3166 4078 et
3222 4023 3500 4080 instruent
3523 4042 3641 4089 eos,
3689 4038 3747 4081 et

2145 4106 2548 4173 confortabunt,
2576 4118 2630 4165 et
2661 4112 3040 4180 praeparabunt
3066 4110 3117 4187 [ί
3158 4114 3383 4187 electos]
3408 4116 3479 4169 ad
3517 4118 3737 4173 bellum.

2150 4203 2175 4241 8
2205 4201 2356 4255 Tunc
2408 4201 2720 4271 implebitur
2760 4202 3042 4274 Scriptura
3096 4222 3219 4277 quae
3255 4208 3389 4264 dicit
3418 4232 3434 4263 ;
3463 4208 3528 4264 Si
3583 4212 3742 4280 fuerit

2145 4307 2391 4346 numerus
2422 4290 2657 4360 ﬁliorum
2686 4292 2858 4349 Israel
2891 4296 3031 4351 sicut
3065 4315 3228 4353 arena
3276 4302 3466 4367 maris,
3506 4303 3743 4373 reliquie

2142 4383 2303 4437 salute
2324 4383 2451 4451 ﬁent
2491 4382 2668 4454 (Rom.
2704 4401 2779 4450 ιχ,
2841 4386 2955 4458 27).

398 4466 403 4467 ί
450 4452 503 4515 ill
558 4461 744 4552 ιεηιρζο
793 4461 887 4514 Dei
947 4460 1145 4522 δεάεαιν
1195 4460 1470 4552 “inde”
1516 4477 1593 4552 δβι
1650 4469 1905 4532 umquam
1965 4461 2034 4516 δίε
2067 4488 2115 4546 ι)
2214 4452 2508 4542 Postquam
2530 4490 2661 4529 vero
2693 4452 3033 4547 impleverim
3071 4482 3516 4552 praedicationem
3559 4501 3737 4549 suam,

455 4554 612 4607 Deus.
670 4551 805 4605 Nam
841 4552 980 4604 sicut
1034 4566 1197 4621 supra
1228 4550 1483 4617 diximus,
1547 4551 1604 4605 in
1658 4552 1878 4606 civitate
1937 4553 2039 4606 Ba-

526 4699 551 4726 ι
593 4684 747 4740 Hanc
796 4686 1136 4758 pmphetiam
1182 4684 1446 4758 famosam
1505 4687 1724 4758 quidem
1774 4698 1829 4744 at
1880 4692 2039 4748 simul

451 4758 738 4825 insipidam
778 4757 1021 4810 vocatD.
1071 4758 1250 4811 Rivet.
1282 4757 1420 4811 Hist.
1471 4758 1553 4813 lit.
1603 4759 1869 4827 Franciaa,
1903 4773 2033 4821 tom.

450 4828 536 4891 Vl,
586 4843 707 4902 pag.
762 4827 979 4902 480,
1032 4828 1081 4883 le
1132 4827 1288 4902 Beuf,
1347 4827 1560 4902 Rccueil
1604 4831 1669 4885 de
1698 4833 1802 4886 div.
1855 4837 2033 4902 e’crits,

451 4909 581 4954 tom.
636 4898 699 4975 ll,
731 4915 871 4975 pag.
898 4898 991 4975 il,
1023 4908 1159 4964 not.,
1191 4899 1477 4975 observat,
1507 4901 1653 4975 illam
1679 4904 1941 4975 Διιοιι-Ιεξεί
1978 4898 2031 4962 in

2142 4569 2385 4635 insurget
2417 4566 2785 4624 Antichristus
2814 4568 2869 4624 in
2903 4584 3019 4635 eos,
3068 4578 3127 4626 et
3170 4573 3465 4629 interﬁciet
3494 4575 3546 4641 ι,
3600 4577 3741 4633 sicut

2142 4701 2380 4757 christus
2428 4701 2636 4781 veniat,
2671 4709 2727 4781 et
2786 4711 2957 4759 totum
2998 4704 3161 4781 simul
3213 4707 3515 4781 humanum
3561 4725 3738 4781 genus

2142 4787 2240 4845 suo
2294 4788 2483 4829 errore
2524 4774 2754 4843 decipiat
2796 4784 2853 4829 et
2888 4777 3101 4844 perdat,
3131 4786 3257 4831 ante
3307 4777 3424 4845 ejus
3482 4774 3735 4836 enirtum

2141 4842 2448 4916 duoimagni
2480 4842 2760 4916 propheta:
2782 4842 3066 4916 mittentur
3096 4848 3148 4903 in
3172 4842 3454 4914 mundum,
3488 4870 3509 4902 ι
3545 4851 3735 4906 Enoch

2137 4924 2193 4967 et
2236 4915 2422 4993 Elias,_
2448 4914 2618 4993 etc.,_
2642 4924 2702 4969 ut
2747 4914 2911 4983 infra,
2954 4919 3173 4975 omissis
3191 4934 3313 4989 quae
3348 4937 3417 4976 ex
3459 4920 3734 4993 sibyllinis

449 4970 743 5053 exemplari
795 4971 937 5039 quod
988 4980 1239 5025 servatur
1288 4971 1343 5025 in
1392 4972 1611 5028 abbatia
1673 4972 1730 5029 S.
1791 4970 2029 5033 Victoris

449 5041 690 5096 Parisiis.

524 5113 550 5151 δ
603 5112 791 5185 Omitt.
824 5113 877 5166 in
896 5118 1036 5185 Aug:

519 5193 544 5222 ο
585 5183 755 5239 Omitt
783 5186 837 5239 in
864 5183 1137 5241 codIVat.

519 5253 546 5292 ἀ
584 5255 659 5327 [Ix
692 5258 812 5311 cod.
848 5256 980 5326 ch.
1012 5264 1069 5311 et
1084 5256 1219 5327 Aug.

2131 4985 2380 5041 versibus
2409 4987 2498 5041 hic
2542 4985 2860 5041 afferuntur.

2208 5054 2227 5093 τ
2272 5056 2347 5111 Ex
2375 5056 2507 5112 Cod.
2565 5056 2682 5113 Vat.

2206 5127 2231 5166 ε
2262 5126 2317 5181 In
2371 5129 2489 5182 cod.
2518 5129 2640 5184 Vat.
2664 5134 2720 5181 et
2746 5126 2883 5199 Aug.
2940 5129 3056 5187 haec
3076 5132 3391 5188 inseruntur
3418 5147 3435 5188 :
3467 5153 3487 5185 ι
3521 5134 3737 5192 Docen-

2132 5206 2213 5252 tes
2262 5205 2315 5252 et
2338 5200 2702 5323 praedicantes
2756 5199 2931 5283 tribus
2986 5203 3144 5257 annis
3188 5212 3243 5257 et
3279 5202 3542 5268 dimidio;
3591 5207 3733 5262 ﬁlios

2132 5276 2311 5323 autem
2363 5270 2525 5323 srael.
2566 5285 2877 5323 uuicnnuue
2902 5288 2958 5323 in
2986 5280 3226 5323 tempore
3252 5273 3455 5323 fuerint
3496 5278 3725 5323 inventi-

703 5270 812 5339 gon.
843 5270 1069 5342 tulit-ient
1084 5270 1242 5342 Aug;
1386 5328 1400 5342 .
1461 5329 1505 5342 ﬁ
1545 5335 1557 5342 Δ
1649 5337 1659 5342 Δ
1808 5331 1824 5342 _
1856 5329 1894 5342 _
1936 5331 1953 5342 _
2132 5276 2311 5342 autem
2338 5270 2525 5333 Israel,
2554 5271 2877 5342 quicunque
2902 5272 2958 5326 in
2986 5280 3226 5342 tempore
3250 5273 3455 5330 fuerint
3496 5278 3729 5339 inventi,

522 5335 574 5418 ζ
588 5324 1421 5418 ῧξείξίέζτὲ,ἔὲἓὲθοίαέτξςἿῐι.9ρέ-
1437 5329 2032 5418 ,ῖτέεο,τεξ.³υξ¹.ἀ.¹ἶθιξε·
2132 5337 2189 5418 hi
2229 5339 2335 5391 duo
2388 5324 2563 5408 magri
2584 5324 2600 5339 ³
2620 5324 3003 5411 prophetiae
3016 5324 3302 5399 ’ἆέἷοὶὸῶ
3320 5324 3549 5418 mide?
3566 5324 3575 5329 ⁷
3592 5324 3729 5418 7635

449 5398 965 5480 ιιιιιηιὶῑτιρριςςιιυι·
990 5418 1014 5480 ε.
1040 5417 1061 5480 ι
1093 5398 1219 5480 Sive
1244 5400 1409 5480 etiam
1436 5400 1487 5452 in
1511 5398 1731 5480 templo
1757 5402 1849 5480 Dei
1874 5403 2027 5457 sede-
2132 5409 2264 5462 tiam
2317 5398 2652 5475 convertent’,
2702 5398 2757 5466 et
2803 5427 2833 5465 a
2896 5427 3152 5480 pressura
3180 5398 3725 5473 tanti—turbinisri—u

447 5468 542 5559 bit.
578 5467 1229 5559 ritiliflrri‘stusgd.hest;
1272 5470 1349 5559 in]
1364 5467 1857 5559 sanct‘aulicclesia,
1882 5488 2029 5559 ‘om-
2129 5487 2285 5559 parte
2308 5479 2604 5559 electorum
2631 5467 3020 5553 insuperabiles
3051 5467 3724 5559 reddentis—Tunc

448 5494 527 5519 υιι
578 5494 1055 5550 tllll.L'll'l'lbl!.15,lll
1119 5494 1219 5527 cst,
1273 5494 1324 5523 ιιι
1368 5494 1553 5525 sanun
1598 5494 1857 5536 nccrcsut,
1911 5494 2029 5527 0111-
2167 5494 2285 5533 arte
2308 5494 2604 5535 electorum
2631 5498 2839 5553 insuper

448 5552 546 5621 nes
582 5539 1170 5621 Christianoscupiens
1205 5540 1384 5621 facere
1414 5551 1711 5621 martyres;
1750 5554 1803 5597 et
1850 5543 2028 5600 eleva—
2129 5494 2584 5621 ﬁitancriptura
2632 5573 2679 5615 ι,
2732 5567 2839 5608 etc.

640 5608 1211 5699 et-‘magniijicitbiltur,
1256 5621 1321 5696 et.
1338 5612 1392 5666 in
1424 5613 1539 5699 ipso
1559 5608 1673 5699 erit
1700 5623 1862 5681 caput
1915 5631 2027 5670 om-
2148 5619 2398 5699 ..ιι-(ξοδ.
2428 5608 2615 5699 ’νειμ-,ε
2646 5608 2677 5673 ι’
2700 5622 2991 5699 Postquam
3034 5641 3165 5697 ergo
3209 5643 3310 5699 per
3336 5638 3448 5686 tres
3475 5646 3651 5688 annos
3668 5642 3726 5688 et

450 5680 600 5769 nium
638 5680 905 5769 malorpin
936 5682 1200 5769 diabolus,
1233 5680 1458 5769 quiest
1484 5699 1580 5769 rex
1614 5680 1785 5769 super
1836 5699 2025 5769 omnes
2128 5690 2408 5769 dimidium
2437 5680 2875 5769 praedicationem
2901 5711 3056 5769 suam
3074 5680 3457 5769 'Edmﬁiévérii,
3476 5680 3721 5758 $3361

458 5744 591 5800 ﬁlios
648 5750 911 5817 superbire
953 5770 963 5804 :
1002 5753 1094 5805 sed
1134 5744 1198 5805 ne
1229 5744 1407 5807 s'nltito
1447 5763 1509 5823 et.
1537 5744 1826 5821 improvise
1874 5756 2025 5811 Anti-
