4032 6354
1133 225 1175 252 \

987 398 1137 456 OPP.
1182 393 1583 454 SUPPOSITA.
1625 422 1693 432 —
1731 386 2041 445 HOMlLl/E
2083 385 2172 441 IV.
2215 415 2284 425 --
2324 381 2557 441 ΜΟΝΙΤ.

1838 591 2081 648 ascendit
2103 593 2171 646 ad
2194 592 2360 648 cmlos
2387 610 2401 645 ς
2431 591 2574 662 quod
2596 599 2889 662 utrumque
2916 603 3096 663 potest
3121 610 3260 660 esse,
3302 597 3430 665 quia

1839 686 1884 740 si
1935 684 2162 739 lllichael
2186 685 2279 739 Dei
2313 685 2509 739 faciem
2550 683 2821 739 venientis
2869 683 2936 738 ad
2966 684 3231 754 judicium
3291 701 3431 756 prm-

1840 777 2064 831 veniens
2112 791 2237 829 eum
2294 773 2648 842 interfecerit,
2698 791 2804 830 non
2835 791 2953 843 sua,
2997 776 3092 832 sed
3119 775 3218 831 Dei
3257 778 3435 833 virtus

1841 873 1947 927 erit
1974 881 2029 926 et
2051 870 2243 943 jussio.

1914 966 2183 1021 Debemus
2212 964 2378 1018 etiam
2405 964 2719 1018 firmissime
2744 965 2972 1019 credere
2995 966 3140 1035 quod
3175 979 3300 1018 cum
3324 964 3439 1018 An-

1843 1059 2124 1116 tichristus
2151 1057 2364 1112 occisus
2401 1055 2585 1122 fuerit,
2621 1073 2730 1112 non
2775 1057 2827 1130 [ει
2873 1058 3058 1113 statim
3099 1057 3282 1112 veniet
3319 1055 3442 1112 dies

1837 1151 2050 1222 judicii,
2109 1150 2233 1222 nec]
2265 1149 2452 1204 statim
2499 1149 2568 1203 ad
2605 1147 2870 1217 judicium
2919 1149 3182 1212 Dominus
3219 1149 3438 1214 veniet;

1845 1247 1940 1306 sed
1969 1246 2110 1302 sicut
2137 1244 2487 1318 intelligimus
2513 1259 2580 1299 ex
2600 1243 2740 1299 libro
2764 1244 3028 1310 Dauielis,
3075 1244 3442 1314 quadraginta

187 1345 327 1402 ﬁnem
355 1344 593 1412 habebit,
633 1344 897 1399 dicamus.
953 1343 1053 1399 Hic
1078 1357 1316 1413 namque
1350 1339 1743 1404 Antichristus,
1846 1341 1960 1396 dies
2013 1339 2275 1394 Dominus
2296 1338 2591 1393 incantatis
2643 1346 2700 1393 et
2748 1338 3105 1394 caracteratis
3158 1343 3227 1392 ad
3259 1336 3440 1408 pmni-
3505 1363 3512 1369 -

191 1439 359 1496 diaboli
409 1439 572 1506 ﬁlius,
622 1445 677 1493 et
704 1438 872 1493 totius
932 1436 1156 1492 malitiae
1218 1433 1488 1506 pessimus
1525 1430 1742 1495 artifex,
1850 1434 2074 1490 tentiam
2122 1431 2384 1488 concedet
2408 1442 2456 1498 ο,
2509 1439 2797 1502 propterea
2854 1430 2980 1500 quia
3020 1436 3147 1484 sunt
3173 1429 3242 1484 ab
3288 1427 3447 1482 Anti-

187 1548 294 1588 cum
335 1549 426 1604 per
452 1541 564 1588 tres
597 1547 770 1587 annos
799 1539 855 1586 et
893 1530 1179 1586 dimidium
1220 1527 1441 1600 [magna
1491 1539 1747 1594 persecu-
1847 1526 2054 1581 cbristo
2104 1521 2332 1579 seducti.
2375 1519 2670 1589 Postquam
2688 1534 2820 1576 vero
2870 1520 3011 1574 hanc
3060 1518 3447 1588 paenitentiam

187 1623 332 1698 lionel
389 1632 562 1680 totum
595 1623 856 1678 mundum
888 1621 1188 1686 vexaverit.
1245 1627 1302 1674 el
1328 1618 1424 1672 Dei
1484 1615 1746 1687 populum
1847 1619 2201 1690 expleverint,
2236 1624 2501 1687 quantum
2524 1614 2786 1684 temporis
2820 1614 3054 1685 spatium
3103 1620 3292 1682 postea
3323 1611 3448 1677 ﬁat,

181 1716 328 1770 vanis
374 1716 550 1786 pinnis
605 1712 951 1778 cruciaverit,
1009 1720 1066 1766 et
1099 1712 1154 1766 in
1205 1711 1310 1765 fide
1362 1715 1748 1780 permanentes
1847 1711 2096 1783 quamvis
2143 1709 2382 1764 arbitror
2423 1707 2569 1778 quod
2609 1705 2788 1760 nullus
2842 1705 2912 1760 sit
2941 1705 3032 1774 qui
3059 1704 3214 1767 sciat,
3266 1702 3448 1758 sedm

182 1809 418 1880 martyrio
442 1808 801 1872 coronaverit,
855 1807 922 1861 ad
956 1805 1211 1861 ultimum
1245 1803 1431 1859 veniet
1476 1801 1744 1872 judicium
1778 1855 1821 1880 η
1851 1803 2257 1874 dispensatione
2300 1799 2398 1855 Dei
2453 1806 2658 1862 manet,
2719 1795 2811 1866 qui
2853 1795 3119 1866 judicabit
3181 1792 3448 1849 smculum

179 1901 266 1958 Dei
299 1855 452 1972 super
508 1917 655 1967 eum,
693 1855 834 1956 sicut
863 1899 1055 1954 beatus
1077 1896 1278 1952 Paulus
1301 1855 1576 1966 apostolus
1615 1893 1749 1950 scri—
1775 1855 1824 1916 Β
1854 1855 1965 1968 perr
2005 1896 2206 1967 ignem,
2257 1907 2320 1948 ea
2375 1891 2511 1946 hora
2566 1904 2670 1959 qua
2728 1885 2965 1958 praeﬁxit
3021 1900 3140 1940 esse
3186 1885 3448 1955 judican-

176 1996 253 2051 bit
285 1995 501 2050 dicens:
533 1993 700 2060 Quem
753 1991 1012 2047 Dominus
1066 1989 1346 2059 interﬁciet
1396 1988 1588 2060 spiritu
1641 1987 1750 2041 oris
1852 1990 1980 2044 dum
2031 1996 2157 2043 ante
2196 1985 2391 2042 szecula
2455 1983 2500 2037 ί.
2556 1982 2762 2038 Tamen
2819 1979 3154 2051 Augustinus
3198 1979 3256 2033 in
3317 1977 3457 2045 Epi-

175 2087 272 2154 sui,
299 2095 344 2141 et
380 2087 611 2142 destruet
641 2083 995 2139 illustrations
1021 2082 1276 2136 adventus
1300 2081 1382 2135 sui
1433 2077 1520 2150 (II
1562 2077 1747 2133 Thess.
1853 2080 2089 2136 stolam:
2130 2076 2397 2132 Nolumus
2444 2093 2532 2131 vos
2607 2075 2856 2144 ignorare
2926 2072 2990 2126 de
3045 2067 3448 2133 dormientibus,

175 2191 232 2243 n,
281 2177 332 2247 8)
367 2176 394 2216 δ
425 2195 438 2231 :
472 2177 600 2247 quia
631 2183 780 2230 tanta
804 2173 912 2229 erit
942 2171 1238 2228 eminentia
1270 2171 1535 2226 adventus
1571 2168 1753 2238 splen—
1852 2171 2024 2227 multa
2051 2169 2480 2226 luculentissime
2528 2167 2655 2222 inde
2682 2164 2924 2220 declarat
2972 2166 3021 2217 ε.
3057 2163 3125 2234 Et
3184 2162 3453 2232 Hierony-

175 2267 314 2322 doris
344 2265 566 2332 Christi,
621 2273 684 2320 ut
717 2280 830 2336 prae
875 2263 1090 2336 fulgore
1126 2261 1296 2318 divini
1334 2261 1574 2327 luminis,
1627 2276 1750 2315 sor—
1852 2280 1975 2320 mus
2027 2263 2083 2318 in
2135 2261 2473 2333 expositione
2527 2268 2736 2328 septem
2792 2259 3050 2311 tubarum
3103 2257 3172 2310 ad
3228 2253 3456 2310 Evervi-

175 2358 320 2413 dibus
355 2358 559 2413 ventris
608 2372 708 2427 per
758 2369 1048 2411 excessum
1105 2339 1344 2417 ϐὶῦῖεδίεν
1397 2359 1543 2407 ῑοῑιιε
1595 2351 1752 2406 οοῖῐι-
1852 2374 1984 2414 num
2019 2357 2073 2423 ιι,
2102 2357 2195 2410 dat
2246 2353 2402 2409 nobis
2427 2353 2551 2408 inde
2587 2366 2799 2422 magna:
2839 2350 3082 2405 scientia:
3105 2350 3451 2404 documenta.

1931 2452 1949 2491 ί
2000 2449 2164 2512 Ecce,
2219 2449 2416 2502 domna
2443 2445 2652 2517 regina,
2695 2460 2796 2515 ego
2834 2442 3008 2498 ﬁdelis
3058 2452 3262 2506 vester,
3311 2439 3455 2510 quod

1853 2540 2209 2613 prtecepistis,
2243 2538 2478 2594 ﬁdeliter
2508 2537 2757 2607 implevi;
2781 2523 3006 2606 paratus
3027 2536 3091 2591 de
3118 2534 3333 2592 emeris
3356 2532 3457 2593 0b-

1855 2633 2026 2698 edire,
2067 2647 2188 2703 qua:
2244 2630 2457 2686 fueritis
2503 2629 2723 2699 dignata
2755 2629 3046 2698 imperare.

187 612 504 670 testimonium.
522 625 701 674 suum,
738 607 923 673 bestia,
977 622 1094 678 quia
1133 604 1377 660 ascendet
1408 604 1472 656 de
1524 599 1732 669 abysso,

186 707 316 776 faciet
357 701 544 757 bellum
609 700 860 756 adversus
907 698 1050 765 illos,
1099 709 1148 754 et
1186 700 1352 754 uincet
1403 712 1512 760 eos,
1555 703 1603 747 et
1651 709 1738 746 oc-

185 796 316 861 cidet,
358 802 461 850 etc.
489 793 674 864 (Apoc.
731 791 911 863 11,7).
948 791 1053 862 Ipsi
1099 805 1229 846 vero
1265 789 1432 846 occisi
1474 797 1596 858 post
1628 795 1740 840 tres

188 889 286 944 dies
315 886 585 941 aDomino
640 883 1067 940 suscitabuntur.
1119 882 1249 938 Post
1280 889 1506 937 caeteros
1553 877 1742 934 ﬁdeles

187 995 485 1052 persequens
515 977 704 1034 reddet
754 976 955 1049 gladio,
1010 985 1104 1031 aut
1161 983 1438 1045 apostatas
1495 970 1738 1036 facietI;

138 1071 143 1106 ἓ
187 1081 236 1127 et
253 1071 330 1142 qui
350 1072 399 1126 in
421 1085 544 1126 eum
571 1069 925 1136 crediderint,
948 1069 1165 1141 signum
1188 1063 1520 1124 cbaracteris
1546 1063 1664 1134 ejus
1685 1063 1742 1117 in

133 1149 138 1166 ²
187 1163 338 1219 fronte
367 1160 683 1231 suscipient.

247 1253 338 1312 Sed
358 1254 482 1325 quia
520 1253 585 1308 de
613 1253 730 1324 ejus
757 1251 1028 1322 principio
1058 1259 1114 1307 et
1145 1250 1260 1306 vita
1285 1250 1545 1314 diximus,
1580 1261 1742 1317 quem

174 2451 416 2520 quinatus
474 2450 554 2505 sic
600 2464 710 2519 pra:
757 2447 954 2502 timore
997 2453 1202 2518 pereat.
1255 2443 1502 2500 Tradunt
1536 2460 1752 2515 quoque

173 2541 428 2606 doctores,
485 2546 544 2594 ut
586 2538 662 2592 ait
701 2537 998 2608 Gregorius
1040 2551 1182 2607 papa
1216 2547 1264 2600 ο,
1321 2536 1465 2604 quod
1521 2535 1753 2591 Michael

171 2632 516 2704 archangelus
568 2631 801 2702 perimet
834 2629 983 2685 illum
1014 2629 1071 2684 in
1098 2638 1284 2684 monte
1313 2627 1534 2695 Oliveti,
1567 2629 1625 2684 in
1655 2644 1754 2700 pa-

1858 2773 2102 2828 ascendit
2157 2771 2222 2825 ad
2275 2770 2516 2833 Patrem,
2551 2777 2604 2823 et
2652 2768 2833 2823 nullus
2886 2767 3227 2824 Antichristo
3253 2765 3458 2837 poterit

167 2776 252 2822 tra
304 2781 395 2822 eos
439 2766 678 2838 primum
703 2780 802 2820 sua
852 2779 1005 2820 arma
1042 2763 1320 2834 corripiet,
1352 2777 1554 2834 eosque
1577 2763 1753 2820 inter-

1857 2844 2129 2908 auxiliari,
2173 2851 2361 2896 contra
2391 2857 2450 2895 se
2498 2839 2728 2894 Domino
2776 2839 3052 2894 smviente.
3087 2839 3153 2893 Et
3201 2847 3460 2893 asserunt

169 2839 314 2894 ﬁciet
348 2858 394 2894 ι.
429 2846 540 2894 etc.

239 2879 579 2964 :V'Code‘aot.
613 2926 627 2962 :
663 2927 680 2959 ι
717 2907 1010 2977 Postquam
1040 2921 1170 2975 ergo
1225 2906 1314 2961 isti
1343 2904 1450 2960 duo
1481 2905 1755 2963 interfecti

164 2979 399 3042 fuerunt,
425 2980 548 3034 inde
579 2987 804 3034 czeteros
849 2993 1182 3050 persequens
1210 2984 1474 3048 martyres
1497 2992 1592 3033 eos
1636 2978 1752 3050 glo-

165 3052 341 3106 riosos
366 3050 547 3114 faciet,
581 3059 674 3104 aut
694 3048 972 3120 apostatas
995 3048 1203 3120 reddet.
1241 3067 1259 3099 ι

236 3121 266 3162 ιι
291 3120 474 3192 Dill'ert
501 3122 555 3177 in
602 3119 952 3192 sequentibus
972 3119 1093 3192 cod.
1127 3119 1270 3192 V_at.,
1305 3136 1358 3192 in
1387 3135 1500 3192 quo
1524 3121 1597 3174 ita
1627 3135 1752 3191 per-

163 3193 311 3263 gitur
343 3210 356 3247 :
393 3209 414 3245 ι
451 3191 658 3263 Spiritu
683 3189 801 3247 oris
857 3189 964 3263 sui,
1005 3189 1129 3263 _sive
1165 3189 1425 3263 Dominus
1471 3189 1642 3246 Jesus'
1669 3193 1753 3246 in-

163 3259 438 3319 terfecerit
477 3259 649 3327 illum,
704 3261 972 3334 potentia
999 3259 1256 3334 iussionis
1307 3262 1451 3326 sum;
1496 3263 1625 3334 sive,
1663 3279 1755 3318 ar-

160 3335 461 3404 changelus
521 3332 748 3389 Michael
809 3332 1142 3404 interfecerit
1189 3333 1362 3404 illum,
1417 3347 1534 3404 per,
1576 3333 1752 3389 virtu-

162 3413 276 3462 tem
313 3403 548 3461 Domini
603 3405 884 3460 occidetur
936 3404 989 3457 in
1041 3403 1313 3474 Babylone
1359 3405 1412 3474 in
1460 3403 1595 3458 solio
1632 3419 1752 3470 suo,

160 3478 219 3531 in
281 3476 376 3532 illo
439 3475 559 3532 loco
613 3483 802 3531 contra
864 3489 1025 3544 quem
1076 3473 1331 3529 ascendet
1388 3473 1648 3530 Dominus
1687 3476 1754 3530 ad

158 3547 571 3686 Cmelosg.’(.ireg.
600 3615 693 3670 lib.
734 3631 883 3670 χχιιι
915 3614 1128 3680 Moral.,
1173 3614 1428 3686 cap.715,7
1450 3631 1598 3668 num.
1634 3615 1702 3670 27
1735 3634 1747 3669 :

161 3708 182 3741 ε
224 3688 361 3743 Sine
419 3685 580 3741 manu
615 3687 810 3757 quippe
831 3693 1143 3741 conteretur
1168 3685 1600 3757 (Antichristus),
1626 3687 1752 3757 quia

152 3776 269 3816 non
312 3755 647 3830 angelorum'
686 3755 1008 3830 bellotnon
1064 3755 1388 3830 sanctorum
1428 3755 1750 3830 certamine,

152 3831 257 3885 sed
326 3827 430 3900 per
455 3829 744 3883 adventum
772 3827 978 3900 iudicis
1011 3828 1126 3883 solo
1156 3827 1278 3900 oris_
1311 3827 1505 3897 Spiritu
1550 3837 1753 3884 :eterua

150 3897 345 3956 morte
393 3899 639 3954 ferietur.
690 3919 707 3951 ι
766 3899 824 3956 S.
878 3899 1122 3964 Hieron.,
1155 3900 1207 3953 in
1252 3897 1385 3952 Dan.
1415 3915 1534 3968 cap.
1588 3915 1746 3964 x1,v.

147 3971 269 4026 45:
310 3990 330 4024 ι
379 3971 532 4026 Tunc
583 3971 782 4034 veniet,
829 3971 1023 4042 inquit,
1074 3969 1440 4025 Antichristus
1483 3986 1655 4042 usque
1685 3970 1755 4025 ad

149 4042 546 4097 summitatem
602 4043 800 4097 montis
839 4041 977 4110 ejus,
1024 4042 1127 4097 hoc
1163 4051 1266 4113 est,
1314 4041 1583 4113 montana:
1632 4056 1756 4113 pro-

147 4113 384 4177 vincia,
445 4113 498 4168 id
548 4124 650 4177 est,
676 4113 934 4184 verticem
967 4113 1163 4184 m_outis
1215 4111 1432 4172 Oliveti.
1463 4113 1554 4184 qui
1582 4111 1756 4184 incly-
1845 4134 1849 4137 ί

145 4192 246 4240 tus
297 4191 555 4251 vocatur,
614 4183 740 4256 quia
774 4199 842 4241 ex
899 4198 964 4239 eo
999 4181 1258 4239 Dominus
1302 4181 1759 4254 atque’Salvat'or

1859 2988 2042 3044 ccndit
2086 2986 2151 3040 ad
2188 2984 2377 3040 caelos.
2432 3001 2451 3035 ι

1927 3057 1953 3096 ἀ
1995 3058 2073 3112 Ex
2123 3056 2245 3111 cod.
2285 3055 2408 3111 Vat.

1934 3140 1955 3168 ε
1984 3127 2114 3184 Cod.
2154 3127 2274 3198 Vat.
2304 3135 2359 3182 et
2385 3125 2524 3196 Aug.
2562 3145 2574 3180 :
2613 3145 2631 3177 α
2661 3126 3029 3198 Quadraginta
3053 3129 3174 3183 dies
3197 3126 3461 3198 Dominus

1859 3201 2122 3256 concedet
2166 3197 2376 3263 electis,
2409 3206 2467 3251 ut
2495 3206 2658 3267 agant
2681 3196 3080 3267 paenitentiam.
3107 3220 3125 3250 ι
3158 3199 3312 3268 Apud
3346 3196 3458 3250 lla-

1858 3272 2060 3326 hanum
2091 3289 2104 3325 :
2150 3288 2168 3320 ι
2205 3269 2322 3325 Non
2375 3270 2561 3324 statim
2592 3270 2775 3324 veniet
2801 3271 2869 3324 ad
2894 3270 3182 3339 judicium,
3233 3270 3326 3322 sed
3357 3283 3458 3322 ex-

1860 3343 2131 3412 spectabit
2181 3340 2464 3412 Dominus
2491 3342 2782 3412 quosdam,
2841 3342 2982 3396 sicut
3012 3357 3080 3396 ex
3117 3339 3458 3412 Denicleiin-

1857 3411 2184 3478 telleximus,
2239 3413 2330 3475 qui
2380 3411 2588 3465 seducti
2643 3422 2790 3474 sunt,
2842 3422 2900 3466 ut
2959 3414 3025 3466 ad
3077 3411 3460 3480 paniitentiam

1861 3493 2222 3539 revertantur.
2247 3482 2539 3550 Postquam
2560 3497 2688 3537 vero
2717 3483 2857 3537 hanc
2881 3482 3258 3550 pmnitentiam
3281 3502 3324 3546 ι,
3349 3490 3460 3536 etc.

1936 3553 1956 3593 ί
1992 3555 2090 3609 Hie
2116 3555 2302 3607 linitur
2332 3553 2386 3606 in
2411 3554 2531 3607 cod.
2565 3551 2690 3606 Vat.
2747 3562 2799 3606 et
2825 3553 2945 3607 aliis
2977 3568 3108 3606 mss.

1935 3627 1960 3664 ε
1997 3625 2060 3681 S.
2094 3625 2256 3692 Aug.,
2287 3639 2452 3679 serm.
2487 3621 2592 3693 172
2627 3631 2682 3678 et
2725 3624 2826 3677 175
2863 3624 2928 3677 de
2957 3621 3148 3676 Verbis
3174 3622 3364 3693 Apost.
3417 3621 3464 3680 Π

1861 3697 2052 3754 Thess.
2081 3712 2154 3757 iv,
2186 3691 2275 3747 l2.
2327 3695 2526 3747 Verum
2562 3691 2632 3747 ibi
2671 3693 2737 3747 dc
2783 3694 2869 3748 his
2926 3693 3080 3747 nihil.
3168 3695 3172 3702 '

1933 3771 1957 3808 ιι
2003 3767 2084 3821 Ad
2115 3766 2450 3819 Ecerrinum.
2486 3763 2612 3832 Leg.
2648 3764 2715 3817 ad
2766 3764 3085 3817 Minervium
3131 3773 3187 3818 ct
3226 3764 3437 3820 Alexan

1862 3840 2038 3896 drum,
2076 3852 2194 3906 qum
2238 3844 2321 3889 est
2342 3835 2501 3906 epist.
2549 3835 2652 3888 H9
2685 3835 2760 3906 in
2805 3835 2936 3889 edit.
2973 3835 3174 3891 Veron.

1937 3913 1951 3951 ἱ
2009 3905 2134 3964 1-1ωο
2162 3905 2404 3978 clausula
2451 3913 2630 3960 exstat
2679 3905 2730 3978 in
2766 3922 2897 3959 mss.
2949 3908 3092 3960 unde
3150 3908 3321 3978 ipsam
3349 3905 3437 3975 cpl

1860 3981 2054 4040 stolam
2102 3979 2170 4050 ad
2220 3976 2557 4050 Gcrhergam
2607 3977 2854 4044 reginam
2899 3976 3184 4050 accepere
3221 3978 3462 4034 editores

1861 4055 2102 4125 Operum
2133 4048 2192 4106 S.
2235 4048 2543 4121 Augustini.

475 4321 3440 4348 mm

569 4527 597 4558 -
657 4521 663 4525 -
1007 4483 1736 4594 nomle
1865 4407 2619 4614 QUATUOR

1381 4687 1442 4741 B.
1483 4684 1789 4743 ALCUINO
1829 4682 2253 4742 SUPPOSITAE.

421 4825 460 4848 .
514 4869 670 4942 531
704 4869 1020 4927 MONITUM
1052 4868 1413 4926 PRAEVIUM.

213 4961 593 5043 Clarissimus
619 4963 686 5043 D._
701 4961 1089 5043 Quercetanus,
1116 4979 1238 5043 pag.
1267 4962 1424 5043 119b,
1456 4973 1571 5043 tres
1592 4965 1764 5043 homi-

121 5035 248 5091 lias
283 5033 416 5089 sub“
430 5034 648 5088 nomine
672 5033 816 5088 beati
844 5033 1052 5088 Alcuini
1077 5033 1266 5098 edidit,
1282 5051 1347 5088 ea:
1374 5033 1690 5089 Homiliario
1715 5045 1762 5090 et

1785 4873 1842 4934 Β
1869 4893 1940 4947 ibi
1968 4893 2021 4946 in
2047 4889 2254 4946 monito
2273 4887 2625 4961 praevio.»lsta
2647 4903 2776 4961 ergo
2799 4891 3018 4947 homilia
3043 4893 3146 4949 hoc
3167 4893 3286 4949 loco
3307 4891 3469 4948 omis-

1871 4979 1953 5027 sa,
1986 4962 2195 5017 duabus
2216 4961 2437 5029 reliquis
2464 4959 2600 5014 alias
2634 4959 2764 5016 duas
2790 4963 3057 5027 addimus,
3085 4980 3251 5018 unam
3276 4965 3343 5018 de
3369 4977 3465 5018 ea-

1871 5034 1992 5088 dem
2019 5033 2193 5104 beatze
2222 5030 2456 5104 Virginis
2483 5031 2774 5104 Nativitate
2799 5050 2862 5089 ex
2891 5034 3010 5090 cod.
3045 5050 3147 5088 ms.
3175 5034 3342 5104 Regio
3368 5031 3469 5088 Pa.-

1859 2917 1932 2972 ibi
1968 2914 2364 2970 Auticbristum
2394 2927 2516 2968 esse
2542 2911 2867 2982 periturum,
2897 2911 3040 2966 unde
3076 2909 3340 2966 Dominus
3362 2924 3459 2965 as—
3561 2971 3572 2980 κ

123 5103 528 5174 Concionibus
557 5103 802 5174 Patrum,
832 5105 909 5158 uti
936 5104 1124 5174 scribit
1159 5098 1482 5159 in'l-Zlcncho
1508 5106 1762 5174 operibus

119 5193 160 5230 a
209 5192 284 5230 se
317 5173 496 5229 editis
524 5173 746 5245 praeﬁxo
777 5189 791 5228 :
818 5190 918 5229 nec
951 5173 1119 5245 aliam,
1147 5175 1319 5228 reddit
1363 5173 1628 5245 rationem
1665 5191 1767 5229 cur

113 5246 398 5301 Alcuino
441 5244 627 5300 essent
657 5246 974 5299 tribuendze.
1001 5244 1179 5314 Prima
1209 5247 1319 5314 agit
1343 5245 1407 5298 de
1439 5244 1765 5314 Silentio,_in

110 5334 246 5388 quo
285 5317 527 5388 missum
555 5327 638 5388 est
651 5315 988 5388 incantatam
1016 5312 1270 5388 ’γεφαηῂ
1304 5314 1486 5388 Altera
1505 5355 1519 5380 ,
1551 5315 1615 5388 de
1645 5312 1764 5388 Να-

109 5384 369 5456 iim'tate
407 5387 577 5441 beatre
613 5385 802 5440 Mariae
837 5385 1074 5456 uirginis.
1103 5384 1285 5439 Tertia
1327 5385 1520 5456 habita,
1559 5386 1614 5438 in
1640 5385 1771 5454 festo

107 5455 406 5514 omnium
442 5465 765 5511 sanctorum.
814 5455 1042 5510 Homilia
1085 5457 1344 5519 secunda,
1372 5456 1438 5510 de
1481 5455 1774 5510 Nativitate

105 5529 234 5610 laea
246 5527 559 5610 ta:_l_tlari_:e
588 5526 825 5610 virginis"
850 5527 985 5582 nihil
1013 5527 1156 5610 aliud
1192 5537 1275 5610 est
1300 5537 1462 5596 quam
1504 5527 1772 5610 expositio

101 5600 447 5664 litterulis,
477 5598 763 5670 allegorica
801 5611 856 5654 et
885 5598 1102 5670 moralis
1124 5598 1408 5670 nominum
1439 5599 1772 5670 patriarcha-

101 5688 263 5726 rum
302 5686 383 5724 ac
429 5667 836 5739 progenitorum
866 5669 1091 5732 Christi,
1122 5668 1174 5722 in
1218 5667 1447 5722 formam
1479 5669 1712 5723 bomilize
1737 5686 1768 5724 a

98 5757 288 5812 quoq
299 5753 450 5795 nam
475 5741 748 5812 transfusa
759 5782 773 5806 ,
787 5757 950 5812 quam
964 5756 1087 5796 cum
1101 5739 1419 5812 lectionibus
1432 5755 1495 5792 va
1506 5740 1769 5795 nantibus

93 5810 186 5868 (ἐκ
218 5810 380 5868 cod.
407 5827 520 5870 ms.
553 5811 610 5868 S.
637 5810 960 5868 Emmerami
978 5813 1118 5866 inter
1135 5811 1367 5881 genuina
1388 5810 1531 5866 beati
1556 5812 1769 5868 Alcuini

93 5884 424 5940 dedimus
454 5884 589 5940 tomi
613 5881 636 5939 ι
663 5892 821 5957 parte
839 5900 902 5956 ιι,
937 5883 1092 5957 cujus
1117 5882 1198 5942 rei
1223 5885 1490 5944 rationem
1525 5883 1769 5942 dedimus

1871 5101 2104 5158 risicnsi'
2133 5117 2280 5156 num.
2310 5101 2433 5167 515,
2474 5103 2561 5156 ubi
2593 5103 2638 5158 is
2661 5104 2806 5158 beati
2835 5104 3051 5160 Alcuini
3077 5101 3296 5158 nomine
3328 5104 3465 5158 insi-

1873 5175 2090 5298 gnitur;
2121 5174 2344 5254 alteram
2383 5173 2433 5226 in
2474 5172 2774 5257 liypapanti
2833 5192 2938 5258 seu.
2962 5175 3028 5229 de
3080 5174 3488 5257 Purilicatione-

1920 5285 1932 5296 .
1963 5243 2028 5297 V.
2060 5244 2241 5298 Maria:
2267 5244 2486 5298 dictam.
2518 5261 2584 5298 ex
2612 5245 2972 5298 Miscellanels
2997 5247 3057 5298 D.
3087 5245 3310 5298 Baluzu.
3338 5245 3461 5298 libr.

1920 5285 1932 5296 .
1963 5243 2028 5297 V.
2060 5244 2241 5298 Maria:
2267 5244 2486 5306 dictam,
2518 5243 2584 5298 est
2612 5245 2972 5300 Miscellaneis
2997 5247 3057 5299 ι).
3087 5245 3310 5308 Baluzii,
3338 5245 3461 5301 libr.

1873 5330 1910 5378 l,
1937 5331 2060 5384 pag.
2083 5313 2340 5386 δερ-402,
2367 5315 2456 5386 ubi
2487 5317 2687 5384 pariter
2727 5317 2957 5373 Alcuino
2980 5315 3242 5386 magistro
3270 5315 3464 5370 tribui—

1875 5383 1982 5449 tur,
2010 5383 2065 5439 et
2091 5385 2232 5439 dicta
2252 5383 2534 5440 videbatur
2554 5387 2730 5442 eidem
2753 5389 2870 5443 viro
2895 5383 3251 5442 celeberrimo
3279 5401 3466 5443 coram

1875 5453 2071 5512 Carolo
2099 5457 2448 5526 lmperatore.

1947 5527 2144 5582 Verum
2170 5544 2328 5582 nemo
2342 5526 2453 5595 jam
2478 5538 2561 5581 est.
2581 5531 2914 5584 eruditorum
2939 5529 3027 5598 qui
3054 5530 3271 5584 easdem
3297 5529 3464 5584 homi-

1873 5598 1972 5653 lias
1993 5601 2135 5653 inter
2149 5600 2357 5669 spurius
2381 5600 2699 5670 rejicienalas
2725 5615 2844 5653 esse
2867 5616 2971 5653 non
2998 5601 3288 5655 existimet.
3305 5599 3464 5655 Ratio

1870 5671 2136 5796 generalis
2161 5672 2330 5740 prima
2353 5672 2594 5738 est,quia
2617 5672 2862 5740 quamvis
2893 5686 3020 5724 vero
3047 5672 3464 5726 sitsimillimum

1891 5752 2085 5796 )ealum
2119 5743 2400 5796 Alcuinum
2444 5753 2701 5796 tatmuam
2729 5743 2975 5796 abbati-nl
3010 5743 3238 5796 nlnrinm
3281 5758 3464 5796 mona-

1891 5752 2085 5796 )ealum
2119 5743 2400 5796 Alcuinum
2444 5753 2701 5813 tanquam
2729 5743 2975 5804 abbati-in
3009 5743 3238 5813 plurium
3281 5758 3466 5796 mona-

1874 5815 2161 5891 steriorum
2190 5812 2463 5867 multoties
2479 5811 2674 5891 fratres
2701 5828 2981 5891 sugecurtc
3003 5811 3344 5891 cmnlnissos,
3362 5828 3463 5891 pro

1875 5883 2162 5943 occasio'ue
2207 5884 2609 5942 occurrentium
2648 5883 3103 5950 festivitatunu-in
3150 5885 3467 5942 admiratio-
