4032 6354
4 4 13 29 l

485 522 666 595 potuit
708 518 901 575 nasci?
955 516 1131 580 Absit,
1167 512 1403 567 fratres!
1453 519 1514 565 ut
1556 509 1921 565 concedamus
1960 508 2084 563 inli-

487 614 694 672 delitati
721 608 1053 673 Iudaeorum,
1093 606 1185 676 qui
1214 604 1497 674 prophetis
1544 620 1650 656 non
1689 603 1919 656 credunt
1946 602 2086 655 vati-

486 707 796 765 cinantibus
844 700 1271 757 incarnationem
1323 695 1526 752 Christi
1566 710 1665 763 per
1693 694 1955 763 virginem
1984 711 1995 745 :
2028 701 2086 746 ut

485 810 909 855 annumeremur
950 793 1243 853 haereticis,
1271 790 1363 859 qui
1396 789 1498 843 hoc
1523 787 1685 841 etiam
1714 786 1941 840 credunt
1967 782 2081 857 [F.,

484 889 758 961 credere],
812 896 1030 955 negant,
1090 884 1390 954 cogitantes
1447 894 1507 935 se
1554 893 1677 934 esse
1726 876 2085 945 sapientiores

487 984 619 1047 Deo,
649 982 777 1037 dum
807 978 1188 1048 blasphemant
1238 975 1347 1029 Deo
1379 970 1547 1026 fuisse
1580 968 1873 1041 indignum
1913 974 1973 1020 ut
2017 964 2083 1019 de

484 1075 697 1147 virgine
725 1079 1060 1127 nasceretur.
1088 1065 1356 1134 Quoniam
1386 1065 1503 1118 luec
1534 1069 1721 1116 sancta
1766 1058 1864 1113 Dei
1896 1058 2082 1127 Virgo,

484 1169 642 1241 cujus
669 1165 1008 1222 nativitatem
1057 1157 1286 1214 solemni
1336 1155 1674 1210 celebramus
1720 1149 1921 1213 ofﬁcio,
1953 1163 2083 1241 cun-

482 1239 604 1318 ctas
632 1262 867 1315 haereses
913 1254 1028 1310 sola
1070 1247 1366 1312 interemit,
1402 1261 1523 1315 quae
1561 1241 1829 1297 Gabrielis
1854 1239 2085 1294 archan-

484 1354 592 1423 geli
618 1352 777 1407 dictis
806 1344 1037 1403 credidit
1063 1360 1077 1407 ;
1128 1341 1249 1395 ideo
1276 1336 1517 1407 perfecta
1544 1343 1670 1389 sunt
1710 1331 1892 1386 omnia
1922 1346 1953 1384 a
1980 1328 2084 1423 Do-

482 1422 632 1501 mino
660 1459 781 1513 quae
811 1442 954 1495 dicta
984 1444 1111 1491 sunt
1138 1434 1208 1489 ei.
1242 1432 1384 1500 Ipsa,
1432 1430 1671 1498 inquam,
1716 1424 1883 1479 Maria
1914 1422 2080 1478 coale-

481 1539 582 1593 stis
610 1544 789 1605 porta,
819 1530 972 1599 cujus
999 1528 1296 1599 gaudemus
1328 1521 1516 1585 natali,
1566 1517 1702 1573 nihil
1744 1517 1887 1572 aliud
1916 1531 2080 1585 quam

481 1629 754 1686 credendo
778 1623 1042 1692 concepit.
1077 1620 1120 1676 0
1160 1619 1287 1673 felix
1330 1617 1495 1671 Maria
1527 1624 1581 1670 et
1620 1613 1765 1669 onmi
1807 1611 1961 1665 laude
2001 1610 2082 1665 di-

481 1724 760 1796 gniSSiiiIa,
797 1735 917 1790 qua:
950 1717 1110 1771 talem
1143 1730 1207 1768 ac
1240 1721 1451 1767 tantum
1476 1708 1895 1777 Redemptorem
1922 1704 2079 1759 nobis

462 311 632 379 ,1505
818 364 821 371 ,
1310 302 1368 357 Β.
1404 301 1466 355 F.
1500 296 1727 354 ALBINI
1768 297 1901 355 SEU
1942 296 2069 355 ALC

2174 298 2223 354 ἹΙ
2258 296 2547 355 OPERUM
2578 296 2758 355 PARS
2797 294 2888 353 IX.
3657 301 3805 358 1504

456 456 459 457 ν
487 438 596 487 test
625 446 638 483 :
665 434 721 483 et
747 441 858 496 qua
885 424 1094 480 ratione
1119 421 1299 476 omnia
1323 417 1547 487 poterit,
1578 418 1623 471 si
1649 417 1716 471 de
1740 415 1947 486 virgine
1970 431 2076 469 non
2108 420 2153 479 A
2184 416 2397 487 generis
2445 416 2557 485 pati
2608 415 2915 486 permiserit
2943 455 2957 481 ,
3008 415 3149 471 sicut
3196 415 3388 473 scribit
3437 418 3749 488 Apostolus
3787 440 3803 474 :

2189 508 2369 563 Etiam
2396 511 2607 579 proprio
2648 507 2791 562 Filio
2817 526 2914 562 suo
2952 524 3055 562 non
3096 510 3319 580 pepercit
3350 509 3516 576 Deus,
3566 511 3664 566 sed
3708 530 3805 583 pro

2188 600 2334 653 nobis
2379 600 2617 653 omnibus
2661 600 2880 653 tradidit
2935 598 3086 655 illum
3135 600 3307 670 (Rom.
3338 619 3459 668 vm,
3488 602 3607 673 32).
3670 605 3807 673 Quis

2188 700 2352 746 tanta:
2397 692 2617 761 pictatis
2668 691 2884 747 divitias
2936 708 3045 747 non
3097 695 3487 765 Obstupescat?
3538 698 3681 764 Quis
3736 700 3805 753 ad

2187 791 2392 837 tantam
2448 782 2772 838 ineffabilem
2819 784 3144 840 charitatem
3193 802 3299 841 non
3351 790 3805 845 contremiscat?

2186 876 2318 943 Quis
2357 892 2592 947 unquam
2628 884 2809 946 posset
2833 878 3124 941 mstimare,
3172 886 3232 932 ut
3267 890 3591 950 portaretur
3625 882 3805 937 mani-

2184 968 2285 1023 bus
2313 968 2524 1023 feminte
2554 970 2600 1023 is
2622 978 2869 1039 portator
2892 970 3085 1025 orbis?
3120 972 3278 1041 panis
3317 973 3647 1044 angelorum
3694 975 3802 1029 ale.

2185 1068 2352 1123 retur,
2389 1060 2561 1114 virtus
2604 1060 2867 1116 caelorum
2917 1060 3309 1129 infirmaretur,
3340 1072 3591 1133 potestas
3632 1066 3805 1120 ρατιο-

2184 1166 2303 1204 rum
2358 1151 2757 1218 humiliaretur,
2813 1160 3031 1208 creator
3079 1154 3395 1224 angelorum
3445 1157 3505 1211 in
3552 1171 3803 1225 praesepe

2183 1250 2477 1313 poneretur
2501 1251 2557 1298 et
2601 1244 2713 1299 vita
2745 1246 2987 1300 omnium
3036 1247 3382 1301 moreretur?
3438 1246 3701 1302 Mortuus
3729 1260 3803 1303 est

2183 1332 2319 1386 enim
2350 1332 2588 1387 Christus
2618 1343 2828 1404 propter
2855 1333 3047 1389 delicta
3074 1344 3277 1402 nostra,
3309 1345 3357 1389 et
3400 1340 3647 1391 surrexit
3682 1355 3804 1409 pro-

2181 1433 2297 1495 pter
2341 1425 2769 1494 justiﬁcationem
2812 1436 3046 1480 nostram
3089 1426 3269 1497 (Rom.
3298 1444 3377 1493 1v,
3404 1428 3525 1500 25).
3572 1428 3620 1485 Ο
3673 1446 3799 1486 vera

2184 1516 2447 1583 Charitas,
2491 1527 2546 1571 et
2589 1517 2755 1572 chara
2803 1519 3119 1573 aeternitas!
3153 1534 3186 1574 ο
3212 1535 3428 1575 summa
3479 1521 3716 1578 dilectio
3745 1533 3799 1580 et

2184 1622 2427 1662 summus
2468 1609 2661 1661 amor!
2695 1616 2757 1662 ut
2801 1622 2992 1664 servus
3030 1610 3353 1677 redimatur,
3388 1611 3502 1668 ﬁlio
3532 1630 3647 1669 non
3678 1631 3802 1685 par-

2184 1698 2344 1752 citur.
2386 1696 2668 1754 Audentcr
2694 1698 2893 1766 dicam,
2928 1698 3160 1755 fratres!
3192 1703 3319 1772 quia
3348 1702 3478 1758 felix
3527 1714 3585 1759 et
3614 1722 3799 1762 neces-

477 1791 738 1889 protulit!
768 1816 811 1871 0
842 1813 1072 1885 genitrix
1098 1809 1372 1881 gloriosa!
1406 1822 1439 1861 ο
1474 1804 1649 1859 felicia
1673 1802 1857 1858 oscula
1879 1802 2085 1856 lactan—
2116 1794 2160 1854 Β
2189 1793 2332 1847 saria
2368 1791 2471 1847 fuit
2514 1793 2674 1889 culpa
2718 1795 2881 1864 primi
2916 1795 3176 1889 hominis,
3212 1812 3333 1865 quae
3386 1798 3572 1866 ipsum
3618 1798 3798 1854 Domi-

478 1915 551 1969 tis
580 1912 749 1966 labris
779 1910 1040 1978 impressa
1066 1907 1077 1957 !
1111 1920 1235 1961 cum
1261 1903 1403 1956 inter
1424 1901 1616 1955 crebra
1641 1898 1838 1953 indicia
1860 1897 2081 1972 vagien—

478 2006 548 2059 tis
585 2003 827 2058 infantiae
856 1999 1247 2069 reptantisque,
1290 2002 1350 2048 ut
1376 2001 1520 2062 pote
1547 2008 1711 2047 verus
1753 2006 1818 2046 ex
1849 2001 1901 2045 te
1918 1989 2079 2044 .filius

476 2096 573 2152 tibi
603 2096 763 2151 matri
795 2094 1075 2156 alluderet,
1124 2106 1249 2145 cum
1302 2104 1465 2143 verus
1504 2103 1569 2141 ex
1600 2088 1762 2141 Patre
1813 2085 2075 2141 Dominus

476 2192 788 2260 imperaret.
845 2186 1012 2240 Natus
1040 2201 1107 2239 ex
1138 2191 1214 2247 te,
1264 2183 1357 2251 qui
1408 2181 1538 2235 fecit
1569 2189 1641 2234 te.
1693 2178 1864 2233 Natus
1905 2192 1971 2231 ex
2003 2186 2075 2241 te,

474 2256 569 2353 qui
598 2298 665 2337 ex
694 2256 847 2352 petra
878 2276 1074 2347 populo
1099 2275 1302 2329 sitienti
1340 2288 1534 2341 aquam
1582 2271 1857 2341 produxit.
1910 2268 2078 2323 Natus

474 2382 647 2429 estex
678 2381 753 2436 te,
777 2371 869 2440 qui
916 2369 1085 2440 Moysi
1117 2369 1168 2422 in
1214 2368 1338 2437 igne
1385 2367 1619 2420 ﬂamma:
1651 2364 1769 2418 rubi
1807 2362 2074 2433 apparuit,

472 2476 530 2522 et
558 2468 609 2521 ei
640 2466 813 2536 legem
864 2464 919 2517 in
957 2462 1087 2516 Sina
1137 2461 1303 2517 dedit.
1356 2458 1526 2513 Natus
1572 2465 1677 2523 est,
1735 2457 1825 2527 qui
1868 2456 2076 2527 virgam

473 2559 653 2614 Aaron
683 2558 817 2613 sine~
848 2572 988 2626 aqua
1019 2555 1327 2625 germinare
1372 2551 1522 2616 fecit,
1554 2560 1607 2605 et
1646 2566 1713 2605 ex
1752 2566 1816 2604 ea
1866 2549 2077 2604 fructus

472 2649 745 2722 produxit.
780 2648 860 2703 Ex
892 2658 945 2703 te
987 2658 1147 2703 natus
1176 2655 1280 2711 est,
1322 2646 1415 2715 qui
1457 2644 1687 2715 pedibus
1734 2658 1898 2719 super
1924 2658 2075 2697 mare

473 2744 793 2810 ambulavit,
821 2752 875 2798 et
906 2758 971 2799 ex
1011 2742 1261 2812 sepulcro
1287 2748 1344 2794 ut
1389 2739 1473 2795 leo
1503 2738 1763 2803 surrexit,
1795 2747 1849 2792 et
1876 2738 1930 2790 in
1966 2752 2077 2792 cte-

468 2836 553 2892 los
580 2836 754 2891 victor
782 2835 1048 2890 ascendit.
1084 2833 1257 2887 Natus
1283 2843 1365 2888 est
1398 2846 1465 2886 ex
1495 2841 1567 2897 te,
1598 2832 1651 2885 in
1683 2830 1838 2901 cujus
1865 2829 2073 2885 vultum

469 2930 783 2986 desiderant
806 2927 981 2997 angeli
1011 2926 1341 2997 prospicere.
1380 2925 1456 2979 Ex
1487 2931 1539 2977 te
1586 2932 1745 2977 natus
1764 2932 1867 2986 est,
1897 2922 1989 2991 qui
2020 2921 2073 2974 in

468 3037 528 3079 se
569 3021 917 3077 credentibus
966 3020 1130 3073 vitam
1181 3017 1369 3072 tribuit
1419 3016 1824 3084 sempiternam.
1874 3012 2071 3068 Ofelix

466 3112 711 3169 femina!
764 3110 1016 3166 lzntabilis
1058 3109 1283 3178 angelis,
1324 3107 1578 3176 optabilis
1624 3106 1849 3169 smctis,
1895 3103 2074 3157 minor

468 3214 553 3261 est
582 3205 699 3258 laus
732 3217 845 3267 tua,
878 3218 1041 3272 quam
1083 3199 1321 3267 dignitas
1361 3206 1451 3252 tua
1494 3205 1771 3261 meretur;
1825 3194 2074 3250 intendat

476 3297 717 3354 cbaritas
745 3305 955 3360 vestra,
997 3291 1358 3353 dilectissimi,
1392 3291 1507 3344 haec
1546 3298 1721 3343 mater
1756 3287 1965 3342 Christi
1995 3286 2073 3341 al-

470 3394 577 3447 tior
599 3400 683 3446 est
724 3388 904 3445 ccelo:
952 3387 1151 3458 abysso
1197 3394 1279 3439 est
1314 3380 1654 3453 profundior.
1707 3380 1898 3435 Merito
1941 3395 2071 3451 ergo

468 3492 658 3540 vocata
690 3490 776 3537 est
801 3479 1022 3535 domina
1051 3477 1391 3549 angelorum,
1442 3483 1645 3528 tremor
1671 3472 1989 3535 inferorum,
2017 3481 2072 3527 et

464 3587 640 3634 mater
660 3577 924 3649 gentium.
961 3575 1035 3628 De
1057 3574 1170 3644 ipsa
1201 3571 1345 3627 enim
1377 3568 1833 3640 Psalmographus
1857 3566 2065 3635 inquit:

466 3672 650 3744 Specie
675 3683 768 3725 tua
792 3680 839 3724 et
865 3667 1258 3741 pulchritudine
1286 3677 1395 3730 tua,
1423 3663 1631 3717 intende
1652 3678 1917 3734 prospere,
1947 3676 2069 3732 pro-

466 3766 588 3820 cede
609 3775 659 3820 et
687 3781 847 3835 regna
877 3759 1051 3835 (Psal.
1099 3775 1249 3825 xuv,
1280 3759 1358 3827 5).
1392 3757 1459 3811 Et
1491 3758 1720 3810 iterum:
1748 3754 1925 3807 Astitit
1970 3750 2071 3806 Re-

466 3859 589 3929 gina
621 3876 651 3911 a
694 3856 893 3911 dextris
949 3855 1042 3909 Dei
1074 3857 1129 3907 in
1186 3852 1376 3907 vestitu
1428 3850 1684 3903 deaurato
1724 3846 1912 3918 (Ibid.,
1952 3845 2064 3916 10).

460 3950 595 4007 Item
622 3971 634 4005 :
666 3950 825 4013 Audi,
843 3950 979 4019 ﬁlia,
1006 3959 1053 4002 et
1080 3946 1215 4013 uide,
1242 3954 1288 3999 et
1320 3943 1515 3999 inclina
1539 3957 1720 3996 aurem
1748 3950 1917 4004 tuam,
1940 3939 2067 4009 quia

450 4046 756 4116 concupivit
790 4061 880 4097 rex
910 4043 1098 4115 glorim
1136 4041 1357 4113 speciem
1401 4050 1546 4094 tuam
1590 4036 1778 4101 (Ibid.,
1822 4037 1911 4101 ll,
1958 4035 2061 4107 l2).

458 4140 538 4196 lta
569 4138 877 4208 concupivit
906 4151 1003 4190 rex
1037 4135 1224 4206 gloria:
1271 4132 1507 4201 speciem
1551 4141 1753 4185 sancta:
1802 4130 2063 4197 Virginis,

459 4234 595 4287 utin
628 4249 728 4288 suo
765 4245 823 4286 se
852 4228 1127 4284 clauderet
1158 4225 1503 4281 incll‘abilitcr
1539 4231 1715 4288 utero,
1765 4223 1941 4277 factus
1968 4222 2065 4277 ho-

460 4340 569 4379 mo.
606 4324 682 4378 lta
710 4320 1021 4390 concupivit
1054 4336 1145 4373 rex
1193 4319 1428 4388 speciem
1476 4317 1614 4388 ejus,
1646 4325 1709 4371 ut
1736 4332 1798 4371 ex
1850 4331 1914 4369 ea
1941 4330 2061 4368 car-

462 4430 588 4471 nem
630 4419 955 4475 assumeret,
998 4412 1089 4479 qui
1117 4409 1291 4463 Adam
1325 4417 1627 4464 creaverat.
1677 4407 1742 4461 Et
1770 4408 1898 4460 item
1928 4406 2058 4476 quid

2183 1899 2310 1938 num
2338 1900 2492 1939 suum
2522 1886 2725 1951 habere
2764 1885 2965 1940 meruit
2991 1885 3435 1957 ltedemptorem.
3474 1890 3692 1960 Anguis
3722 1890 3798 1944 in-

2182 1978 2339 2033 vidus
2381 1979 2436 2032 in
2483 1978 2737 2048 paradiso
2786 1980 2937 2035 virus
2987 1980 3175 2036 effudit
3222 1982 3462 2049 lethale;
3505 1985 3591 2039 sic
3630 2002 3796 2057 agnus

2182 2070 2425 2141 placidus
2454 2073 2519 2127 de
2547 2088 2755 2127 veneno
2780 2072 2910 2129 fecit
2931 2075 3276 2143 medicinam,
3304 2078 3371 2133 de
3393 2086 3544 2133 terra
3572 2080 3790 2146 uelum,

2183 2163 2250 2217 de
2280 2165 2474 2218 arbore
2501 2179 2745 2229 crucem,
2790 2165 2858 2220 de
2889 2165 3068 2222 fructu
3108 2170 3298 2235 vitam,
3329 2171 3398 2225 de
3436 2180 3664 2227 terreno
3690 2188 3793 2228 οω-

2181 2254 2391 2309 lestem.
2426 2253 2579 2309 Sicut
2627 2256 2847 2310 vendito
2878 2255 3078 2329 Joseph
3109 2275 3139 2313 a
3184 2260 3452 2316 fratribus
3477 2264 3549 2318 de
3598 2264 3791 2319 invidia

2180 2344 2309 2398 fecit
2336 2344 2586 2416 gloriam,
2618 2346 2683 2402 de
2720 2347 2934 2417 captivo
2982 2350 3203 2405 vendito
3248 2352 3567 2423 principem
3614 2357 3793 2412 vendi-

2182 2444 2353 2492 torem
2385 2448 2733 2495 externorum
2760 2458 2775 2507 ;
2808 2442 2888 2497 sic
2919 2443 2985 2499 de
3014 2442 3216 2500 femina
3255 2448 3553 2517 palatium,
3584 2452 3652 2506 de
3682 2467 3791 2506 mu-

2180 2527 2311 2582 liere
2359 2530 2618 2599 templum
2671 2547 2849 2598 suum,
2904 2534 2969 2589 de
3020 2534 3190 2590 Maria
3228 2538 3511 2595 caelestem
3565 2530 3787 2598 aditum.

2180 2619 2481 2674 Concinant
2504 2637 2647 2677 nunc
2668 2623 2915 2681 laetantes
2956 2628 3150 2697 angeli,
3182 2631 3528 2689 exsultantes
3551 2635 3782 2690 archan-

2180 2713 2304 2783 geli,
2336 2713 2598 2769 cherubin
2634 2725 2794 2787 atque
2824 2721 3101 2790 seraphin,
3136 2724 3318 2780 throni
3347 2734 3516 2795 atque
3544 2729 3789 2783 domina-

2182 2804 2375 2872 tiones,
2421 2806 2759 2876 principatus
2803 2818 2859 2864 et
2902 2820 3219 2879 potestates,
3254 2817 3490 2873 virtutes
3518 2819 3781 2877 calorum

2180 2911 2302 2950 cum
2332 2896 2500 2967 gloria
2533 2898 2761 2955 adorent
2783 2908 2838 2955 et
2865 2902 3048 2957 dicant
3076 2924 3087 2957 :
3120 2904 3367 2973 Sanctus,
3392 2920 3643 2979 sanctus,
3664 2931 3786 2969 saa-

2182 2996 2295 3041 ctus
2322 2987 2576 3044 Dominus
2616 2990 2759 3045 Deus
2805 2990 3065 3060 Sabaoth,
3095 2995 3235 3065 pleni
3262 3010 3382 3053 sunt
3429 3002 3548 3055 cceli
3576 3014 3625 3057 et
3651 3016 3786 3059 terra

2180 3077 2371 3148 gloria.
2397 3077 2614 3135 Osanna
2641 3083 2695 3135 in
2720 3084 2958 3139 excelsis.
2994 3083 3197 3151 Nostis,
3228 3086 3431 3145 fratres
3458 3093 3470 3144 !
3520 3094 3655 3162 quia
3684 3094 3784 3150 Se—

2101 3158 2147 3222 C
2179 3169 2331 3225 baotl:
2359 3173 2558 3228 dicitur
2589 3175 2927 3231 exercituum
2954 3194 2967 3243 ;
3004 3176 3222 3234 Osanna
3251 3182 3518 3251 salvilica,
3538 3158 3639 3239 -τρι
3681 3186 3780 3242 sal-

2176 3279 2303 3318 vum
2334 3264 2439 3320 fac.

2243 3380 2505 3453 Denique,
2537 3399 2659 3439 cum
2700 3385 3018 3441 beatissima
3048 3388 3200 3460 virgo
3227 3378 3641 3462 Maria‘repleta
3664 3391 3782 3463 Spi-

2174 3472 2283 3527 ritu
2312 3483 2502 3529 sancto
2527 3468 2740 3532 veniret
2782 3478 2835 3531 in
2880 3478 3098 3534 domum
3128 3481 3427 3549 Elisabeth,
3478 3483 3782 3540 Exsultat]

2171 3566 2227 3619 in
2254 3576 2402 3621 utero
2428 3568 2541 3637 ejus
2570 3567 2721 3639 (Luc.
2746 3586 2784 3634 ι,
2816 3570 2927 3642 41).
2976 3572 3239 3630 Dominus
3262 3591 3395 3647 ergo
3430 3580 3780 3634 exercituum

2162 3656 2279 3727 jam
2305 3661 2711 3716 demonstrabat
2750 3666 2947 3734 gaudio
2975 3683 3074 3722 suo
3105 3669 3297 3735 aciem,
3352 3672 3660 3741 propellere
3686 3673 3783 3728 tri.

2171 3750 2375 3805 stitiam
2407 3760 2462 3807 et
2508 3756 2770 3809 mundum
2819 3756 2873 3811 in
2912 3766 3059 3814 terra
3112 3763 3388 3831 perditum
3440 3764 3497 3817 in
3534 3766 3771 3823 excelsis

2171 3841 2601 3898 salvificandum.
2637 3844 2887 3916 Magnum
2926 3860 3108 3905 autem
3142 3868 3325 3923 regem
3358 3855 3780 3913 salvilicandum

2172 3931 2287 4003 [I".,
2324 3935 2716 3992 salvillcantem
2760 3940 2973 4013 parere]
3002 3943 3188 3999 debuit
3229 3945 3419 4013 Maria,
3467 3950 3601 4019 quia
3628 3952 3685 4007 in
3714 3968 3778 4008 ea

2162 4020 2276 4091 jam
2307 4036 2423 4079 erat
2447 4026 2758 4083 castificans
2788 4046 2853 4086 ac
2898 4035 3247 4091 sanetilicans
3275 4054 3397 4094 eam
3426 4056 3444 4105 ;
3494 4057 3624 4099 nam
3654 4055 3780 4113 post

2167 4121 2586 4178 admirationem
2613 4124 2884 4182 Elisabeth
2918 4127 3128 4201 [SuppL
3174 4133 3401 4207 repleta]
3426 4146 3628 4192 sancto
3654 4136 3781 4209 Spi-

2166 4213 2271 4267 ritu
2298 4215 2434 4269 dixit
2458 4217 2525 4271 ad
2558 4217 2782 4291 Mariam
2807 4237 2821 4272 :
2854 4217 3005 4275 Unde
3033 4223 3130 4277 hoc
3154 4226 3283 4279 mihi
3311 4236 3370 4280 ut
3392 4231 3568 4283 ueniat
3610 4244 3781 4286 mater

2163 4304 2377 4360 Domini
2406 4310 2506 4361 mei
2533 4309 2602 4362 ad
2633 4327 2713 4364 me
2756 4310 2906 4383 (Luc.
2936 4329 2975 4379 t,
3005 4313 3118 4381 45).
3157 4316 3308 4371 Tunc
3335 4328 3516 4375 mater
3563 4321 3773 4379 Christi

2164 4400 2370 4469 repleta
2404 4400 2608 4472 Spiritu
2639 4414 2830 4459 sancto
2858 4405 2997 4460 dixit
3042 4407 3374 4479 :Magniﬁcat
3419 4415 3606 4468 anima
3650 4434 3771 4471 mea

460 4505 622 4575 digne
644 4505 906 4565 dicamus,
956 4509 1051 4554 aut
1077 4500 1207 4570 quid
1246 4500 1546 4554 referemus
1587 4499 1640 4552 in
1688 4498 1902 4554 laudem
1947 4507 2056 4552 tam
2093 4536 2139 4595 ο
2163 4492 2468 4560 Dominum,
2498 4505 2544 4549 et
2573 4496 2850 4551 exsultavit
2879 4498 3094 4568 spiritus
3136 4518 3281 4556 meus
3305 4504 3359 4557 in
3399 4503 3514 4558 Deo
3538 4507 3775 4562 salutari

458 4595 709 4668 gloriosae
748 4593 1026 4664 genitricis
1059 4590 1199 4646 Dei?
1249 4590 1423 4645 Sileat
1451 4605 1596 4644 nunc
1628 4589 1809 4661 lingua
1853 4591 2053 4656 carnis,

458 4688 728 4743 uteadem
755 4695 944 4742 sancta
994 4685 1087 4740 Dei
1132 4684 1368 4755 genitrix
1400 4682 1771 4739 demulceatur
1814 4685 2052 4754 organis,

453 4781 716 4853 plaudant
762 4795 906 4835 nunc
960 4788 1236 4849 tympana,
1300 4784 1495 4831 sonent
1549 4792 1773 4846 organa,
1823 4776 2058 4833 tinniant

455 4889 617 4929 aures
659 4871 978 4927 amantium.
1020 4869 1290 4937 Plaudite,
1342 4886 1521 4923 omnes
1546 4877 1743 4938 gentes,
1788 4870 2047 4933 manibus,

448 4965 675 5027 1ubilate
696 4964 805 5019 Deo
828 4964 885 5018 in
921 4980 1044 5017 voce
1074 4961 1465 5027 exsultationis,
1496 4961 1749 5031 quoniam
1792 4959 2051 5014 Dominus

452 5056 690 5112 excelsus
736 5054 984 5110 terribilis
1014 5064 1060 5108 et
1106 5070 1197 5107 rex
1225 5069 1447 5122 magnus
1482 5068 1641 5122 super
1668 5067 1846 5104 omnes
1898 5049 2051 5105 carlos

454 5147 627 5221 (Psal.
654 5165 802 5215 xm,
824 5148 888 5213 2,
918 5147 995 5218 5),
1023 5154 1076 5201 et
1121 5159 1285 5214 super
1332 5159 1548 5199 omnem
1583 5152 1803 5197 terram.
1835 5142 1917 5196 Ex
1946 5144 2055 5197 vir-

453 5242 577 5313 gine
598 5242 764 5296 Maria
792 5240 941 5295 nasci
965 5240 1216 5310 dignatus
1237 5244 1341 5303 est,
1369 5245 1422 5291 et
1446 5234 1674 5290 Creator
1702 5249 1770 5288 ex
1800 5243 2051 5289 creatura

453 5334 621 5406 regali
651 5334 836 5389 trabea
865 5349 1031 5388 carne
1063 5332 1285 5386 indutus
1310 5348 1378 5385 ex
1409 5329 1635 5398 virginis
1674 5327 1878 5398 palatio
1923 5327 2053 5384 visi-

449 5432 570 5481 tare
592 5426 842 5495 dignatus
866 5434 949 5480 est
976 5425 1255 5478 mundum.

442 5574 445 5577 μ
524 5516 569 5571 0
596 5518 731 5569 mira
755 5517 899 5570 circa
933 5532 1031 5569 nos
1059 5514 1445 5584 omnipotentis
1473 5512 1650 5569 Patris
1676 5522 1731 5570 et
1760 5515 2048 5572 inell'aliilis

449 5609 670 5679 pietatis
715 5608 971 5663 dilectio!
1026 5607 1156 5676 Quis
1211 5623 1449 5677 unquam
1498 5616 1682 5677 posset
1732 5625 1950 5678 sperare
1993 5618 2053 5663 ut

452 5698 597 5750 Deus
627 5714 693 5752 ex
719 5699 920 5754 femina
951 5699 1307 5754 nasceretur?
1339 5695 1382 5752 0
1412 5698 1803 5753 inaestimabilis
1832 5700 2049 5756 dilectio

456 5790 741 5853 charitatis
765 5794 777 5849 l
809 5802 869 5851 ut
898 5793 1039 5851 Deus
1063 5793 1260 5852 Filium
1303 5808 1461 5854 suum
1483 5807 1585 5869 pro
1622 5792 1797 5854 salute
1825 5796 2049 5856 humani

2164 4601 2278 4639 meo
2337 4586 2525 4657 (Ibid.,
2581 4587 2694 4659 47).
2757 4590 3118 4655 Quaerendum
3158 4595 3315 4649 nobis
3358 4603 3467 4659 est,
3525 4597 3772 4655 fratres!

2163 4678 2294 4748 quid
2321 4679 2393 4732 sit
2416 4680 2709 4735 Dominum
2742 4682 3093 4752 magnificare
3120 4702 3135 4752 ;
3166 4700 3343 4757 neque
3364 4688 3511 4742 enim
3536 4688 3775 4746 Creator

2162 4771 2279 4826 fieri
2322 4779 2501 4840 potest
2543 4787 2772 4844 magnus
2798 4790 2827 4827 a
2854 4784 3124 4830 creatura.
3176 4777 3309 4832 Cum
3350 4778 3568 4834 dicatur
3593 4823 3608 4832 .
3666 4782 3773 4848 Qui

2160 4866 2281 4919 vivit
2308 4867 2365 4920 in
2387 4876 2661 4935 (uernum,
2690 4871 2884 4923 creavit
2915 4887 3067 4925 omne
3087 4872 3246 4926 simul
3290 4872 3460 4944 (Eccl.
3496 4891 3662 4941 mn,
3693 4877 3771 4947 ί),
3826 4946 3831 4951 ἡ

2158 4954 2227 5009 Et
2266 4955 2556 5012 Psalmista
2594 4977 2605 5011 :
2654 4957 2812 5031 552
2855 4957 3137 5015 Fundator
3175 4961 3543 5019 exsultatiom's
3589 4965 3774 5038 [Leg.,

2153 5048 2411 5118 fundatur
2430 5048 2800 5122 exsultatione]
2821 5052 3077 5107 universae
3099 5061 3252 5107 teme
3276 5050 3448 5126 (Psal.
3473 5072 3656 5121 nvu,
3678 5060 3773 5125 5);

2153 5151 2208 5198 et
2232 5143 2400 5198 alibi:
2450 5142 2675 5214 Magnus
2729 5128 2987 5199 Dominus
3032 5155 3228 5211 noster,
3278 5157 3326 5200 et
3358 5164 3555 5219 magna
3599 5152 3774 5206 virtus

2151 5238 2287 5307 ejus,
2314 5246 2363 5291 et
2399 5238 2669 5308 sapientitr
2696 5238 2811 5308 ejus
2851 5256 2961 5293 non
2983 5249 3061 5294 est
3098 5257 3345 5296 numerus
3377 5241 3553 5313 (Psal.
3576 5261 3771 5305 cn".

2152 5331 2228 5401 5).
2261 5329 2368 5385 Sed
2400 5332 2605 5387 duobus
2643 5331 2843 5386 dicitur
2872 5333 3047 5387 modis
3088 5334 3231 5390 Deus
3271 5336 3644 5406 tnaguilicari,
3678 5340 3769 5392 vel

2158 5427 2398 5490 adorari,
2439 5437 2497 5481 ut
2532 5428 2670 5482 Deus
2695 5445 2709 5493 ;
2738 5436 2830 5482 aut
2859 5429 3141 5495 admirari,
3174 5439 3231 5485 ut
3263 5448 3513 5501 magnus.
3554 5432 3774 5504 Magni-

2159 5516 2352 5571 ficatur
2377 5517 2521 5571 enim
2565 5518 2705 5571 Deus
2734 5534 2763 5572 a
2795 5519 2970 5585 nobis,
3012 5537 3135 5576 cum
3162 5523 3543 5591 niagnilicatur
3572 5524 3630 5577 in
3670 5540 3774 5579 no-

2158 5612 2259 5665 bis.
2292 5609 2395 5665 Sed
2426 5626 2531 5664 non
2559 5611 2639 5665 sic
2667 5612 3047 5682 magniﬂcalur
3079 5615 3129 5667 in
3158 5614 3335 5679 nobis,
3383 5616 3523 5669 sicut
3551 5618 3776 5686 magni-

2160 5704 2352 5760 licatur
2400 5705 2453 5759 in
2506 5705 2691 5771 Maria,
2745 5706 2887 5761 unde
2937 5723 3158 5762 carnem
3207 5708 3520 5778 assumpsit.
3552 5708 3637 5763 Ex
3670 5710 3771 5766 illa

2155 5798 2300 5856 enim
2334 5798 2426 5858 Dei
2461 5798 2628 5860 Filius
2666 5805 2751 5857 est
2803 5805 2982 5858 natus.
3037 5798 3400 5876 Singulariter
3443 5788 3580 5860 sane
3612 5799 3775 5873 Deus
