4032 6354
256 318 395 380 1505

1287 290 1437 350 OPP.
1481 280 1883 345 SUPPOSITA.
1921 308 1995 321 —
2030 270 2341 333 HOMILLE
2382 263 2476 326 ιν.

3399 250 3542 309 1506

256 430 638 507 magniﬁcam:
665 426 723 481 in
756 416 945 485 Maria,
977 412 1103 472 dum
1132 410 1249 483 ipsa
1277 406 1445 463 verbo
1475 399 1726 470 concepit
1750 393 1845 449 Fi-
1872 396 1920 454 Α
1950 388 2154 461 genuit,
2188 385 2358 440 vitam
2379 377 2701 439 mortalibus
2731 372 2977 445 protulit.
3019 369 3159 426 Vere
3174 365 3347 421 enim
3382 365 3543 419 beata

1078 505 1085 507 Α
1292 499 1306 507 .
1386 506 1389 507 ,
1471 497 1504 507 .,
1670 506 1675 507 ,
1704 505 1733 507 ,_
1796 493 1842 507 ,ι
1947 479 2225 507 1......ειτιηη
2280 492 2398 507 ,ην-η
2419 472 2581 507 nmina
2614 468 2880 507 nuntiavit
2942 463 3239 507 innnvnviL
3271 460 3537 507 mundum

255 493 411 591 lium,
442 531 496 579 et
527 521 646 576 sine
690 514 875 572 dolore
908 505 1139 583 peperit,
1188 509 1243 558 et
1292 497 1513 554 iactavit
1559 505 1741 563 regem
1790 493 1846 542 et

258 619 599 675 Salvatorem
628 608 867 664 omnium
917 599 1261 657 saeculorum.
1310 586 1685 660 Magniﬁcatur
1718 591 1847 649 ergo

256 709 519 766 Dominus
547 706 599 759 in
627 701 794 756 Maria
818 715 833 763 ;
880 690 1257 763 magniﬁcemr
1285 691 1341 737 et
1380 682 1436 736 in
1462 677 1638 740 nobis,
1682 671 1725 728 si
1754 668 1850 723 ad-

257 804 538 863 miremur,
567 792 919 867 gratulemur,
968 793 1021 841 et
1050 781 1251 854 gratias
1296 775 1376 831 illi
1420 783 1660 843 agamus.
1711 764 1850 817 Lau-

258 896 451 951 demus
492 888 668 951 illum,
717 881 1006 937 adoremus
1052 873 1229 934 illum,
1281 865 1370 936 qui
1400 864 1468 917 de
1514 854 1752 914 tenebris
1795 858 1851 905 et

259 989 449 1044 umbra
473 978 665 1037 mortis
691 972 906 1030 vocavit
934 968 1001 1024 ad
1040 966 1226 1027 ﬁdem,
1258 959 1326 1014 ad
1350 956 1519 1011 vitam
1558 951 1624 1005 de
1652 951 1848 1009 morte,

260 1083 326 1138 ad
356 1074 819 1144 incorruptionem
860 1067 926 1121 de
974 1058 1338 1130 corruptione,
1390 1050 1457 1105 ad
1501 1043 1733 1116 patriam
1782 1036 1851 1091 de

260 1129 593 1236 exsilio,—ad.
608 1163 861 1237 gaudium
888 1157 955 1212 de
998 1129 1170 1216 luctu,
1215 1156 1377 1217 atque
1421 1142 1489 1195 ad
1515 1132 1757 1193 coelestia
1784 1129 1852 1184 de

261 1263 495 1324 terrenis
522 1255 815 1316 revocavit.
849 1252 1125 1307 Imitemur
1154 1244 1207 1297 in
1238 1239 1439 1307 aliquo,
1485 1231 1703 1289 fratres,
1736 1238 1854 1278 ma-

262 1370 402 1416 trem
430 1353 665 1418 Domini,
692 1351 737 1404 si
762 1346 1012 1403 volumus
1042 1338 1159 1393 ﬁeri
1186 1332 1283 1388 ﬁlii
1311 1329 1447 1398 ejus,
1481 1333 1535 1380 et
1560 1318 1854 1393 participes

261 1469 429 1525 regno
461 1445 673 1505 Domini
696 1439 887 1498 nostri.
921 1437 1038 1507 Ipsa
1065 1438 1211 1486 certe
1236 1426 1356 1480 ideo
1376 1427 1459 1476 est
1478 1422 1652 1471 mater
1677 1407 1857 1464 Domi-

261 1503 422 1525 -νυ---
462 1503 486 1505 ν
517 1503 525 1504 κ
945 1503 959 1507 _

260 1549 318 1604 ui
352 1543 565 1607 effecta,
596 1538 721 1610 quia
747 1544 959 1600 semper
983 1520 1353 1581 delectabatur
1381 1512 1449 1566 ad
1475 1503 1717 1563 C(Blestia
1747 1517 1761 1565 ;
1802 1506 1859 1552 et

353 1591 565 1607 νηνη,
603 1591 652 1610 τ
864 1591 880 1600 _

265 1656 364 1696 nos
414 1639 460 1693 si
503 1631 814 1691 caelestibus
860 1622 1154 1680 inhiamus,
1205 1610 1540 1667 voluntatem
1580 1597 1674 1653 Dei
1725 1591 1859 1647 faci-

263 1747 425 1795 mus;
459 1728 506 1783 si
533 1732 713 1780 autem
742 1716 838 1773 Dei
859 1713 1192 1768 voluntatem
1240 1700 1469 1771 agimus,
1496 1698 1782 1762 possumus
1803 1682 1859 1734 in

264 1834 492 1879 numero
522 1813 711 1870 matris
741 1817 796 1865 et
822 1801 1109 1864 vocabulo,
1136 1797 1264 1851 licet
1292 1806 1401 1847 non
1426 1793 1618 1841 natura

172 1932 175 1933 '
263 1912 506 1986 proprie,
535 1908 676 1963 sicut
718 1904 851 1973 ipsa,
902 1890 1167 1965 deputari.
1211 1886 1331 1957 lpse
1363 1890 1595 1945 namque
1628 1867 1863 1940 Virginis

264 2007 438 2063 Filius
461 2002 625 2059 dicit:
672 1997 733 2053 Si
775 1993 891 2066 quis
927 1987 1105 2060 fecerit
1153 1979 1335 2034 Patris
1381 1972 1480 2027 mei
1524 1965 1861 2026 voluntatem,

264 2103 375 2172 ipse
409 2112 554 2151 meus
579 2093 745 2163 frater
765 2052 813 2142 elt
841 2098 993 2140 soror
1016 2088 1061 2133 et
1090 2082 1256 2131 mater
1278 2078 1351 2124 est
1376 2064 1594 2138 (Matth.
1621 2073 1721 2122 xu,
1749 2052 1859 2125 50).

267 2151 364 2172 γη
579 2151 590 2163 .

267 2193 377 2249 Nos
409 2204 539 2259 ergo
579 2184 715 2241 nihil
745 2175 1193 2246 concupiscamus
1223 2173 1526 2223 terrenum,
1552 2151 1687 2209 nihil
1718 2158 1867 2203 tran-

269 2283 541 2345 sitorium,
577 2287 651 2343 et,
680 2273 826 2345 quod
849 2270 916 2324 ad
942 2277 1181 2337 praesens
1208 2264 1292 2313 est
1317 2255 1395 2309 sic
1421 2260 1482 2305 ut
1510 2246 1862 2302 delectemur.

270 2378 497 2434 Omnem
525 2336 825 2436 risum-pro
852 2336 999 2415 luctu
1043 2356 1380 2423 deputemus,
1409 2350 1463 2397 et
1491 2336 1744 2409 gaudium
1770 2344 1869 2401 pro

272 2482 530 2532 maerore,
562 2472 624 2538 et.
648 2456 908 2515 mundum
951 2463 1051 2520 pro
1100 2454 1341 2500 carcere.
1390 2434 1541 2489 Mens
1581 2443 1701 2498 quae
1744 2422 1871 2479 soli-

1243 2532 1275 2538 ’³
1420 2527 1430 2537 ⁸
1518 2523 1532 2538 ¹
1604 2536 1612 2538 μ
1679 2513 1870 2538 -ι-ι-.-1ι-ι

274 2565 399 2621 data
447 2561 502 2616 in
552 2554 769 2612 Christo
812 2546 1116 2618 permanet,
1168 2532 1375 2590 nullum
1418 2527 1474 2580 in
1518 2523 1622 2576 hoc
1676 2513 1872 2572 saeculo

275 2657 472 2730 qumrit
501 2650 782 2724 gaudium,
814 2640 956 2697 unde
986 2634 1263 2691 Salomon,
1291 2621 1510 2678 Nullum
1537 2623 1640 2677 est,
1673 2608 1872 2677 inquit,

1056 2726 1069 2730 -
1097 2725 1107 2730 -
1213 2720 1250 2730 “
1330 2716 1340 2728 ο
1365 2715 1378 2730 ι
1447 2707 1678 2730 [πη-..μη
1728 2699 1849 2730 ;.,.ί;

276 2699 697 2730 Ὶ“““¹’δ““*“ί
769 2699 780 2710 ι

276 2748 531 2822 gaudium
554 2741 658 2798 nisi
682 2740 738 2794 in
766 2732 994 2790 Domino
1018 2745 1031 2792 ;
1056 2725 1184 2779 hinc
1213 2715 1408 2773 David:
1445 2707 1700 2768 Gaudete,
1723 2699 1873 2770 iusti,

1031 2820 1037 2822 λ
1104 2818 1142 2822 .-
1200 2814 1211 2822 .
1408 2806 1428 2822 ⁷
1517 2798 1733 2822 “Au-:MA
1763 2794 1847 2822 ’,ιιι
1864 2821 1872 2822 κ

276 2794 332 2899 in
360 2794 783 2905 υοηᾷἓλιξζρεαι.
814 2842 931 2891 xxr,
960 2820 1072 2890 il).
1104 2818 1171 2872 Et
1200 2814 1368 2867 item:
1400 2806 1466 2859 In
1508 2798 1734 2857 Domino
1760 2794 1877 2847 ιαυρ

279 2936 491 2991 dabitur
525 2928 701 2983 anima
732 2938 867 2985 mea,
901 2927 947 2971 et
974 2913 1150 2968 anima
1198 2922 1309 2962 mea
1354 2894 1634 2955 exsultabit
1677 2892 1731 2944 in
1766 2887 1877 2943 Do-

280 3027 422 3082 mino
455 3018 627 3094 (Psal.
664 3029 859 3076 xxxiii,
909 3007 985 3079 '5).
1016 3006 1127 3059 Et:
1178 2998 1370 3053 Anima
1410 3006 1524 3045 mea
1565 2987 1699 3041 sicut
1738 2991 1879 3035 terra

1946 479 2247 545 humilitas,
2279 492 2399 547 qua:
2418 472 2585 533 caelos
2614 468 2905 533 nuntiavit,
2942 463 3239 527 innovavit,
3271 460 3537 515 mundum

1945 572 2268 646 puriﬁcavit,
2302 568 2616 639 paradisum
2645 562 2877 634 aperuit,
2905 567 2961 615 et
2996 564 3308 613 sanctorum
3337 552 3547 607 animas

1947 666 2016 719 ab
2043 661 2231 718 inferis
2261 659 2530 715 liberavit.
2562 657 2728 712 Beata
2752 667 2877 710 vere
2902 649 3204 712 humilitas,
3230 662 3350 717 qua:
3388 652 3550 715 porta
3594 640 3597 641 ⁷

1946 752 2185 827 paradisi
2208 750 2367 816 ellici,
2390 749 2534 805 scala
2564 746 2688 802 coeli
2716 742 3062 801 constituitur
3087 758 3099 793 :
3133 737 3301 793 Facta
3330 744 3414 791 est
3435 734 3550 789 Ma-

1952 850 2033 903 ria
2047 845 2193 902 scala
2208 844 2466 899 caelestis.
2483 840 2660 905 Scala,
2676 839 2897 907 inquam
2908 876 2922 900 ,
2938 832 3058 889 coeli
3074 828 3439 889 constituitur,
3453 840 3551 897 per

1954 951 2116 1007 quam
2135 935 2277 989 Deus
2292 931 2572 987 descendit
2593 929 2660 984 ad
2684 938 2877 983 terras.
2902 926 3068 980 Facta
3088 931 3173 977 est
3188 920 3355 975 Maria
3370 918 3549 990 palma

1951 1030 2245 1098 virginum,
2280 1023 2449 1096 gloria
2472 1023 2777 1085 viduarum,
2808 1016 3099 1074 exsultatio
3134 1011 3447 1083 coniugum,
3473 1010 3553 1063 vi—

1952 1120 2122 1178 ctoria
2144 1116 2598 1177 Christianorum,
2628 1110 2882 1183 gaudium
2905 1108 3220 1180 angelorum
3246 1145 3259 1157 .
3283 1142 3295 1157 .
3315 1142 3328 1155 .
3354 1100 3557 1156 anima-

1953 1230 2096 1270 rum.
2125 1210 2287 1265 Facta
2303 1217 2386 1263 est
2402 1205 2573 1261 Maria
2590 1202 2756 1273 janua
2772 1201 3057 1265 caelorum,
3091 1194 3403 1255 sublimatio
3428 1207 3557 1262 apo-

1955 1306 2238 1367 stolorum,
2265 1300 2381 1369 laus
2404 1306 2723 1365 martyrum,
2744 1292 2997 1365 jubilatio
3018 1290 3414 1351 confessorum,
3435 1300 3579 1348 con:

1958 1397 2185 1454 tinentia
2203 1395 2475 1465 virginum
2496 1390 2681 1462 regula
2713 1388 3125 1449 monachorum,
3140 1396 3331 1438 norma
3356 1377 3559 1451 princi-

1955 1506 2105 1563 pum,
2118 1487 2328 1559 justitia
2353 1499 2561 1555 regum.
2589 1481 2754 1536 Facta
2772 1486 2856 1535 est
2871 1478 3017 1534 salus
3034 1490 3264 1537 morum,
3293 1486 3441 1527 mors
3457 1469 3560 1524 cri-

1960 1584 2194 1645 minum,
2218 1579 2330 1632 vita
2358 1578 2644 1639 virtutum,
2675 1573 2850 1627 virtus
2877 1566 3253 1641 pugnantium,
3277 1562 3456 1633 palma
3475 1559 3561 1613 vi-

1962 1686 2192 1732 ctorum.
2217 1674 2382 1728 Facta
2410 1678 2495 1725 est
2525 1668 2691 1722 Maria
2722 1664 2935 1720 excelsa
2963 1675 3125 1731 super
3149 1659 3348 1714 sidera.
3375 1661 3561 1708 sancta

1623 1781 1744 1833 liter
1773 1773 1858 1829 vel
1890 1773 1934 1831 Β
1962 1778 2123 1833 super
2146 1775 2335 1817 omnes
2367 1758 2617 1818 feminas,
2651 1753 2803 1823 cujus
2827 1751 2938 1805 vita
2962 1748 3164 1818 inclyta
3188 1752 3413 1800 cunctas
3436 1739 3562 1793 illu-

1962 1865 2099 1914 strat
2123 1854 2405 1917 ecclesias,
2432 1851 2751 1920 languentes
2778 1850 2954 1906 sanat,
2992 1840 3236 1911 perditos
3270 1837 3564 1897 instaurat,

1964 1966 2225 2022 spemque
2249 1945 2552 2016 desperatis
2578 1941 2825 2010 inspirat.
2862 1936 2989 1991 Hcce
3018 1942 3102 1988 est
3127 1940 3304 1987 mater
3340 1927 3561 1991 Christi,

1965 2059 2085 2115 quae
2104 2040 2362 2113 paciﬁcas
2384 2045 2595 2092 mentes
2619 2033 2882 2096 illustrat;
2912 2028 3032 2082 laeta
3055 2026 3110 2080 in
3132 2013 3565 2095 proficientibus,

1966 2133 2241 2189 fructuosa
2260 2131 2312 2184 in
2326 2125 2739 2200 paenitentibus,
2752 2120 2984 2193 gloriosa
3003 2118 3056 2171 in
3073 2109 3565 2185 perseverantibus,

1966 2225 2259 2281 victoriosa
2290 2224 2345 2277 in
2390 2217 2813 2275 transeuntibus.
2847 2212 2973 2266 Haec
3015 2218 3121 2274 est,
3161 2207 3406 2274 inquam,
3452 2201 3569 2255 hzec

1968 2330 2051 2376 est
2083 2318 2249 2390 Virgo
2277 2317 2456 2377 beata,
2491 2327 2611 2382 quae
2658 2311 2875 2364 beatam
2918 2318 2977 2359 se
3023 2300 3092 2354 ab
3128 2298 3381 2355 omnibus
3409 2305 3571 2362 gene-

1970 2412 2272 2468 rationibus
2323 2404 2656 2468 manifestat,
2707 2414 2775 2454 eo
2838 2395 2984 2466 quod
3039 2389 3156 2460 ejus
3205 2385 3569 2444 humilitatem

1970 2502 2271 2575 respexerit
2302 2502 2462 2556 Deus.

2042 2618 2175 2688 Age,
2207 2613 2519 2670 beatissima
2551 2608 2646 2663 Dei
2675 2603 2907 2678 genitrix
2936 2618 2951 2667 ;
2976 2600 3080 2662 dic,
3117 2605 3179 2653 ut
3203 2601 3423 2651 resonet
3467 2606 3571 2645 vox

1976 2720 2068 2766 tua
2101 2716 2214 2762 toto
2244 2717 2512 2762 terrarum
2535 2702 2703 2756 orbe:
2737 2697 2821 2752 eia
2853 2709 3016 2749 voces
3043 2689 3252 2751 emitte,
3286 2686 3412 2755 quia
3440 2684 3492 2736 in
3519 2690 3573 2739 te

1978 2792 2214 2874 spiritus
2244 2810 2465 2855 sanctus
2500 2796 2717 2856 clamat,
2761 2791 2815 2844 in
2849 2797 2904 2843 te
2932 2783 3174 2840 Ecclesia
3214 2778 3456 2850 quotidie
3488 2788 3580 2831 re-

1979 2904 2155 2951 sonat.
2188 2893 2286 2947 Dic
2319 2905 2489 2961 ergo:
2527 2884 2671 2940 Fecit
2712 2881 2843 2936 mihi
2889 2876 3147 2931 Dominus
3190 2887 3406 2941 magna,
3452 2865 3577 2937 quia

1978 2997 2158 3060 potens
2186 2993 2261 3039 est
2293 2952 2444 3054 (Luvc.
2479 2995 2514 3043 ι,
2547 2976 2662 3047 49).
2692 2973 2824 3039 Quae
2856 2978 3035 3022 tamen
3066 2977 3260 3033 magna
3286 2957 3413 3013 fecit
3434 2952 3581 3010 iste?

456 3064 501 3094 χ-
527 3064 627 3076 ......
948 3064 959 3079 ,

281 3123 394 3177 sine
416 3133 553 3189 aqua
585 3112 677 3167 tibi
706 3104 878 3182 (Psal.
903 3116 1068 3164 cun,
1098 3095 1175 3167 6).
1223 3091 1359 3147 Nam
1385 3083 1515 3156 quid
1544 3081 1609 3135 de
1642 3088 1878 3149 prcesen-

1078 3191 1089 3197 ·
1190 3194 1197 3197 λ
1386 3193 1468 3197 νΑμ
1524 3166 1850 3197 unum-donli

1984 3085 2139 3156 quale
2159 3091 2243 3138 est
2270 3094 2466 3135 nomen
2496 3072 2654 3145 ejus?
2681 3070 2882 3125 Potens
2908 3070 2995 3118 est
3023 3069 3078 3116 et
3098 3065 3344 3114 sanctum
3382 3064 3578 3107 nomen

1994 3178 2028 3197 λ
2058 3195 2091 3197 "
2149 3175 2275 3197 ’λ’-ι*
2310 3187 2432 3197 ἠ’-η
2479 3169 2532 3197 in
2561 3175 2615 3197 Ἀ
2650 3163 2769 3197 feni!
2818 3171 3012 3197 macria
3063 3152 3293 3197 Creator
3335 3142 3576 3197 universi

282 3166 391 3177 -..η
417 3166 549 3189 ηπ
590 3166 593 3167 ν
711 3166 724 3182 κ
1136 3166 1139 3167 ν

282 3214 428 3271 tibus
458 3215 666 3265 tantum
701 3198 955 3258 exsultat,
1001 3191 1094 3263 qui
1135 3194 1339 3242 aeterna
1366 3193 1474 3233 non
1519 3166 1875 3238 concupiscit,

287 3304 524 3377 quicum
552 3296 804 3351 laudatur
832 3284 1125 3345 extollitur,
1156 3290 1280 3333 cum
1307 3272 1649 3339 vituperatur
1673 3255 1881 3327 magnis

290 3354 378 3377 ,ιη
411 3354 453 3357 η

288 3392 581 3453 iracundiae
631 3383 866 3444 stimulis
901 3377 1227 3447 exagitatur,
1276 3368 1417 3423 hanc
1458 3354 1882 3417 exsultationem

287 3491 584 3548 electorum
605 3481 806 3536 habere
832 3489 939 3529 non
966 3467 1185 3539 poterit.

363 3602 422 3657 ιιι
458 3613 565 3669 qua
609 3607 739 3648 vero
784 3601 909 3642 arce
938 3575 1260 3639 humilitatis
1290 3569 1478 3627 eadem
1524 3564 1684 3619 beata
1722 3556 1887 3625 Virgo

290 3692 611 3772 perSIiterit,
648 3688 777 3744 hinc
813 3677 1018 3751 liquido
1065 3674 1307 3742 apparet,
1356 3659 1500 3733 quod
1545 3652 1767 3710 nuntius
1804 3649 1889 3703 ln—

949 3770 959 3772 λ
988 3768 998 3772 -
1042 3764 1053 3772 ·
1331 3764 1372 3772 ι-
1412 3747 1617 3772 -..---I:..
1642 3740 1885 3772 ξηιηιιιὶοιι

295 3740 611 3772 Υν¹“”⁸““·’⁷1
650 3740 697 3744 --ν
873 3740 891 3751 .
1098 3740 1112 3742 _
1134 3740 1147 3741 γ

295 3783 625 3846 carnationis
660 3774 881 3837 Christi,
913 3768 1002 3824 ubi
1036 3764 1148 3834 jam
1188 3764 1383 3813 cuncta
1408 3747 1621 3807 szeculis
1642 3740 1889 3797 inaudita

294 3880 474 3937 eidem
500 3872 663 3931 matri
689 3874 892 3925 sancta:
915 3855 1125 3929 Virgini
1156 3847 1364 3911 retulit,
1397 3842 1464 3897 ad
1494 3838 1742 3893 ultimum
1772 3832 1891 3903 ipsa

296 3967 639 4042 responderit
664 3984 678 4019 :
717 3962 869 4024 Ecce,
898 3951 1168 4023 inquiens,
1196 3937 1392 3997 ancilla
1426 3930 1638 3989 Domini
1666 3926 1815 3997 (Luc.
1851 3938 1888 3985 ι,

297 4066 412 4139 38).
472 4063 516 4120 Ο
560 4067 760 4131 quanta
811 4052 986 4105 virtus
1030 4050 1116 4100 est
1162 4030 1505 4094 humilitatis,
1545 4037 1707 4093 super
1732 4031 1893 4088 quem

1132 4136 1160 4139 Α·
1535 4116 1707 4139 εη-ηε.
1750 4111 1866 4139 an;

300 4111 412 4139 νη.
479 4111 509 4120 ν
565 4111 698 4131 γη

300 4158 559 4216 Dominus
587 4152 771 4208 venire
796 4147 1085 4217 dignatur:
1125 4136 1293 4203 Super
1316 4140 1489 4198 quem,
1534 4116 1711 4188 inquit
1750 4111 1897 4167 Scri-

300 4260 477 4322 ptura,
529 4246 809 4319 requiescet
866 4232 1144 4293 Dominus,
1201 4222 1304 4276 nisi
1352 4231 1507 4287 super
1550 4206 1799 4265 humilem
1848 4212 1897 4257 et

1305 4313 1345 4322 ¹“
1632 4304 1684 4322 ΠΧ
1759 4298 1895 4322 IIl-.4.

302 4298 477 4322 ιη’-νη
532 4298 633 4319 --γ

301 4345 530 4418 quietum
557 4350 604 4394 et
646 4341 946 4392 trementem
981 4323 1133 4381 verba
1171 4335 1268 4374 sua
1299 4313 1432 4385 (Isa.
1460 4322 1606 4369 LxVI,
1632 4304 1710 4373 2).
1759 4298 1897 4353 Hinc

1148 4414 1161 4418 -
1456 4402 1467 4412 .
1519 4397 1713 4418 ___,.___
1780 4389 1868 4418 an,

304 4389 528 4418 την-η,
559 4389 600 4394 ,,

304 4439 447 4493 inter
487 4440 709 4488 cmteras
739 4419 1104 4481 beatitudines
1148 4407 1426 4467 humilitas
1455 4397 1735 4459 inseritur,
1780 4389 1899 4445 Sal-

301 4540 492 4589 vatore
521 4532 792 4583 testante:
826 4519 976 4574 Beati
1014 4524 1265 4585 pauperes
1290 4503 1499 4575 spiritu,
1527 4495 1775 4569 quoniam
1814 4505 1899 4544 re-

307 4579 746 4698 gnum'c-avel—orum
770 4622 842 4668 est
873 4610 940 4664 ad
970 4579 1129 4677 ipsos
1157 4596 1372 4671 (Matth.
1398 4609 1452 4657 v,
1479 4590 1553 4662 5).
1588 4586 1722 4641 Hinc
1758 4579 1903 4637 Psal-

308 4674 461 4698 7"""'
504 4674 511 4675 ’
991 4674 999 4677 .

308 4717 497 4773 mista:
523 4709 781 4766 Dominus
801 4699 1026 4757 humiles
1048 4693 1236 4765 spiritu
1258 4684 1479 4743 salrabit
1506 4674 1676 4746 (Psal.
1707 4686 1900 4734 χχχιιι,

309 4761 848 4877 humiles,
877 4790 1033 4853 dixit,
1058 4761 1287 4853 corpore
1331 4771 1578 4835 salvabit,
1610 4766 1705 4823 sed
1731 4761 1908 4819 humi-

311 4900 389 4953 les
436 4894 673 4966 spiritu;
725 4858 855 4945 hinc
904 4878 1195 4954 Apostolus
1244 4874 1312 4929 ad
1360 4872 1464 4925 hoc
1513 4865 1783 4923 admonet,
1819 4858 1905 4911 in-

312 4990 540 5062 quiens:
588 4976 959 5037 Humiliamini
1006 4971 1100 5027 sub
1130 4964 1326 5041 potenti
1370 4974 1532 5014 manu
1574 4954 1693 5013 Dei,
1725 4958 1782 5003 ut
1813 4964 1907 5001 nos

312 5080 504 5137 exultet
547 5078 605 5131 in
633 5084 862 5143 tempore
894 5062 1207 5121 uisitationis
1250 5056 1300 5129 (I
1326 5054 1471 5109 Petr.
1494 5066 1549 5115 v,
1575 5046 1650 5120 6).
1704 5044 1772 5099 Et
1797 5042 1913 5111 ipse

314 5177 577 5234 Dominus
608 5172 675 5226 de
702 5184 762 5223 se
791 5160 1108 5232 discipulis:
1160 5152 1358 5209 Discite
1393 5166 1425 5201 a
1470 5162 1551 5200 me
1598 5142 1721 5213 quia
1772 5136 1912 5191 mitis

315 5228 763 5326 sani—ethumilis
801 5228 957 5312 corde
1002 5248 1217 5323 (Matth.
1254 5260 1331 5307 ιι,
1367 5238 1479 5309 29).
1532 5233 1628 5288 Dei
1679 5228 1914 5300 genitrix

318 5367 480 5438 hujus
529 5366 731 5417 sancta:
778 5345 1103 5407 humilitatis
1158 5343 1362 5396 virtute
1402 5329 1662 5403 pollebat,
1705 5323 1917 5377 dicente

1142 5436 1149 5438 “
1265 5429 1316 5438 ³⁸·
1610 5416 1727 5438 ΑΗ..
1784 5429 1889 5438 --.ι-.-

321 5416 476 5438 --τη
532 5416 535 5417 ,

320 5462 481 5530 ipsa:
534 5449 777 5523 Respexit
828 5442 1082 5498 Dominus
1132 5429 1477 5488 humilitatem
1520 5416 1727 5476 ancilla?
1780 5429 1912 5477 sure,

322 5506 438 5530 ,τη
470 5506 480 5511 -
637 5506 647 5523 ,

322 5568 441 5609 ecce
487 5564 552 5603 ea:
600 5548 695 5597 hoc
744 5541 947 5594 beatam
996 5547 1078 5585 me
1125 5527 1296 5580 dicent
1336 5532 1512 5572 omnes
1561 5506 1916 5582 generationes

325 5647 479 5719 (an.
509 5657 546 5705 ι,
579 5639 690 5709 48).
733 5636 799 5690 Et
848 5642 994 5691 vere,
1028 5623 1243 5680 fratres,
1290 5610 1468 5669 omnis
1513 5601 1744 5659 mundus
1770 5611 1917 5649 eam-

1256 5717 1262 5719 Α
1410 5718 1453 5719 η
1476 5696 1732 5719 --η.εη...υ.
1768 5688 1891 5719 ,ιζηῖι

327 5688 479 5719 κυκν-
512 5688 546 5705 -ν
590 5688 689 5709 -νιτ
736 5688 747 5690 ν
984 5688 991 5691 .

327 5739 450 5793 dem
474 5743 703 5790 matrem
747 5722 956 5781 Domini
980 5732 1076 5790 per
1108 5717 1332 5769 cunctas
1362 5696 1736 5776 generationes
1766 5688 1916 5744 dicit.

332 5828 472 5886 Vere
497 5823 643 5883 enim
689 5821 847 5877 beata
898 5806 1204 5874 humilitas,
1253 5812 1375 5876 quae
1403 5792 1575 5852 Deum
1610 5779 1923 5846 hominibus

1932 3174 1950 3197 ⁴
1982 3178 2119 3248 ejus.

1926 4507 1978 4567 ι)
2003 4437 2292 4546 tit-fulgore
2321 4470 2568 4526 ﬁdei-nos
2593 4454 2959 4535 perlustravit.
2984 4437 3133 4513 Ideo,

2148 3175 2277 3242 Qua:
2307 3187 2434 3242 ergo
2479 3169 2533 3223 in
2561 3175 2615 3221 te
2650 3163 2777 3218 fecit
2818 3171 3014 3227 magna
3063 3152 3293 3209 Creator
3335 3142 3576 3201 universi

1983 3268 2175 3328 orbis?
2210 3264 2290 3319 Ex
2324 3272 2393 3327 te,
2436 3273 2558 3330 quae
2584 3269 2706 3309 eras
2733 3258 2985 3307 creatura
3011 3244 3150 3314 ejus,
3193 3237 3347 3294 nasci
3393 3235 3584 3306 digna-

1983 3376 2092 3422 tur.
2148 3364 2242 3418 Dic
2268 3374 2419 3431 ergo,
2471 3354 2724 3425 gloriosa,
2760 3346 3016 3403 audiatur
3060 3355 3165 3397 vox
3210 3337 3264 3391 in
3307 3331 3580 3390 excelsis:

1986 3473 2109 3514 cum
2138 3468 2311 3510 essem
2339 3447 2560 3505 humilis
2586 3441 2785 3513 puella,
2828 3434 3007 3507 placui
3051 3430 3185 3502 regi,
3217 3427 3310 3498 qui
3340 3421 3585 3480 sublimis

1986 3558 2071 3605 est
2091 3562 2252 3616 super
2270 3550 2448 3605 astra;
2474 3546 2528 3592 et
2550 3550 2671 3590 cum
2694 3545 2870 3586 essem
2894 3528 3216 3594 desponsata
3236 3517 3354 3571 viro
3377 3513 3585 3578 Judzeo,

1988 3644 2165 3717 placui
2196 3640 2325 3695 Deo.
2365 3636 2494 3690 ldeo
2532 3628 2730 3703 placui,
2757 3634 2817 3679 ut
2852 3637 2950 3694 per
2975 3633 3059 3673 me
3085 3611 3347 3671 mundum
3380 3605 3582 3662 illumi-

1991 3746 2167 3795 naret.
2205 3735 2249 3789 Ο
2276 3699 2649 3788 dilectissimi!
2702 3733 2837 3791 quas
2875 3713 3062 3769 laudes
3104 3707 3232 3763 huic
3256 3705 3429 3759 beatae
3460 3699 3607 3754 Vir-.

1994 3832 2105 3903 gini
2142 3824 2408 3896 fragilitas
2452 3825 2639 3875 nostra
2670 3811 2875 3867 referre
2906 3801 3128 3877 potest?
3178 3812 3277 3868 per
3305 3807 3469 3865 quam
3497 3803 3587 3843 re-

1994 3882 2104 3903 0""
2231 3882 2259 3896 υ

1994 3926 2309 3994 cuperatum
2334 3921 2419 3971 est
2461 3925 2631 3981 genus
2670 3905 3008 3961 humanum;
3055 3907 3155 3963 per
3184 3900 3347 3959 quam
3382 3882 3589 3937 aditum

1997 4017 2303 4077 invenimus
2335 4007 2485 4081 regni
2517 4000 2775 4061 caelestis.
2804 3996 2923 4065 lpsa
2954 3997 3040 4045 est
3060 4000 3182 4058 qua:
3213 3982 3331 4037 sine
3354 3978 3592 4033 humano

1997 4112 2203 4171 semine
2247 4106 2524 4163 ctelestem
2567 4093 2790 4169 protulit
2836 4100 3033 4160 panem
3079 4077 3300 4141 saeculo,
3347 4072 3463 4143 ipsa
3510 4073 3594 4123 est

1996 4220 2116 4275 qua:
2165 4199 2480 4271 dignitatem
2533 4159 2809 4262 genitricis
2839 4159 3116 4237 obtinuit,
3169 4176 3225 4224 et
3271 4159 3593 4235 virginalem

1998 4250 2116 4275 ‘I"""
2168 4250 2349 4271 ""U""'
2406 4250 2411 4252 -
2533 4250 2563 4262 υ

1996 4292 2315 4369 pudicitiam
2347 4302 2452 4343 non
2486 4279 2669 4337 amisit
2696 4295 2707 4329 :
2740 4290 2807 4329 ex
2838 4272 2954 4340 ipsa
2982 4272 3134 4321 ortus
3164 4266 3248 4315 est
3267 4255 3343 4313 sol
3369 4250 3595 4323 justitize

2794 4366 2804 4369 ‘
3000 4358 3031 4369 "
3090 4364 3098 4369 -
3212 4352 3333 4369 ιημ-
3364 4342 3564 4369 ..λαμ-ιιι

1999 4342 2249 4443 Christus
2279 4381 2422 4435 Deus
2467 4382 2673 4436 noster,
2718 4366 2808 4436 qui
2851 4358 3036 4443 mundi
3087 4352 3337 4410 tenebras
3364 4342 3592 4417 pepulit,

3161 4444 3379 4504 fratres,
3400 4434 3599 4508 glorio-

2005 4587 2121 4629 sam
2159 4566 2435 4638 Virginem
2482 4556 2750 4629 supplices
2778 4558 3083 4607 exoramus,
3136 4546 3197 4593 ut
3242 4550 3343 4591 nos
3391 4528 3601 4586 meritis

2007 4673 2319 4721 sanctorum
2363 4656 2601 4725 impares
2629 4648 2817 4716 culpas
2849 4646 3067 4695 nostras
3105 4628 3313 4688 orando
3353 4626 3597 4685 excuset,

2008 4757 2260 4813 admittat
2281 4757 2495 4806 nostras
2521 4756 2711 4816 preces
2728 4739 2867 4792 intra
2892 4726 3189 4787 sacrarium
3214 4712 3601 4777 exauditionis,

2010 4860 2066 4907 et
2088 4851 2330 4919 reportet
2359 4839 2589 4911 gratiam
2619 4821 3093 4887 reconciliationis.
3128 4816 3211 4873 Sit
3235 4830 3334 4886 per
3356 4825 3477 4866 eam
3508 4821 3605 4862 exa

2014 4900 2256 5002 cusahile
2282 4900 2426 5006 quod
2473 4924 2820 4995 deliquimus,
2860 4914 3091 4984 accipiat
3118 4908 3262 4980 quod
3302 4900 3602 4963 offerimus,

2013 5039 2263 5103 impetret
2300 4994 2461 5095 lquod
2513 5028 2791 5088 rogamus,
2848 5012 3075 5064 excuset
3129 4998 3273 5072 quod
3329 4994 3603 5047 timemus.

2012 5126 2199 5184 Audeo
2228 5120 2429 5181 dicere,
2481 5106 2698 5173 fratres,
2748 5104 2875 5175 quia
2903 5098 3105 5156 nullum
3154 5096 3467 5147 sanctorum
3497 5089 3607 5136 tam

2012 5225 2290 5290 potentem
2312 5206 2522 5264 meritis
2546 5201 2845 5257 invenimus
2864 5194 2932 5249 ad
2954 5184 3266 5262 placandam
3288 5181 3427 5235 iram
3452 5182 3610 5231 teter-

2018 5267 2172 5290 r-___

2018 5313 2073 5366 ni
2108 5306 2325 5379 judicis,
2358 5315 2521 5370 quam
2560 5311 2679 5351 eam
2712 5307 2833 5362 quae.
2862 5283 3062 5341 meruit
3104 5275 3219 5331 ﬁeri
3269 5279 3444 5326 mater
3469 5267 3611 5337 ejus-

2023 5357 2073 5366 "'
2108 5357 2271 5379 ,ιη-ηπ
2315 5357 2324 5368 ι
2378 5357 2393 5370 ι
2731 5357 2744 5362 -

2023 5404 2144 5455 dem
2172 5390 2549 5462 Redemptoris
2574 5395 2627 5442 et
2650 5382 2868 5453 judicis.
2900 5376 3195 5430 Succurrat
3216 5380 3345 5435 ergo
3373 5357 3608 5423 miseris,

2018 5491 2171 5560 juvet
2231 5453 2622 5558 pusillanimes,
2689 5472 2931 5527 refoveat
3001 5459 3160 5532 5&3
3213 5453 3436 5515 flebiles,
3493 5454 3615 5504 oret

2023 5601 2122 5655 pro
2176 5577 2391 5650 populo,
2442 5567 2767 5628 interveniat
2802 5577 2900 5631 pro
2954 5556 3121 5619 clero,
3182 5546 3483 5605 intercedat
3516 5554 3614 5612 pro

2026 5634 2076 5655 π-
2096 5634 2115 5637 ν»
2177 5634 2199 5650 τ
2248 5634 2263 5649 .
2380 5634 2388 5641 .

2026 5676 2414 5734 monachorum
2445 5669 2613 5721 choro
2639 5668 2691 5716 et
2724 5661 2913 5712 exoret
2945 5666 3045 5722 pro
3076 5663 3207 5702 sexu
3236 5644 3430 5699 devoto
3458 5634 3615 5691 femi-

2028 5786 2129 5828 neo
2153 5770 2269 5825 lucc
2293 5765 2452 5825 beata
2480 5770 2642 5827 super
2682 5747 2920 5823 virgines
2943 5742 3113 5819 virgo.
3146 5735 3262 5798 Hoc
3300 5740 3613 5812 poscamus,
