4032 6354
258 308 400 370 1313

256 423 334 483 Da
359 422 446 482 cui
474 429 795 496 perpetuam
815 422 1145 486 mercedem,
1175 418 1411 484 Christe,
1434 430 1747 489 precamur.

256 517 386 578 Haec
405 525 490 573 est
517 516 658 571 alma
687 516 899 580 domus,
939 515 1134 578 venire,
1164 513 1334 577 locus,
1368 511 1506 566 alma
1534 509 1724 565 salutis
1752 525 1766 560 :

256 614 359 673 llic
383 614 527 670 Deus
552 612 854 676 inhabitat,
884 610 1132 665 tribuens
1159 608 1247 679 pia
1274 615 1397 663 vota
1424 605 1626 677 petenti

256 706 588 765 Sanctorum
645 704 860 760 meritis
889 742 906 770 ,
967 717 1202 773 quorum
1250 699 1342 756 hic
1400 713 1557 754 sacra
1614 707 1842 765 corpora

1484 790 1737 863 [pausant
1750 825 1766 852 ,

256 892 378 952 Hoc
402 905 620 966 quoque
645 890 915 947 cibarium
938 885 1231 943 Fardulfus
1259 884 1465 942 fecerat
1486 882 1672 938 abbas.

822 1040 1107 1099 CARMEN
1141 1040 1278 1099 XIII.

328 1196 658 1245 IPITAPBIUI
707 1199 1063 1242 BILDEGMIDIS
1108 1195 1317 1237 BEGINE
1361 1192 1556 1236 CAROL'I
1606 1191 1771 1232 IACN!

943 1270 1155 1311 υιοιιιε.

339 1369 470 1429 Vide
508 1370 727 1442 hujusce
751 1367 1076 1440 Patrologia:
1098 1376 1238 1422 tomo
1263 1330 1469 1431 XCVI,
1507 1361 1607 1417 col.
1651 1359 1810 1415 1601.

822 1526 1105 1585 CARMEN
1145 1524 1286 1580 XIV.

329 1659 658 1701 ΕΡΙΤΔΡΒΠΙΙ
704 1656 1058 1699 ιιιωεαλιωιε
1103 1653 1297 1694 εΑιιοιι
1323 1653 1392 1693 ET
1423 1650 1779 1693 IIILDEGARDIS

954 1727 1135 1766 FlLl£.

341 1826 471 1882 Vide
510 1826 639 1882 ibid.

733 1978 896 2052 554
930 1976 1214 2035 CABMEN
1250 1975 1365 2031 xv.

459 2131 784 2172 EPITAPIIIUK
811 2128 1078 2170 ALTEBIUS
1105 2127 1261 2169 ΠΙ.ιῶ
1303 2123 1639 2181 Αυειιιῑιυιε.

337 2246 467 2303 Vide
496 2249 650 2316 ibid.,
684 2248 787 2303 col.
831 2246 991 2303 1605.

326 2394 353 2422 ι
392 2382 549 2453 Apud
573 2383 828 2449 Quercet.
856 2398 982 2453 pag.
1016 2382 1177 2449 1759,
1203 2396 1271 2437 ex
1300 2380 1439 2437 libro
1465 2379 1709 2451 vrantiq.
1734 2380 1842 2437 Le-

249 2452 493 2525 ctionum
520 2454 723 2509 Canisii
745 2495 759 2518 ,
791 2452 911 2525 pag.
940 2452 1075 2508 Ml.

325 2543 354 2584 ι,
393 2524 632 2579 Albinus.
666 2525 782 2579 Non
815 2524 1006 2580 auctor
1033 2524 1321 2589 carminis,
1371 2524 1467 2579 sed
1512 2524 1843 2580 intercessor

251 2593 398 2663 apud
427 2594 617 2649 Deum.
641 2595 723 2649 An
749 2596 851 2651 hoc
880 2611 1072 2650 nomen
1103 2596 1168 2649 de
1202 2594 1430 2649 Alcuino
1478 2596 1588 2665 jam
1628 2605 1842 2652 mortuo

250 2674 309 2737 et
334 2666 389 2719 in
410 2666 578 2721 caelos
614 2675 833 2735 recepto
866 2666 1269 2737 intelligendum
1299 2666 1389 2729 sit,
1417 2681 1484 2720 an
1514 2667 1578 2720 de
1604 2666 1710 2721 alio
1751 2666 1843 2720 Al-

248 2733 409 2807 bino,
470 2737 563 2805 qui
592 2733 833 2807 tempore
866 2733 1111 2792 Lotharii
1142 2736 1490 2805 imperatoris
1519 2744 1575 2790 et
1603 2737 1844 2792 Hirmiu—

250 2804 435 2880 gardis
455 2804 641 2880 Uxoris
653 2804 789 2880 ejus,
804 2808 953 2863 circa
974 2823 1178 2880 annum
1199 2804 1540 2880 Silvis-erit,
1565 2808 1840 2880 ignotum;

250 2876 397 2945 quod
422 2879 720 2934 eruendum
749 2877 891 2934 foret
920 2893 985 2933 ex
1034 2878 1189 2933 initio
1230 2878 1491 2933 carminis
1510 2919 1525 2944 ,
1553 2876 1607 2933 si
1625 2879 1843 2951 quando

1717 295 2054 357 MONITUM.

1865 423 1923 485 Δ
1974 428 1981 433 .

3384 296 3527 358 ιω

2474 425 2501 454 ι
2537 408 2821 469 CARMEN
2853 408 2995 468 XVI.

2570 521 2904 561 ACEPBALUI.

2017 684 2247 744 Albinus
2276 690 2303 730 δ
2330 690 2583 759 precibus
2617 690 2853 761 postulet
2885 690 3002 762 ipse
3038 690 3172 746 suis.

1946 776 2018 835 Ut
2044 777 2171 832 felix
2196 780 2347 835 vivas
2369 782 2623 838 instantis
2640 783 2855 838 turbine
2869 782 3054 838 mundi

2015 868 2144 925 Haec
2174 878 2264 923 tua
2289 872 2533 941 deposcit
2556 875 2781 928 vernula
2811 876 2968 929 turba
2994 874 3185 929 Deum.

1944 960 2213 1030 Tempora
2233 970 2355 1031 post
2380 964 2520 1018 saecli
2548 966 2785 1035 paradisi
2815 967 2868 1020 in
2889 967 3016 1023 sede
3032 966 3241 1022 locatus

2015 1049 2246 1107 Praemia
2272 1053 2564 1123 percipias,
2589 1072 2710 1126 qua:
2733 1057 2851 1112 sine
2879 1058 2986 1113 ﬁne
3011 1066 3251 1114 manent.

1944 1142 2084 1198 Huic
2113 1143 2403 1213 conjuncta
2432 1145 2551 1200 viro
2577 1146 2963 1218 Ermengardis
2995 1161 3017 1189 ε
3050 1149 3299 1206 amabilis
3325 1166 3465 1207 uxor

2019 1233 2108 1289 Sis
2136 1235 2321 1305 regina
2348 1236 2536 1291 valens
2564 1244 2778 1308 tempus
2802 1240 2857 1293 in
2885 1255 3044 1295 omne
3067 1242 3227 1297 bene.

1946 1325 2084 1381 Cum
2109 1342 2217 1397 quo
2233 1328 2532 1397 permultos
2557 1329 2709 1383 vivas
2732 1328 2963 1385 feliciter
2983 1347 3175 1396 annos,

2020 1419 2203 1489 Deque
2234 1427 2327 1473 tua
2358 1422 2601 1476 sobolem
2630 1437 2855 1477 cernere
2890 1423 3043 1492 prole
3065 1438 3253 1493 queas.

1947 1508 2030 1563 Tu
2052 1511 2215 1563 decus
2239 1510 2300 1563 o!
2337 1511 2510 1582 regni,
2538 1512 2751 1582 imperii
2777 1512 3038 1566 fidissima
3065 1527 3318 1583 spesque.

2020 1596 2118 1653 Sat
2144 1599 2302 1664 bene,
2333 1598 2582 1665 Lothari,
2608 1601 2833 1671 pulcher
2859 1603 3066 1671 ephebe
3092 1603 3231 1658 vale.

1950 1690 2138 1763 Teque
2161 1701 2288 1748 tuos
2314 1694 2515 1749 Christi
2542 1702 2724 1749 nectat
2752 1696 2967 1751 dilectio
2988 1695 3189 1753 fratres
3210 1695 3263 1764 τι,

1880 1806 1927 1866 Β
2026 1783 2099 1839 Ut
2125 1792 2342 1840 nosmet
2361 1784 2541 1840 nullus
2575 1786 2750 1841 hostis
2777 1787 2930 1842 adire
2954 1795 3139 1857 queat.

1954 1874 2048 1930 Sic
2070 1874 2256 1930 mundi
2283 1891 2511 1948 regnum
2540 1877 2724 1932 mundi
2749 1878 2978 1933 teneatis
3001 1879 3054 1934 in
3080 1880 3243 1946 arvis,

2026 1970 2100 2027 Ut
2126 1985 2221 2027 vos
2244 1981 2368 2041 post
2392 1979 2622 2027 mortem
2652 1988 2821 2043 regna
2846 1989 3080 2045 superna
3102 1975 3361 2032 habeant.

2520 2061 2708 2116 CARM
2717 2062 2805 2117 ΕΝ
2843 2063 3006 2119 XVII.

2383 2168 2732 2209 INTEBCESSIO
2770 2171 2871 2210 PRO
2910 2171 3112 2212 IAURO.

1948 2322 1967 2339 Χ
2029 2245 2160 2303 Vide
2184 2248 2320 2303 inter
2341 2248 2513 2311 Opera
2542 2247 2753 2305 Rabani
2776 2251 2978 2317 Mauri,
3008 2251 3174 2323 infra.

1949 2384 2255 2442 detetzatur.

2024 2403 2493 2534 teggigfengardis.
2544 2452 2653 2514 Seu
2697 2458 3094 2534 Irmengardis,
3128 2478 3247 2534 quae
3275 2464 3540 2523 Lothario

1950 2527 2063 2584 ﬁlio
2087 2527 2345 2601 Ludovici
2372 2531 2446 2601 pii
2469 2531 2599 2599 imp.
2629 2533 2813 2600 nupsit
2838 2527 2980 2588 anno
3006 2534 3107 2590 821
3128 2527 3163 2600 .’
3179 2544 3232 2591 et
3263 2545 3374 2592 tres
3399 2537 3539 2593 filios

1949 2601 2160 2669 genuit,
2211 2599 2575 2665 Ludovicum,
2628 2599 2946 2658 Lo’tharium
2975 2614 3027 2661 et
3083 2605 3357 2662 Carolum.
3396 2608 3544 2664 Obiit

1952 2684 2095 2724 anno
2126 2669 2251 2725 951.
2277 2671 2473 2725 Annal.
2514 2671 2741 2727 Metens.

2018 2740 2045 2779 ά
2089 2739 2521 2816 Νᾳοζαιῇιιῇιςεοιίο
2558 2743 2773 2812 fratres.
2800 2744 3008 2816 Quippe
3065 2747 3208 2803 inter
3256 2747 3378 2803 illos
3423 2749 3545 2805 diu-

1947 2819 2125 2938 agnae
2154 2812 2455 2869 inimicitiae
2483 2812 2837 2881 exarserunt;
2868 2812 2963 2872 sed
2982 2833 3088 2888 pax
3120 2819 3258 2873 inita
3283 2829 3366 2875 est
3395 2835 3540 2875 anno

427 3170 617 3286 AD
701 3169 1161 3288 OPERA
1244 3165 2341 3311 BEATIALCUINI
2425 3169 3351 3291 APPENDICES.

1222 3449 1382 3538 .555
1459 3458 1955 3540 MONITUM
2033 3461 2551 3541 PRIEVIUM.

320 3659 457 3717 Cum
481 3659 640 3735 nobis
678 3660 733 3717 in
765 3662 912 3735 beati
934 3660 1148 3721 Alcuini
1182 3663 1449 3735 Operibus
1488 3662 1838 3734 colligendis,
1864 3661 1915 3729 ο
1947 3664 2261 3735 imp.,_qu:e
2288 3660 2552 3735 hactenus
2579 3658 2759 3735 latuit,
2784 3674 2961 3735 nuper
3004 3675 3133 3718 vero
3166 3661 3219 3719 in
3255 3665 3376 3722 cod.
3401 3665 3543 3730 Bibl.

244 3748 350 3806 pro
372 3747 509 3806 nova
533 3731 744 3806 illorum
771 3734 1006 3790 editione
1030 3731 1340 3791 adornanda
1371 3731 1672 3805 occupatis,
1691 3751 1841 3805 qua:-

248 3803 376 3858 dam
409 3803 671 3872 epistolaa,
687 3805 891 3861 chartae
919 3822 983 3862 ac
1004 3815 1354 3863 monumenta
1378 3803 1589 3869 vetera,
1615 3803 1844 3862 necnon

248 3876 738 3932 commentationes
780 3877 1027 3946 quaedam
1074 3878 1407 3934 recentiores
1456 3879 1738 3934 doctorum
1763 3878 1845 3932 vi-

250 3960 435 4020 rorum
454 3956 825 4020 occurrerent,
841 3965 961 4018 qum
978 3950 1193 4020 quidem
1210 3950 1275 4004 ad
1292 3966 1379 4005 res
1389 3957 1443 4006 et
1458 3959 1576 4004 acta
1601 3946 1844 4020 ejusdem

246 4016 406 4090 beati
425 4016 527 4071 viri
566 4026 729 4088 atque
758 4016 873 4075 :evi‘
897 4016 1041 4077 illius
1088 4022 1404 4076 illustranda
1434 4016 1735 4090 pertinent.
1776 4019 1846 4075 ad

247 4088 769 4163 genuina_veAro,aut
803 4092 870 4146 ad
905 4092 1089 4156 dubia,
1114 4093 1196 4146 vel
1232 4088 1569 4163 supposititia
1597 4090 1844 4160 ejusdem

248 4158 534 4233 scriptoris
558 4158 735 4229 Opera
757 4166 1040 4218 commode
1066 4163 1257 4219 referri
1289 4158 1431 4219 haud
1459 4158 1846 4233 poterant,ne-

245 4244 400 4283 cesse
421 4231 597 4288 visum
624 4241 707 4287 est
751 4242 813 4289 ut
861 4234 949 4288 illa
979 4234 1045 4289 ad
1084 4234 1246 4289 linem
1293 4231 1476 4291 totius
1508 4233 1843 4290 collectionis

246 4299 448 4376 triplici
473 4304 770 4376 appendice
795 4316 821 4346 ι
867 4306 1257 4361 exhiberentur
1285 4323 1351 4361 eo
1377 4307 1569 4361 ordine
1600 4320 1761 4376 quem
1787 4305 1841 4359 in

245 4369 380 4445 ipsis
420 4369 633 4445 quoque
658 4374 923 4445 Operihus
976 4378 1400 4440 observavimus,
1436 4369 1727 4441 nimirum,
1783 4383 1844 4430 ut

243 4442 423 4517 primo
460 4444 578 4499 loco
618 4442 964 4516 compareant
993 4448 1263 4517 epistola};
1301 4450 1538 4503 secundo
1575 4448 1695 4503 loco
1721 4462 1842 4517 qua:

242 4512 313 4567 ad
344 4513 559 4590 dogma,
591 4512 891 4590 praesertim
932 4512 1252 4590 Ade—Christi
1306 4520 1627 4590 adoptione;
1681 4512 1842 4574 tertio

241 4598 367 4659 qua:
386 4584 455 4659 ad
484 4584 775 4659 historiam,
802 4588 1095 4657 pertinent.
1123 4590 1293 4659 Igitur

318 4654 499 4731 Prima
546 4654 819 4731 appendii
847 4654 1228 4731 complectitur
1253 4660 1508 4731 epistolas
1554 4661 1675 4716 illas
1705 4676 1842 4731 quas

241 4727 463 4799 quidem
514 4727 581 4782 cl.
624 4727 1001 4795 Quercetanus
1044 4727 1421 4798 Alcuinianis,
1470 4748 1578 4788 non
1635 4727 1838 4796 aliam,

237 4804 393 4923 puto,
424 4799 495 4852 ob
529 4815 747 4853 causam
785 4800 1034 4866 inseruit,
1062 4818 1223 4872 quam
1270 4805 1411 4873 quod
1458 4820 1553 4860 eas
1580 4820 1611 4858 e
1663 4819 1840 4874 penna

279 4869 387 4921 eati
412 4867 626 4923 Alcuini
651 4886 935 4923 emanasse
957 4873 1235 4923 crederet:
1271 4876 1363 4923 sed
1393 4892 1515 4923 mlln
1550 4877 1665 4923 hmo.
1698 4874 1840 4923 ratio

279 4869 387 4921 eati
412 4867 626 4924 Alcuini
651 4886 935 4927 emanasse
957 4867 1236 4939 crederet;
1271 4867 1364 4929 sed
1393 4892 1516 4931 cum
1550 4867 1679 4931 haec.
1698 4874 1840 4929 ratio

240 4938 400 4993 nobis
431 4941 652 4995 minime
678 4942 1037 5007 satisfaceret,
1061 4960 1156 5000 eas
1170 4960 1236 5000 ex
1260 4945 1351 5002 illo
1376 4947 1567 5003 ordine
1597 4947 1841 5001 eximen-
1888 5000 1895 5003 _

1869 5044 1920 5105 ι)
1943 5008 3543 5105 939°i.‘.?-.FPJEEEBP“PEJJS‘Ei'fl‘iePEPEIiI°'?E‘Piz

240 5012 342 5063 das
367 5026 509 5076 esse,
539 5027 644 5066 non
677 5022 857 5067 tamen
890 5016 1113 5071 omnino
1142 5017 1471 5072 omittendas
1522 5015 1837 5072 exstimavi-

240 5098 390 5155 nius.
419 5084 606 5155 ne_viri
627 5083 847 5145 eruditi,
876 5085 922 5155 si
954 5095 1176 5155 propter
1206 5087 1325 5143 illas
1362 5087 1503 5143 forte
1528 5086 1724 5143 alicubi
1768 5087 1837 5141 ad

237 5151 451 5223 Alcuini
479 5151 656 5223 Opera
691 5151 1073 5216 amandentur.
1095 5158 1313 5212 easdem
1339 5159 1392 5212 in
1424 5159 1526 5213 hac
1558 5175 1696 5213 nova
1721 5157 1837 5211 edi-

240 5224 393 5298 tione
429 5222 633 5298 [rustra
681 5225 980 5298 requirant.
1010 5224 1172 5298 _Sunt
1198 5238 1381 5283 autem
1430 5229 1546 5282 istae
1593 5227 1837 5298 epistolae

240 5293 384 5348 inter
422 5292 791 5362 Quercetanas
834 5294 893 5350 61
924 5337 939 5361 ,
994 5296 1171 5353 Caroli
1202 5298 1269 5352 ad
1322 5292 1702 5354 Athilhardum
1749 5312 1838 5352 ar-

240 5364 686 5437 chiepiscopum;
717 5367 809 5432 85,
842 5365 1023 5422 Caroli
1065 5368 1130 5422 ad
1173 5368 1505 5435 Homerum;
1534 5370 1624 5435 84,
1656 5367 1837 5424 Caroli

241 5434 578 5511 ad‘Leone'ni
628 5453 857 5511 papam;
893 5439 1002 5501 85.
1052 5437 1231 5494 Caroli
1278 5438 1572 5511 adpregem
1624 5439 1834 5511 Offam;

241 5502 371 5570 1H,
404 5502 646 5582 ejusdem
671 5502 739 5582 ad
771 5508 1136 5582 Nicephorum
1162 5512 1289 5581 imp.
1342 5502 1840 5582 Constantinopoli?

240 5583 451 5633 tanum.
484 5577 581 5634 Cui
605 5577 949 5653 adjtmgimus
979 5582 1140 5636 aliam
1162 5577 1400 5652 ejusdem
1427 5584 1495 5638 ad
1524 5577 1841 5639 Michaelem

317 5726 345 5755 ιι
386 5713 497 5789 ῌρε
522 5724 774 5789 quartam
804 5716 1087 5785 addimus,
1116 5717 1390 5789 opusculis
1415 5717 1710 5781 nonnullis.
1742 5718 1841 5776 sci-

244 5783 377 5841 licet
397 5783 607 5845 Libeilo
633 5802 878 5860 precum,
910 5783 1079 5862 quem
1126 5783 1194 5845 ex
1220 5789 1516 5856 Martenio,
1563 5798 1618 5846 et
1654 5789 1841 5865 Elogio

1949 3731 2255 3788 Harleianae
2302 3731 2443 3786 inter
2467 3731 2678 3785 Alcuini
2726 3731 2983 3802 epistolas
3012 3736 3305 3792 anecdotas
3327 3738 3541 3800 detecta

1948 3802 2085 3876 fuit.
2104 3802 2413 3874 Congruum
2441 3802 2531 3876 hic
2558 3802 2735 3876 locum
2773 3804 2974 3876 habere
2996 3806 3160 3876 etiam
3197 3822 3359 3876 posse
3377 3814 3548 3869 exsti-

1946 3873 2380 3948 mavitnus’_tres
2423 3873 2680 3948 epistolas
2719 3873 2949 3948 ineditas
2994 3873 3297 3948 Angilberti
3328 3879 3543 3941 abbatis

1946 3944 2296 4021 Centulensis
2318 3944 2476 3999 beato
2495 3944 2726 4000 Alcuino
2756 3946 3042 4021 admodum
3069 3944 3374 4021 familiaris,
3403 3968 3538 4021 quas

1948 4017 2251 4092 reperimus
2281 4014 2334 4092 in
2359 4024 2674 4092 pervetusto
2710 4018 2829 4071 cod.
2875 4033 2976 4092 ms.
3005 4016 3303 4092 Salisbnrg.
3337 4014 3540 4091 episto-

1946 4086 2012 4143 lis
2034 4087 2580 4166 glcuini‘imm‘ixtas,
2599 4097 2758 4157 prout
2786 4090 3095 4145 notavimus
3119 4089 3171 4144 in
3200 4086 3404 4166 Monito
3430 4097 3546 4166 epi-

1946 4158 2100 4215 stolis
2126 4158 2370 4231 prmﬁxo.
2396 4157 2659 4214 Addimns
2683 4167 2944 4229 praeterra
2969 4162 3224 4231 anonymi
3260 4157 3541 4230 cujusdam

1944 4230 2231 4307 epistolam
2277 4230 2343 4283 de
2368 4231 2784 4307 septuagesimo,
2821 4230 3159 4307 sexagesimo
3192 4241 3247 4307 et
3269 4236 3540 4307 quinqua-

1945 4302 2172 4372 gesimo,
2194 4315 2313 4370 quae
2329 4300 2467 4368 apud
2493 4300 2893 4366 Quercetanum
2925 4300 3043 4357 erat
3066 4302 3187 4358 109.
3206 4300 3435 4360 Demum
3460 4309 3546 4366 his

1944 4371 2199 4427 omnibus
2229 4372 2581 4449 adnectimus
2613 4373 2716 4449 tria
2745 4371 3016 4449 Praecepta
3039 4374 3214 4449 Caroli
3240 4376 3417 4449 Magni
3439 4393 3540 4449 pro

1943 4442 2292 4521 monasteriis
2323 4440 2717 4521 Cormaricensi
2754 4444 2892 4521 et”
2925 4440 3402 4521 Martini,_ad_q_uaa
3439 4440 3546 4521 per

1944 4516 2234 4570 decursum
2285 4521 2341 4568 et
2370 4513 2678 4584 praeprimis
2705 4514 2759 4569 in
2792 4515 2913 4571 Vita
2940 4515 3083 4570 beati
3111 4513 3328 4573 Alcuini
3376 4513 3546 4578 lecto-

1943 4601 2058 4640 rem
2098 4600 2488 4654 nonnunquam
2516 4587 2809 4640 amandare
2848 4601 3071 4642 necesse
3098 4587 3217 4643 fuit.

2012 4656 2069 4711 In
2095 4659 2324 4712 alteram
2357 4656 2707 4727 appendicem
2765 4657 3097 4726 conjecimus
3124 4658 3369 4727 quzedam
3427 4678 3541 4719 mo-

1942 4736 2223 4800 numenta,
2258 4728 2326 4782 ad
2346 4727 2653 4800 pleniorem
2696 4727 2977 4781 historiam
3002 4727 3447 4800 Adoptianismi,
3485 4734 3541 4789 in

1943 4814 2047 4881 qua
2088 4799 2301 4881 labores
2325 4796 2863 4881 Alcuiniﬁutramque
2890 4796 3149 4881 paginam
3167 4801 3392 4881 faciunt,
3421 4796 3545 4875 per-

1944 4868 2203 4935 tinentia;
2236 4868 2411 4939 eaque
2440 4868 2637 4939 partim
2671 4869 3110 4939 inedita,partim
3133 4890 3198 4928 ex
3215 4874 3370 4930 codd.
3404 4868 3537 4931 mss.

1941 4948 1997 4994 et
2030 4941 2249 4995 aliunde
2275 4938 2676 5011 ementlatn‘vel
2721 4938 3022 5011 illustrata:
3055 4959 3283 5011 quorum
3319 4944 3409 4999 hic
3454 4954 3539 5002 est

1943 5096 2039 5136 seu
2088 5082 2268 5150 potius
2308 5082 2552 5153 omnium
2604 5082 3308 5153 episcoporum'ﬂispanite
3350 5085 3452 5141 sibi
3489 5082 3545 5144 in

1943 5165 2132 5227 errore
2154 5152 2632 5227 consentientium,
2665 5152 3024 5227 ad‘Carolum
3073 5152 3344 5227 Magnum,
3376 5171 3542 5227 quam

1984 5222 2123 5277 rimo
2157 5222 2325 5277 edidit
2355 5224 2438 5278 vir
2465 5222 2714 5280 eruditus
2731 5221 2792 5277 Ι).
2826 5223 3095 5279 Henricus
3118 5221 3538 5285 Florezius'ord.

1994 5331 2008 5367 .
2038 5292 2176 5367 Aug.
2194 5293 2246 5367 in
2277 5293 2416 5367 libro
2447 5295 2587 5367 apud
2619 5310 2722 5367 n‘os
2753 5295 2990 5367 maxime
3020 5311 3167 5362 raro,
3190 5297 3274 5352 cui
3301 5298 3492 5353 titulus
3521 5319 3535 5354 :

1946 5362 2167 5439 ξδρηὴξι
2197 5362 2460 5439 δαρναίάα,
2482 5362 2625 5422 ὶοιῃ.
2664 5366 2728 5437 ν,
2757 5366 2986 5439 append.
3008 5382 3071 5439 _x,
3097 5382 3219 5439 pag.
3242 5368 3371 5436 558,
3399 5369 3543 5425 unde

1945 5434 2094 5512 illam
2115 5434 2400 5512 descripsit
2422 5447 2478 5512 et
2507 5456 2624 5512 sua;
2648 5434 3252 5512 Hi‘sﬁthdoptianornm
3282 5434 3401 5512 pag.
3430 5440 3539 5512 154

1946 5505 2178 5561 inseruit
2214 5505 2309 5562 vir'
2326 5509 2571 5566 eruditus
2602 5511 2663 5563 D.
2716 5508 2920 5567 Christ.
2944 5505 3116 5562 'Guil.
3152 5505 3545 5567 Franc.'Wal-

1949 5577 2137 5644 cbius;
2164 5577 2225 5631 2ο
2246 5579 2486 5650 Epistola
2510 5583 2789 5652 hucusque
2802 5578 3008 5635 inedita
3022 5589 3075 5634 et
3091 5580 3183 5636 diu
3206 5583 3545 5657 multumque

1944 5719 2178 5799 élcuini,
2201 5723 2346 5799 quod
2370 5737 2439 5778 ex
2482 5721 2791 5778 Mabillonio
2826 5721 3146 5797 excepimus
3170 5762 3192 5799 ι
3230 5719 3541 5795 conﬂatam.

1947 5792 2160 5851 Epiron
2198 5793 2580 5853 Pnaonocm.
