4058 6344
334 299 469 362 1545

1452 296 1794 354 APPENDIX
1828 297 1889 353 Il.
1928 325 2001 338 —
2033 297 2446 358 DOGMATICA.

3429 305 3566 364 1546

327 425 499 475 strum
541 410 724 490 Jesum
751 485 764 490 _
774 411 1054 490 Christum
1092 430 1193 490 pro
1241 428 1434 487 magno
1466 415 1685 486 pietatis
1708 415 1889 471 labore
1916 417 1965 477 Α
1992 416 2280 490 Eyangelio
2312 438 2324 472 :
2354 420 2415 475 Si
2446 419 2618 474 qus
2645 436 2731 474 vos
2758 418 3074 485 liberaverit,
3105 437 3220 477 vere.
3248 423 3395 479 liberi
3423 427 3570 483 eritis

329 493 553 558 regnant
583 486 637 540 in
665 485 836 541 caelis.

398 576 582 633 XXVI.
617 576 726 650 llos
752 594 880 650 ergo
904 588 1014 635 tota
1039 579 1203 635 animi
1229 579 1445 640 virtute,
1473 576 1890 650 toto‘charitatis

327 648 518 703 aﬂ'ectu
569 647 875 716 sequimini,
921 651 1220 705 charissimi
1250 650 1463 710 fratres,
1497 657 1556 701 ut
1592 648 1781 701 borum
1810 647 1894 700 in-

326 733 587 774 concussa
617 717 869 772 ﬁrmitate
898 720 1154 774 doctrinis
1198 717 1534 773 adhaerentes
1561 718 1888 772 consortium

324 796 537 843 aeterna:
583 787 947 853 beatitudinis,
978 789 1235 857 donante
1283 803 1411 843 vero
1463 796 1516 841 et
1554 788 1775 857 proprio
1795 786 1891 839 Dei

322 858 479 921 Filio,
510 858 734 912 Domino
761 867 945 912 nostro
967 856 1094 913 Jesu
1124 858 1358 921 Christo,
1388 873 1509 911 cum
1541 856 1646 911 illis
1693 856 1891 911 habere

325 927 638 982 mereamini
666 928 723 981 in
766 928 937 983 cmlis.
974 928 1226 991 Desinite,
1269 927 1660 991 fratresgillum
1692 925 1890 996 prmdi-

321 1013 444 1069 care
463 1011 703 1069 servum,
726 1011 1081 1069 quemqregem
1102 1006 1155 1053 et
1176 997 1584 1069 Redemptorem
1609 997 1888 1069 habemus,

320 1068 405 1137 cui
448 1067 585 1137 data
633 1074 715 1121 est
762 1067 937 1137 omnis
972 1067 1219 1137 potestas
1274 1068 1326 1121 in
1377 1067 1512 1121 caalo
1554 1075 1608 1120 et
1644 1067 1891 1137 interra

319 1136 534 1208 (Matth.
562 1135 652 1199 28,
682 1136 806 1208 18)._
825 1135 1044 1193 Cessate
1089 1154 1212 1192 eum
1251 1137 1558 1208 adoptivum
1586 1135 1888 1208 nominare,

317 1205 407 1277 qui
444 1214 529 1277 est
579 1205 756 1260 verus
786 1206 927 1263 Deus
970 1216 1024 1262 et
1070 1208 1359 1277 vemerei
1403 1206 1567 1260 Filius
1599 1224 1612 1259 :
1646 1205 1719 1277 In
1738 1206 1889 1274 cujus

317 1276 525 1346 nomine
555 1292 703 1330 omne
730 1293 862 1344 genu
900 1278 1143 1346 ﬂectatur
1162 1276 1462 1340 cwlestium,
1493 1276 1813 1346 terrestrium
1840 1285 1889 1331 et

314 1345 677 1417 infernarum;
704 1356 751 1399 et
780 1344 947 1400 omnis
974 1346 1156 1417 lingua
1192 1346 1521 1417 conﬁteatur,
1543 1347 1667 1417 quia
1691 1344 1887 1417 pomi-

315 1412 410 1486 nus
434 1413 590 1486 Iesus
615 1412 853 1486 Christus
875 1418 929 1470 in
956 1412 1123 1486 gloria
1148 1426 1222 1471 est
1248 1412 1345 1469 Dei
1374 1412 1793 1486 Patris'(PItilip.
1823 1431 1885 1486 ιι,

314 1480 453 1566 Ψίι
571 1485 860 1566 ln_tellig.ite_
876 1486 931 1566 in
956 1480 1062 1566 hac
1091 1486 1422 1566 professione
1447 1480 1624 1566 vestra
1647 1480 1888 1566 duplices

312 1552 591 1610 diabolica:
615 1552 816 1610 fraudis
847 1556 1065 1611 latuisse
1091 1552 1280 1621 _dolos,
1307 1556 1409 1610 hoc
1430 1563 1532 1618 est,
1561 1564 1622 1609 ut
1649 1552 1763 1619 vos,
1794 1557 1888 1624 qui

313 1626 487 1747 gratia
515 1625 767 1693 baptismi
804 1626 1066 1707 redempti
1092 1627 1244 1706 estis,
1281 1626 1349 1707 ab
1370 1626 1579 1708 unitate
1612 1624 1887 1680 catholica:

353 1704 647 1747 istunceret
683 1695 951 1747 Ecclesiae.
978 1704 1032 1747 et
1058 1696 1385 1747 schismatici
1411 1711 1612 1747 erroris
1634 1694 1825 1747 laoueo
1854 1710 1884 1747 a

352 1694 647 1765 isjungeret
683 1695 951 1759 Ecclesiae,
978 1694 1032 1749 et
1058 1696 1385 1750 schismatici
1411 1697 1612 1750 erroris
1634 1694 1825 1765 laqueo
1854 1710 1884 1749 a

308 1764 398 1818 via
445 1764 634 1838 salutis
677 1772 909 1838 aeternae
945 1765 1277 1838 retraheret;
1303 1773 1378 1838 et
1404 1767 1694 1838 gentibus,
1727 1765 1886 1838 inter
1916 1777 1964 1838 Β

347 1850 445 1889 uas
482 1834 755 1899 habitatis,
784 1834 1106 1890 Christiana:
1144 1833 1267 1889 ﬁdei
1299 1833 1449 1889 initia
1484 1833 1883 1901 intercluderet,

1994 486 2175 572 ({oan'.
2209 506 2325 572 vi",
2494 490 3036 572 No_n.s'imusni_ngra_ti
3066 500 3334 548 tantorum
3364 494 3567 572 beneﬁt

1991 557 2198 612 ciorum
2228 560 2436 615 Domini
2465 561 2635 633 nostri
2656 559 2780 615 Jesu
2805 557 3026 633 Christi,
3058 578 3151 631 per
3175 579 3335 633 quem
3362 566 3567 622 conditi

1990 640 2279 705 sumus__et
2319 645 2348 684 a
2393 632 2725 705 qno_iter_um
2764 630 3031 705 redempti
3052 630 3253 698 sumus,
3294 642 3345 691 et
3377 634 3429 689 in
3458 636 3572 705 glo-

1991 696 2129 750 riam
2158 699 2388 754 ﬁliorum
2410 696 2533 755 _Dei
2574 701 2831 770 adoptati.
2860 696 3222 757 Praedicemus
3242 696 3375 757 eum
3400 696 3569 762 Bevum

1990 781 2177 844 verum
2221 780 2276 823 et
2304 771 2481 844 vivum
2523 778 2578 825 et
2607 786 2732 825 vere
2756 770 2951 844 Filium
2980 772 3094 837 Dei,
3123 782 3183 826 ut
3203 774 3267 826 ad
3302 774 3418 844 ejus
3445 776 3571 830 bes-

1990 836 2254 914 tissimam
2283 839 2541 914 visionem
2580 841 2863 914 pervenire
2914 836 3247 914 mereamur,
3275 836 3458 914 in'qua
3487 854 3570 901 est

1989 914 2191 985 aeterna
2219 907 2494 963 beatitudo
2522 907 2756 985 et'beata
2780 912 3080 985 aaternitas.
3111 911 3210 968 Cui
3236 913 3353 969 laus
3372 907 3431 969 et
3457 916 3571 985 glo-

1990 976 2070 1030 ria
2099 976 2152 1030 in
2175 992 2361 1032 omnes
2382 980 2730 1035 aeternitates.
2765 982 2956 1035 Amen.

2346 1065 2673 1123 EPISTOLA
2715 1069 2963 1125 CAROLI
2999 1071 3215 1128 MAGNI

2060 1153 2126 1190 AD
2162 1153 2463 1192 ELIPANDU!
2501 1152 2569 1192 ΕΤ
2611 1154 2865 1204 ᾳιετειιοε
2902 1158 3180 1197 ΕΡ180οΡ05
3214 1159 3493 1200 ΗΙδΡΛΝΙιΕ.

2058 1226 2214 1281 Hanc
2252 1228 2526 1299 epistolam
2566 1229 2751 1284 videsis
2780 1231 2913 1285 inter
2936 1231 3109 1302 Opera
3139 1232 3318 1289 Caroli
3356 1236 3566 1308 Magni,

1988 1317 2309 1390 Patrologite
2337 1329 2475 1374 tomo
2504 1319 2599 1374 XC
2615 1318 2773 1384 VIII,
2804 1322 2903 1375 col.
2932 1322 3053 1377 899.

2284 1408 2463 1479 ’585
2502 1408 2870 1465 EXCERPTA
2908 1412 3270 1469 HISTORICA

1986 1494 2054 1532 EX
2105 1494 2277 1534 LIBRIS
2319 1496 2541 1535 ETHEBII
2592 1496 2660 1536 ΕΤ
2713 1496 2872 1537 ΒΕΑἸΊ
2925 1498 3193 1540 Αυνειιευε
3241 1502 3565 1544 ειιΡΑΝουκ.

2202 1566 2333 1622 Vide
2355 1567 2675 1640 Patrologiw
2702 1573 2827 1626 tomi
2852 1570 3033 1627 XCVI
3068 1572 3166 1629 col.
3195 1575 3319 1631 894.

2320 1658 2481 1729 537
2533 1659 2868 1716 EPISTOLA
2888 1700 2897 1709 .
2920 1662 3238 1720 ELIPANDI

2459 1746 2523 1784 ΔΙ)
2563 1745 2791 1786 ιιίυειειι
2831 1748 3099 1788 ΑΒΒΛΤΕΙ.

2066 1820 2219 1894 Hanc
2241 1825 2533 1894 epistocam,
2564 1841 2628 1877 ea:
2656 1823 2801 1880 libris
2836 1824 3037 1881 Haterii
3060 1845 3124 1884 ea:
3144 1830 3295 1885 Beati
3323 1833 3570 1888 adversus

349 1920 439 1957 um
474 1913 528 1959 ει
571 1892 856 1960 υοωίιῇυηι
889 1914 1131 1961 nostrum
1169 1903 1352 1959 Jesum
1397 1904 1692 1969 Christum,
1725 1892 1888 1974 queui
1990 1892 2311 1964 Elipanduin
2339 1904 2655 1964 excerptum,
2682 1896 2798 1949 vide
2823 1905 2951 1951 tom.
2985 1910 3032 1951 et
3070 1899 3168 1953 col.
3198 1911 3253 1953 ut
3280 1919 3459 1972 supra.

309 1973 483 2045 Deum
530 1975 759 2045 colimus
803 1983 859 2029 et
892 1976 1205 2036 adoramus,
1234 1990 1450 2030 servum
1493 1973 1798 2045 praedicatis
1834 1982 1885 2031 et

306 2043 639 2112 adoptivum.
666 2043 792 2099 Haec
819 2054 943 2115 sunt
968 2046 1110 2101 enim
1156 2053 1471 2115 argumenta
1494 2043 1719 2115 diaboli,
1749 2054 1808 2099 ut
1836 2052 1891 2100 et

307 2127 404 2167 vos
426 2115 705 2169 subvertat
730 2115 783 2168 in
808 2114 932 2179 ﬁde,
954 2125 1010 2169 et
1029 2115 1148 2170 illos
1169 2114 1376 2170 avertat
1391 2131 1420 2168 a
1445 2115 1568 2171 ﬁde.
1595 2114 1885 2181 Quiescite,

303 2182 407 2254 viri
439 2183 653 2249 fratres,
690 2185 951 2254 quiescite
994 2186 1062 2240 ab
1096 2186 1197 2240 hac
1220 2186 1481 2254 nequitia,
1511 2193 1565 2239 et
1597 2194 1769 2240 estote
1797 2201 1889 2241 vo-

303 2251 637 2323 bismetipsis
662 2251 908 2309 doctores
945 2256 1011 2309 ad
1038 2256 1222 2319 vitam,
1270 2251 1323 2309 et
1350 2255 1542 2309 vicinis
1569 2257 1764 2310 vestris
1793 2257 1891 2311 du-

307 2325 603 2395 ctoresiad
647 2324 827 2395 ﬁdem.
871 2324 1235 2387 Considerate,
1272 2324 1432 2395 582
1472 2325 1631 2394 quale
1670 2334 1754 2380 est
1787 2326 1889 2382 hoc

299 2394 619 2465 scandalum
668 2394 809 2447 inter
851 2409 1088 2465 paganas
1112 2394 1324 2463 gentes,
1356 2404 1416 2448 ut
1452 2396 1685 2456 dicatur,
1718 2396 1889 2451 Deum

299 2461 740 2519 Christianorum
770 2461 982 2518 ser—min
1022 2461 1143 2519 esse
1181 2465 1265 2518 vel
1292 2465 1618 2534 adoptivum.
1657 2465 1767 2521 Nos
1862 2481 1891 2520 r

299 2531 448 2588 illum
492 2534 730 2591 adontati
753 2532 905 2591 ῘΜε..
939 2534 1193 2591 adontivil
1220 2550 1425 2591 sumus.
1457 2550 1564 2589 non
1591 2536 1679 2589 ille
1709 2482 1891 2591 nobies-

297 2531 448 2588 illum
492 2534 730 2607 adoptati
753 2532 905 2607 [Man
939 2534 1194 2607 adoptivi]
1220 2531 1425 2598 sumus,
1457 2550 1564 2607 non
1591 2536 1679 2607 ille
1709 2531 1891 2592 nobis-

298 2616 420 2657 cum
444 2673 449 2674 γ
475 2602 782 2674 adoptivus.
815 2603 924 2660 Nos
960 2602 1057 2674 per
1097 2602 1249 2659 illum
1286 2621 1316 2658 a
1365 2606 1621 2660 servitute
1652 2606 1885 2673 liberati,

296 2687 403 2727 non
441 2673 539 2728 ille
573 2675 853 2728 nobiscum
907 2691 1115 2730 servus.
1158 2674 1267 2729 Cur
1309 2690 1429 2729 eum
1469 2690 1684 2730 servum
1715 2676 1891 2731 nomi-

294 2757 429 2799 nare
490 2742 777 2815 debemus,
821 2745 911 2815 qui
964 2760 1065 2815 nos
1114 2745 1317 2800 amicos
1366 2745 1554 2800 maluit
1587 2748 1886 2813 nominare,

295 2827 467 2881 quam
497 2829 702 2879 servos,
732 2814 917 2870 dicens
942 2829 957 2868 :
988 2814 1114 2868 lam
1142 2832 1243 2869 non
1272 2816 1445 2868 dicam
1471 2833 1558 2870 vos
1596 2833 1769 2871 servos
1796 2817 1888 2871 sed

293 2884 503 2937 amicos
535 2898 552 2935 :
579 2885 704 2956 quia
728 2901 902 2956 servus
932 2887 1091 2939 nescit
1115 2885 1239 2956 quid
1269 2885 1431 2954 faciat
1452 2886 1709 2940 Dominus
1732 2887 1885 2956 ejus;

2291 1982 2457 2053 588
2497 1983 2884 2040 SENTENTIA
2923 1986 3239 2042 ELIPANDI

2056 2075 2316 2150 Eacerpta
2341 2091 2404 2127 ex
2430 2074 2574 2128 illius
2603 2076 2822 2150 epistola
2841 2078 2916 2150 ad
2940 2078 3232 2150 Migetium,
3266 2097 3412 2135 num.
3439 2082 3491 2136 7.

1990 2144 2150 2211 (Vide
2186 2156 2313 2199 tom.
2344 2154 2401 2197 ut
2426 2161 2609 2216 supra,
2632 2144 2740 2200 col.
2768 2147 2917 2220 863.)

2450 2296 2620 2356 vuu
2664 2253 3114 2361 CIXRISSIMI

2166 2412 2259 2485 D.
2339 2410 2830 2490 GREGOBII
2910 2412 3383 2494 MAJANSII

2412 2520 2756 2579 GENEROSI
2796 2522 3161 2579 VALENTINI

2570 2615 2983 2678 EPISTOLIE

2133 2707 2291 2767 Acta
2320 2711 2376 2765 et
2406 2705 2647 2783 scripta
2677 2703 2984 2784 Elipandi
3012 2705 3423 2771 illustrantes.

2057 2875 2423 2931 Illustrissimo
2454 2875 2672 2931 domino
2697 2804 3099 2940 D.LFnonemo,
3140 2878 3319 2933 abbati
3355 2879 3567 2938 Emme-

292 2968 394 3027 vos_
409 2945 602 3007 autem"
632 2954 743 3007 dixi
770 2955 983 3027 amicos,
1014 2945 1138 3027 quid
1169 2945 1344 3027 qmnia
1368 2972 1687 3027 guwcunque
1706 2945 1881 3011 audivi

1988 2945 2349 3027 ramensius.
2382 2948 2447 3001 R.
2477 2947 2515 3000 l.
2541 2946 3230 3027 principigprmcllarismsimo,
3254 2949 3423 3006 Cano.
3456 2952 3568 3008 ΜΑ-

291 3038 324 3075 a
350 3021 525 3095 Patre
550 3040 686 3088 meo,
711 3034 832 3078 nota
854 3026 954 3094 feci
974 3015 1123 3079 'vébis
1150 3023 1331 3095 (Joan.
1365 3015 1451 3090 ἐν,
1482 3015 1881 3095 15).Ἀι1εηόίιε

1985 3032 2212 3095 ιλιιιξιυε,
2252 3015 2559 3095 Generosus
2604 3015 2929 3095 Valentinus
2951 3016 3008 3095 ὃς
3046 3018 3110 3072 D.
3145 3031 3201 3095 ξ.

272 3107 397 3164 -qua
426 3093 721 3164 gcharitate
764 3093 864 3149 nos
915 3093 1216 3150 nominavit
1252 3096 1477 3160 amicos,
1523 3093 1585 3149 ea
1616 3096 1882 3152 charitate

290 3163 643 3236 nominemus
667 3180 791 3236 eum
837 3165 1005 3220 Deum
1036 3167 1129 3220 Dei
1164 3164 1379 3236 Filium,
1411 3173 1465 3220 et
1492 3166 1777 3236 diligamus
1813 3182 1881 3222 ex

290 3239 412 3316 toto
432 3235 625 3299 corde,
670 3235 793 3305 quia
808 3237 928 3316 ipse
953 3237 1099 3316 prior
1122 3235 1302 3316 dilexit
1329 3227 1456 3316 nos,
1484 3245 1532 3289 et
1556 3227 1773 3316 tradidit
1798 3254 1881 3292 se-
1980 3230 2154 3316 magis
2174 3227 3027 3316 volentem.cupidumquedduces

290 3305 572 3376 metipsum
602 3304 696 3374 pro
732 3304 898 3371 nobis,
923 3304 979 3359 ut
1012 3306 1315 3359 emundaret
1341 3306 1439 3359 sibi
1463 3304 1710 3376 papiulum
1738 3324 1881 3361 acce-

290 3373 569 3445 ptabilem,
604 3373 929 3429 sectatorem
974 3376 1226 3429 bonorum
1269 3373 1478 3444 operum
1515 3373 1642 3442 ('Tit.
1673 3392 1731 3439 ll,
1764 3377 1875 3445 M).

294 3441 597 3513 Credamus
625 3459 748 3497 eum
782 3445 1063 3498 Dominum
1091 3455 1147 3497 et
1193 3441 1308 3498 non
1344 3441 1584 3506 servum,
1638 3445 1754 3513 ipso
1799 3441 1882 3502 di-

294 3521 500 3582 cente:
536 3510 638 3565 Vos
684 3513 874 3566 vocatis
919 3531 999 3582 me
1046 3515 1291 3582 magister
1319 3523 1367 3565 et
1403 3510 1723 3578 Dominefet
1756 3516 1881 3570 bene

293 3581 475 3635 dicitis
501 3598 519 3635 :
548 3598 663 3652 sum
681 3583 867 3652 etenim
887 3581 1067 3652 (Joan.
1094 3581 1211 3645 xm,
1242 3582 1327 3651 15)
1360 3600 1373 3635 :
1400 3591 1455 3636 et
1474 3598 1661 3637 verum
1691 3584 1876 3651 Deum,

294 3666 596 3721 verumque
620 3651 711 3705 Dei
736 3651 927 3705 Filium
953 3652 1306 3706 conﬁteamur
1330 3652 1383 3705 in
1406 3660 1639 3721 utraque
1662 3663 1876 3722 natura,

295 3722 481 3777 divina
532 3722 737 3776 scilicet
785 3731 839 3776 et
887 3723 1136 3776 humana.
1196 3722 1491 3777 Credamus
1522 3738 1645 3778 eum
1696 3726 1879 3780 omnia

292 3792 458 3856 velle,
491 3808 611 3862 qua:
650 3792 878 3862 meliora
926 3798 1069 3856 sunt,
1098 3800 1153 3846 et
1182 3791 1361 3846 omnia
1389 3807 1566 3860 posse,
1598 3810 1716 3862 qua:
1744 3795 1876 3862 vult,

294 3862 437 3917 sicut
456 3861 654 3933 dictum
674 3870 758 3917 est
789 3879 802 3915 :
834 3861 1045 3927 Omnia,
1073 3879 1389 3933 gutrcunque
1418 3862 1577 3917 voluit
1600 3861 1877 3931 Dominus,

294 3880 437 3917 SlClll.
456 3880 654 3916 dictum
674 3880 758 3917 εει
789 3880 802 3915 :
834 3880 1045 3927 umnia,
1108 3880 1389 3933 utrcunque
1418 3880 1524 3917 vom

292 3934 419 4006 fecit
452 3933 509 3987 in
538 3931 661 3986 coelo
690 3942 738 3985 et
780 3933 834 3986 in
878 3943 1017 4006 terra
1049 3880 1219 4006 (ἵξεαι.
1256 3948 1413 4006 est",
1448 3933 1524 4004 ὅ).

1905 3126 1953 3190 C

2058 3088 2132 3142 Ea
2155 3097 2237 3143 est
2263 3088 2569 3142 humanitas
2599 3094 2712 3153 tua,
2740 3087 3098 3144 illustrissime
3129 3090 3361 3153 domine,
3395 3101 3457 3146 ut
3478 3107 3565 3147 me

1981 3158 2067 3214 vel
2094 3159 2321 3212 invitum
2350 3158 2403 3212 in
2431 3157 2749 3226 obsequium
2779 3165 2923 3211 tuum
2947 3160 3292 3227 pertraheres
3316 3179 3328 3215 :
3361 3172 3564 3230 quanto

1982 3230 2154 3285 magis
2179 3229 2448 3283 volentem
2476 3227 2836 3285 cupidumaue
2866 3229 3065 3284 duces?
3096 3229 3395 3285 Antequam
3431 3232 3564 3285 ullas

3275 3247 3395 3285 uam
3431 3247 3567 3289 [Illas

1980 3299 2191 3384 litteras
2218 3301 2284 3355 ad
2315 3315 2401 3354 me
2429 3300 2607 3381 dares,
2640 3315 2763 3384 crum
2789 3299 2977 3384 amicis
2996 3301 3138 3384 .mei‘s
3170 3299 3338 3384 Τοῖςιί
3370 3302 3565 3384 degen-

1979 3370 2126 3425 tibus
2155 3379 2371 3425 strenue
2401 3372 2537 3441 cepi,
2569 3369 2898 3441 uthElipandi
2925 3370 3206 3440 epistolam
3237 3372 3414 3427 adhuc
3440 3369 3562 3429 ine-

1980 3441 2147 3494 ditam
2174 3443 2243 3495 ob
2269 3439 2534 3495 summam
2554 3439 2923 3511 difﬁcultatem
2946 3439 2994 3505 δ,
3018 3456 3139 3511 qua:
3160 3441 3214 3494 in
3238 3442 3356 3511 ejus
3384 3442 3565 3500 lectio-

1978 3526 2049 3582 ne
2070 3510 2509 3582 deprehenditur,
2540 3510 2699 3582 omni
2715 3510 2987 3582 diligentia
3032 3510 3207 3579 legere
3231 3510 3560 3582 satagerent,

1978 3579 2237 3651 illiusque
2284 3580 2586 3651 exemplum
2636 3580 2703 3633 ad
2758 3594 2843 3632 me
2893 3580 3210 3651 mitterent:
3249 3579 3564 3651 tantumque

1979 3664 2158 3719 Operae
2192 3649 2260 3703 ab
2306 3649 2411 3703 illis
2437 3649 2736 3721 impensum
2762 3656 2951 3721 est,_u_t
2972 3649 3085 3719 jam
3114 3664 3219 3721 non
3250 3649 3559 3721 desperent,

1979 3734 2038 3775 se
2065 3728 2472 3782 consecuturos,
2514 3719 2760 3788 quodet
2805 3719 2936 3773 mihi
2987 3719 3362 3788 gratissimum
3382 3723 3475 3788 sit,
3506 3732 3563 3779 et

1981 3790 2077 3844 tibi
2110 3790 2263 3844 valde
2309 3797 2607 3857 acceptum.
2654 3787 2930 3857 Cupiditas
2973 3787 3118 3843 enim
3147 3792 3413 3846 voluntati
3452 3787 3558 3849 tum

1980 3859 2344 3916 satisfaciendi
2374 3859 2571 3923 effecit,
2602 3867 2663 3913 ut
2704 3858 3009 3929 epistolam,
3057 3875 3176 3928 qua:
3226 3877 3332 3916 non
3365 3862 3468 3917 nisi
3506 3863 3562 3918 in

1555 3934 1702 4018 Quis.
1720 3930 1880 4018 negat
1979 3932 2304 4018 quibusdam
2332 3930 2612 4018 particulis
2633 3930 2925 4018 legijposse
2941 3931 3405 4018 gantevide'batur,
3438 3949 3561 4018 spes

293 4000 575 4077 meliorem
607 4018 737 4077 esse
762 4000 1151 4077 proprietatem
1177 4004 1229 4077 in
1250 4003 1409 4077 filio,
1438 4000 1598 4073 quam
1637 4000 1879 4077 adoptio-
1971 4000 2086 4073 jam
2132 4002 2201 4056 sit
2247 4000 2360 4077 fere
2405 4002 2672 4077 integram
2723 4000 2953 4077 describi
2986 4015 3174 4077 posse._
3217 4000 3561 4077 Desidera'tur

292 4074 461 4148 ueni?
489 4073 557 4127 Et
590 4073 716 4127 dum
760 4073 1098 4148 omnipotens
1125 4074 1219 4128 Dei
1248 4074 1417 4128 Filius
1440 4086 1639 4129 nostra:
1678 4073 1880 4148 fragili-

292 4144 423 4214 tatis
472 4152 719 4197 naturam
769 4145 824 4198 in
872 4145 1131 4199 unitatem
1161 4161 1271 4199 sua:
1317 4160 1562 4214 persona:
1599 4144 1878 4203 assuniere

291 4213 485 4278 voluit,
517 4223 576 4267 ut
602 4222 747 4268 esset
774 4215 1037 4269 mediator
1064 4215 1159 4269 Dei
1188 4222 1243 4269 et
1283 4213 1590 4280 hominum;
1618 4232 1732 4271 cur
1768 4233 1875 4273 non

288 4283 479 4355 debuit
503 4299 571 4338 ex
605 4284 826 4339 meliore
851 4284 1085 4339 ﬁliorum
1125 4285 1387 4355 dignitate
1417 4294 1469 4339 et
1510 4286 1678 4341 multo
1706 4288 1878 4343 excel-

288 4354 542 4425 lentiore,
574 4364 812 4409 nostram
838 4356 939 4410 sibi
971 4356 1023 4409 in
1045 4354 1301 4409 unitatem
1328 4372 1572 4425 personae
1602 4359 1875 4413 associare

287 4422 705 4498 humanitatem,
746 4435 1012 4498 quatenus
1056 4442 1122 4498 ex
1166 4442 1279 4498 sua‘
1305 4422 1533 4497 gloriosa
1571 4436 1625 4498 et
1656 4430 1870 4498 propria

1940 4148 1945 4153 ’
1976 4143 2209 4198 describi
2239 4143 2477 4211 patiatur
2517 4161 2530 4195 ε
2571 4144 2622 4195 in
2650 4156 2757 4210 quo
2796 4156 2902 4195 non
2932 4141 3065 4195 levis

1978 4071 2144 4135 nunc,
2172 4081 2231 4126 ut
2276 4072 2418 4127 illius
2466 4071 2707 4126 ecclesiae
2758 4071 3048 4139 capitulum
3092 4072 3373 4195 epistolam
3410 4073 3555 4127 illam

1978 4143 2209 4195 describi
2239 4143 2477 4195 patiatur
2517 4161 2530 4195 ε
2571 4144 2622 4195 in
2650 4156 2757 4195 ouo
2796 4156 2902 4195 non
2932 4141 3065 4195 levis
3140 4142 3391 4195 iflicultas
3439 4152 3555 4195 est:

3140 4142 3391 4198 iflicultas
3439 4152 3524 4199 est
3541 4160 3556 4207 ;

1976 4215 2071 4269 sed
2096 4229 2255 4283 quam
2278 4228 2534 4283 superare
2556 4212 2828 4283 conﬁdunt
2852 4211 2920 4266 cl.
2937 4212 3039 4266 viri
3063 4213 3113 4283 in
3139 4213 3215 4283 tui
3239 4212 3553 4282 obsequium

1974 4281 2131 4366 valde
2161 4281 2434 4365 propensi,
2461 4292 2516 4367 et
2549 4282 2790 4367 doctrina
2838 4281 3143 4367 conspicui,
3182 4281 3433 4367 Aurelius
3462 4285 3561 4366 lie-

1974 4355 2124 4408 neito
2166 4355 2323 4408 istius
2372 4354 2613 4409 ecclesia:
2659 4354 2913 4417 decanus,
2944 4352 3263 4409 Franciscus
3304 4353 3559 4409 Perezius

1975 4425 2365 4487 thesaurarius,
2393 4431 2450 4477 et
2476 4423 2795 4478 Franciscus
2823 4422 3084 4479 Antonius
3120 4422 3434 4479 Lorenzana
3466 4440 3559 4481 ca-

285 4493 576 4567 nobilitate
607 4486 803 4567 noStra;
830 4496 1103 4567 servitutis
1132 4486 1420 4551 redimFret
1446 4486 1871 4567 ignobilitatem?
1905 4486 1953 4545 D
1978 4486 2359 4567 nonicus.iQui
2384 4495 2429 4567 si
2460 4493 2771 4567 facultatem
2800 4492 2949 4567 illam
2974 4494 3399 4567 impetraverint,
3427 4509 3554 4567 con-

286 4563 455 4619 Venit
477 4563 618 4616 enim
654 4564 916 4620 medicina
948 4566 1015 4620 ad
1044 4583 1236 4633 :egros,
1269 4563 1637 4622 misericordia
1675 4570 1741 4622 ad
1774 4569 1873 4622 mi-

286 4649 464 4698 srros,
487 4634 792 4703 redemptor
815 4635 882 4688 ad
909 4651 1050 4699 reos,
1078 4634 1241 4692 Liber
1263 4639 1329 4692 ad
1354 4653 1556 4699 servos,
1586 4647 1644 4691 ut
1669 4639 1872 4693 dictum

284 4713 371 4760 est
397 4722 411 4758 :
445 4704 587 4757 Deus
615 4703 873 4758 ultionum
914 4704 1071 4760 libere
1094 4708 1194 4778 egit
1218 4706 1390 4780 (Psal.
1415 4723 1572 4772 cxm,
1608 4708 1678 4778 l).
1722 4709 1787 4762 Et
1816 4710 1872 4763 in

357 4829 384 4857 ι
422 4815 537 4870 Viri
583 4816 739 4871 istius
788 4818 1127 4873 celeberrimi
1174 4820 1475 4874 encomium
1531 4820 1635 4874 tale
1683 4820 1749 4875 ad
1785 4837 1872 4877 me

284 4887 527 4959 scripsit,
553 4887 608 4959 in
620 4886 869 4959 _Portugo
895 4890 960 4943 ad
1007 4904 1175 4959 aquas
1202 4890 1488 4946 minerales
1516 4890 1567 4943 in
1600 4891 1871 4946 montibus

282 4956 718 5026 Granatensibus
740 4956 866 5013 tunc
888 4956 1272 5026 commoratus,
1295 4962 1357 5015 D.
1383 4960 1607 5016 Carolus
1632 4962 1872 5017 Christo-

279 5030 497 5099 phorus
524 5025 1025 5099 Dluer,_i_n__monito
1055 5031 1254 5098 praevio
1287 5046 1317 5083 a
1357 5047 1443 5085 me
1473 5031 1721 5085 laudatus
1771 5032 1869 5086 sub

281 5095 411 5172 dato
442 5095 664 5172 l_0_Jun._
694 5095 849 5172 1765.
890 5115 908 5147 ‹
942 5095 1072 5151 Non
1091 5099 1311 5172 omnino
1340 5100 1531 5155 desunt
1571 5101 1658 5172 (in
1685 5100 1870 5171 Hispa-

280 5168 397 5238 nia)
427 5166 531 5250 v‘iri
553 5166 815 5250 sapientia
838 5175 999 5235 atque
1024 5169 1325 5250 eruditione
1352 5166 1708 5250 prtes‘tantesi
1734 5166 1868 5250 quo-

280 5236 407 5309 rum
435 5236 545 5309 dux
575 5238 1026 5309 etatttesignanus
1054 5236 1438 5309 celeberrimus
1466 5239 1628 5309 Greg.
1660 5236 1865 5307 Maian-

281 5308 399 5364 sius
419 5308 539 5361 sine
567 5306 729 5359 dubio
750 5307 1049 5361 censendus
1069 5317 1170 5363 est.
1190 5308 1287 5362 Vir
1314 5308 1457 5364 enim
1486 5306 1715 5363 iste'una
1740 5306 1864 5363 eum

284 5376 603 5433 doctissimo
632 5375 801 5431 fratre
828 5378 1063 5433 Antonio
1100 5393 1220 5434 sese
1254 5378 1410 5434 unice
1442 5378 1636 5433 litteris
1671 5394 1867 5434 conse-

282 5448 479 5519 cravit.
529 5445 662 5519 Regi
696 5462 817 5501 cum
866 5458 1007 5503 esset
1041 5464 1072 5503 a
1100 5448 1422 5504 bibliotheca
1449 5448 1757 5519 Gregorius,
1808 5456 1869 5504 ut

284 5518 506 5573 invidia:
532 5518 765 5589 cederet,
790 5535 849 5589 se
870 5520 971 5574 hoc
991 5532 1212 5573 munere
1231 5528 1423 5589 sponte
1450 5536 1548 5575 sua
1566 5518 1869 5581 abdicavit.

284 5590 524 5644 Tantum
553 5603 681 5643 vero
707 5588 899 5654 abfuit,
928 5598 988 5644 ut
1026 5590 1130 5645 ista
1158 5588 1338 5644 rerum
1369 5591 1594 5645 mutatio
1622 5590 1795 5644 virum
1833 5607 1865 5646 a

282 5658 588 5741 litterarum
624 5673 816 5741 amore
860 5668 1169 5741 revocaret,
1212 5668 1281 5741 ut
1327 5661 1512 5741 calcan
1553 5661 1730 5731 potius
1757 5660 1866 5741 ipsi

284 5728 561 5787 addidisse
585 5728 848 5787 videatur.
882 5732 1083 5789 Verum
1108 5739 1259 5788 certe
1288 5741 1393 5798 est,
1423 5728 1667 5801 qui-cum
1696 5728 1864 5788 solida

1975 4566 2150 4621 ferent
2175 4566 2338 4619 etiam
2385 4563 2533 4618 Beati
2571 4573 2625 4618 et
2663 4564 2866 4617 Etherii
2896 4563 3093 4628 libros,
3132 4579 3162 4617 a
3192 4564 3260 4618 cl.
3288 4564 3557 4621 Stevartio

1973 4638 2164 4699 editos,
2215 4651 2336 4689 cum
2384 4634 2751 4702 manuscripto
2791 4633 3068 4705 Ioletanci,
3088 4650 3139 4705 ar
3156 4650 3264 4703 quo
3299 4636 3555 4705 descripti

1973 4718 2100 4762 sunt
2131 4722 2235 4763 non
2262 4706 2397 4761 satis
2422 4714 2705 4760 accurrate
2727 4714 2775 4757 ο.
2804 4702 3057 4771 Reliquas
3084 4702 3327 4773 Elipandi
3357 4702 3558 4777 episto-

1972 4823 2288 4880 eruditionis
2311 4821 2466 4875 laude
2486 4819 2691 4888 aequale
2722 4818 3044 4872 inserviendi
3069 4819 3304 4874 studium
3332 4818 3557 4886 conjun-

1973 4903 2085 4963 gat,
2116 4903 2343 4962 excepto
2378 4890 2658 4960 Gregorio,
2689 4889 2744 4942 in
2773 4888 3020 4943 universa
3047 4888 3301 4960 Hispania
3326 4888 3555 4957 reperiri

1974 4979 2263 5019 DCIDlﬂCm.
2293 4983 2311 5014 ι

2046 5036 2073 5074 b
2104 5035 2177 5088 De
2212 5034 2312 5087 hac
2337 5029 2651 5086 difficultate
2677 5029 2884 5100 legendi
2914 5029 3057 5084 illius
3072 5028 3301 5100 __codicis
3347 5027 3554 5100 pariter

1974 5111 2303 5179 conquestus
2345 5112 2427 5179 est
2476 5096 2753 5179 Floresius
2790 5108 2936 5179 tom._
2978 5100 3019 5153 V
3070 5098 3299 5179 Hispana
3343 5096 3547 5163 Sacrae,

2011 5167 2256 5244 agf539,
2284 5173 2419 5244 etin
2458 5170 2709 5244 epistola.
2734 5186 2894 5244 quam
2924 5172 2970 5244 is
2993 5167 3299 5244 scripsit_ad
3324 5182 3551 5244 genera-

1996 5239 2081 5298 em
2126 5244 2207 5298 sui
2245 5242 2469 5306 ordinis,
2490 5239 2588 5311 qui
2638 5239 3081 5311 illi,’stimulante
3122 5239 3552 5311 eminentissimo

1972 5314 2229 5369 cardinali
2266 5308 2555 5367 Passione'o
2580 5311 2772 5367 studiis
2812 5310 2946 5365 meis
2970 5310 3093 5363 dum
3122 5310 3343 5371 viveret,
3371 5308 3552 5364 faven-

1970 5386 2200 5450 tissimo,
2229 5384 2282 5439 in
2316 5383 2583 5437 mandatis
2608 5383 2848 5445 dederat,
2879 5388 2935 5433 ut
2964 5379 3242 5450 epistolam
3269 5378 3413 5434 illam
3440 5378 3549 5435 Eli-

1968 5456 2130 5525 pandi
2162 5447 2229 5509 ad
2249 5454 2528 5524 episcopos
2562 5451 2899 5525 Gallite,_et_.c.
2939 5447 3091 5525 cujus
3116 5452 3167 5504 in
3195 5465 3300 5525 sua
3325 5450 3547 5525 historia

1969 5520 2075 5581 non
2097 5525 2202 5581 nisi
2239 5520 2449 5579 initium
2484 5533 2534 5578 et
2569 5523 2727 5577 linem
2753 5520 2919 5584 dedit,
2946 5520 3152 5589 integre
3176 5520 3409 5575 describi
3437 5535 3548 5574 om-

1970 5597 2130 5651 nibus
2153 5596 2326 5650 modis
2361 5602 2597 5649 curaret.

2043 5678 2064 5705 ο
2099 5666 2217 5723 Vid.
2261 5666 2401 5722 infra
2423 5666 2583 5737 epist.
2613 5661 2955 5731 Maiansii'ad
2985 5660 3049 5715 D.
3076 5661 3237 5729 Pluer
3272 5676 3424 5724 num.
3453 5661 3543 5725 {3.
