4058 6344
517 294 660 353 (559

1525 297 1612 354 AD
1648 296 1879 355 OPERA
1914 296 1979 352 Β.
2018 292 2301 352 ALCUINI
2336 294 2783 352 APPENDICES.

3674 289 3835 349 1360

516 403 901 480 avidecupiam
920 403 1268 480 illustrissimi
1292 404 1504 480 abbatis
1519 403 1686 480 jussis
1704 408 2107 480 obtemperare,
2136 408 2185 469 Α
2285 406 2369 480 Ad
2416 408 2704 479 imaginem
2750 422 2882 480 ergo
2924 421 3075 464 suam
3122 406 3373 480 conditor
3406 405 3541 480 fecig
3568 404 3830 466 animam

515 486 573 532 et
598 474 731 531 clar.
757 475 1171 546 doctissimique
1202 476 1435 530 Temleri
1460 477 1717 531 voluntati
1754 493 1851 546 pro
1879 474 1995 544 ejus
2019 476 2106 531 di-

515 548 725 619 gnitate
746 545 1179 619 satisfacereti'liu
1202 562 1351 609 vero,
1373 546 1454 619 vir
1478 545 1889 613 humanissime,
1906 548 2108 619 optime

515 614 626 674 Scis
668 614 981 671 facultatem
1013 616 1142 669 mihi
1165 656 1180 677 ,
1212 631 1316 671 non
1345 616 1674 672 voluntatem
1715 619 1903 672 deesse
1930 618 1995 672 ad
2028 617 2110 672 ef-

514 686 744 760 ﬁcienda
785 686 965 739 omnia
1010 701 1136 760 qua;
1177 687 1272 760 tibi
1315 695 1465 760 grata
1500 697 1661 755 atque
1702 687 1941 760 jucunda
1991 686 2111 760 [ore

512 757 826 828 existimare
847 771 1065 828 queam.
1097 758 1227 812 Vale
1254 755 1417 828 atque
1444 773 1565 813 ama
1591 772 1697 814 me.
1727 755 1896 814 Oliva:
1916 774 1972 815 x1
2002 757 2110 814 Ka-

515 826 704 883 lendas
730 824 1081 894 Decembres,
1111 844 1255 884 anno
1288 824 1445 883 i765.

1115 971 1273 1034 CAN
1286 970 1517 1033 DIDUS

998 1091 1088 1148 DE
1124 1090 1407 1146 IMAGINE
1446 1087 1558 1144 DEI
1586 1101 1632 1144 ι.

757 1202 845 1259 Ea;
871 1203 1049 1258 codice
1076 1219 1176 1257 ms.
1208 1199 1600 1269 Salisburgensi
1626 1213 1748 1253 uec.
1780 1213 1859 1254 ιι.

587 1336 742 1393 Iuste
780 1336 912 1392 mihi
944 1337 1159 1391 videtur
1186 1333 1387 1389 dictum
1413 1374 1427 1396 ,
1477 1333 1790 1388 interiorem
1835 1333 2111 1389 hominem

512 1408 809 1477 imaginem
835 1421 954 1462 esse
987 1406 1100 1460 Dei.
1127 1405 1319 1459 Anima
1348 1404 1492 1457 enim
1518 1404 1838 1477 nominatur
1863 1412 2010 1458 totus
2031 1405 2112 1477 in-

513 1474 689 1534 terior
718 1480 897 1540 homo,
930 1491 1036 1545 qua
1066 1476 1388 1538 viviﬁcatur,
1423 1474 1659 1545 regitur,
1697 1474 2006 1545 continetur
2030 1474 2111 1529 lu-

516 1558 605 1604 tea
644 1548 733 1603 illa
764 1543 1276 1602 massa—humectata
1310 1543 1507 1608 succis,
1544 1560 1611 1599 ne
1640 1543 1878 1598 arefacta
1911 1545 2109 1600 dissol-

515 1629 698 1673 vatur.
735 1619 875 1672 Deus
906 1618 1103 1672 dicitur
1138 1618 1218 1671 vis
1246 1616 1331 1669 illa
1362 1614 1702 1670 ineﬂabiliter
1732 1630 1923 1684 magna
1951 1626 2005 1669 et
2029 1617 2110 1670 in-

516 1689 931 1744 numerabiliter
952 1688 1187 1757 sapiens,
1210 1694 1264 1741 ει
1291 1686 1786 1756 incomparabiliter
1813 1685 2014 1751 suavis,
2040 1702 2109 1742 ex

514 1774 623 1830 qua
651 1767 706 1813 et
733 1774 829 1829 per
853 1774 1014 1839 quam
1044 1766 1100 1812 et
1126 1774 1231 1827 qua
1269 1768 1396 1838 sunt
1433 1757 1614 1810 omnia
1652 1772 1773 1837 quae
1814 1765 1974 1818 sunt,
2022 1773 2108 1811 re-
2138 1791 2185 1851 Β

554 1839 718 1884 untur
734 1826 915 1883 omnia
939 1844 1058 1897 qua:
1081 1826 1228 1891 sunt,
1246 1828 1592 1882 continentur
1611 1826 1790 1880 omnia
1817 1843 1935 1895 qum
1958 1835 2102 1880 sunt.

566 1902 709 1955 mnia
755 1898 877 1954 dico
917 1900 1086 1965 ipsam
1118 1898 1524 1952 universitatem
1549 1937 1564 1960 ,
1614 1913 1734 1965 qua:
1768 1906 1852 1951 est
1896 1907 2102 1962 totum,

558 1972 661 2025 uod
687 1969 829 2024 aliud
859 1979 947 2024 cst
975 1984 1137 2037 quam
1167 1970 1281 2038 ipse
1304 1970 1393 2036 qui
1425 1965 1551 2021 fecit
1576 1976 1632 2020 et
1661 1983 1763 2019 non
1793 1976 1873 2021 est
1906 1968 2101 2022 fac'us.

558 1987 661 2025 “0U
687 1987 829 2024 altuu
859 1987 947 2024 εει
975 1987 1137 2037 quam
1167 1987 1281 2038 Ipse
1304 1987 1393 2036 (ιω
1425 1987 1551 2021 ιεειι
1576 1987 1632 2020 ει
1661 1987 1763 2019 ιιυη
1793 1987 1873 2021 BS!
1906 1987 2101 2022 IRC‘US.

516 1987 623 2096 gel
657 2042 771 2111 ipse
794 2051 899 2103 est,
925 2056 990 2094 ex
1020 2055 1147 2111 quo,
1184 2049 1238 2091 et
1270 2038 1452 2111 quiiex
1480 2052 1566 2099 eo,
1590 2044 1774 2111 etquo
1798 2039 1961 2106 quod.
1989 2039 2106 2111 ipse

515 2108 765 2168 Deus'ea:
808 2128 910 2181 quo
942 2121 1042 2171 est,
1082 2109 1243 2163 Pater
1273 2108 1471 2181 dicitur
1511 2108 1739 2181 ainobis
1778 2109 2106 2181 pauperibus

512 2197 702 2243 sensu,
734 2176 1144 2251 paupwioribuis
1184 2179 1383 2233 verbis.
1414 2176 1565 2244 Quod
1592 2177 1788 2251 quiens
1831 2194 1889 2232 eo
1936 2178 1973 2231 F
1982 2178 2106 2251 ilius

514 2245 748 2309 dicitur.’
776 2245 929 2316 Quod
971 2268 1073 2321 quo
1103 2250 1340 2321 Spiritus
1381 2245 1621 2303 sanctus.
1658 2245 1781 2301 Ideo
1812 2256 1992 2321 autem
2025 2250 2107 2321 di-

513 2323 659 2378 citur
694 2322 835 2375 Deus
864 2319 1044 2383 Pater,
1078 2321 1202 2391 quia
1234 2320 1347 2387 ipse
1375 2328 1587 2391 estLex
1614 2333 1727 2391 quo
1756 2327 1811 2371 et
1841 2319 2105 2391 sapientia

512 2399 599 2447 est
621 2408 726 2459 qua
765 2388 1324 2451 ordinantur'omma,
1358 2396 1413 2441 et
1448 2388 1663 2440 dilectio
1682 2403 1795 2459 qua
1833 2403 1893 2441 se
1922 2388 2108 2443 volunt

511 2458 697 2517 omnia
744 2461 818 2515 ita
864 2476 1083 2515 manere
1124 2469 1182 2513 ut
1216 2459 1461 2512 ordinata
1501 2464 1629 2528 sunt
1677 2458 1753 2511 Ex
1783 2472 1891 2526 quo
1912 2471 2011 2528 ego
2050 2465 2108 2512 et

552 2533 607 2586 ui
634 2547 700 2587 ex
727 2547 813 2595 eo,
846 2541 900 2583 et
931 2546 1038 2601 quo
1078 2544 1137 2585 se
1181 2528 1408 2601 diligunt
1435 2528 1549 2597 ipsa
1582 2525 1622 2585 d
1644 2545 1713 2590 ιο,
1744 2525 1845 2581 tria
1861 2525 2020 2601 sunt,
2050 2537 2106 2584 et

552 2548 607 2586 ut
634 2548 700 2587 ex
727 2548 813 2595 eo,
846 2548 900 2583 et
931 2548 1038 2601 quo
1078 2548 1137 2585 se
1181 2548 1408 2596 alligant
1435 2548 1549 2597 Ipsa
1582 2548 1622 2585 α
1644 2548 1713 2590 ιο,
1744 2548 1845 2581 ma
1875 2548 2020 2592 sunt,
2050 2548 2105 2584 ει

509 2548 605 2659 διε
636 2603 739 2657 tria
770 2602 892 2656 ideo
940 2617 1104 2655 unum
1126 2642 1141 2665 ,
1190 2600 1316 2670 quia
1346 2599 1425 2653 sic
1466 2609 1593 2653 sunt
1619 2614 1685 2653 ex
1724 2613 1830 2670 uno
1859 2598 1947 2652 illa
1975 2599 2105 2670 duo,

510 2682 575 2729 ut
596 2674 782 2734 tamen
826 2672 896 2725 ab
941 2673 1057 2741 ipso
1084 2668 1343 2726 non'sint
1370 2678 1654 2741 separata,
1699 2677 1755 2723 et
1782 2668 1957 2737 ipsum
1991 2669 2104 2741 ipsa

509 2743 819 2815 quodipse,
847 2751 903 2797 ει
932 2738 1106 2815 ipsum
1135 2743 1250 2815 ipse
1275 2738 1416 2809 quod
1442 2739 1576 2815 ipsa,
1607 2747 1662 2793 et
1686 2754 1794 2815 non
1823 2740 1959 2815 ipsa,
1965 2740 2106 2815 ipsa

507 2809 607 2887 qui
652 2809 797 2887 ipse,
834 2820 911 2887 et_
930 2809 1038 2867 non
1067 2809 1183 2887 ipsa
1229 2810 1346 2880 ipse
1368 2825 1489 2872 quae
1520 2810 1655 2881 ipsa.
1698 2809 1793 2887 Vis
1830 2809 1932 2887 ista
1965 2809 2108 2865 Deus

509 2879 611 2945 est,
638 2879 694 2939 εἰ
730 2884 846 2955 ipse
880 2884 1024 2938 Dens
1055 2879 1159 2938 tria
1198 2879 1314 2946 est,
1357 2887 1414 2935 et
1457 2879 1877 3006 unumqpodﬂue
1912 2879 2108 2963 horum

511 2955 678 3006 trium
708 2952 895 3006 (trium
924 2953 974 3006 bi
1000 2954 1142 3006 Deus
1182 2961 1296 3006 est.
1322 2959 1380 3006 et
1402 2966 1584 3006 omnia
1621 2960 1727 3006 tria
1754 2966 1771 3005 ι
1814 2965 1846 3006 a
1870 2965 1980 3006 non
2008 2951 2106 3006 du.

511 2950 895 3081 triimlieariuu:
924 2953 974 3025 δ)
1000 2954 1142 3009 Deus
1182 2961 1296 3017 est,
1322 2959 1380 3006 et
1402 2951 1584 3007 omnia
1621 2950 1727 3007 tria
1754 2950 1846 3006 illa
1870 2965 1980 3006 non
2008 2950 2106 3016 dii,

511 3038 573 3080 se
719 3040 781 3079 us
806 3038 867 3079 es
894 3062 908 3077 .
2070 3034 2080 3043 ’

506 3032 611 3080 εεα
637 3032 781 3080 Deus
806 3032 908 3079 est.
2070 3034 2080 3043 ’

2215 479 2473 543 hominis,
2505 476 2663 548 quam
2690 476 2949 537 animam.
2973 494 3094 533 cum
3123 477 3326 550 [Forte,
3349 476 3541 550 etiam]
3570 489 3829 535 mentem

2215 550 2368 612 dico;
2420 551 2513 605 sed
2560 559 2780 619 propter
2823 550 2969 603 aliud
3014 550 3252 603 animam
3298 559 3365 619 et
3396 559 3627 618 propter
3674 550 3832 607 aliud

2215 629 2470 675 mentem.
2502 618 2634 675 Nam
2660 618 2855 685 totum,
2889 619 3030 689 quod
3064 621 3197 673 vivit
3225 618 3460 674 hominis
3490 621 3683 674 anima
3715 632 3826 675 est.

2213 690 2349 746 Cum
2393 699 2572 745 autem
2621 691 2801 745 anima
2841 692 2894 745 in
2925 705 2985 745 se
3005 690 3149 760 agit,
3179 705 3239 744 se
3274 702 3326 745 et
3354 706 3423 744 ex
3447 704 3508 744 se
3538 699 3595 744 et
3630 706 3739 758 per
3770 707 3832 746 se

2215 761 2331 816 sola
2361 777 2515 817 mens
2544 762 2648 815 dici
2682 761 2847 823 solet;
2891 776 3083 816 sensus
3114 775 3244 814 vero
3270 761 3335 814 ad
3364 775 3465 814 sua
3503 761 3827 816 ministeria

2215 831 2445 901 impleas
2469 832 2780 886 consuetius
2822 832 2998 885 anima
3038 830 3256 886 dicitur.
3306 830 3456 884 Mens
3500 846 3641 901 ergo
3677 832 3828 887 scire

2214 903 2406 974 gignit,
2436 912 2487 958 et
2517 910 2663 956 amat
2691 904 2829 957 scire
2849 902 3137 974 quodrscit.
3170 901 3285 956 Non
3328 901 3456 955 illud
3481 901 3631 974 scire
3660 903 3823 974 dico,

2214 972 2357 1042 quod
2384 982 2606 1043 repente
2630 974 2800 1027 scitur
2829 972 2917 1027 rés
2947 972 3148 1041 aliqua,
3176 987 3297 1041 qua:
3327 981 3454 1025 ante
3481 973 3692 1026 nesciri
3720 990 3824 1043 pn-

2214 1042 2461 1098 ta'iatur.’
2483 1042 2587 1097 Sed
2616 1043 2766 1108 illud,
2795 1044 2937 1098 unde
2958 1051 3014 1097 et
3040 1042 3242 1111 aliquid
3274 1051 3331 1096 et
3353 1057 3518 1097 omne
3548 1042 3827 1113 quidquid

2214 1113 2386 1168 scitur
2406 1114 2489 1166 vel
2525 1114 2765 1167 nescitur
2791 1114 2918 1169 sciri
2949 1122 3147 1183 potest.
3173 1112 3305 1167 Illud
3324 1127 3457 1181 ergo
3481 1114 3635 1167 scire
3660 1112 3824 1169 mens

2213 1183 2385 1255 gignit
2408 1200 2421 1247 ;
2445 1191 2643 1255 etcum
2674 1187 2914 1254 genitum
2936 1192 3040 1247 est,
3066 1183 3297 1255 scientia
3316 1191 3496 1244 potest
3519 1183 3652 1255 dici:
3682 1183 3826 1239 Sunt

2212 1252 2342 1322 ergo
2363 1252 2477 1319 jam
2507 1253 2643 1317 duo,
2675 1252 2829 1308 mens
2867 1263 2923 1309 et
2948 1255 3090 1323 quod
3129 1254 3244 1321 ipsa
3273 1268 3427 1307 mens
3453 1253 3585 1308 scit.
3625 1254 3825 1309 Restat

2215 1324 2436 1378 tertium
2460 1326 2707 1392 utrisque
2735 1338 3045 1380 commune.
3084 1324 3274 1379 Omnis
3319 1339 3507 1388 mens,
3552 1324 3823 1394 quidquid

2214 1394 2337 1458 scit,
2370 1404 2516 1448 amat
2543 1396 2703 1449 scire.
2736 1394 2904 1449 Amor
2928 1409 3037 1449 non
3077 1394 3291 1459 minus,
3313 1410 3477 1463 Quam
3501 1394 3657 1447 inter
3688 1397 3825 1451 duos

2213 1473 2318 1527 est,
2346 1472 2639 1529 amantem,
2668 1473 2724 1519 et
2752 1464 2897 1535 quod
2922 1472 3158 1535 amatur.
3186 1464 3335 1520 Unus
3361 1480 3494 1534 ergo
3526 1464 3821 1521 amborum

2214 1550 2369 1589 amor
2388 1576 2402 1599 ,
2426 1537 2520 1605 qui
2550 1544 2606 1589 et
2631 1532 2825 1591 tertius
2864 1542 2968 1590 est.
3013 1532 3130 1588 Non
3159 1544 3349 1606 autem
3372 1532 3562 1606 potest
3589 1536 3697 1590 hoc
3728 1551 3822 1590 ne-

2213 1607 2352 1674 gari,
2387 1607 2489 1660 hoc
2528 1614 2699 1660 totum
2726 1620 2890 1661 unam
2923 1620 3044 1661 esse
3078 1605 3352 1669 animam,
3380 1605 3442 1660 et
3486 1621 3662 1660 unam
3702 1608 3821 1661 ani-

2214 1692 2359 1730 mam
2388 1678 2503 1731 haec
2542 1682 2644 1730 tria
2681 1691 2822 1733 esse.
2857 1675 3012 1730 Sicut
3053 1676 3198 1730 extim
3246 1677 3361 1731 hac
3388 1678 3493 1731 tria
3534 1691 3672 1731 vere
3712 1692 3821 1732 una

2216 1748 2394 1801 anima
2417 1757 2581 1811 sunt;
2621 1748 2701 1802 sic
2728 1763 2837 1801 non
2866 1747 3047 1802 minus
3072 1761 3202 1801 vere
3229 1763 3336 1801 una
3369 1748 3557 1801 anima
3590 1756 3678 1801 est
3717 1748 3821 1803 hoc

2211 1834 2400 1883 unum,
2429 1818 2611 1873 ethoc
2638 1817 2891 1881 alterum,
2918 1826 2974 1871 et
3002 1819 3105 1872 hoc
3127 1818 3368 1872 tertium.
3395 1817 3703 1887 Comparet
3724 1819 3821 1888 igi-

2208 1897 2299 1942 tur
2326 1904 2385 1941 se
2408 1890 2525 1942 haec
2548 1900 2798 1942 creatura
2826 1897 2935 1942 tam
2960 1888 3207 1943 eminens
3228 1888 3472 1943 Creatori
3497 1904 3605 1943 suo
3628 1904 3821 1958 super-

2208 1958 2467 2012 eminenti
2519 1959 2653 2023 sibi,
2701 1968 2929 2029 eXcepto
2978 1959 3113 2023 hoc,
3162 1966 3221 2014 et
3262 1959 3493 2014 multum
3545 1974 3717 2029 supra
3760 1974 3823 2015 se

2208 2038 2412 2091 amoto,
2438 2030 2581 2099 quod
2604 2031 2783 2083 omnis
2809 2029 3039 2092 bonitas,
3067 2038 3121 2085 et
3141 2044 3303 2085 omne
3330 2030 3533 2083 bonum
3556 2040 3617 2084 et
3639 2030 3820 2085 omnis

2208 2099 2470 2154 bonitatis
2495 2106 2551 2152 et
2575 2099 2701 2154 boni
2723 2099 2950 2154 dulcedo
2973 2100 3205 2154 creatori
3227 2116 3257 2153 a
3282 2116 3339 2154 se
3368 2103 3488 2169 ipso
3506 2108 3631 2162 est;
3665 2115 3823 2155 erea-

2208 2176 2346 2223 tura:
2377 2184 2507 2224 vero
2545 2186 2651 2224 non
2682 2170 2857 2225 solum
2886 2170 3028 2239 quod
3057 2179 3158 2232 est,
3192 2171 3284 2225 sed
3311 2172 3480 2225 etiam
3508 2171 3663 2239 quod
3695 2170 3820 2226 talis

2208 2249 2308 2302 est,
2344 2239 2551 2295 ab‘alio
2577 2251 2678 2303 est,
2712 2257 2817 2296 non
2847 2257 2876 2293 a
2902 2231 2982 2295 se.
3008 2231 3080 2295 Et
3120 2231 3234 2310 ipse
3262 2243 3408 2310 quod
3444 2231 3567 2303 est',
3598 2255 3819 2310 semper

2208 2319 2313 2364 est.
2348 2310 2497 2381 licet
2538 2319 2596 2365 et
2639 2312 2753 2381 ipsa
2780 2310 2958 2365 anima
3005 2312 3238 2379 quodam
3284 2311 3446 2366 modo
3478 2326 3582 2365 suo
3611 2312 3820 2366 incom—

2208 2379 2488 2434 mutabilis
2529 2389 2632 2435 est.
2658 2379 2819 2434 ‘Nam
2863 2395 3079 2449 semper
3108 2382 3287 2435 anima
3332 2389 3449 2443 est,
3486 2392 3543 2435 et
3588 2383 3717 2443 scit,
3763 2389 3819 2435 et

2208 2450 2350 2505 scire
2372 2450 2504 2503 vult.
2532 2450 2824 2521 comparet
2841 2465 2993 2518 ergo,
3014 2460 3074 2503 ut
3095 2451 3229 2513 dixi,
3254 2467 3313 2506 se
3332 2452 3517 2505 anima
3541 2467 3614 2506 eo
3634 2453 3816 2516 modo,

2209 2535 2318 2602 quo
2342 2530 2545 2602 potest,
2572 2520 2817 2602 creatori
2858 2534 2976 2602 suo.
3019 2522 3242 2602 Dicatur
3281 2537 3437 2602 mens
3473 2531 3655 2602 pater,

2209 2590 2381 2661 gignit
2408 2592 2567 2645 scire.
2597 2592 2819 2645 Dicatur
2846 2592 2989 2646 scire
3016 2590 3186 2655 ﬁlius,
3226 2592 3352 2660 quia
3379 2606 3450 2645 ex
3481 2591 3593 2646 alio
3617 2590 3735 2657 est,
3764 2599 3819 2646 et

2211 2676 2321 2716 non
2363 2668 2449 2715 est
2491 2661 2671 2727 aliud,
2713 2676 2876 2732 quam
2921 2661 3097 2730 ipsum
3138 2663 3281 2732 quod
3325 2661 3442 2732 ipse
3471 2671 3577 2723 est,
3608 2678 3679 2716 ex
3710 2678 3816 2731 quo

2209 2740 2313 2786 est.
2350 2732 2577 2787 Dicatur
2604 2730 2758 2789 amor
2785 2730 3020 2801 Spiritus
3048 2730 3301 2795 sanctus,
3348 2730 3482 2800 quia
3527 2730 3816 2800 amborum

2211 2810 2297 2857 est
2324 2816 2536 2873 eorum,
2568 2803 2661 2873 qui
2685 2818 2744 2859 se
2768 2810 2970 2857 amant.
3008 2801 3158 2858 Unde
3186 2802 3240 2856 in
3266 2802 3475 2858 nostris
3510 2801 3814 2870 Scripturis

2210 2872 2409 2942 saepius
2443 2872 2618 2937 amor,
2651 2873 2705 2927 id
2731 2881 2838 2938 εει,
2868 2873 3140 2937 Charitas,
3178 2888 3299 2942 quas
3343 2873 3395 2927 in
3434 2873 3553 2927 Deo
3580 2883 3667 2928 est
3688 2888 3817 2942 erga

2211 2951 2577 3069 33ml:qu
2610 2959 2643 2999 a
2668 2944 2826 3001 nobis
2862 2952 2947 2999 εει
2989 2944 3043 2998 in
3078 2944 3277 3011 Deum,
3318 2943 3553 3014 spiritus
3583 2944 3702 3015 ipse
3726 2958 3816 3015 ap-

2209 3022 2466 3086 peuatur.

585 3174 615 3237 3
659 3160 796 3237 _V_igle
837 3175 1002 3231 supra
1048 3160 1310 3218 Monttnm
1351 3160 1757 3233 Appendicibus
1801 3159 2110 3231 praeﬁxum,
2134 3147 2188 3215 Β
2287 3162 2317 3204 δ
2348 3161 2694 3237 Superﬂuum
2724 3163 2820 3221 abs
2845 3163 3030 3224 dubio.

514 3230 621 3286 col.
653 3231 814 3286 1513.

2428 3374 3817 3403 Ἥ

1111 3493 1275 3567 ⁵⁸⁷
1351 3503 2326 3620 APPENDIX
2406 3433 3185 3618 unus.

1860 3716 2448 3799 HISTOBICA.

1144 3925 1485 3987 NOTITIA

805 4024 1286 4087 ECCLESIARUM
1330 4023 1536 4081 URBIS
1574 4022 1819 4080 ROMJE.

996 4104 1062 4161 Et
1091 4122 1189 4161 ms.
1226 4103 1640 4175 Salisburgemi.

585 4198 829 4258 Primum
861 4199 917 4252 in
942 4199 1076 4252 urbe
1093 4197 1265 4251 Roma
1302 4197 1591 4251 beatorum
1646 4205 1948 4267 martyrum
1992 4213 2111 4254 eor-

514 4286 652 4345 pora
680 4269 907 4345 Joannis
930 4283 981 4345 et
1013 4267 1160 4345 i’auli
1218 4278 1400 4345 tamen
1444 4266 1731 4345 quiiescunt
1774 4266 1829 4321 in
1883 4269 2109 4345 basilica

517 4338 712 4410 inagna
744 4350 799 4395 et
824 4340 979 4393 valde
1012 4339 1267 4393 formosa.
1304 4338 1506 4410 Deinde
1534 4338 1762 4410 intrabis
1788 4354 1885 4408 per
1916 4341 2106 4410 urbem

2217 3922 2317 3977 sub
2346 3928 2490 3974 terra
2517 3916 2791 3990 deorsum.
2821 3915 3028 3990 Deinde
3054 3917 3241 3973 eadem
3273 3917 3359 3973 via
3414 3923 3716 3990 pervenies
3756 3923 3826 3979 ad

2218 3991 2508 4061 ecclesiam
2541 3989 2712 4061 sancti
2745 3987 3023 4061 Saturnini
3046 4003 3199 4058 papae
3217 3997 3275 4043 et
3293 3987 3599 4061 mariyris;
3650 3995 3707 4047 in
3754 3994 3830 4048 al-

2222 4070 2338 4117 tera
2375 4059 2604 4115 ecclesia
2633 4059 2793 4113 Daria
2824 4059 2975 4129 virgo
2993 4068 3049 4112 et
3078 4067 3239 4113 mart.
3271 4059 3469 4129 pausat
3500 4072 3561 4117 et
3584 4064 3825 4118 Crisanti

2223 4141 2383 4188 mart.
2418 4130 2609 4184 Postea
2636 4130 2919 4201 pervenies
2952 4130 3142 4201 eadem
3166 4130 3252 4201 via
3282 4130 3350 4184 ad
3365 4132 3716 4201 speluncam,
3736 4133 3829 4191 ubi

2224 4210 2413 4258 sancta
2451 4201 2653 4254 liilaria
2682 4208 2840 4254 mart.
2882 4199 3086 4256 Deinde
3113 4200 3299 4256 eadem
3330 4199 3422 4257 alia
3448 4205 3524 4257 ad
3567 4216 3827 4262 sanctu-

2215 4273 2581 4329 Alexandrum
2613 4279 2771 4325 mart.
2804 4270 2881 4324 lhi
2905 4279 3135 4339 pausant
3175 4271 3493 4328 Theodulus
3530 4286 3592 4329 et
3652 4275 3830 4331 Even-

2217 4351 2324 4406 tus,
2356 4353 2413 4397 et
2442 4342 2597 4411 longe
2635 4341 2690 4395 in
2720 4342 2979 4395 interiore
3021 4342 3278 4411 spelunca
3307 4342 3635 4401 Alexander
3662 4355 3826 4402 mart.

519 4411 589 4467 ad
617 4408 946 4483 aquilonem,
998 4410 1168 4483 donec
1204 4408 1506 4483 pervenies
1566 4409 1633 4461 ad
1665 4423 1877 4483 portam
1907 4409 2108 4483 Elami-
2139 4416 2189 4476 ι)
2216 4408 2743 4483 τεηυίεεειιξΡοεῖείι
2767 4408 3066 4483 ascendens
3116 4413 3305 4483 eadem
3356 4414 3442 4466 via
3515 4416 3585 4470 ad
3646 4417 3826 4473 sancti

517 4478 702 4543 neam‘,
734 4482 823 4534 ubi
872 4494 1093 4548 sxum/us
1125 4478 1440 4531 Valentinus
1470 4487 1676 4547 martyr
1732 4480 1964 4548 quiescit
2019 4481 2106 4535 via

518 4550 793 4607 Flaminea
822 4550 873 4620 in
898 4547 1115 4601 basilica
1148 4563 1365 4620 magna,
1402 4562 1575 4620 quam
1612 4547 1901 4620 AHouOrius
1948 4564 2105 4620 repa-

519 4620 693 4684 ravit;
723 4627 778 4672 et
800 4618 887 4671 alii
920 4630 1185 4689 martyres
1208 4617 1259 4670 in
1288 4617 1538 4689 aquilone
1572 4618 1728 4689 plaga
1792 4618 1891 4671 sub
1922 4617 2104 4689 terra.

518 4691 722 4745 Deinde
749 4689 901 4743 vadis
931 4689 996 4741 ad
1028 4686 1312 4750 orientem,
1349 4686 1520 4741 donec
1535 4686 1718 4741 venias
1738 4689 1800 4741 ad
1822 4688 2105 4747 ecclesiam

518 4760 743 4818 Joannis
775 4760 1030 4829 martyris
1075 4757 1264 4830 (ϐοά,
1320 4772 1349 4830 ε
1385 4757 1547 4830 clesia
1597 4756 1827 4812 Jobanni
1868 4762 2108 4830 martir.)

514 4834 604 4888 via
636 4830 930 4889 Salinaria,
974 4830 1045 4901 ibi
1076 4828 1369 4901 requiescit
1394 4828 1666 4901 Diogenus
1697 4837 1924 4901 martyr,
1955 4838 2011 4885 et
2049 4828 2103 4886 in

516 4904 689 4958 altero
718 4901 967 4957 cubiculo
1000 4899 1400 4963 Bonit’acianus,
1436 4908 1491 4953 et
1518 4899 1695 4953 Sistus
1742 4899 1949 4963 martyr
2005 4904 2106 4957 sub

516 4982 699 5038 terra;
746 4972 846 5027 sub
893 4979 1040 5024 terra
1085 4971 1296 5025 Blastus
1343 4978 1570 5039 martyr.
1618 4968 1819 5025 Deinde
1868 4968 2109 5029 Joannes

512 5054 745 5114 martyr.
776 5041 989 5114 Pus_tea_
1002 5040 1316 5114 Longuinus
1350 5052 1577 5110 martyr.
1605 5039 1809 5114 Deinde
1861 5042 2014 5097 vadis
2038 5044 2108 5098 ad

516 5109 817 5171 australem
841 5112 923 5165 via
958 5109 1249 5175 Salinaria,
1280 5109 1454 5165 donec
1501 5109 1688 5164 venies
1724 5112 1791 5165 ad
1856 5123 2106 5168 sanctum

516 5185 812 5240 Ermetem.
859 5183 935 5237 lai
982 5184 1217 5252 primum
1254 5180 1783 5254 pausat_i5assilissa
1842 5185 1997 5254 virgo
2050 5192 2109 5240 et

517 5263 759 5324 martyr;
802 5254 853 5307 in
885 5250 1054 5307 altera
1088 5260 1144 5307 et
1205 5261 1413 5322 martyr
1468 5250 1736 5324 Maximus
1774 5261 1831 5307 et
1885 5250 2106 5310 sanctus

430 5382 435 5388 _
516 5322 710 5381 Ermes
734 5332 941 5393 martyr
962 5325 1119 5394 longe
1149 5324 1250 5377 sub
1277 5323 1615 5394 terra;etin
1655 5322 1825 5378 altera
1848 5324 2106 5394 spelunca

515 5395 717 5451 Pmtus
746 5391 954 5466 martyr
983 5403 1038 5448 et
1059 5391 1348 5466 'Jacintus,
1403 5392 1595 5466 deinde
1649 5394 1835 5466 Victor
1875 5391 2103 5466 martyr.

516 5466 715 5522 Postea
744 5462 932 5520 eadem
964 5465 1049 5517 via
1085 5464 1337 5535 pervenis
1358 5462 1431 5535 ad
1494 5472 1741 5535 sanctum
1790 5462 2103 5535 Pampulum

516 5544 826 5607 martyrem
845 5550 968 5607 vuv
996 5533 1250 5607 gradibus
1287 5534 1580 5607 subterra.
1607 5533 1809 5607 Deinde
1838 5533 2021 5607 venies
2036 5538 2106 5593 ad

520 5603 763 5661 sanctam
789 5603 1123 5660 Fchcdatem
1154 5604 1324 5659 altera
1353 5603 1460 5661 via.
1487 5618 1610 5671 quae
1652 5603 1901 5671 similiter
1950 5605 2107 5662 Sala-

520 5677 608 5747 ria
635 5677 849 5732 dicitur.
876 5675 947 5729 ibi
981 5674 1068 5728 illa
1097 5683 1289 5747 pausat
1308 5674 1360 5729 in
1385 5673 1613 5747 ecclesia
1642 5684 1956 5747 sursum.et
1998 5677 2103 5747 Bo-

524 5743 758 5801 nifacius
783 5762 920 5818 papa
957 5754 1012 5800 et
1037 5743 1243 5818 martyr
1271 5746 1323 5800 in
1349 5744 1522 5799 altero
1548 5743 1685 5809 loco,
1734 5753 1789 5801 et
1839 5746 1936 5804 lilii
1986 5746 2105 5818 ejus

2216 4482 2463 4556 Silvestri
2492 4484 2810 4556 ecclesiam;
2844 4482 2914 4535 ibi
2945 4482 3232 4536 multitudo
3252 4493 3576 4556 sanctorum
3596 4497 3821 4556 pausat.

2210 4554 2454 4623 Primum
2488 4552 2747 4607 Silvester
2782 4562 3005 4606 sanctus
3034 4568 3170 4623 papa
3200 4565 3256 4608 et
3304 4552 3619 4617 ιιοηΐεεεοτζ
3678 4568 3737 4613 ει
3760 4558 3826 4612 ad

2210 4626 2375 4696 pedes
2400 4622 2518 4696 ejus
2549 4632 2770 4678 sanctus
2800 4622 3043 4696 Syricus:
3054 4640 3215 4696 papa,
3242 4639 3295 4678 et
3318 4626 3371 4678 in
3411 4628 3646 4681 dextera
3666 4639 3826 4696 parte

2211 4640 2375 4693 penes
2401 4640 2518 4689 ejus
2549 4640 2770 4678 sanctus
2801 4640 3025 4693 Syricus
3053 4640 3215 4747 papa,
3242 4640 3295 4678 et
3318 4641 3371 4678 in
3411 4640 3646 4681 dextera
3666 4640 3826 4696 parte

2211 4694 2517 4768 Celestinus
2561 4709 2716 4764 papa,
2749 4703 2804 4748 et
2850 4694 3047 4768 Marcel
3074 4711 3136 4747 us
3166 4696 3488 4765 cpiscopus;
3535 4696 3830 4768 Philippus

2211 4774 2267 4819 et
2293 4764 2441 4819 Felix
2484 4774 2643 4818 mart.
2674 4775 2729 4819 et
2776 4764 3064 4819 multitudo
3117 4764 3427 4820 Sanctorum
3484 4769 3591 4821 sub
3648 4764 3831 4821 alia":

2210 4833 2446 4902 majore;
2480 4850 2528 4889 et
2563 4835 2615 4888 in
2648 4835 2902 4905 spelunca
2932 4834 3277 4905 Qrescentius
3301 4844 3461 4890 mart.
3496 4839 3631 4892 etin
3648 4839 3825 4893 altera

2210 4913 2395 4959 sancta
2427 4905 2613 4959 Prisca
2659 4904 2816 4960 mart.
2859 4915 2913 4960 et
2942 4904 3154 4960 Fimitis
3199 4916 3392 4975 pausat
3434 4923 3491 4961 in
3540 4910 3828 4975 cubiculo,

2210 4976 2425 5044 quando
2446 4991 2641 5041 exeas;
2677 4984 2733 5029 et
2757 4976 2807 5029 in
2849 4976 3022 5030 altera
3058 4986 3246 5031 sancta
3284 4977 3627 5032 Potenciana
3658 4990 3826 5035 man.

2209 5055 2265 5100 et
2289 5045 2557 5121 Praxidis.
2586 5046 2651 5121 Et
2667 5054 2853 5116 postea
2895 5048 3051 5121 vagis
3098 5047 3168 5101 ad
3208 5048 3502 5121 orientem,
3527 5063 3831 5121 quousque

2209 5117 2497 5192 pervenies
2545 5117 2632 5192 ad_
2667 5125 2910 5192 sanctam
2966 5116 3405 5192 Emerentianam
3459 5116 3638 5192 ma'rt.
3710 5116 3833 5192 qua

2246 5188 2484 5262 ausatin
2520 5187 2749 5262 ecclesia
2778 5203 3016 5262 sursum,
3044 5197 3103 5243 et
3139 5190 3245 5262 duo
3277 5196 3554 5262 martyres
3603 5191 3669 5246 in
3702 5187 3832 5262 spe»

2232 5274 2364 5313 unca
2396 5259 2647 5312 deorsum
2677 5258 2865 5313 Victor
2886 5257 3284 5314 etAlexander.
3324 5257 3538 5314 Deinde
3563 5263 3661 5316 via
3720 5257 3833 5318 Su—

2207 5336 2461 5401 meutana
2482 5329 2553 5401 ad
2569 5328 2865 5401 ecclesiam
2878 5338 3081 5385 sancte
3093 5330 3283 5401 Agnze,
3309 5344 3433 5401 quae
3444 5329 3706 5390 formosa
3718 5342 3835 5399 est.

2209 5398 2261 5452 in
2293 5414 2397 5466 qua
2417 5399 2529 5453 sola
2556 5407 2768 5472 pausat,
2786 5408 2841 5455 et
2856 5400 3031 5469 ipsam
3055 5398 3344 5472 epiécopus
3364 5400 3664 5461 Honorius
3682 5398 3833 5463 miro

2207 5483 2372 5539 Opere
2399 5470 2693 5538 reparavit.

2276 5538 2470 5612 Posiea
2500 5539 2647 5612 illam
2686 5540 2828 5594 viam
2878 5541 3108 5596 dimittis
3143 5550 3201 5596 et
3220 5543 3515 5612 pervenies
3545 5547 3621 5602 ad
3702 5564 3835 5604 san—

2190 5617 2353 5682 ctum
2387 5609 2670 5682 Ypolytuin
2708 5618 2870 5665 mart.
2897 5612 2989 5682 qui
3044 5609 3342 5681 requiescit
3393 5614 3500 5669 sub
3560 5626 3729 5675 terra
3774 5621 3833 5675 in

2205 5679 2485 5753 cubiculo;
2513 5679 2569 5753 et
2597 5679 2897 5753 Concordia
2914 5679 3263 5753 mulier—ejus
3290 5693 3454 5738 mart.
3484 5696 3622 5744 ante
3644 5693 3830 5747 fores.

2206 5751 2391 5807 Altero
2428 5751 2679 5808 cubiculo
2707 5762 2893 5808 sancta
2950 5751 3246 5825 Triphonia
3295 5755 3489 5825 regina
3528 5768 3585 5813 et
3646 5773 3829 5818 ωδε-ι.
