4058 6344
543 287 683 345 1585

1526 278 1619 333 AD
1652 272 1880 331 OPERA
1919 273 1980 327 Β.
2012 269 2289 327 ΑΙιὈΗΙΝΙ
2325 267 2762 324 APPENDICES.

3673 266 3811 323 1385

537 400 872 472 personantes
902 390 1305 472 melos‘dulces;
1332 428 1345 443 .
1374 428 1387 442 .
1417 389 1566 472 cujus
1595 386 1828 465 ofﬁcium
1858 394 1954 449 est,
1984 383 2113 453 fale-
2142 390 2186 448 Α
2217 383 2345 465 gilii,
2376 381 3108 472 alterum‘Nasonisnomine
3135 390 3425 472 ornatum:
3456 383 3813 465 promulgare

538 459 668 524 ratis
698 465 1020 523 sermonibus
1051 463 1353 531 ﬁgmentare
1392 459 1660 531 mendacia
1678 473 1697 520 ;
1725 495 1738 507 .
1769 496 1781 507 .
1809 472 2007 531 semper
2036 472 2115 507 se-

576 538 814 592 uentibus
843 535 1035 604 placita
1051 526 1242 599 ⁷ρ’νιονα
1276 528 1663 604 scindentibus;
1689 565 1702 578 .
1731 565 1745 578 .
1778 526 1931 578 vitam
1963 541 2117 604 penaf

576 557 814 592 uentwus
843 557 1035 604 ptacuu
1066 557 1242 599 pnutu
1276 557 1659 589 atftltucuttuua,
1689 565 1702 578 .
1731 565 1745 578 ο
1780 557 1931 578 ιγηυιιι
1963 557 2117 593 youn-

537 557 642 664 Ztm
678 607 774 661 sibi
822 610 1263 657 consenescentem
1309 601 1626 668 producere;
1660 635 1673 647 .
1701 635 1713 647 .
1746 603 1953 668 etquae
1992 602 2118 668 sunt

539 677 666 734 alia.
691 676 969 729 Molestum
993 673 1135 725 enim
1150 678 1250 731 est,
1278 664 1458 739 plures
1477 665 1841 739 hujuscemodi
1866 664 2118 739 ﬂosculos

537 746 902 803 transcribere
929 762 941 795 :
984 756 1118 822 quos
1158 734 1536 819 consarciuare
1561 736 1807 817 aliisque
1827 734 2119 787 obtrudere

615 818 716 869 luit
746 828 926 877 nemo,
959 805 1059 865 nisi
1098 809 1259 864 hoino
1286 809 1522 863 omnium
1560 805 2117 877 ignarissimusatque

544 872 952 940 insulsissimus.
972 882 1143 948 Quam
1167 878 1396 931 absurda
1420 872 1605 948 etiam;
1631 889 1902 948 quamque
1928 872 2118 948 frigida

539 964 595 1011 et
613 953 914 1025 jejunaisit,
942 943 1061 1025 quae
1083 950 1253 1025 prima
1283 947 1530 1025 Dindymi
1559 944 1784 1025 epistola
1813 943 2121 1025 continetur

541 1013 867 1094 apos'tmphe
902 1013 977 1075 ad
1007 1013 1243 1094 divitias,
1293 1013 1779 1094 dici_'rion_potest_.
1814 1013 1889 1093 Ea
1913 1026 2119 1065 merum

540 1083 680 1164 sapit
717 1083 1034 1162 sophistam,
1072 1090 1360 1143 verborum
1405 1085 1683 1141 lenociniis
1736 1083 1983 1152 decipere
2024 1098 2119 1136 cu-

478 1178 483 1181 '
542 1165 803 1218 nientem.

541 1180 982 1288 Ριῖἐίῗιὶὶηινθτο
1022 1228 1415 1300 (ιιιοιιευηιίιιαξο
1428 1226 1633 1300 omnia,
1666 1232 1916 1300 quietam
1942 1222 2122 1291 copio-

542 1318 623 1367 se,
655 1311 710 1357 et
745 1300 892 1370 justo
938 1293 1056 1355 fere
1094 1299 1365 1370 copiosius
1411 1296 1686 1370 disputas?
1734 1293 2123 1370 Ni_n_iirum,_ut

540 1363 892 1443 intelligatur,
929 1372 1092 1443 hasce
1116 1363 1369 1438 epistolas
1396 1381 1518 1419 esse
1545 1366 1684 1443 haud
1720 1364 1879 1443 dubie
1910 1363 2122 1443 spurias

543 1433 1168 1510 atquevcommentitias;
1196 1453 1296 1491 nec
1330 1451 1512 1510 earum
1544 1435 1713 1510 lector
1746 1434 1886 1510 ullus
1916 1433 2033 1486 istis
2066 1447 2124 1510 se

542 1502 715 1581 decipi
762 1511 997 1580 patiatur
1030 1527 1042 1562 :
1072 1509 1201 1577 quin
1236 1508 1429 1581 petius
1450 1504 1823 1581 credulitatem
1871 1504 2049 1581 istam,
2078 1502 2123 1555 si

541 1573 681 1635 forte
710 1573 891 1642 habet,
920 1573 1105 1640 exuat,
1129 1573 1432 1646 qua—nostri
1461 1574 1778 1646 majoresad
1805 1573 2124 1646 qualescun-

543 1665 647 1719 que
677 1650 777 1703 viri
805 1644 1167 1718 cujuscunque
1192 1647 1460 1719 quondam
1503 1644 1735 1719 celebris
1773 1644 1991 1719 nomine
2028 1656 2122 1719 or-

542 1712 719 1783 natas,
750 1712 1603 1789 commentationesaccipiendas
1644 1712 1974 1781 tuendasque
2024 1712 2123 1764 ad-

544 1789 686 1843 ducti
715 1791 883 1843 fuere.
912 1784 1041 1854 Quit:
1068 1786 1283 1841 credula
1330 1784 1641 1854 multorum,
1670 1798 1823 1854 mens
1860 1790 2122 1854 quantum

543 1858 850 1913 detrimenti
895 1852 1088 1910 litteris
1130 1856 1482 1925 opaimis,ne
1521 1853 1646 1922 quid
1677 1852 1895 1925 gravius
1920 1853 2117 1925 dicam,

544 1927 800 1990 attulerit,
834 1935 1031 1982 norunt
1074 1921 1263 1979 omnes
1312 1924 1402 1993 qui
1432 1921 1618 1977 earum
1650 1921 1930 1985 historiam
1962 1921 2121 1990 paulo

544 1997 811 2051 curiosius
855 1997 1194 2064 indagarunt.
1228 1994 1356 2064 Quae
1385 1994 1428 2046 si
1468 1994 1597 2064 mihi
1632 1994 1849 2064 inesset,
1893 2002 1985 2044 aut
2023 2005 2121 2058 ego

543 2065 663 2120 aliis
690 2068 965 2136 imponere
993 2063 1153 2119 haud
1207 2063 1505 2136 dubitarem
1524 2103 1537 2125 ,
1589 2063 1690 2136 hoc
1737 2063 1851 2136 ipso
1882 2071 2124 2136 tempore

543 2136 745 2206 possim
765 2129 834 2191 ex
857 2136 993 2191 libro
1013 2137 1193 2204 aliquo
1214 2150 1314 2188 ms.
1338 2134 1443 2187 duo
1458 2133 1721 2195 carmina,
1749 2129 1980 2184 alterum
2008 2129 2125 2183 Vir-

2218 456 2391 523 iisque
2412 453 2580 524 editis
2610 453 2818 505 laudent
2871 453 2920 505 in
2959 462 3253 516 balsameo,
3283 454 3425 521 quod
3458 455 3639 513 aiunt,
3665 453 3811 524 qua.

2219 541 2357 578 rere.
2401 522 2503 576 Sel
2551 539 2722 575 meum
2756 524 2867 575 veri
2897 533 2950 575 et
2979 523 3211 593 videndi.
3239 535 3293 576 et
3320 524 3656 593 propagandi
3684 522 3813 579 ξω.

2218 595 2364 648 dium
2397 594 2540 656 facit,
2571 603 2625 646 ut
2675 609 2758 654 ea,
2804 608 3035 661 quorum
3081 591 3353 655 dicuntur,
3381 591 3668 646 auctorem
3693 611 3813 652 esse

2219 680 2319 718 nec
2347 671 2562 718 credam
2587 664 2721 731 ipse,
2754 679 2851 716 nec
2878 663 2997 715 aliis
3022 665 3347 729 persuadere
3374 662 3560 715 velim.
3585 662 3814 719 Eodem-

2219 750 2323 802 que
2352 742 2628 802 permotus
2670 743 2724 785 et
2767 734 2899 794 haec,
2928 748 3047 800 qua:
3080 734 3132 785 in
3161 748 3283 785 man
3312 733 3413 786 bus
3439 733 3635 793 habes,
3666 736 3813 803 prin-

2220 820 2347 873 ceps
2372 814 2422 857 et
2449 803 2615 856 abbas
2641 804 3110 867 reverendissime,
3133 813 3536 855 commentatus
3565 819 3712 865 sum,
3736 813 3809 865 ut,

2220 877 2362 945 quod
2413 874 2707 945 tumetipse
2745 874 2921 927 credis
2943 914 2957 935 ,
3008 873 3098 925 alii
3128 874 3312 945 itidem
3339 874 3687 945 pervideaut,
3718 890 3815 945 nec

2221 942 2495 1013 epistolas,
2535 958 2670 1012 quas
2699 944 2893 997 iterum
2913 944 3054 1013 typis
3080 944 3425 1014 excudendas
3452 942 3612 1014 prelo
3644 944 3813 1014 subji-

2222 1012 2345 1069 cere
2371 1014 2721 1076 constituisti,
2779 1012 2968 1081 reapse
3014 1013 3083 1067 ab
3129 1012 3442 1083 Alexandro
3501 1012 3705 1083 Magno
3748 1012 3819 1069 et

2222 1086 2527 1155 Dindymo,
2577 1099 2808 1149 quorum
2860 1084 3089 1155 nolitian
3134 1082 3527 1155 pra-scierunt,
3584 1082 3819 1154 scriptas

2221 1153 2528 1224 opinentur.
2585 1155 2698 1221 Qua
2746 1155 2798 1207 in
2836 1169 2997 1207 causa
3051 1154 3095 1207 si
3140 1153 3418 1224 desiderio
3462 1163 3559 1206 tuo
3609 1153 3821 1223 tuaique

2221 1222 2611 1294 eispectationi
2638 1224 2988 1278 satisfecisse
3015 1239 3100 1277 me
3137 1222 3479 1294 intellexero,
3512 1224 3567 1276 id
3598 1225 3654 1277 in
3712 1222 3820 1277 ma-

2223 1292 2799 1368 gna__felicitat_is__meze
2825 1304 2978 1368 parte
3017 1308 3212 1368 ponam
3243 1311 3257 1345 :
3290 1292 3373 1347 sin
3426 1295 3646 1357 minus,
3696 1294 3817 1357 hoc.

2224 1363 2366 1434 quod
2394 1375 2539 1418 tuam
2566 1364 2751 1419 fallere
2797 1364 2976 1418 cernis
3026 1363 3360 1433 opinionem,
3413 1377 3525 1416 non
3599 1374 3712 1416 tam
3757 1379 3819 1418 ex

2219 1437 2380 1506 justze
2403 1436 2704 1506 dehitteque
2737 1450 2867 1506 mea:
2898 1436 2947 1486 iu
2994 1442 3044 1487 te
3080 1434 3295 1502 pietatis
3347 1450 3408 1506 ac
3435 1504 3442 1506 _
3466 1435 3819 1506 rever-enlist,

2226 1502 2386 1576 quam
2417 1502 2738 1559 eruditionis
2759 1504 2891 1558 satis
2912 1513 3113 1574 parata:
3157 1512 3210 1557 et
3235 1504 3544 1576 exquisitae.
3612 1502 3823 1576 defectu

2224 1574 2524 1644 profectum
2554 1576 2850 1637 existimes,
2879 1576 3229 1627 vehementer
3256 1575 3417 1627 etiam
3448 1586 3622 1642 atque
3660 1574 3822 1628 etiam

2229 1647 2325 1698 abs
2358 1654 2408 1698 te
2434 1654 2577 1713 peto.
2622 1645 2774 1710 Quod
2806 1654 3069 1713 superest,
3099 1659 3128 1696 a
3162 1660 3245 1696 me
3288 1644 3473 1695 omnia
3526 1659 3743 1697 summa
3772 1644 3822 1697 in

2230 1725 2279 1769 te
2310 1715 2505 1779 studia,
2529 1715 2813 1784 officiaque
2838 1715 2982 1767 nullo
3004 1731 3107 1767 non
3136 1722 3379 1784 tempore
3402 1726 3689 1781 exspecta.
3720 1714 3825 1784 Ego

2159 1771 2199 1828 Β
2226 1771 2503 1855 profecto,
2524 1801 2642 1854 qu-e
2668 1771 2937 1854 pe'rtiaere
2963 1784 3027 1837 ad
3052 1793 3101 1836 te
3131 1771 3454 1850 intelligam,
3482 1771 3824 1855 studiosissi-

2228 1851 2312 1908 ine
2336 1851 2556 1917 omnia,'
2575 1851 3087 1924 diligentiSsimeque
3114 1855 3314 1906 curabo
3341 1870 3358 1924 ξ
3388 1863 3559 1919 atque
3592 1851 3829 1905 incredi-

2226 1925 2350 1978 bilis
2379 1937 2481 1978 tua:
2524 1940 2651 1994 ergi
2678 1921 2773 1977 ine
2811 1924 3157 1977 humanitatis
3206 1921 3679 1994 indulgeiitiauue
3699 1936 3829 1994 _m_e-

2229 1994 2458 2048 moriam
2489 1992 2840 2047 conservabo.
2872 1994 3014 2054 Vale,
3049 1994 3316 2061 rebusque
3340 1995 3482 2048 meis
3512 1992 3661 2045 fave.
3696 1992 3824 2045 Dab.

2229 2080 2260 2118 e
2291 2063 2487 2118 Musaeo
2517 2065 2645 2133 ipsis
2676 2063 2792 2117 Kal.
2825 2062 2976 2128 Jun.,
3008 2078 3149 2116 anno
3176 2062 3328 2116 1770.

553 2238 3811 2272 Μ

1259 2356 2217 2476 APPENDIX
2294 2355 3120 2505 quan-ra.

1640 2569 2074 2634 LITURGICA
2117 2569 2219 2629 ET
2265 2567 2725 2631 HISTORICA.

1101 2734 1773 2854 LIBELLUS
1861 2731 2617 2846 SACRARUM
2708 2724 3276 2841 PRECUM

671 2941 777 3004 Ex
803 2958 916 3000 ms.
954 2935 1345 3000 Floriacensi
1375 2952 1684 2996 annorum
1704 2931 1959 2994 circiter
1986 2931 2127 3003 900,
2159 2928 2332 3008 apud
2359 2928 2657 3001 Martem,
2693 2926 2765 2988 de
2798 2926 3079 3006 antiquis
3105 2924 3402 2988 Ecclesia
3430 2927 3716 2989 Ritibus.

549 3134 617 3177 IN
651 3130 902 3177 cumsrt
946 3127 1189 3170 NOMINE
1225 3126 1579 3170 ORATIONES
1610 3113 1944 3167 metemur
1965 3122 2125 3176 QUAS
2156 3106 2201 3167 C
2232 3103 2430 3177 exaudi
2454 3118 2541 3156 me
2563 3110 2810 3177 orantem
2842 3101 2980 3177 εἱςυβ
3008 3099 3277 3155 ﬂandi-ili
3319 3098 3747 3177 Susannam._9t
3772 3103 3830 3159 Ε-

630 3210 816 3254 ΒΕΔΤῙ
848 3205 1081 3250 PATRES
1112 3205 1380 3247 DIVINAM
1414 3204 1749 3245 LAUDANDO
1774 3204 1850 3243 ET
1885 3204 2130 3244 DEPRE-

630 3287 839 3333 CANDO
896 3284 1309 3329 CLEMENTIAM
1353 3281 1656 3334 QUOTIDIE
1698 3282 1986 3323 CANTARE
2029 3280 2131 3323 80·-

630 3364 900 3410 ιεΒΑΝΤ.

550 3449 737 3508 Oratio
774 3447 939 3503 sancti
982 3444 1181 3501 Hilarii
1220 3461 1379 3514 quam
1422 3443 1697 3496 duodecim
1738 3443 1885 3498 libris
1909 3459 2039 3514 quos
2069 3443 2134 3497 de

763 3527 944 3573 sancta
964 3514 1269 3585 conscripsit
1294 3514 1844 3583 Trinitatesubjurusit.

623 3610 820 3665 Sancta
848 3607 1103 3668 Trinitas,
1130 3621 1391 3660 conserva
1422 3607 1579 3667 hanc,
1612 3620 1730 3669 oro,
1758 3605 1878 3658 ﬁdei
1909 3605 2135 3659 merciu-

552 3679 971 3736 contaminatam
1003 3676 1339 3745 religionem,
1366 3684 1420 3729 et
1445 3691 1615 3744 usque
1638 3678 1702 3729 ad
1727 3691 2004 3729 excessqu
2022 3676 2135 3743 spio

551 3752 692 3805 ritus
713 3749 815 3802 mei
843 3748 980 3801 dona
1013 3747 1143 3799 mihi
1181 3748 1320 3800 hanc
1359 3746 1703 3800 conscientia:
1735 3761 1867 3799 mete
1906 3761 2130 3810 vocem;

553 3830 616 3875 ut
634 3819 776 3888 quod
797 3817 853 3888 in
876 3817 1301 3888 regenerationis
1323 3831 1453 3869 mea:
1485 3816 1725 3888 symbolo
1748 3816 2051 3888 baptizatus
2079 3816 2133 3888 iu

552 3884 714 3945 Patre
734 3897 792 3965 et
808 3884 1011 3940 Filio’et
1027 3885 1232 3965 Spiritu
1246 3894 1447 3965 sancto
1465 3884 1735 3965 professus
1761 3902 1974 3953 semper
1990 3885 2132 3939 obti-

552 3974 732 4021 neam,
756 3957 969 4010 Patrem
1000 3955 1203 4010 scilicet
1240 3964 1291 4010 te
1311 3964 1574 4017 nostrum,
1614 3955 1809 4009 Filium
1844 3965 1990 4008 tuum
2028 3971 2134 4008 una

557 4039 733 4084 tecum
762 4027 1004 4088 adorem,
1038 4034 1093 4079 et
1118 4028 1363 4080 sanctum
1387 4025 1649 4093 Spiritum
1672 4034 1842 4089 tuum,
1867 4025 1954 4093 qui
1976 4040 2043 4078 ex
2083 4033 2135 4080 te

551 4114 650 4169 per
673 4096 1003 4169 unigenitum
1029 4106 1133 4169 est,
1159 4111 1472 4169 promereor
1496 4114 1507 4147 :
1533 4097 1657 4169 quia
1682 4095 1810 4147 mihi
1830 4097 2051 4148 idoneus
2067 4096 2136 4150 ad

555 4166 714 4223 ﬁdem
740 4167 892 4220 testis
920 4175 1001 4219 est
1022 4166 1239 4221 dicens:
1269 4166 1446 4227 Pater,
1472 4166 1647 4218 omnia
1672 4181 1785 4216 mea
1809 4175 1899 4216 tua
1922 4174 2065 4227 sunt,
2088 4175 2136 4218 et

555 4249 646 4291 tua
664 4252 797 4290 mea.
823 4236 963 4289 Deus
1001 4251 1151 4289 meus
1187 4235 1344 4290 Jesus
1374 4235 1621 4289 Christus
1658 4249 1882 4288 manens
1905 4235 1955 4287 in
1982 4243 2052 4297 te,
2083 4242 2138 4288 et

555 4322 621 4362 ex
649 4316 702 4360 te
727 4314 781 4359 et
805 4308 942 4373 apud
974 4314 1025 4357 te
1054 4322 1267 4375 semper
1309 4305 1471 4369 Deus,
1506 4305 1599 4375 qui
1632 4320 1692 4359 es
1729 4305 2044 4359 benedictus
2080 4304 2133 4359 in

557 4375 749 4430 saecula
768 4376 1103 4428 saeculorum.
1136 4377 1327 4430 Amen.

863 4457 1048 4517 Oratio
1078 4467 1244 4517 sancti
1264 4466 1488 4519 Joannis
1518 4466 1864 4536 evangelista}.

629 4558 854 4625 Domine
874 4557 1001 4611 Jcsu
1021 4555 1257 4617 Christe,
1284 4564 1334 4607 te
1353 4558 1578 4610 obsecro
1600 4573 1631 4625 p
1648 4574 1694 4608 δι’
1708 4556 2134 4612 misericordiam

560 4637 617 4684 et
637 4623 977 4684 clementiam
1005 4635 1168 4685 tuam,
1195 4633 1254 4677 ut
1273 4634 1496 4693 praestes
1518 4623 1644 4679 mihi
1672 4629 1878 4680 veuiam
1910 4628 2135 4682 delicto-

561 4714 680 4754 rum
714 4714 974 4752 meorun.
1025 4695 1184 4764 Aperi
1221 4695 1348 4747 mihi
1388 4696 1617 4763 pulsanti
1649 4697 1869 4765 januam
1910 4696 2051 4759 vit-c,
2082 4704 2138 4751 et

559 4769 814 4839 princeps
842 4768 1186 4839 tenebrarum
1213 4780 1317 4818 non
1340 4774 1591 4820 occurrat
1616 4764 1766 4819 mihi.
1797 4764 1911 4821 Non
1956 4768 2137 4820 veniat

560 4837 691 4893 inihi
730 4837 1185 4907 pes.superbi.e,et
1209 4852 1398 4889 manus
1420 4845 1675 4907 extranea
1716 4852 1746 4888 a
1784 4847 1835 4891 te
1870 4852 1972 4889 non
2011 4853 2140 4889 con-

558 4906 739 4977 tingat
758 4907 919 4971 mihi;
943 4907 1037 4961 sed
1058 4907 1271 4977 suscipe
1296 4922 1378 4958 me
1400 4906 1692 4977 secundum
1718 4909 1938 4961 verbum
1965 4914 2138 4977 tuam,

560 4985 617 5035 et
641 4976 841 5048 perduc
884 4993 971 5032 me
1009 4976 1077 5030 ad
1117 4976 1419 5048 witvivinin
1457 4976 1735 5048 epularum
1781 4986 2012 5048 tuarum,
2050 4976 2139 5029 ubi

564 5043 849 5104 epulantur
887 5058 1064 5103 tecum
1095 5044 1281 5099 omnes
1313 5045 1469 5099 amici
1500 5046 1593 5098 tui.
1623 5045 1700 5099 Tu
1727 5061 1786 5099 es
1813 5046 1956 5100 enim
1986 5043 2143 5099 Jesus

612 5120 814 5173 hristus
833 5117 1003 5173 Filius
1033 5115 1127 5170 Dei
1156 5116 1285 5179 vivi,
1311 5118 1402 5185 qui
1430 5130 1550 5169 cum
1576 5115 1734 5169 Patre
1761 5125 1817 5170 et
1858 5131 1981 5170 cum
2025 5114 2146 5182 Spi-

562 5190 667 5243 ritu
717 5197 904 5245 sancto
948 5188 1085 5243 vivis
1128 5193 1183 5240 et
1220 5202 1412 5254 regnas
1460 5186 1514 5239 in
1559 5186 1751 5240 sarcula
1803 5186 2141 5241 saeculorum.

562 5258 762 5314 Amen.

996 5327 1180 5383 Oratio
1207 5326 1374 5381 sancti
1405 5325 1643 5380 Martini.

637 5418 780 5500 Deus
806 5419 990 5500 glorias
1023 5461 1037 5483 ,
1062 5420 1203 5500 Deus
1243 5419 1335 5500 qui
1370 5434 1511 5472 unius
1550 5427 1612 5499 et.
1645 5432 1805 5500 verus
1845 5418 2007 5480 Deus,
2050 5417 2143 5497 qui

566 5488 713 5544 solus
732 5498 786 5543 et
799 5488 976 5558 justus
996 5505 1077 5552 es,
1102 5491 1244 5543 Deus
1261 5491 1310 5541 in
1341 5504 1446 5558 quo
1470 5490 1673 5552 omnia,
1696 5488 1795 5541 sub
1815 5503 1921 5555 quo
1942 5488 2141 5551 omnia,

566 5575 664 5629 per
683 5574 843 5629 quem
870 5560 1048 5613 omnia
1080 5558 1219 5614 facta
1251 5570 1405 5619 sunt;
1439 5559 1732 5614 exaudime
1747 5568 1991 5629 orantem
2007 5558 2145 5611 sicut

567 5628 831 5684 exau’disti
856 5639 965 5685 tres
988 5646 1181 5699 pueros
1209 5632 1273 5685 de
1293 5631 1509 5699 camino
1525 5629 1661 5699 ignis
1679 5628 1953 5691 ardentis;
1980 5643 2143 5681 exau-

572 5699 624 5752 di
656 5716 742 5756 me
769 5709 1015 5756 orantem
1038 5702 1180 5757 sicut
1197 5701 1463 5756 exaudisti
1484 5698 1674 5755 Jonam
1701 5700 1767 5754 de
1789 5707 1977 5752 ventre
2000 5699 2138 5765 ceti;

2233 3174 2433 3227 berasti
2460 3188 2579 3227 eam
2611 3174 2678 3226 de
2705 3188 2866 3225 manu
2898 3172 3202 3238 iniquorum
3234 3171 3713 3233 testium;exaudi
3748 3188 3831 3227 me

2233 3253 2475 3297 orantem
2500 3244 2639 3296 sicut
2667 3242 2933 3296 exaudisti
2963 3241 3181 3294 Petrum
3219 3241 3270 3294 in
3317 3241 3459 3293 mari
3511 3250 3573 3295 et
3613 3242 3832 3299 Paulum

2234 3312 2288 3365 in
2311 3313 2559 3369 vinculis.
2585 3312 2755 3366 Parce
2781 3313 2974 3364 anima“:
2998 3326 3150 3373 meze,
3168 3311 3520 3381 parceifactis
3542 3314 3699 3375 meis,
3714 3329 3831 3381 par-

2233 3397 2295 3437 ce
2310 3383 2516 3438 cunctis
2537 3382 2854 3437 criminibus
2880 3382 3032 3445 meis,
3061 3382 3295 3450 quicum
3320 3380 3506 3444 Patre,
3534 3392 3651 3457 etc.

2642 3493 2827 3547 Oratio
2866 3494 3036 3547 sancti
3074 3492 3353 3545 Ambrosii.

2305 3594 2529 3662 Largire
2553 3592 2710 3655 mihi,
2738 3592 2981 3651 Domine,
3009 3590 3169 3643 Pater
3190 3591 3277 3658 pie
3301 3600 3355 3644 et
3381 3600 3600 3653 sancte,
3626 3592 3833 3646 intelle-

2236 3673 2381 3718 ctum
2425 3661 2519 3731 qui
2559 3673 2608 3716 te
2639 3662 2920 3732 intelligat,
2959 3676 3173 3715 sensum
3216 3661 3307 3730 qui
3354 3670 3406 3713 te
3444 3662 3673 3726 sentiat,
3720 3662 3833 3716 ani-

2234 3750 2379 3787 mum
2414 3734 2504 3801 qui
2537 3741 2586 3788 te
2615 3730 2830 3801 sapiat,
2854 3730 3183 3800 diligentiam
3227 3747 3347 3799 qua:
3386 3739 3441 3783 te
3478 3742 3714 3800 qua-rat,
3754 3749 3835 3786 sa-

2234 3804 2490 3873 pientiam
2519 3819 2638 3872 quae
2664 3811 2715 3854 te
2746 3801 3003 3873 inveniat,
3033 3802 3265 3854 animam
3311 3816 3433 3868 qua:
3462 3809 3512 3855 te
3551 3815 3831 3872 agnoscat,

2235 3871 2423 3927 oculos
2462 3871 2642 3926 cordis
2678 3872 2769 3940 qui
2815 3880 2866 3923 te
2918 3871 3151 3933 videant,
3198 3871 3675 3926 conversationem
3718 3889 3835 3942 qua:

2237 3945 2333 3997 tibi
2366 3944 2596 4012 placeat,
2621 3943 3077 4012 perseverantiam
3103 3956 3222 4009 quzc
3255 3950 3305 3993 te
3340 3950 3645 4009 exspectet,
3677 3942 3833 4001 linem

2236 4010 2565 4082 perfectum,
2614 4010 2955 4079 praesentiam
2994 4022 3160 4074 tuam,
3194 4020 3436 4065 sanctam
3474 4014 3833 4066 resurrectio-

2239 4099 2382 4145 nem,
2436 4084 2631 4135 lonam
2678 4082 2880 4135 retrihu
2910 4082 3108 4152 ionem,
3146 4082 3339 4152 vitam
3398 4090 3668 4136 tctemam
3704 4102 3716 4135 :
3747 4082 3835 4152 qui

2239 4168 2432 4222 regnas
2461 4153 2515 4205 in
2539 4152 2729 4206 saecula
2764 4149 3104 4205 smculorum.
3127 4151 3319 4204 Amen.

2669 4260 2853 4316 Oratio
2878 4264 3047 4316 sancti
3076 4262 3377 4332 Augustini.

2312 4377 2453 4430 Deus
2485 4375 2709 4443 justiti-.e
2732 4417 2746 4439 ,
2781 4385 2833 4429 te
2872 4376 3132 4445 deprecor
3158 4416 3171 4438 ,
3208 4374 3349 4429 Deus
3397 4375 3829 4436 misericordiae,

2164 4465 2216 4525 ι)
2242 4447 2382 4501 Deus
2406 4446 2715 4525 invisibilis,
2757 4447 2895 4499 Deus
2922 4445 3527 4525 incomprehensibilia
3540 4445 3686 4525 Deus
3719 4446 3829 4498 ine-

2242 4516 2547 4575 narrabilis,
2576 4516 2715 4569 Deus
2738 4525 2957 4576 aaterne,
2990 4516 3128 4568 Deus
3158 4525 3416 4585 perpetuo
3443 4556 3458 4575 ,
3490 4515 3637 4568 Deus
3672 4516 3829 4585 benc-

2241 4586 2406 4647 dicte,
2440 4586 2578 4637 Deus
2605 4586 2759 4649 cujus
2781 4586 2981 4646 omnia,
3017 4583 3237 4639 Deus’in
3282 4600 3387 4652 quo
3431 4584 3642 4646 ounia,
3696 4583 3831 4637 Deus

2246 4657 2344 4711 sub
2370 4671 2475 4724 quo
2511 4656 2714 4718 omnia,
2746 4655 2886 4708 Deus
2925 4671 3019 4719 per
3046 4670 3205 4721 quem
3248 4654 3423 4707 omaia
3467 4662 3616 4707 sunt.
3666 4653 3834 4711 Raro:

2246 4727 2440 4779 anima!
2468 4740 2618 4787 mem,
2644 4741 2801 4794 parce
2834 4724 2986 4794 malis
3028 4725 3181 4787 meis,
3207 4738 3369 4794 parce
3397 4739 3573 4791 pecca'
3592 4726 3639 4778 ἰ)
3662 4725 3797 4778 meis
3816 4765 3831 4785 .

2246 4792 2747 4865 parcecrimini'tus
2771 4794 2920 4865 meis.
2947 4792 3113 4847 Visita
3132 4792 3424 4865 inﬁrmum,
3443 4809 3576 4847 cura
3606 4810 3831 4865 a‘grum,

2249 4864 2375 4918 sana
2408 4864 2737 4933 languidum.
2774 4864 2845 4915 Da
2877 4879 2972 4917 cor
3006 4864 3147 4928 quod
3171 4872 3219 4915 te
3243 4864 3448 4924 timeat,
3478 4880 3702 4918 sensum
3743 4864 3830 4933 qui

2251 4881 2375 4918 sana
2410 4878 2737 4933 languidum.
2774 4878 2845 4915 ua
2877 4879 2972 4917 cor
3006 4878 3147 4928 quod
3171 4878 3219 4915 te
3243 4878 3448 4924 teneat,
3478 4880 3702 4918 sensum

2251 4943 2302 4988 te
2324 4934 2585 5002 intelligat
2614 4973 2629 4996 ,
2654 4947 2813 4987 aures
2837 4949 2954 5002 quae
2976 4947 3159 4987 vocem
3188 4942 3332 4985 tuam
3361 4934 3605 4994 audiant.
3651 4878 3837 4988 003:;

2252 5003 2432 5057 cordis
2452 5004 2622 5072 quite
2651 5004 2883 5057 videant.
2934 5003 3007 5055 Da
3045 5003 3329 5057 scintillam
3377 5005 3665 5072 sapientire
3692 5014 3833 5065 tunc,

2252 5089 2372 5141 qua:
2404 5072 2530 5126 mihi
2552 5070 2997 5139 justillcationum
3029 5082 3242 5127 tuarum
3272 5074 3374 5126 iter
3398 5070 3673 5129 oStendat.
3718 5084 3773 5127 et
3805 5089 3833 5126 ι

2252 5142 2498 5196 faucibus
2528 5142 2728 5195 inimici
2751 5142 3007 5196 declinari
3042 5159 3127 5196 me
3152 5144 3360 5197 doceat.
3398 5142 3657 5197 Miserere
3704 5144 3833 5205 mei,

2252 5212 2411 5276 Deus,
2436 5227 2597 5281 parce
2629 5212 2753 5281 quia
2780 5212 2995 5281 peccavi
3026 5214 3123 5267 tibi
3166 5227 3179 5263 :
3212 5213 3425 5283 indulge
3453 5214 3583 5281 quia
3614 5214 3833 5283 peccavi

2250 5282 2366 5344 tibi,
2402 5292 2455 5335 et
2484 5292 2705 5351 propter
2729 5283 2980 5336 duritiam
3010 5283 3190 5337 corolis
3220 5283 3322 5335 mei
3354 5282 3406 5336 in
3435 5283 3551 5352 ipsa
3578 5282 3835 5351 peccato-

2250 5366 2370 5405 rum
2407 5366 2645 5405 meorum
2670 5361 2842 5405 morte
2866 5368 3138 5421 percurro.
3182 5353 3291 5422 Ego
3319 5368 3413 5407 ore
3438 5395 3452 5415 ,
3503 5370 3606 5423 ego
3630 5354 3797 5409 cerde
3818 5393 3836 5417 .

2250 5435 2348 5503 ego
2368 5436 2547 5503 opere.
2576 5437 2673 5502 ego
2705 5424 2756 5475 in
2782 5424 3030 5476 omnibus
3070 5424 3213 5476 vitiis
3251 5423 3591 5503 inquinatus,
3630 5434 3688 5479 et
3721 5438 3839 5503 om-

2247 5490 2404 5564 nibus
2432 5490 2741 5553 sceleribus,
2772 5503 3057 5564 enopertus
3103 5508 3252 5564 sum;
3285 5495 3497 5547 veniam
3540 5504 3672 5563 peto
3706 5497 3833 5564 quia

2244 5562 2471 5615 crimina
2498 5577 2782 5631 cognosco,
2818 5562 3020 5616 scelera
3055 5578 3173 5617 mea
3199 5562 3392 5627 fateor,
3441 5562 3565 5633 qtae
3595 5568 3702 5619 etsi
3726 5562 3837 5620 non

2244 5632 2560 5693 confiterer,
2603 5642 2655 5683 te
2702 5641 2878 5685 tamen
2916 5633 3083 5687 Lttcre
3111 5650 3214 5687 non
3243 5632 3512 5702 poterant.
3564 5635 3648 5689 Tu
3688 5638 3837 5690 enim

2243 5711 2513 5757 scrutator
2539 5717 2598 5757 es
2621 5703 2799 5757 cordis
2827 5713 2882 5758 et
2920 5705 3129 5761 renium
3157 5721 3170 5758 :
3203 5705 3297 5759 tibi
3324 5705 3647 5761 abscondita
3682 5721 3810 5762 πενία
