4058 6344
302 294 440 349 1585

1266 287 1608 348 ΑΡΡΕΝῸῘΧ
1644 288 1733 344 [ν.
1774 318 1840 329 --
1878 287 2215 344 LIBELLUS
2254 288 2552 345 PRECUM.

3389 292 3525 351 l586

297 406 478 490 [amur
500 446 517 471 ,
544 414 602 462 et
632 408 835 464 scelera
873 407 1174 490 patefiunt.‘
1196 406 1451 462 Miserere
1495 407 1597 488 mei
1632 447 1646 471 ,
1699 406 1856 490 Deus.
1892 416 1933 472 Α
1965 412 2020 456 et
2045 403 2303 458 veritatis.
2329 404 2576 490 Custodi,
2622 400 2864 490 Domine,
2891 403 3241 487 negitationes
3274 415 3485 465 nostras
3512 412 3527 477 ,

298 475 539 549 Domine,
568 493 635 531 ne
669 495 753 533 me
780 474 956 549 perire
986 478 1207 548 patiaris
1226 518 1239 540 ,
1270 492 1450 549 neme
1472 477 1620 549 sinas
1649 474 1861 549 aeternis

297 547 535 617 tenebris
562 559 617 601 et
638 543 891 617 perpetua
922 543 1094 602 morte
1117 546 1379 617 consumi.
1415 546 1580 599 Aufer
1625 562 1654 598 a
1700 543 1863 617 corde

294 629 419 670 meo
445 613 979 671 aliena'tmn'sensum.
999 617 1136 671 Cura
1168 616 1220 669 in
1245 631 1328 668 me
1352 624 1621 683 stuporem
1646 613 1859 677 mentis,

294 685 536 754 exstirpa
562 687 627 740 de
647 688 944 741 visceribus
967 687 1099 739 meis
1122 683 1342 739 consilia
1367 683 1682 751 iniquitatis,
1700 683 1864 754 erade

296 768 326 823 λ
354 751 529 823 lingua
554 771 671 809 mea
696 756 1007 811 detrahendi
1043 755 1484 809 consuetudinem
1508 793 1522 816 ,
1572 751 1864 806 mentiendi

295 822 677 890 t'allacitatem,
730 826 1146 888 scurrilitatem,
1222 832 1277 877 et
1346 838 1535 876 omnes
1594 832 1744 875 actus
1770 836 1862 872 va-

296 892 484 947 uitatis
524 909 657 948 mea:
678 904 795 948 arte
823 895 1096 948 medicinae
1126 903 1228 947 tua:
1253 908 1404 957 sana,
1434 900 1487 945 et
1541 891 1865 945 circumcide

296 962 350 1032 in
425 978 510 1017 me
576 963 703 1016 vitia
771 964 951 1018 cordis
992 972 1047 1017 et
1092 964 1351 1032 corporis.
1415 961 1666 1015 Miserere
1711 959 1861 1032 mei,

298 1030 476 1096 Deus,
531 1034 657 1101 quia
694 1041 750 1086 tit
785 1033 937 1101 nosti,
992 1032 1130 1086 facta
1187 1029 1337 1093 inea,
1394 1038 1449 1083 tu
1489 1029 1867 1098 transgressio-

297 1115 394 1171 nes
435 1100 616 1164 meas,
642 1104 731 1170 qui
759 1103 803 1156 si
842 1103 894 1155 in
920 1100 1123 1168 judicio
1149 1101 1396 1171 persequi
1424 1114 1501 1171 ac
1541 1100 1729 1171 punire
1771 1113 1866 1171 vu-

297 1168 510 1233 luisses,
536 1166 673 1224 olim.
688 1187 772 1225 me
802 1166 982 1224 vivum
1012 1166 1166 1225 terra'
1186 1166 1555 1224 absorbuisset
1576 1186 1588 1221 :
1620 1168 1714 1222 sed
1740 1166 1866 1234 quia

300 1248 444 1293 tanta
458 1249 542 1294 est
563 1241 843 1294 clementia
868 1249 976 1303 tua,
992 1248 1050 1293 ut
1068 1241 1272 1292 nullum
1296 1239 1390 1293 tibi
1412 1238 1590 1306 perire
1611 1236 1860 1306 patiaris;

295 1311 390 1363 sed
432 1326 619 1363 omnes
640 1318 923 1379 exspectas
948 1311 1012 1363 ad
1056 1309 1380 1379 paenitentiae
1422 1306 1613 1379 locum,
1644 1306 1862 1379 reverti.

301 1378 400 1444 Qui
429 1395 555 1450 ergo
578 1380 675 1433 das
698 1376 923 1447 spatium
944 1376 1259 1447 ptenitendi,
1279 1379 1345 1430 da
1373 1386 1427 1450 et
1454 1376 1866 1450 possibilitatem

295 1446 583 1517 operandi,
617 1458 677 1503 ut
710 1446 815 1503 non
855 1446 1073 1517 sitfhoc
1122 1462 1350 1501 vacuum
1397 1446 1736 1517 indulgentia:
1765 1452 1868 1517 tua:

297 1513 506 1589 tempus
525 1559 540 1582 ,
580 1519 721 1588 quod
748 1513 1113 1589 nobis_largiri
1139 1532 1236 1587 pro
1273 1526 1363 1570 tua
1384 1513 1580 1589 pietate
1609 1513 1864 1589 digneris.

299 1586 553 1641 Miserere
582 1586 705 1651 mei,
748 1588 887 1640 Deus
912 1586 1153 1649 Domine,
1179 1600 1248 1639 ne
1271 1600 1357 1638 me
1379 1586 1664 1653 despicias,
1696 1586 1869 1651 neque

297 1666 515 1710 avertas
552 1656 740 1713 faciem
769 1664 914 1709 tuam
943 1671 974 1708 a
1004 1670 1111 1720 me,
1133 1656 1225 1723 qui
1261 1670 1364 1709 non
1394 1670 1491 1723 pro
1512 1655 1722 1724 justitia
1749 1667 1868 1724 mea

297 1737 424 1797 peto
455 1726 888 1797 misericordiam
908 1733 1083 1797 tuam;
1123 1722 1216 1797 sed
1244 1722 1732 1797 propter_tuagnam
1756 1722 1864 1797 cle-

303 1792 559 1850 mentiam
579 1804 722 1849 tuam
752 1795 958 1863 reSpice
986 1795 1038 1847 in
1063 1811 1169 1859 me,
1188 1794 1509 1855 Domine,de
1529 1792 1712 1847 sancta
1740 1792 1864 1863 sede

302 1864 601 1932 maiestatis
628 1874 750 1925 tum,
781 1861 1117 1919 ettenebras
1146 1863 1326 1917 cordis
1356 1864 1460 1917 mei
1487 1864 1637 1917 radio
1680 1861 1861 1931 splen-

296 1934 445 1989 doris
473 1936 547 1988 tui
576 1935 837 1988 illumina.
864 1934 1093 1997 Protege
1120 1949 1221 1996 me,
1257 1933 1500 1997 Domine,
1534 1942 1687 1987 scuto
1724 1932 1868 1985 veri-

305 2006 430 2059 tatis
482 2005 605 2057 fidei
638 2013 774 2067 ture,
818 2012 875 2056 ut
901 2018 987 2057 me
1017 2001 1211 2057 diaboli
1233 2001 1410 2070 jacula
1436 2004 1600 2073 ignita
1628 2018 1732 2073 non
1769 2017 1866 2070 pe-

302 2082 549 2136 netrent;
586 2074 841 2142 quidquid
876 2074 1020 2126 enim
1074 2073 1202 2127 illud
1250 2081 1333 2127 est
1384 2071 1526 2141 quod
1580 2071 1867 2125 infelicitas

302 2159 417 2200 mea
442 2143 507 2197 de
538 2152 589 2197 te
619 2152 802 2212 petere
854 2151 948 2196 aut
995 2159 1097 2195 non
1125 2144 1319 2211 accipit
1344 2182 1359 2206 ,
1405 2150 1497 2195 aut
1532 2158 1638 2196 non
1668 2154 1868 2212 praesu-

302 2214 420 2277 mit,
446 2222 538 2267 aut
563 2211 668 2268 non
693 2214 860 2282 sapit;
895 2214 997 2267 hoc
1024 2222 1077 2265 tu
1101 2229 1198 2281 per
1221 2214 1477 2266 virtutem
1500 2220 1645 2282 tuam
1670 2211 1866 2273 tribue,

298 2293 357 2337 et
410 2298 506 2351 per
557 2281 892 2349 majestatem
928 2291 981 2335 et
1019 2284 1272 2351 pietatem
1325 2291 1469 2335 tuam
1502 2281 1698 2351 largire
1724 2282 1869 2349 quod

299 2350 536 2406 animam
567 2353 737 2406 salvet
764 2368 792 2403 a
833 2350 1043 2414 morte’;
1102 2359 1155 2405 et
1201 2352 1420 2405 exeunti
1468 2351 1599 2403 mihi
1645 2350 1712 2404 de
1769 2352 1870 2405 hoc

300 2424 440 2476 chao
493 2424 838 2475 tenebrarum
880 2436 1097 2474 manum
1129 2422 1372 2490 porrigas
1395 2429 1451 2473 et
1478 2420 1656 2474 lumen
1681 2428 1869 2490 osten-

299 2493 412 2546 das.
450 2492 701 2545 Miserere
731 2491 856 2552 mei,
890 2491 1033 2543 Deus
1077 2489 1318 2553 Domine,
1343 2492 1613 2559 reintegra
1652 2489 1869 2544 confra-

299 2570 466 2623 ctum,
498 2575 628 2614 sana
655 2571 999 2627 corruptum,
1045 2560 1278 2613 emunda
1309 2561 1583 2621 vitiatum,
1617 2567 1671 2613 et
1699 2560 1873 2613 indul-

338 2647 365 2683 e
397 2632 539 2699 quod
570 2629 697 2693 feci,
728 2639 783 2683 et
812 2630 913 2682 hoc
940 2639 1135 2698 praesta
1162 2638 1227 2699 ut
1258 2630 1489 2697 amplius
1520 2645 1626 2681 non
1657 2629 1871 2699 faciam,

338 2647 365 2683 e
397 2647 539 2699 quon
570 2647 697 2693 reci,
728 2647 783 2683 et
812 2647 913 2682 noc
940 2647 1135 2698 praesta
1168 2647 1227 2681 ιιι
1258 2647 1489 2697 ampuus
1520 2647 1626 2681 non
1657 2647 1871 2693 iaciam,

298 2647 553 2753 galvator
587 2699 769 2752 mundi
796 2739 809 2760 ,
860 2699 949 2766 qui
986 2714 1111 2752 cum
1160 2698 1320 2752 Patre
1346 2739 1359 2761 ,
1415 2708 1471 2752 et
1505 2713 1628 2751 cum
1665 2698 1873 2766 Spiritu

303 2778 493 2891 lsancto
528 2769 662 2891 Rivis
690 2776 745 2822 et
770 2782 962 2838 regnas
990 2768 1132 2822 Deus
1158 2784 1255 2837 per
1283 2769 1463 2822 omnia
1487 2769 1684 2823 saecula
1709 2783 1877 2822 saecu-

326 2855 502 2891 orum.
579 2854 719 2891 men.

304 2840 502 2894 lorum.
530 2840 719 2892 Amen.

472 2956 664 3027 Incipit
700 2958 868 3011 oratio
892 2958 1026 3012 beati
1060 2957 1367 3027 Hieronymi
1397 2955 1695 3026 presbyteri.

375 3046 527 3101 Mane
556 3062 677 3100 cum
707 3063 992 3103 surrexero
1020 3049 1237 3102 intende
1265 3048 1330 3101 ad
1364 3062 1450 3100 me
1471 3087 1485 3109 ,
1529 3047 1752 3100 Domine
1779 3086 1792 3110 ,
1826 3054 1881 3100 et

302 3118 538 3189 guberna
564 3132 753 3172 omnes
779 3129 932 3175 actus
960 3134 1135 3181 meos,
1164 3127 1217 3171 et
1246 3118 1407 3171 verba
1440 3131 1555 3170 mea
1574 3156 1593 3189 ί,
1628 3127 1682 3170 et
1729 3116 1877 3185 cogi-
1902 3120 1946 3181 ρ

305 3188 537 3243 tationcs
564 3202 734 3253 meas,
762 3197 821 3241 ut
857 3196 1027 3241 totum
1068 3189 1211 3241 diem
1252 3188 1543 3256 transigam
1571 3188 1623 3239 in
1657 3196 1746 3239 tua
1780 3201 1873 3239 vo-

304 3256 510 3311 luntate
542 3274 555 3309 :
589 3257 726 3311 dona
750 3258 902 3322 mihi,
926 3258 1150 3312 Domine
1173 3299 1187 3321 ,
1219 3259 1467 3311 timorem
1497 3265 1663 3317 tuum,
1696 3256 1874 3309 cordis

306 3328 771 3394 compunctionem
800 3368 815 3392 ,
860 3328 1056 3382 mentis
1101 3329 1457 3381 humilitatem
1482 3368 1495 3389 ,
1530 3325 1876 3379 conscientizc

304 3398 639 3466 puritatem,
663 3407 724 3449 ut
750 3405 951 3450 terram
974 3399 1264 3465 despiciam
1293 3438 1305 3461 ,
1337 3396 1532 3466 ccelum
1564 3396 1821 3466 aspiciam
1857 3436 1871 3458 ,

305 3464 576 3535 infernum
606 3465 845 3535 timeam,
875 3464 1096 3535 peccata
1121 3467 1318 3527 odiam,
1338 3465 1605 3532 justitiam
1633 3464 1870 3535 diligam.

305 3534 574 3588 Ahscinde
605 3548 639 3604 a
663 3548 776 3595 me,
807 3533 1057 3598 Domine,
1086 3535 1222 3602 gulae
1268 3535 1580 3604 appetitum,
1618 3533 1874 3601 concupi-

306 3604 570 3673 scentiam
617 3602 987 3659 fornicationis
1008 3645 1021 3669 ,
1075 3602 1314 3658 amorem
1338 3602 1580 3673 pecunia:
1603 3644 1616 3667 ,
1669 3612 1876 3673 pestem

306 3672 615 3735 iracundiae,
638 3673 903 3742 justitiam
930 3673 1129 3737 saeculi,
1160 3674 1353 3727 mentis
1376 3674 1659 3742 accidiam,
1684 3687 1876 3727 vanam

308 3744 582 3813 laetitiam,
616 3736 953 3812 tyrannidem
997 3736 1278 3813 superbia).
1327 3744 1513 3796 Planta
1543 3736 1595 3796 in
1632 3758 1738 3806 me,
1769 3742 1875 3813 Do-

308 3813 473 3875 mine,
506 3812 761 3866 virtutem
792 3812 1149 3875 ahstinentite,
1181 3823 1237 3868 et
1262 3812 1646 3867 continentiam
1675 3812 1875 3877 carnis,

311 3892 368 3937 et
415 3881 721 3935 castitatem
769 3884 1007 3947 mentis,
1057 3883 1413 3936 voluntariam
1457 3891 1825 3951 paupertatem
1861 3922 1876 3945 ,

308 3967 495 4023 veram
527 3952 864 4019 patientiam,
896 3952 1137 4006 laetitiam
1170 3952 1491 4023 spiritalem,
1520 3953 1880 4023 animistabi-

309 4022 539 4093 litatem,
556 4022 733 4093 cordis
747 4023 1142 4093 contritionem,
1161 4020 1516 4093 humilitatem
1542 4038 1647 4075 non
1672 4020 1873 4093 fictam,

312 4089 609 4146 fraternam
641 4092 979 4144 charitatem.
1030 4092 1250 4146 Custodi
1300 4107 1362 4146 os
1390 4108 1567 4145 meum
1600 4108 1665 4147 ne
1692 4092 1879 4159 loquar

311 4176 472 4223 vana,
498 4176 563 4215 ne
593 4160 803 4214 fabuler
824 4161 1122 4225 smeularia,
1154 4178 1220 4216 ne
1242 4161 1520 4215 detraham
1546 4163 1876 4227 absentibus,

311 4245 381 4284 ne
414 4230 727 4284 maledicam
766 4232 1117 4299 praesentibus
1148 4272 1161 4292 ,
1212 4246 1277 4285 ne
1326 4233 1673 4299 respondeam
1715 4232 1881 4285 male-

312 4300 516 4369 dictum
548 4315 645 4369 pro
675 4300 1001 4365 maledicto;
1042 4302 1133 4354 sed
1172 4315 1202 4354 e
1241 4304 1514 4355 contrario
1566 4303 1876 4356 benedicam

311 4368 598 4439 Dominum
629 4370 679 4422 in
705 4370 1134 4439 omnitempore,
1173 4386 1383 4439 semper
1428 4372 1543 4424 laus
1570 4371 1686 4438 ejrs
1708 4372 1760 4425 in
1784 4386 1879 4426 ore

310 4453 453 4492 meo.
484 4438 702 4516 Custodi
748 4438 930 4492 oculos
958 4438 1107 4494 meos
1126 4456 1217 4516 _ne_
1232 4438 1448 4516 videant
1491 4442 1769 4516 mulierem
1813 4443 1880 4516 ad
1913 4458 1959 4516 ι)

312 4508 792 4578 concupiscendam
820 4522 939 4561 eam
971 4548 985 4571 ,
1014 4524 1079 4563 ne
1107 4510 1413 4564 desiderent
1445 4526 1559 4564 rem
1602 4511 1832 4578 proximi
1862 4552 1876 4575 ,

312 4576 851 4650 pecudelie‘iasuhujus
880 4579 1091 4643 saeculi;
1150 4580 1242 4650 sed
1291 4580 1467 4633 dicam
1516 4576 1638 4650 cum
1688 4581 1879 4650 spiritu

313 4645 483 4719 David
513 4664 524 4698 :
554 4645 703 4719 Oculi
728 4647 825 4719 mei
846 4663 1047 4719 semper
1070 4649 1138 4701 ad
1164 4649 1460 4710 Dominum,
1486 4655 1540 4703 et
1562 4645 1786 4719 reliqua.
1817 4651 1884 4704 Et

315 4715 544 4787 iterum:
568 4715 649 4768 Ad
670 4725 717 4768 te
743 4715 901 4768 levavi
926 4715 1102 4772 oculos
1125 4734 1285 4782 meos,
1315 4720 1403 4787 qui
1426 4719 1631 4773 habitas
1651 4715 1705 4772 in
1731 4720 1876 4773 cozlo.

314 4784 533 4839 Custodi
564 4800 722 4858 aures
758 4800 904 4839 meas
934 4802 1001 4858 ne
1040 4789 1257 4842 audiant
1305 4784 1541 4858 linguam
1594 4790 1883 4844 detrahen-

316 4866 445 4917 tem,
478 4870 544 4907 ne
570 4855 791 4907 audiant
820 4857 1155 4912 mendacium
1176 4895 1190 4921 ,
1223 4873 1322 4913 nec
1353 4855 1573 4912 verbum
1600 4860 1833 4914 otiosum
1862 4876 1878 4923 ;

316 4926 409 4978 sed
440 4932 640 4992 aperte
666 4924 779 4975 sint
801 4926 1038 4991 quotidie
1061 4928 1127 4980 ad
1169 4928 1489 4982 audiendum
1520 4928 1740 4982 verbum
1762 4930 1875 4983 Dei.

316 4993 537 5047 Custodi
568 4993 907 5060 pedes‘meos
944 5010 1011 5048 ne
1039 4996 1373 5051 circumeant
1409 4998 1597 5051 domos
1631 5000 1831 5053 otiosas
1862 5016 1876 5051 :

318 5064 412 5117 sed
441 5071 586 5117 stent
606 5063 659 5115 in
681 5063 925 5117 oratione
954 5064 1047 5118 Dei
1075 5067 1302 5119 firmiter
1323 5067 1639 5121 immobiles.
1658 5069 1881 5123 Custodi

318 5147 515 5186 manus
540 5146 688 5206 meas
710 5147 776 5206 ne
797 5132 1142 5206 porrigantur
1168 5136 1404 5206 saepead
1427 5138 1735 5206 accipienda
1765 5154 1882 5190 mn-

318 5216 468 5273 nera,
498 5201 590 5256 sed
619 5202 793 5273 potius
817 5201 1096 5256 eleventur
1121 5201 1357 5272 quotidie
1392 5204 1444 5257 in
1492 5201 1739 5273 precibus
1779 5206 1885 5259 Do-

320 5271 460 5343 mini
484 5271 775 5343 mundzcet
801 5285 949 5339 pune
978 5273 1093 5326 sine
1123 5271 1225 5335 ira,
1255 5283 1310 5327 et
1339 5271 1747 5342 disceptatione,
1776 5291 1883 5343 quo

319 5340 464 5410 possi
496 5340 675 5394 dicere
702 5339 850 5394 illum
880 5343 1247 5411 propheticum
1279 5339 1581 5398 sermonem
1614 5363 1625 5397 :
1658 5339 1884 5399 elevatio

322 5425 576 5484 manuum
616 5423 855 5484 mearum
880 5412 1610 5484 sacrificiumvespertinum.
1642 5414 1881 5478 Custodi,

323 5479 565 5561 Doniine,
597 5479 802 5565 exitum
831 5489 1103 5565 uostrum,
1133 5482 1223 5551 qui
1255 5479 1441 5565 in'tuo‘
1455 5485 1672 5564 nomine
1723 5484 1885 5565 profi-

322 5549 599 5613 ciscimur,
629 5556 684 5603 et
706 5548 927 5619 angelus
954 5548 1076 5607 tuus
1101 5548 1319 5606 sanctus
1342 5553 1578 5607 crelestis
1603 5548 1887 5609 comitetur

322 5619 622 5693 nobiscum,
656 5619 747 5688 qui
776 5621 946 5693 possit
974 5622 1236 5677 deducere
1262 5638 1363 5677 nos
1392 5638 1562 5693 usque
1607 5624 1673 5677 ad
1712 5624 1885 5679 locum

322 5690 675 5752 deStinatum,
704 5697 757 5743 et
786 5690 1019 5760 dirigere
1064 5693 1224 5761 pedes
1255 5690 1545 5748 nostros'in
1575 5695 1714 5749 viam
1741 5695 1889 5763 pacis

562 5781 835 5879 ξἠιιοι.
882 5782 985 5845 Cl.

1966 488 2261 538 sermones,
2291 483 2347 527 et
2376 488 2561 542 opera,
2607 481 2667 527 ut
2713 473 2981 541 possimus
3019 475 3073 529 in
3113 486 3404 542 conspectu
3438 473 3530 535 tuo

1963 544 2222 611 perficere
2245 544 2572 597 voluntatem
2625 552 2770 596 tuam
2796 583 2811 607 ,
2863 553 2917 597 et
2942 546 3216 599 ambulare
3242 544 3294 600 in
3323 549 3407 601 via
3438 558 3530 603 tua

1964 618 2076 665 toto
2105 621 2344 682 tempore
2374 614 2496 667 vitai
2535 621 2733 683 nostrae
2763 652 2777 676 ,
2817 626 2915 680 per
2957 614 3369 683 Redemptorem
3416 619 3532 673 ani-

1965 695 2171 758 marum
2193 692 2513 758 nostrarum
2536 682 2818 736 Dominum
2846 689 3109 747 nostrum,
3141 682 3226 739 cui
3248 694 3334 740 est
3357 686 3533 758 gloria

1964 748 2017 801 in
2046 750 2239 804 saecula
2266 752 2603 806 saeculorum.

2315 838 2501 892 Oratio
2524 840 2693 894 sancti
2716 838 2943 909 Ephrem
2972 841 3200 895 diaconi.

2035 916 2259 988 Domine
2298 916 2447 988 Deus
2472 924 2526 969 et
2561 917 2808 971 Salvator
2835 933 3006 982 meus,
3038 934 3206 988 quare
3255 934 3342 974 me
3375 920 3533 976 dere-

1964 986 2210 1054 liquisti?
2239 985 2497 1055 miserere
2531 988 2635 1040 mei
2663 1024 2677 1050 ,
2718 988 2969 1055 quoniam
3000 985 3070 1041 tu‘
3085 1004 3145 1042 es
3174 997 3384 1044 amator
3420 1004 3537 1045 om-

1964 1053 2112 1111 nium
2143 1054 2308 1125 solus.
2341 1053 2497 1125 Salva
2524 1071 2608 1108 me
2635 1053 2997 1124 peccatorum,
3012 1059 3264 1125 quoniam
3280 1068 3334 1112 tu
3346 1075 3405 1114 es
3419 1061 3537 1116 sine

1964 1133 2187 1196 peccato
2202 1124 2366 1196 soius.
2386 1124 2527 1196 Erue
2542 1139 2625 1177 me
2642 1126 2707 1179 de
2729 1141 2883 1196 cceno
2900 1124 3239 1194 iniquitatum
3268 1144 3531 1193 mearum,

1964 1193 2026 1248 iit
2054 1210 2157 1247 non
2194 1194 2386 1261 infigar
2414 1193 2466 1246 in
2492 1203 2772 1247 teternum.
2798 1193 3006 1249 Libera
3020 1211 3105 1249 me
3130 1197 3196 1251 de
3215 1213 3309 1252 ore
3330 1199 3536 1253 inimici

1965 1263 2428 1349 meitecce‘en‘im
2472 1272 2530 1315 ut
2573 1262 2657 1317 leo
2685 1265 2902 1344 rugiens
2943 1266 3203 1349 devorare
3248 1282 3333 1321 me
3350 1268 3530 1349 _cupit.

1966 1333 2152 1386 Excita
2180 1332 2470 1401 potentiam
2499 1342 2643 1385 tuam
2666 1342 2722 1387 et
2749 1334 2891 1395 veni,
2914 1343 2973 1387 ut
2998 1334 3204 1389 salvum
3232 1352 3319 1390 me
3345 1332 3532 1392 facias.

1967 1402 2173 1473 Emitte
2197 1401 2619 1473 coruscationes.
2646 1410 2795 1473 tuas,
2840 1403 3087 1473 disperge
3115 1420 3328 1459 omnem
3359 1407 3535 1460 virtu-

1968 1481 2076 1542 tem
2107 1472 2329 1533 inimici,
2358 1480 2569 1542 amator
2592 1471 2867 1525 hominum
2897 1507 2911 1535 ,
2957 1471 3342 1542 benignissime
3372 1474 3532 1531 Deus.

1966 1541 2172 1608 Adjuro
2202 1549 2254 1593 te
2282 1556 2378 1608 per
2408 1540 2778 1595 miserationes
2808 1550 2927 1596 tuas
2953 1557 3020 1595 ne
3041 1540 3127 1596 me
3146 1558 3269 1596 cum
3299 1544 3470 1598 haedis
3504 1560 3540 1600 ι

1968 1611 2202 1665 sinistris
2227 1611 2330 1663 tuis
2360 1618 2565 1679 statuas
2607 1626 2729 1663 cum
2770 1610 2836 1665 iis
2863 1612 2954 1679 qui
2982 1619 3032 1665 te
3055 1612 3534 1669 exacerbaverant.

1969 1680 2221 1753 Netiicas
2248 1679 2412 1753 mihi,
2451 1677 2640 1753 Nescio
2683 1688 2766 1743 te;
2814 1677 2907 1734 sed
2930 1682 3114 1753 tribue
3142 1682 3273 1735 mihi
3319 1692 3540 1753 propter

1894 1753 1939 1812 Β
1968 1750 2189 1804 multam
2235 1748 2659 1803 misericordiam
2692 1757 2838 1802 tuam
2859 1788 2874 1812 ,
2927 1748 3335 1805 indesinentem'
3359 1748 3538 1807 cordis

1967 1820 2430 1888 compnnctionem
2468 1826 2524 1871 et
2564 1817 2745 1888 fletum
2766 1858 2781 1882 ,
2810 1828 2864 1873 et
2890 1821 3301 1885 sanctificame,
3327 1830 3385 1875 ut
3408 1823 3538 1877 fiam

1972 1887 2227 1959 templum
2256 1889 2440 1957 gratia:
2466 1897 2587 1942 tum.
2620 1887 2720 1954 Qui
2748 1889 2901 1943 vivis.

1972 1967 2156 2023 Oratio
2187 1967 2321 2022 beati
2353 1964 2589 2037 Gregorii
2627 1969 2681 2021 in
2710 1986 2816 2038 qua
2847 1970 3182 2038 omnipotenti
3208 1968 3317 2023 Deo
3340 1970 3538 2025 debitas

2408 2039 2514 2108 agit
2543 2039 2833 2109 gratiarum
2862 2041 3111 2092 actiones.

2040 2119 2161 2173 Tibi
2191 2133 2291 2188 ago
2317 2117 2519 2177 laudes,
2546 2125 2599 2170 et
2621 2117 2826 2186 gratias
2852 2117 2946 2188 tibi
2981 2116 3177 2181 refero,
3206 2117 3348 2173 Deus
3388 2132 3543 2173 meus

1970 2187 2357 2244 misericordiae
2406 2201 2555 2251 meae,
2614 2188 2702 2258 qui
2748 2202 2833 2258 me
2878 2187 2943 2239 ad
2978 2196 3133 2258 tuam
3181 2188 3539 2258 cognitionem

1970 2261 2285 2330 perducere,
2317 2266 2372 2309 et
2398 2257 2658 2330 persacri
2685 2256 3021 2330 baptismatis
3046 2256 3381 2330 ablutione_m_
3399 2258 3545 2330 inter

1972 2326 2277 2399 adeptionis
2306 2336 2410 2399 tua}
2440 2326 2579 2379 filios
2604 2341 2895 2399 aggregare
2921 2326 3169 2399 dignatus
3196 2341 3274 2381 es.
3304 2327 3420 2399 Tibi
3436 2341 3547 2399 ago

1972 2396 2160 2452 laudes
2187 2405 2243 2449 et
2268 2396 2486 2466 gratias,
2534 2396 2625 2466 qui
2664 2410 2750 2450 me
2778 2396 2844 2448 ab
2874 2396 3006 2466 ipsis
3033 2396 3349 2466 rudimentis
3370 2397 3545 2450 infan-

1972 2470 2061 2522 tia:
2083 2481 2253 2535 usque
2275 2464 2349 2519 ad
2374 2466 2514 2518 hanc
2542 2465 2729 2518 horam
2756 2480 2853 2535 per
2880 2464 3045 2535 multa
3070 2464 3388 2520 defluentem
3411 2467 3542 2521 vitia

1975 2534 2251 2592 immensa:
2298 2535 2554 2589 bonitatis
2596 2544 2698 2588 tum
2728 2534 2981 2603 patientia
3024 2536 3086 2587 ad
3116 2536 3545 2589 emendationem

1975 2615 2275 2675 exspectas.
2309 2605 2385 2673 Te
2416 2605 2597 2675 laudo,
2614 2612 2673 2675 et
2703 2602 2964 2672 g’lorifico,
2990 2604 3080 2671 qui
3124 2618 3223 2675 me,
3250 2606 3545 2673 saepissime

1978 2679 2043 2732 de
2070 2674 2253 2729 multis
2273 2674 2726 2735 tribulationibus,
2756 2681 2810 2725 et
2835 2675 3119 2743 angustiis,
3148 2674 3545 2729 calamitatibus

1978 2756 2034 2800 et
2083 2745 2317 2798 miseriis
2359 2743 2600 2796 liberasti
2632 2782 2647 2805 ,
2683 2743 2773 2810 qui
2824 2757 2910 2795 mc
2954 2742 3212 2797 hactenus
3238 2744 3303 2797 de
3331 2744 3547 2798 aeternis

1980 2815 2274 2885 suppliciis,
2299 2814 2372 2885 de
2385 2813 2629 2885 corporis
2651 2810 2809 2885 hujus
2829 2813 3157 2885 cruciatibus
3177 2814 3445 2885 exemisti.
3471 2814 3549 2867 Te

1984 2881 2138 2939 laudo
2162 2892 2217 2939 et
2243 2883 2506 2954 glorifico,
2537 2882 2628 2951 qui
2657 2882 2789 2935 mihi
2817 2881 3129 2954 sospitatem
3158 2884 3546 2954 membrorum,

1986 2952 2428 3023 tranquillitatem
2459 2960 2783 3023 temporum,
2802 2960 2867 3023 et
2887 2952 3142 3005 honorem
3167 2992 3182 3015 ,
3221 2952 3468 3007 affectum
3495 2962 3552 3007 et

1986 3021 2305 3080 charitatcm
2335 3064 2349 3087 ,
2388 3023 2432 3076 si
2468 3037 2586 3090 qua:
2613 3021 2773 3075 etiam
2801 3021 2854 3073 in
2886 3036 2970 3075 me
3010 3028 3134 3075 sunt
3163 3022 3298 3075 dona
3323 3038 3421 3090 pro
3450 3032 3552 3075 tua:

1982 3095 2200 3171 pietatis
2232 3093 2401 3171 gratia
2430 3090 2677 3171 conferre
2703 3090 2961 3171 digna-tus
2981 3104 3058 3144 es.
3089 3090 3551 3171 Quaeso,_Domine

1978 3161 2139 3229 Deus,
2170 3161 2598 3217 inaestimabilem
2632 3161 2914 3215 suavitatis
2952 3170 3054 3215 tum
3078 3164 3419 3216 clementiam
3444 3202 3459 3226 ,
3492 3170 3552 3216 ut

1976 3235 2227 3290 inchoata
2258 3235 2308 3287 in
2337 3247 2423 3295 me
2454 3230 2594 3285 bona
2631 3230 2881 3300 perficies
2906 3271 2919 3293 ,
2958 3230 3213 3299 quidquid
3250 3232 3302 3284 in
3344 3246 3430 3285 me
3457 3232 3550 3285 tibi

1976 3305 2223 3373 displicet
2275 3302 2505 3373 repellas
2524 3313 2601 3373 ,Aa
2631 3300 2838 3373 cunctis
2867 3315 2953 3373 me
2980 3316 3097 3373 quae
3129 3310 3416 3373 supersunt
3449 3302 3554 3373 tri-

1975 3370 2361 3434 bulationibus',
2398 3370 2770 3441 iniquitatibus
2798 3385 2862 3423 ac
2898 3370 3125 3441 diversis
3151 3370 3305 3424 malis
3328 3372 3550 3441 eripias,

1976 3443 2332 3508 cegilationes
2360 3456 2528 3503 meas,
2556 3439 2857 3493 locutiones
2880 3440 3084 3508 pariter
3111 3448 3165 3492 et
3194 3447 3346 3494 actus
3375 3439 3427 3493 in
3459 3451 3550 3493 tua

1977 3487 2252 3566 voluntate
2293 3487 2528 3578 dirigas:
2546 3516 2601 3562 et
2630 3523 2695 3561 ne
2723 3487 2936 3562 auferas
2978 3508 3214 3562 animam
3258 3524 3438 3578 meam
3486 3509 3569 3564 de.

1977 3582 2079 3636 hoc
2103 3581 2301 3635 mundo
2323 3577 2635 3648 priusquam
2663 3578 2949 3631 emendare
2984 3578 3216 3631 studeat.
3248 3577 3306 3631 In
3329 3587 3424 3632 tua
3453 3594 3550 3632 vo-

1976 3651 2181 3705 luntate
2234 3650 2376 3703 inter
2420 3649 2644 3701 adversa
2702 3658 2787 3718 me
2826 3656 2880 3701 et
2920 3660 3175 3717 prospera
3220 3648 3554 3718 gradientem

1977 3736 2191 3790 semper
2219 3728 2272 3773 et
2302 3719 2497 3790 ubique
2526 3717 2797 3790 custodias
2820 3757 2836 3780 ,
2878 3725 2933 3770 et
2959 3718 3026 3790 ad
3063 3725 3166 3769 tuie
3195 3717 3281 3772 me
3323 3717 3548 3774 visionis

1979 3786 2281 3845 desiderata
2309 3788 2499 3858 gaudia
2534 3786 2854 3856 quandoque
2894 3786 3181 3856 perducas.

1980 3878 2165 3934 Oratio
2199 3878 2369 3933 sancti
2407 3870 2661 3931 Ambrosii
2694 3877 2748 3929 in
2779 3894 2888 3946 qua
2918 3892 3012 3946 pro
3061 3878 3172 3931 suis
3200 3878 3423 3946 peccatis
3472 3893 3554 3930 ve-

2551 3947 2692 3999 niam
2716 3944 2967 4016 postulat.

2050 4027 2332 4083 Miserator
2362 4034 2417 4080 et
2443 4024 2753 4079 misericors
2775 4065 2789 4088 ,
2816 4025 3028 4092 patiens
3057 4031 3108 4079 et
3136 4023 3361 4079 multum
3393 4024 3554 4079 mise-

1980 4098 2171 4163 ricors,
2199 4111 2393 4167 magne
2424 4104 2480 4150 et
2517 4093 2776 4167 terribilis
2812 4095 2973 4167 Deus,
3005 4096 3099 4150 tibi
3130 4095 3390 4167 confiteor
3430 4109 3558 4165 pec-

1979 4176 2101 4223 cata
2128 4183 2271 4233 mea,
2294 4163 2531 4221 crimina
2562 4178 2704 4228 mea,
2747 4163 2983 4218 facinora
3036 4180 3173 4229 mea,
3218 4164 3410 4219 delicta
3432 4163 3555 4220 mea

1981 4237 2391 4320 tibi_patefacio,
2419 4235 2640 4320 vulnera
2673 4249 2811 4320 mea,
2838 4234 3039 4320 scelura
3064 4249 3201 4320 mea.
3228 4234 3307 4315 Tu
3330 4242 3556 4303 propter

1981 4303 2309 4362 ineffabilem
2348 4306 2642 4360 bonitatem
2672 4310 2817 4356 tuam
2851 4303 3035 4357 confer
3061 4305 3189 4358 mihi
3218 4304 3416 4358 misero
3446 4320 3559 4359 me-

1982 4377 2237 4431 dicinam.
2288 4375 2367 4429 Tu
2416 4375 2560 4429 enim
2610 4368 2895 4444 mitissime
2927 4372 3176 4444 dignatus
3226 4388 3287 4426 es
3332 4373 3552 4428 dicere:

1988 4445 2038 4499 Ν
2043 4445 2125 4499 alo
2150 4454 2367 4499 mortem
2397 4442 2683 4514 peccatoris
2702 4484 2715 4505 ,
2747 4443 2836 4495 sed
2862 4452 2918 4495 ut
2946 4442 3274 4496 convertatur
3318 4451 3367 4496 et
3396 4445 3553 4497 vivat.

1985 4514 2275 4577 Confiteor,
2304 4514 2486 4583 inique
2518 4513 2620 4581 egi,
2648 4526 2902 4580 perversa
2936 4521 3021 4583 est
3049 4514 3101 4566 in
3143 4521 3432 4581 conspectu
3463 4522 3557 4583 tuo

1989 4586 2070 4638 via
2100 4600 2240 4638 mea.
2266 4582 2435 4653 Lapsa
2467 4590 2549 4636 est
2574 4582 2624 4635 in
2660 4582 2831 4636 lacum
2876 4582 3109 4653 miseriae
3138 4583 3247 4636 vita
3276 4598 3415 4653 inea.
3451 4582 3559 4637 Ex-

1986 4657 2183 4708 stincta
2214 4663 2296 4708 est
2321 4651 2697 4722 iniquitatibus
2726 4652 3068 4722 meisuanima
3099 4668 3236 4722 mea.
3269 4651 3557 4722 Superbia,

1985 4726 2167 4787 libido,
2201 4726 2302 4787 ira,
2335 4720 2691 4792 impatientia,
2712 4720 2945 4792 malitia,
2967 4721 3185 4792 invidia,
3209 4720 3363 4792 gula,
3383 4720 3555 4792 ebrie-
3582 4728 3583 4731 “

1986 4803 2091 4860 tas,
2118 4790 2579 4861 concupiscentia,
2609 4790 2820 4861 rapina,
2851 4790 3552 4860 mendaciumfperjurium,

1987 4859 2308 4925 scurrilitas,
2338 4859 2729 4930 stultiloquium
2758 4898 2771 4920 ,
2805 4859 3107 4927 ignorantia
3136 4901 3150 4925 ,
3183 4859 3504 4930 negligentia
3539 4899 3555 4921 ,

1985 4948 2080 4987 seu
2102 4940 2311 4986 caeteras
2337 4939 2515 5000 pestes
2543 4928 2855 5000 occiderunt
2887 4929 3121 4983 animam
3155 4927 3348 5000 meam.
3382 4927 3558 4980 Pollu-

1989 5013 2102 5057 tum
2131 5011 2214 5055 est
2242 4998 2544 5054 cor—mcum
2576 5006 2631 5051 et
2660 4998 2798 5051 labia
2845 5014 2965 5051 mea
2989 5039 3003 5061 ,
3049 5007 3104 5051 et
3150 4999 3297 5051 visus
3327 5013 3479 5051 meus
3504 5006 3561 5051 et

1987 5072 2219 5133 auditus,
2247 5079 2435 5137 gustus
2459 5108 2471 5128 ,
2516 5068 2790 5129 odoratus,
2831 5077 2885 5121 et
2944 5077 3136 5131 tactus,
3161 5076 3217 5120 et
3238 5067 3561 5121 omnimodis

1988 5141 2313 5211 eogitatiqne
2340 5180 2373 5211 ._
2399 5138 2665 5211 locutione
2690 5179 2703 5200 ,
2736 5138 2849 5211 sive
2890 5138 3099 5211 actione
3133 5137 3375 5211 perditus
3399 5152 3554 5211 suum.

1988 5206 2203 5276 Quaeso,
2227 5207 2452 5263 Domine
2490 5208 2654 5272 Deus,
2686 5208 2835 5277 cujus
2863 5208 3137 5262 miseratio
3168 5206 3562 5277 nullumhabet

1989 5275 2150 5334 finem
2171 5321 2184 5341 ,
2240 5280 2453 5333 attrahe
2484 5292 2568 5333 me
2597 5286 2715 5347 post
2740 5275 2789 5330 te
2817 5278 2955 5332 sicut
2983 5277 3251 5347 attraxisti
3281 5275 3562 5347 mulierem

1990 5349 2375 5420 peccatricem,
2430 5349 2568 5420 dona
2599 5345 2745 5420 'mihi
2785 5346 3250 5420 compunctiouem
3287 5345 3563 5420 mentiset

1991 5414 2253 5489 corporis,
2286 5427 2339 5473 et
2362 5418 2665 5473 uberrimos
2688 5414 3043 5489 lacrymarum
3082 5416 3275 5480 fontes,
3294 5416 3443 5489 _sicut
3463 5414 3560 5489 d_o-

1991 5484 2134 5544 nasti
2163 5487 2235 5542 illi
2266 5504 2371 5543 non
2397 5502 2616 5543 cessare
2636 5484 2867 5556 osculari
2890 5485 3052 5554 pedes
3083 5494 3221 5550 tuos,
3264 5486 3441 5556 rigare
3485 5484 3564 5537 la-

1994 5559 2215 5629 crymis,
2258 5567 2313 5612 et
2358 5567 2642 5629 extergere
2678 5555 2911 5629 capillis;
2955 5556 3189 5611 concede
3224 5555 3352 5629 milii
3386 5562 3443 5607 ut
3470 5569 3558 5621 set

1996 5625 2226 5682 cundum
2243 5628 2661 5697 magnitudinem
2679 5625 3014 5697 iniquitatum
3034 5641 3273 5681 mearum
3288 5626 3358 5679 sit
3372 5636 3564 5697 magna

1998 5698 2211 5753 dilectio
2242 5695 2360 5752 mea
2394 5698 2447 5752 in
2476 5706 2546 5757 te,
2578 5705 2634 5749 nt
2662 5703 2881 5765 propter
2915 5696 3326 5751 immensitatem
3354 5695 3568 5765 pictatis

3055 5785 3128 5853 .55
