4058 6344
490 316 624 373 1587

1470 298 1560 369 AD
1598 314 1821 370 OPER.\
1867 316 1924 367 Β.
1969 310 2244 368 ALCUNI
2283 309 2726 367 APPENDlCES.

3594 310 3619 361 1
3630 310 3746 363 588

489 435 593 481 tam
618 428 795 480 omnia
823 427 1063 481 dimittas
1094 428 1221 481 mihi
1269 437 1506 496 peccata.
1543 426 1765 493 Largire
1804 424 1935 496 mihi
1983 422 2049 476 de
2077 429 2124 485 Α
2153 422 2430 496 digneris_,
2477 423 2567 490 qui
2595 438 2714 475 cum
2746 422 2905 496 Patre
2946 430 3001 475 et
3026 420 3257 496 Spiritu
3278 420 3641 496 sanctoviris
3682 430 3744 470 et

488 499 774 565 praeteritis
810 498 1042 561 veniam,
1074 498 1140 551 de
1167 494 1520 565 praesentibus
1565 496 1723 549 malis
1767 494 2049 565 continen-

490 564 638 630 tiam,
667 569 731 620 de
759 568 949 621 futuris
972 566 1253 620 cautelam.
1281 566 1388 618 Fac
1411 580 1494 618 me
1515 566 1826 634 priusquam
1852 564 2053 634 moriar

488 637 743 705 consequi
770 635 1073 703 plenissime
1100 633 1526 690 misericordiam
1553 644 1698 705 tuam
1718 675 1731 694 .
1764 643 1821 705 et
1848 649 1916 687 ne
1940 633 2055 705 dies

489 721 639 775 meos
667 702 791 758 ante
819 705 959 759 finiri
987 706 1133 759 sinas
1151 744 1166 769 ,
1197 721 1356 775 quam
1386 713 1603 773 peccata
1647 704 1884 757 dimittas
1908 743 1924 767 ,
1960 702 2054 755 sed

487 774 626 828 sicut
655 776 735 828 vis
758 784 812 828 et
838 776 945 828 scis
972 774 1229 828 miserere
1259 777 1384 828 mei.

486 867 620 921 Item
645 868 777 920 beati
803 884 951 937 paptc
980 866 1216 936 Gregorii
1261 866 1324 919 de
1365 865 1685 937 confessione
1727 872 2056 934 peccatorum

842 935 889 989 et
915 937 978 990 de
1004 935 1152 990 venia
1188 954 1282 1005 pro
1308 937 1388 989 his
1412 935 1689 1004 poscenda.

557 1025 633 1078 Da
662 1025 814 1087 mihi,
846 1025 1093 1087 Domine,
1117 1023 1509 1078 confessionem
1540 1038 1658 1091 qua:
1705 1022 1800 1076 tibi
1847 1022 1917 1075 sit
1942 1022 2058 1090 pla-

486 1096 613 1149 cita.
632 1094 841 1149 Parturi
873 1095 925 1148 in
951 1095 1112 1149 corde
1134 1109 1254 1148 meo
1271 1094 1658 1147 inenarrabiles
1679 1092 1915 1162 gemitus
1935 1107 2055 1145 sus-

487 1163 1057 1234 cipiantprofundam
1120 1162 1415 1217 bonitatem
1465 1174 1622 1234 tuam
1656 1161 1708 1234 in
1757 1161 2058 1234 humilitate

486 1232 684 1289 cordis.
708 1232 884 1302 ipsum
905 1234 1036 1287 mihi
1060 1234 1127 1286 da
1149 1243 1332 1302 petere
1356 1232 1496 1301 quod
1522 1241 1573 1285 te
1595 1232 1821 1285 delectet
1849 1232 2052 1285 audire.

487 1305 660 1375 Ipsum
704 1305 897 1375 animm
918 1318 1058 1375 mem
1085 1304 1262 1356 insere
1291 1311 1351 1356 ut
1383 1302 1584 1370 jugiter
1609 1302 1897 1375 delectatio
1936 1314 2055 1355 mea

485 1371 600 1443 ipse
628 1376 721 1428 sis.
755 1373 828 1426 Da
859 1374 987 1426 mihi
1015 1374 1283 1443 lacrymas
1328 1388 1395 1426 ex
1428 1381 1528 1443 tuo
1566 1371 1766 1443 affectu
1788 1387 1906 1443 quae
1934 1386 2057 1443 pec-

487 1439 729 1499 catorum
768 1457 1011 1496 meorum
1037 1439 1244 1510 possint
1275 1442 1569 1496 dissolvere
1592 1439 1826 1495 vincula.
1873 1439 2012 1494 Audi
2039 1481 2054 1501 ,

489 1514 630 1567 Deus
666 1527 834 1573 meus,
881 1512 1003 1564 audi
1052 1512 1227 1564 lumen
1269 1512 1545 1565 oculorum
1594 1527 1836 1565 meorum
1872 1551 1885 1574 ,
1932 1510 2055 1565 audi

488 1584 629 1652 quod
656 1591 800 1650 peto,
826 1588 877 1652 et
898 1582 963 1634 da
988 1582 1115 1649 quid
1134 1589 1320 1652 petam
1338 1622 1352 1644 ,
1392 1591 1450 1635 ut
1478 1581 1685 1652 audias.
1716 1580 1772 1652 Si
1803 1580 2052 1649 despicis,

491 1650 675 1719 pereo,
704 1660 758 1704 et
794 1651 839 1704 si
875 1650 1195 1720 respexeris,
1234 1652 1385 1715 vivo;
1424 1652 1469 1705 si
1512 1652 1564 1703 in
1588 1651 1852 1719 justitiam
1881 1664 2054 1703 meam

491 1736 597 1774 non
629 1719 1157 1788 respexeris,’feteo;
1212 1721 1257 1774 si
1289 1721 1716 1775 misericordiam
1770 1727 1917 1772 tuam
1972 1734 2055 1774 re-

489 1791 758 1860 spexeris,
792 1789 1045 1844 fetentem
1076 1791 1310 1844 suscitas
1349 1792 1416 1846 de
1457 1790 1721 1858 sepulcro.
1765 1788 1905 1854 Quid
1947 1804 2051 1843 non

491 1860 615 1913 mali
642 1875 740 1930 ego
766 1860 1127 1929 corruptibilis
1161 1869 1430 1930 creatura,
1455 1871 1509 1913 et
1545 1860 1672 1928 quid
1702 1875 1809 1913 non
1832 1860 1958 1930 boni
2000 1869 2053 1930 tu

488 1928 701 1983 creator
738 1937 793 1985 et
840 1928 1101 1984 creaturae
1152 1929 1477 1984 fortissimus
1516 1930 1835 1985 inuovator?
1877 1928 2056 1983 Cecidi

485 1999 555 2054 de
584 2014 744 2053 manu
774 2007 862 2052 tua
889 2000 1021 2053 vitio
1050 2015 1191 2062 meo,
1222 2010 1415 2068 potens
1437 2016 1497 2054 es
1520 1999 1712 2053 artifex
1744 1999 1839 2053 tibi
1864 1999 2057 2053 iterum

488 2068 744 2139 placitum
779 2069 1031 2139 ﬁgurare.
1063 2069 1284 2139 Corripe
1311 2084 1396 2123 me
1424 2072 1476 2123 in
1518 2069 1886 2123 misericordia
1917 2078 2006 2139 tua
2041 2107 2057 2132 ,

488 2086 744 2139 piacnum
779 2086 1031 2139 ngurarc.
1063 2086 1214 2123 LOI‘I‘I
1255 2086 1284 2124 e
1311 2086 1396 2123 me
1424 2086 1476 2123 ιιι
1518 2086 1886 2123 πιιεενιοοωιιι
1917 2086 2006 2122 tua
2041 2107 2057 2132 ,

488 2155 560 2194 ne
589 2140 642 2193 in
670 2140 747 2191 ira
778 2139 1039 2208 corripias
1067 2154 1172 2193 me.
1205 2086 1358 2206 (good
1386 2140 1506 2194 odis
1533 2138 1588 2192 in
1617 2153 1705 2193 me
1740 2139 1897 2208 longe
1920 2138 2005 2193 fac
2028 2153 2059 2191 a

486 2223 596 2271 me.
628 2218 681 2263 et
715 2208 981 2262 castitatis
1008 2223 1072 2262 ac
1101 2209 1447 2264 continentia:
1492 2208 1741 2278 spiritum
1784 2209 1965 2263 insere
2002 2208 2060 2263 in

490 2294 598 2341 me,
629 2278 816 2331 vitium
844 2292 1003 2332 omne
1030 2279 1292 2333 mortiﬁea
1322 2279 1376 2331 in
1404 2293 1510 2342 me,
1537 2288 1592 2332 et
1620 2280 1853 2332 animam
1885 2291 2060 2331 meam

485 2348 697 2417 viviﬁca
726 2348 779 2401 in
812 2356 883 2401 te.
916 2347 1029 2401 lloc
1057 2349 1120 2402 da
1148 2358 1331 2417 petere
1355 2389 1369 2409 ,
1412 2356 1471 2401 ut
1500 2358 1550 2402 te
1586 2349 1817 2417 petendo
1846 2361 1954 2401 non
1981 2346 2063 2400 ol-

491 2415 737 2486 fendam;
794 2417 896 2470 hoc
950 2415 1319 2486 praesta'quod
1352 2418 1464 2486 ipse
1492 2415 1706 2485 semper
1735 2417 2010 2471 custodias
2044 2433 2058 2468 :

490 2485 615 2557 galle
656 2486 725 2541 de
754 2502 839 2540 me
873 2486 1013 2555 quod
1043 2485 1205 2541 nocet
1230 2506 1242 2540 :
1276 2485 1448 2557 ipsum
1476 2496 1672 2556 praesta
1701 2486 1843 2555 quod
1866 2487 2058 2554 prosit.

489 2554 723 2610 Vulnera
778 2554 905 2611 mea,
931 2558 1105 2624 pando
1137 2558 1271 2619 tibi,
1295 2554 1631 2612 'medic‘inam
1679 2554 1828 2611 tuam
1866 2572 1933 2610 ne
1971 2557 2064 2610 de-

488 2641 653 2705 neges
681 2626 830 2708 mihi.
865 2626 1017 2707 Quod
1052 2627 1282 2695 suscipis
1302 2642 1450 2708 cura,
1480 2628 1623 2708 quod
1643 2642 1804 2681 curas
1828 2625 2064 2707 siccen-

490 2696 637 2749 tinue
664 2712 731 2749 ne
760 2696 999 2750 dimittas
1024 2736 1038 2760 ,
1066 2711 1190 2764 spes
1210 2712 1326 2750 mea
1351 2736 1366 2759 ,
1394 2695 1652 2750 fortitudo
1677 2710 1822 2758 mea,
1852 2696 2067 2749 miseri-

489 2766 670 2836 cordia
696 2780 836 2828 mea,
862 2766 1034 2834 pietas
1060 2767 1409 2836 sempiterna,
1434 2767 1524 2833 qui
1553 2774 1705 2830 es,et
1725 2765 1816 2834 qui
1843 2780 1989 2829 eras,
2010 2773 2068 2820 et

488 2835 578 2903 qui
605 2850 890 2903 permaues
918 2836 972 2890 in
998 2835 1192 2891 saecula
1224 2835 1565 2889 saeculorum.
1599 2836 1791 2889 Amen.

801 2926 937 2980 Item
963 2926 1132 2980 oratio
1157 2924 1353 2978 Isidori
1373 2926 1437 2978 de
1460 2925 1640 2979 eadem
1670 2941 1743 2978 re.

559 3013 979 3070 Misericordiam
1014 3022 1179 3084 tuam,
1225 3014 1469 3077 Domine,
1522 3014 1804 3084 deprecor,
1851 3014 2064 3069 miseri-

488 3085 731 3167 cordiam.
753 3093 901 3138 tuam
921 3083 1168 3165 imploro,
1202 3092 1346 3167 tuam
1375 3083 1603 3167 imploro
1630 3084 2059 3167 miserationem,
2089 3106 2136 3167 ο

492 3164 637 3208 tuam
686 3153 1259 3221 clementianrquzero.
1308 3153 1434 3207 Dele
1476 3163 1695 3222 peccata
1734 3169 1874 3219 mea,
1904 3154 2062 3208 ablue

488 3224 728 3276 facinora
758 3239 895 3286 mea,
923 3232 1264 3291 peccatorum
1296 3237 1538 3275 meorum
1570 3223 1809 3277 maculas
1840 3224 2058 3287 munda,

490 3293 667 3345 labem
698 3292 982 3363 criminum
1012 3306 1262 3363 meorum
1280 3306 1446 3363 purga
1474 3332 1488 3354 ,
1528 3292 1722 3346 sordes
1744 3292 2060 3346 delictorum

492 3375 734 3430 meorum
760 3362 1029 3428 absterge,
1048 3359 1234 3414 sordes
1252 3357 1593 3430 iniquitatum
1619 3376 1858 3415 mearum
1880 3363 2060 3426 ablue,

492 3447 597 3485 non
627 3429 843 3485 dilferas
884 3432 1283 3485 mundationem
1312 3429 1508 3486 meam.
1555 3432 1725 3497 Deus,
1753 3439 1922 3485 totum
1975 3447 2062 3485 me

490 3501 586 3554 tibi
612 3500 907 3554 sanandum
934 3500 1119 3555 offero.
1171 3499 1413 3569 Rccipiat
1440 3499 1665 3556 salutem
1691 3502 1869 3555 anima
1902 3515 2021 3555 mea
2044 3542 2059 3563 ,

492 3571 557 3624 da
576 3569 779 3624 vulneri
804 3586 922 3625 meo
938 3572 1180 3625 salutem.
1200 3570 1339 3623 Deus
1355 3572 1702 3640 languoribus
1724 3573 1856 3626 meis
1882 3571 2063 3625 mede-

489 3640 596 3711 lam
631 3640 805 3694 tribue
829 3680 843 3705 ,
872 3656 970 3710 per
990 3641 1199 3711 plagas
1220 3641 1499 3695 vulnerum
1523 3642 1686 3695 redde
1715 3642 2059 3696 incolumem.

491 3708 816 3781 Vulneratus
845 3708 1296 3781 sum,:m'edelum
1322 3727 1525 3779 quzero.
1565 3711 1872 3781 Languidus
1920 3727 2060 3771 sum.

490 3777 751 3833 medelam
778 3795 960 3848 posco.
992 3779 1318 3848 Consumpta
1339 3777 1428 3834 est
1449 3796 1575 3835 caro
1603 3777 1742 3843 mea,
1785 3782 2062 3835 contabuit

490 3850 696 3919 species
723 3866 861 3914 mea,
907 3865 1029 3905 ossa
1071 3865 1185 3903 mea
1232 3859 1599 3914 exaruerunt,
1650 3852 1889 3904 membra
1939 3866 2060 3905 mea

490 3920 899 3973 contabuerunt.
954 3920 1388 3989 App‘ropinquavi
1443 3921 1771 3989 ‘corruptioni
1807 3960 1823 3985 ,
1873 3920 2062 3974 umbra

490 3989 681 4043 mortis
711 3991 1115 4060 comprehendit
1147 4004 1250 4051 me,
1285 3990 1517 4044 tenebras
1554 3998 1881 4060 aperuerunt
1927 4005 2013 4043 me
2044 4031 2059 4055 ,

491 4060 664 4129 caligo
696 4059 887 4113 inferni
918 4060 1139 4113 involvit
1168 4074 1274 4121 me,
1313 4059 1686 4130 oppressit’me
1715 4060 2062 4130 tenebrarum

491 4130 703 4193 horror,
730 4130 861 4184 doce
888 4144 973 4183 me
1002 4130 1182 4184 facere
1206 4130 1536 4184 voluntatem
1564 4138 1733 4194 tuam,
1765 4130 1890 4198 quia
1919 4129 2063 4183 Deus

491 4214 642 4270 meus
679 4212 737 4252 es
766 4207 843 4253 tu.
870 4200 986 4253 Tibi
1016 4201 1207 4261 honor,
1240 4209 1297 4253 et
1321 4200 1507 4270 gloria,
1539 4201 1711 4254 virtus
1742 4209 1797 4254 et
1823 4208 2064 4269 potestas

491 4268 544 4320 in
571 4270 766 4323 saecula
795 4270 1130 4324 saeculorum.
1169 4268 1359 4324 Amen.

633 4360 764 4413 Item
790 4362 958 4413 oratio
988 4359 1183 4414 Isidori
1211 4379 1304 4432 pro
1328 4361 1563 4416 omnibus
1588 4360 1919 4415 Christianis.

562 4446 654 4501 Pie
667 4450 1060 4526 et_exaudibilis
1080 4452 1303 4507 Domine
1324 4453 1465 4526 Deus
1480 4461 1665 4526 noster
1677 4451 1804 4507 Jcsu
1827 4451 2061 4526 Christe,
2093 4465 2145 4526 ι)

491 4516 835 4571 clementiam
873 4528 1017 4591 tuam
1050 4535 1170 4572 cum
1207 4523 1352 4575 omni
1382 4523 1771 4591 supplicatione
1817 4522 2060 4590 deposci-

491 4603 632 4662 mus,
665 4596 723 4639 ut
752 4603 846 4657 per
877 4588 1233 4662 interventum
1264 4599 1337 4662 e_t_
1365 4588 1616 4662 meritum
1667 4591 1838 4662 beata:
1865 4588 1919 4645 et
1946 4592 2059 4662 glo-

492 4657 648 4729 riosge
678 4672 995 4730 semperque
1038 4659 1259 4728 virginis
1289 4659 1488 4723 Mariae,
1536 4659 1883 4730 omniumque
1929 4657 2056 4715 satr-

491 4728 699 4800 ctorum
728 4728 1057 4797 angelorum,
1087 4730 1532 4800 archangelorum
1552 4770 1566 4793 ,
1599 4728 2053 4798 patriarcharum,

490 4797 898 4870 prophetarum,
929 4797 1316 4865 apostolorum,
1366 4797 1686 4870 martyrum,
1740 4800 2006 4869 virginum
2038 4839 2054 4864 ,

490 4867 878 4929 confessorum,
910 4870 1313 4934 monachorum,
1345 4878 1400 4924 et
1437 4867 1675 4924 omnium
1718 4867 1915 4923 civium
1961 4886 2053 4924 su-

450 4986 451 4989 η
490 4950 779 5004 pernoram
826 4936 1082 4991 Ecclesia:
1113 4946 1215 4993 tua:
1242 4948 1441 4993 sanctae
1466 4939 1744 4993 catholica:
1773 4939 1932 4993 ﬁdem
1962 4955 2060 4992 au-

491 5021 633 5128 geas,
666 5022 851 5075 pacem
882 5007 1107 5067 tribuas.
1139 5010 1439 5063 rectoribus
1482 5010 1682 5063 nostris
1705 5016 1759 5061 et
1785 5009 1940 5063 nobis
1978 5009 2061 5062 in-

530 5075 899 5128 uluentiam.et
916 5078 1286 5128 remissionem
1306 5080 1957 5128 mecalorumeoncedas:
1979 5077 2061 5128 in-

530 5075 899 5148 ulgentiam,et
916 5078 1286 5148 remissionem
1306 5087 1651 5148 peccatorum
1663 5080 1929 5134 concedas
1945 5098 1957 5131 :
1979 5077 2063 5132 in-

492 5146 663 5217 ﬁrmis
689 5147 933 5207 salutem,
978 5147 1140 5215 lapsis
1168 5146 1578 5217 reparationem,
1611 5164 1795 5203 aerum
1825 5164 2063 5203 commo-

494 5214 718 5285 ditatem
741 5257 756 5281 ,
799 5214 1177 5285 navigantibus
1210 5214 1371 5285 atque
1412 5218 1783 5273 itinerantibus
1819 5217 2062 5272 fidelibus

494 5284 597 5357 iter
624 5284 943 5357 prosperum
969 5302 1031 5339 ac
1054 5287 1243 5342 salutis
1263 5284 1495 5357 portum,
1530 5288 1905 5342 tribulautibus
1932 5304 2062 5357 gau-

495 5353 661 5417 dium,
690 5353 961 5426 oppressis
993 5353 1366 5412 rrlevatioriem
1396 5374 1411 5421 ;
1453 5358 1679 5426 captivis
1699 5398 1713 5421 ,
1752 5353 1976 5421 vinctis,
2007 5366 2063 5411 et

493 5424 793 5494 peregrinis
821 5426 1213 5491 remissionem,
1254 5424 1600 5487 ablutionem,
1624 5429 1690 5481 ad
1716 5426 1945 5495 patriam
1978 5442 2063 5478 re-

494 5495 817 5557 versionem,
846 5506 1087 5548 mutuam
1113 5497 1544 5551 discordantibus
1568 5498 1883 5549 charitatem
1913 5534 1927 5558 ,
1974 5495 2059 5548 in-

416 5598 419 5601 -
497 5560 739 5617 ﬁdelibus
768 5579 951 5618 veram
981 5563 1159 5630 ﬁdem,
1201 5575 1256 5620 et
1294 5565 1560 5619 defunctis
1590 5565 1833 5618 ﬁdelibus
1865 5579 2057 5632 perpe‘

498 5640 644 5685 tuam
698 5633 955 5700 requiem.
1001 5633 1259 5701 Angelum
1309 5644 1458 5688 tuum
1504 5642 1748 5687 sanctum
1786 5635 1939 5686 nobis
1972 5633 2061 5686 hic

501 5709 553 5753 et
582 5702 774 5770 utique
797 5702 1071 5757 custodem
1109 5714 1163 5758 ct
1193 5705 1527 5805 defensorem
1570 5704 1831 5772 propitius
1862 5702 2063 5755 donare

2154 491 2366 564 regnas,
2385 493 2542 554 Deus,
2564 507 2661 560 per
2679 492 2856 545 omnia
2879 491 3074 545 saecula
3100 491 3438 545 sssculomm.
3462 492 3664 545 Amen.

2388 584 2630 655 Hymnus
2662 587 2793 639 benti
2819 587 3077 640 Ambrosii
3106 603 3199 657 pro
3246 587 3493 654 inﬁrmis.

2364 678 2576 733 Christe
2604 679 2839 734 cmlestis
2863 680 3121 734 medicina
3146 679 3322 736 Patris
3346 719 3361 743 ,

2298 750 2472 803 Verus
2496 749 2740 803 humana:
2760 750 3001 803 medicus
3025 751 3213 804 salutis
3241 792 3255 812 ,

2295 818 2539 889 Provida:
2568 818 2709 888 plebi
2728 820 2985 889 precibus
3004 830 3255 889 potenter

2505 887 2686 943 Pande
2714 888 2971 943 favorem.

2370 955 2448 1012 En
2478 959 2547 1013 ob
2577 958 2816 1013 inﬁrmos
2841 960 2936 1012 tibi
2958 960 3323 1030 supplicamus
3348 1002 3365 1025 ,

2297 1026 2442 1098 Quos
2479 1045 2677 1083 noeens
2704 1031 2875 1098 pestis
2902 1026 3153 1083 valetudo
3180 1039 3422 1098 quassat,

2298 1095 2367 1152 Ut
2392 1099 2513 1167 pius
2539 1095 2781 1153 morbum
2813 1099 3016 1155 releves
3034 1095 3311 1168 jacenium
3338 1142 3352 1163 .

2507 1168 2625 1235 Quo
2646 1170 2980 1237 quatiuntur.

2366 1238 2467 1304 Qui
2492 1247 2757 1306 potestate
2782 1239 3097 1294 manifestus
3116 1249 3334 1295 exstans
3358 1283 3374 1304 ,

2298 1305 2416 1378 ιιυχ
2443 1305 2589 1363 Petri
2617 1324 2830 1363 socrum
2866 1309 3106 1364 febribus
3124 1310 3393 1378 iacentem
3416 1352 3433 1378 ,

2298 1376 2487 1447 Reguli
2514 1379 2741 1446 prolem,
2772 1395 3105 1449 puerumque
3127 1376 3308 1436 Salvas

2511 1448 2875 1503 Centurionis.

2362 1517 2524 1591 Festo
2555 1520 2828 1591 languenti
2855 1519 3051 1588 populo
3076 1520 3339 1591 vigorem.

2295 1587 2465 1660 Efflue
2491 1588 2692 1660 largam
2725 1589 2777 1641 in
2805 1587 3005 1660 popqu
3034 1587 3283 1646 salutem.

2291 1658 2544 1714 Pristinis
2570 1658 2719 1712 more
2739 1658 2898 1713 solito
2923 1660 3223 1717 reformans

2510 1728 2728 1783 Viribus
2755 1744 2947 1783 εδει-ος.

2367 1799 2665 1870 Corporum
2692 1799 2910 1870 morbos
2939 1801 3235 1869 animmque
3264 1816 3433 1865 sana;

2296 1868 2588 1924 Volucrum
2619 1868 2796 1923 causis
2822 1871 3018 1925 adhibe
3041 1868 3301 1927 medelam
3323 1910 3341 1935 ,

2297 1938 2375 1995 Ne
2399 1942 2515 1995 sine
2542 1938 2717 1993 fructu
2741 1940 3017 1997 cruciatus
3038 1952 3161 1996 urat

2511 2009 2748 2078 Corpora
2786 2018 2992 2064 nostra.

2369 2078 2555 2135 Omnis
2578 2079 2838 2148 impulsus
2858 2081 3128 2149 perimens
3161 2083 3406 2143 recedat,

2298 2148 2485 2205 Omnis
2509 2150 2756 2203 incursus
2782 2148 3033 2204 crucians
3054 2150 3337 2218 liquescat,

2303 2219 2470 2290 Vigor
2495 2227 2690 2290 optatze
2720 2218 2898 2290 foveat
2923 2220 3114 2274 salutis

2515 2288 2752 2343 Membra
2776 2288 3025 2344 dolentis.

2370 2358 2487 2414 Jam
2516 2359 2657 2413 Deus
2678 2368 2893 2414 nostros
2921 2362 3181 2416 miserare
3201 2360 3356 2417 fletus
3374 2394 3392 2425 δ

2304 2428 2396 2500 Sic
2424 2428 2618 2499 quibus
2643 2437 2710 2500 te;
2726 2445 2868 2483 nunc
2892 2432 3123 2500 petimus
3143 2433 3361 2488 medere
3386 2473 3403 2495 .

2307 2499 2377 2555 Ut
2397 2498 2541 2554 tuam
2569 2498 2745 2553 omnis
2772 2498 3035 2555 recubans
3058 2502 3324 2556 medelam

2518 2569 2729 2623 Sentiat
2756 2584 2916 2639 (eger.

2374 2639 2491 2706 Quo
2523 2654 2618 2708 per
2658 2638 2971 2693 illatamala
2999 2641 3126 2695 dum
3157 2648 3414 2696 teruntur

2307 2709 2645 2766 Eruditorem
2672 2723 2899 2763 numero
2920 2710 3103 2765 decori

2306 2778 2594 2849 Compotes
2622 2780 2823 2832 intrent
2854 2782 3095 2835 sociante
3123 2779 3303 2835 fructu

2520 2849 2697 2929 Regna
2714 2848 2990 2929 polorum.

2377 2917 2556 2988 Gloria
2582 2917 2730 2970 Patri
2757 2919 3223 2988 genitzequeProli
3249 2960 3265 2983 ,

2308 2986 2374 3059 Et
2392 2987 2497 3059 tibi
2529 3003 2753 3059 compar
2768 2986 3049 3057 utriusque
3070 3005 3283 3059 semper

2312 3056 2706 3127 Spiritusalme
2731 3057 2872 3112 Deus
2902 3056 3045 3114 unus
3070 3056 3217 3114 omni

2523 3126 2785 3196 Tempore
2815 3128 2979 3182 saecli.

2366 3196 2608 3252 Gloriam
2632 3197 2824 3265 psallat
2847 3199 3046 3253 chorus
3073 3208 3128 3254 et
3159 3201 3422 3263 resultet,

2300 3266 2538 3321 Gloriam
2565 3267 2727 3326 dicat.
2760 3276 2937 3331 canat,
2968 3277 3024 3323 et
3050 3271 3289 3325 revolvat
3315 3312 3331 3336 ,

2300 3337 2701 3406 Spiritusialme
2723 3338 2863 3392 Deus
2885 3354 3025 3394 unus
3041 3342 3189 3394 omni

2518 3405 2781 3475 Tempore
2811 3408 2978 3463 saecli.

2168 3515 2403 3585 Hymnus
2428 3515 2710 3572 Fortunati
2729 3519 3011 3588 presbyteri
3031 3521 3096 3575 de
3110 3519 3367 3577 Passim
3380 3533 3429 3578 et
3452 3540 3605 3578 crate
3632 3526 3751 3581 Sa!-

2551 3589 2743 3641 vatoris
2771 3592 2932 3643 nostri
2962 3589 3089 3644 Iesu
3125 3590 3342 3646 Christi.

2590 3678 2792 3753 Pange,
2818 3681 3020 3753 lingua,
3046 3684 3263 3753 gloriosi

2517 3751 2769 3806 Praalium
2798 3751 3131 3818 certaminis,

2520 3821 2588 3892 Et
2617 3836 2777 3889 super
2800 3823 2979 3877 crucis
3003 3832 3264 3892 tropaeum

2522 3890 2618 3960 Dic
2644 3893 2971 3960 triumphum
2996 3890 3250 3954 nobilem,

2519 3959 2761 4026 Qualiter
2789 3959 3113 4027 Redemptor
3137 3964 3286 4019 orbis

2509 4027 2821 4084 lmmolatus
2847 4032 3056 4086 vicerit.

2590 4098 2665 4151 De
2688 4101 2929 4171 parentis
2968 4102 3286 4171 protoplasti

2520 4167 2731 4223 Fraude
2754 4168 2891 4223 facti
2916 4167 3208 4227 condolens
3223 4213 3239 4235 ,

2518 4237 2742 4303 Quando
2771 4242 2912 4308 pomi
2944 4242 3172 4297 noxialis
3196 4282 3211 4307 ,

2522 4308 2691 4361 Morte
2717 4324 2898 4364 morsu
2918 4312 3144 4373 corruit,

2528 4376 2645 4449 ipse
2669 4378 2869 4449 lignum
2903 4388 3029 4435 tunc
3050 4382 3272 4435 notavit.

2525 4446 2729 4519 Damna
2765 4448 2892 4519 ligni
2919 4459 2978 4503 ut
2999 4450 3248 4505 solveret.

2593 4517 2705 4572 Hoc
2729 4517 2862 4587 Opus
2887 4529 3085 4573 nostra:
3104 4522 3291 4576 salutis

2517 4585 3067 4669 ereaeroposcera
3096 4609 3108 4642 ε

2523 4656 2863 4712 Multiformis
2891 4660 3182 4727 perditoris

2515 4726 2647 4781 Arte
2670 4737 2727 4780 ut
2751 4726 2922 4782 artem
2951 4727 3193 4791 falleret,

2522 4796 2587 4848 Et
2619 4797 2878 4852 medelam
2903 4797 3070 4853 ferret
3106 4801 3229 4855 inde

2526 4865 2703 4921 Hostis
2730 4868 2869 4921 unde
2892 4868 3121 4923 laeserat.

2590 4936 2813 5009 Quando
2833 4939 2979 4992 venit
3004 4956 3132 5009 ergo
3158 4939 3300 4993 sacri

2512 5005 2792 5061 Plenitudo
2815 5005 3105 5076 temporis]

2516 5076 2708 5129 Missus
2728 5084 2812 5130 est
2836 5079 2904 5131 ab
2927 5095 3051 5134 arce
3077 5079 3254 5132 Patris

2520 5146 2689 5199 Natus
2710 5147 2858 5201 orbis
2882 5151 3129 5203 conditor
3153 5189 3168 5209 ,

2516 5214 2691 5287 Atque
2722 5226 2907 5287 ventre
2935 5218 3179 5287 virginali
3203 5257 3220 5282 ,

2521 5285 2696 5340 Carne
2724 5285 2898 5340 factus
2922 5285 3139 5354 prodiit.

2590 5355 2745 5423 Vagit
2770 5355 2947 5409 infans
2970 5358 3108 5411 inter
3131 5362 3281 5410 arcta

2517 5422 2777 5495 ACpnditus
2800 5428 3058 5495 prtesepia
3086 5443 3100 5489 ;

2518 5492 2754 5547 Membra
2776 5492 3221 5561 pannis'iuvoluta

2526 5563 2899 5634 )’irgo_mater
2916 5565 3100 5634 alligat
3117 5603 3132 5628 ,

2519 5632 2584 5685 Et
2608 5632 2771 5698 pedes
2795 5632 3092 5701 manusque
3116 5648 3274 5686 crura

2524 5703 2722 5755 Stricta
2746 5704 2930 5772 pangit
2950 5702 3136 5756 fascia.
