4058 6344
295 339 432 399 1389

707 463 1028 544 Lustrases
1050 473 1141 543 qui
1163 472 1275 542 jam
1297 483 1511 544 peracta

645 535 879 614 Tempus
905 535 1133 612 implens
1156 535 1399 614 corporis

645 605 718 681 Se
741 605 950 681 volente
971 605 1181 681 fempus
1203 605 1270 666 ad
1301 615 1401 668 hoc

637 673 884 735 Passioni
911 673 1123 736 deditus

641 745 826 818 Agnus
849 751 900 803 in
924 767 1082 806 cruce
1103 753 1330 818 levatur,

633 814 990 875 Immolandus
1019 822 1220 875 stipite.

715 838 990 875 morandus
1019 838 1087 874 su
1131 838 1220 875 ne.

712 885 809 941 Hie
840 899 1012 955 aceto,
1046 838 1134 952 fel),
1160 892 1385 958 arundo,

639 953 828 1076 frma,
855 953 1011 1025 clavi,
1045 961 1249 1025 lancea,

695 1026 768 1076 ite
792 1044 988 1076 cornus
1011 1030 1249 1076 mrfnmt

695 1026 768 1079 ite
792 1044 988 1100 corpus
1011 1030 1338 1100 perforatur,

633 1091 865 1168 Sanguis
889 1091 1034 1153 unda
1062 1100 1307 1168 proﬂuit,

637 1160 826 1235 Terra,
854 1160 1077 1235 pontus;
1093 1179 1259 1233 astra,
1295 1160 1526 1223 mundus

635 1231 754 1299 Quo
791 1231 1064 1290 sanantur
1085 1231 1330 1292 flumine!

709 1303 853 1359 Crux
891 1306 1062 1360 ﬁdelis
1090 1309 1231 1362 inter
1252 1321 1459 1372 omnes,

631 1369 809 1441 1Arbor
838 1391 939 1427 una
970 1375 1164 1431 nobilis
1187 1417 1202 1441 ,

635 1437 788 1515 iiuna
822 1444 981 1515 talem
1009 1446 1137 1499 silva
1167 1437 1374 1515 profert

633 1508 856 1585 [florem
873 1512 1056 1568 fronde
1081 1508 1338 1585 germine.

637 1577 799 1652 Dulce
825 1581 1025 1652 lignum
1051 1577 1191 1638 dulci
1225 1583 1376 1639 clavo

631 1645 797 1718 Dulce
821 1645 1027 1718 pondus
1051 1655 1336 1708 sustinent.

699 1717 878 1772 Flecte
904 1736 1101 1786 ramos,
1125 1725 1286 1778 arbor
1309 1721 1439 1788 alta,

637 1785 811 1841 Tensa
841 1789 959 1842 laxa
988 1785 1195 1846 viscera
1215 1832 1232 1855 ,

639 1855 708 1926 Et
732 1859 878 1926 rigor
905 1860 1164 1915 lentescat
1189 1863 1276 1917 ille

633 1925 806 1991 Quem
833 1929 976 1983 dedit
999 1930 1288 1987 nativitas:

641 1995 711 2074 Et
737 2001 955 2074 superni
979 2001 1218 2074 membra
1252 2000 1416 2074 Regis

638 2063 748 2138 Mitj
781 2063 966 2138 tendas
990 2070 1186 2138 stipite.

713 2134 837 2189 Sola
866 2139 1022 2205 digna
1054 2134 1108 2192 iu
1133 2138 1280 2195 fuisti

634 2202 800 2283 Ferre
829 2202 1057 2274 pretium
1085 2211 1265 2264 smculi
1295 2207 1423 2282 (AL,
1453 2207 1640 2283 smcli),

635 2273 811 2348 atque
833 2273 1049 2343 portum
1079 2273 1384 2348 praeparare

635 2296 811 2342 Atque
837 2296 1049 2343 pomum
1079 2296 1188 2348 pra;
1229 2296 1370 2335 arar:

635 2342 823 2420 ljautze
847 2348 1044 2400 mundo
1079 2296 1339 2420 omnii-ago
1356 2391 1370 2411 ,

637 2411 808 2488 Quam
843 2429 998 2488 sacer
1021 2433 1184 2471 cruor
1208 2411 1456 2488 perunxit

638 2479 811 2536 Fusus
838 2485 960 2554 agni
983 2479 1227 2555 corpore:

280 2586 420 2645 Item
446 2591 668 2660 hymnus
692 2592 924 2662 ejusdem
964 2593 1250 2651 Fortunati
1272 2597 1357 2652 'de
1382 2613 1538 2652 cruce
1563 2595 1852 2652 Saluatoris

773 2665 936 2717 nostri
964 2665 1089 2718 Jesu
1120 2665 1336 2722 Christi.

707 2753 909 2826 Yexilla
937 2754 1100 2826 Regis
1124 2758 1390 2825 prodeunt
1413 2796 1428 2823 ,

636 2823 826 2894 Fulget
847 2823 1390 2894 crticis'mjswrium,

632 2893 750 2959 Quo
779 2909 940 2948 carne
964 2893 1144 2949 carnis
1169 2897 1415 2950 conditor

634 2962 935 3033 Suspensus
961 2973 1043 3018 est
1071 2965 1330 3034 patibulo.

704 3034 926 3088 Conﬁxa
953 3035 1119 3088 clavis
1143 3036 1351 3088 viscera
1371 3075 1386 3099 ,

631 3103 878 3174 Tendens
901 3119 1094 3174 manus
1123 3104 1346 3174 vestigia
1372 3144 1386 3168 ,

633 3173 1033 3243 Redemptionis
1057 3173 1226 3243 gratia

635 3242 734 3296 llic
755 3242 1168 3297 immolatusest
1193 3243 1386 3298 hostia.

703 3311 819 3377 Quo
844 3313 1152 3384 vulneratus
1177 3315 1393 3384 insuper

633 3381 884 3435 Muerone
906 3383 1023 3437 diro
1051 3383 1249 3438 lancea:

636 3451 706 3506 Ut
733 3467 832 3504 nos
855 3451 1058 3505 lavaret
1083 3453 1309 3506 crimine

630 3519 862 3590 Manavit
889 3521 1030 3574 unda
1053 3529 1108 3574 et
1133 3521 1408 3590 sanguine.

690 3587 908 3658 lmpleta
937 3597 1062 3642 sunt
1084 3605 1202 3658 quae
1225 3587 1460 3644 concinit

624 3658 788 3712 David
829 3658 971 3712 ﬁdeli
997 3660 1237 3714 carmine
1258 3699 1274 3724 ,

623 3728 856 3782 Dicendo
883 3728 1186 3782 nationibus
1214 3747 1226 3782 :

629 3797 890 3868 Regnavit
918 3813 947 3850 a
971 3797 1111 3865 ligno
1140 3799 1298 3868 Deus.

696 3867 1086 3939 Arbordecora
1111 3878 1163 3922 et
1192 3867 1389 3939 fulgida
1417 3909 1433 3934 ,

623 3938 826 3993 Ornata
859 3938 1019 4006 Regis
1040 3938 1314 4007 purpura,

631 4007 811 4078 Electa
836 4008 994 4078 digno
1017 4009 1200 4077 stipite

626 4077 760 4132 Tam
791 4077 973 4148 sancta
1006 4079 1245 4132 membra
1269 4086 1506 4148 tangere.

690 4149 852 4202 Beata
875 4147 1024 4213 cujus
1046 4149 1282 4202 brachiis

627 4215 862 4288 Pretium
874 4219 1134 4288 pependit
1162 4217 1340 4272 smculi
1363 4217 1490 4288 (AL,
1519 4216 1705 4287 saecli),

627 4233 1134 4338 rretmm‘pepenmt
1162 4233 1340 4272 szecuu
1363 4233 1372 4282 ε

627 4286 838 4343 Statera
888 4297 1003 4339 acta
1029 4295 1110 4340 est
1131 4288 1372 4356 corporis

623 4356 865 4411 Praedam
895 4357 1116 4424 tulitque
1147 4357 1354 4411 tartari.

695 4427 897 4480 Fundis
923 4441 1104 4480 aroma
1127 4428 1326 4482 cortice
1344 4465 1358 4489 .

625 4495 812 4550 Vincis
835 4511 1025 4564 sapore
1058 4507 1275 4550 nectare
1290 4535 1306 4559 ,

625 4565 826 4619 Locum
849 4566 915 4619 da
937 4564 1112 4620 fructu
1143 4565 1304 4619 fertili
1331 4606 1346 4630 ,

623 4635 839 4690 Plaudis
862 4635 1130 4704 triumpho
1159 4637 1342 4690 nobili.

677 4705 836 4760 Salve
862 4720 976 4767 ara,
1002 4705 1145 4760 salve
1171 4707 1387 4761 victima

621 4773 698 4830 De
731 4775 994 4845 passionis
1028 4775 1194 4842 gloria
1221 4817 1236 4840 ,

623 4845 739 4912 Qua
767 4846 930 4898 vitam
954 4854 1178 4898 mortem
1200 4845 1420 4915 pertulit

624 4915 690 4968 Et
719 4924 890 4969 morte
916 4915 1080 4968 vitam
1108 4917 1357 4970 reddidit.

265 5028 454 5084 Oratio
481 5044 574 5099 pro
618 5026 1205 5165 familiaribt‘tlsfnos‘tris
1255 5037 1304 5082 et
1345 5029 1546 5082 cunctis
1592 5028 1838 5097 ﬁdelibus

950 5114 976 5148 e
1004 5113 1102 5150 unc
1129 5113 1192 5150 is.

950 5113 1192 5150 erusteus.

337 5187 438 5253 Te,
492 5188 719 5244 Domine
767 5193 970 5248 sancte,
1021 5185 1181 5240 Pater
1241 5187 1598 5256 omnipotens,
1639 5197 1839 5242 aeterne

264 5257 428 5328 Deus,
443 5259 708 5328 supplices
727 5259 1078 5328 deprecamur
1099 5270 1195 5324 pro
1218 5257 1496 5328 spiritibus
1516 5257 1838 5328 famulorum

261 5338 320 5382 et
350 5324 671 5382 famularum
702 5324 914 5380 tuarum
939 5324 1001 5379 Ν.
1031 5341 1166 5396 quos
1207 5324 1274 5380 ab
1312 5327 1518 5396 origine
1557 5325 1716 5394 hujus
1741 5342 1842 5380 sm-

261 5397 371 5451 culi
399 5399 466 5452 ad
494 5407 544 5451 te
565 5399 830 5452 accersire
854 5395 1184 5466 praecepisti;
1221 5404 1280 5448 ut
1306 5395 1561 5466 digneris,
1593 5397 1834 5460 Domine,

260 5468 398 5521 dare
433 5467 512 5530 eis
538 5467 712 5520 locum
741 5464 974 5536 lucidum
1003 5505 1017 5528 ,
1047 5465 1221 5518 locum
1253 5464 1516 5536 refrigerii
1537 5477 1592 5521 et
1620 5467 1835 5536 quietis,

259 5546 318 5591 et
369 5545 428 5590 ut
470 5537 627 5591 liceat
664 5536 744 5590 eis
787 5535 1019 5589 transire
1043 5544 1226 5604 portas
1252 5533 1603 5602 infernorum,
1633 5533 1687 5590 et
1727 5537 1842 5591 vias

263 5608 633 5669 tenebrarum,
659 5614 1015 5673 maneantque
1038 5605 1089 5656 in
1116 5607 1482 5659 mansionibus
1505 5615 1840 5670 sanctorum,

257 5684 319 5728 et
345 5676 397 5728 in
419 5675 536 5744 luce
566 5684 751 5730 sancta
776 5691 933 5744 quam
963 5675 1090 5727 olim
1115 5676 1410 5743 promisisti
1431 5676 1658 5730 Abrahae
1677 5684 1732 5730 et
1753 5691 1841 5730 se-

259 5745 394 5799 mini
417 5743 552 5814 ejus.
574 5744 780 5800 Nullam
802 5743 1074 5800 laesionem
1095 5746 1398 5800 sustineant
1420 5747 1612 5802 animae
1629 5761 1840 5810 eorum,

1144 373 1150 386 π
1242 355 1587 411 APPENDIX
1630 354 1713 410 ιγ.
1759 386 1818 395 ~—

1946 355 2200 412 BELLUS
2238 353 2517 412 parcen
3071 419 3074 426 ι

1877 475 1928 536 Α
1957 472 2049 526 sed
2093 489 2215 528 cum
2243 488 2464 544 magnus
2493 470 2578 525 ille
2607 470 2722 544 dies
2742 467 3150 544 resurrectionis
3174 481 3238 544 ac
3274 481 3526 544 remune-

1883 1829 1931 1891 Β

3384 349 3521 406 i390

1962 544 2185 598 rationis
2207 537 2500 606 advenerit,
2525 541 2845 596 resuscitare
2869 553 2960 593 eos
2984 539 3219 610 digneris
3237 579 3251 600 ,
3274 537 3520 604 Domine,

1960 627 2065 664 una
2101 629 2219 666 eum
2249 613 2451 666 sanctis
2483 621 2536 666 et
2568 611 2754 665 electis
2789 610 2928 672 tuis;
2962 617 3015 660 et
3048 607 3106 662 ut
3133 607 3312 662 deleas
3333 623 3522 666 eorum

1960 681 2153 734 delicta
2182 690 2341 751 atque
2365 692 2586 751 peccata
2611 695 2778 748 usque
2799 681 2866 733 ad
2889 679 3232 751 novissimum
3250 679 3522 746 quadran-

1961 757 2086 812 tem,
2114 750 2394 821 tecumque
2422 751 2842 821 irmnortalitatis
2867 750 3028 802 vitam
3053 757 3106 802 et
3141 763 3364 821 regnum
3385 763 3522 821 con-

1957 830 2250 896 sequantur
2271 816 2529 896 aeternum
2553 836 2647 896 per
2672 819 2928 896 requiem
2971 816 3249 896 aeternam:
3287 816 3354 870 Et
3404 819 3525 896 relif

1957 885 2080 1010 gn.
2117 888 2196 1009 [Die
2233 892 2411 944 tradas
2432 885 2636 945 bestiis.
2661 888 2730 943 Et
2753 885 2970 958 reliqua.
2996 886 3204 941 Animae
3236 885 3518 943 iustorum;

2062 975 2114 1010 re
2137 975 2280 1010 mua.

2011 967 2029 1010 t
2062 959 2280 1027 reliqua.

2063 1046 2250 1101 Oratio
2273 1063 2368 1117 pro
2395 1049 2741 1121 qualicunque
2765 1049 2972 1102 homine
2995 1047 3139 1117 ﬁdeli
3165 1048 3429 1118 defuncto.

2023 1135 2377 1206 Omnipotens
2404 1146 2458 1208 et
2486 1138 2794 1208 misericors
2815 1139 2976 1202 Deus,
2997 1145 3142 1208 tuam
3173 1138 3525 1208 deprecamur

1957 1205 2321 1271 clementiam,
2346 1207 2466 1274 quia
2497 1206 2696 1273 judicio
2722 1215 2814 1261 tuo
2847 1215 2940 1260 aut
2986 1205 3257 1262 nascimur
3281 1218 3373 1262 aut
3398 1209 3523 1264 lini—

1957 1291 2098 1346 mur,
2133 1285 2191 1328 ut
2219 1277 2452 1346 animam
2477 1275 2663 1330 fratris
2686 1278 2853 1330 nostri
2883 1276 2946 1329 N.
2971 1292 3129 1344 quam
3154 1286 3244 1332 tua
3266 1279 3437 1346 pietas
3456 1279 3524 1334 de

1958 1344 2190 1398 incolatu
2233 1344 2392 1413 hujus
2416 1346 2599 1399 mundi
2629 1347 2872 1416 transire
2900 1347 3174 1416 praecepit,
3200 1344 3524 1416 inrequiem

1956 1423 2214 1484 aeternam
2243 1417 2523 1484 suscipias,
2545 1423 2601 1469 et
2623 1415 2677 1468 in
2703 1416 2973 1469 consortio
2993 1415 3284 1471 electorum
3309 1415 3526 1474 tuorum

1959 1483 2014 1537 in
2041 1483 2436 1538 resurrectione
2464 1485 2657 1538 sociari
2678 1486 2958 1552 permittas
2983 1502 2996 1537 :
3022 1494 3082 1538 ut
3101 1486 3153 1539 in
3174 1496 3371 1541 {eterna
3393 1489 3524 1542 bea-

1959 1552 2187 1607 titudine
2215 1569 2318 1607 una
2343 1569 2464 1625 cum
2491 1554 2595 1625 illis
2633 1555 2745 1625 sine
2787 1554 2894 1625 line
2921 1564 3232 1625 permaneat
3275 1572 3371 1625 per
3410 1558 3526 1611 ani-

1958 1637 2101 1676 mam
2129 1637 2289 1690 quam
2315 1623 2608 1678 redemisti.
2647 1623 2869 1691 Suscipe
2889 1664 2902 1686 ,
2931 1623 3177 1689 Domine,
3201 1623 3322 1678 cuin
3351 1627 3523 1681 servis

1960 1691 2086 1761 tuis,
2109 1701 2163 1745 et
2186 1693 2280 1761 qui
2304 1701 2356 1746 te
2379 1692 2655 1746 confessus
2679 1702 2761 1746 est
2784 1693 2837 1761 in
2863 1695 2973 1746 vita
3001 1696 3290 1760 communi,
3317 1703 3371 1750 et
3395 1711 3524 1750 con-

1959 1760 2153 1815 stituas
2174 1760 2298 1816 eum
2324 1763 2377 1816 in
2397 1763 2508 1815 vita
2528 1762 2770 1831 perenni.
2798 1760 2922 1826 Per,
2951 1771 3056 1817 etc.

2406 1847 2611 1904 ‘Oratio
2636 1867 2733 1920 pro
2763 1850 3040 1917 defunctis.

2022 1937 2216 2011 Libera
2233 1979 2248 2003 ,
2277 1939 2500 2011 Domine
2525 1979 2539 2004 ,
2565 1939 2798 2011 animam
2820 1939 2958 2011 servi
2984 1939 3057 1992 tui
3082 1939 3146 1992 N.
3178 1941 3242 1994 de
3269 1941 3524 2011 periculis

1953 2007 2306 2080 inferuorum,
2345 2019 2400 2063 et
2425 2010 2492 2080 de
2511 2008 3138 2080 periculisiteneln'arum
3160 2051 3174 2073 ,
3205 2007 3365 2063 ct'de
3400 2027 3523 2080 per-

1953 2079 2319 2148 secutionibus
2371 2076 2593 2140 multis,
2637 2089 2691 2130 et
2758 2079 2823 2148 de
2881 2076 3217 2132 flammarum
3266 2076 3522 2148 gebeiina:

1951 2147 2182 2217 ignibus.
2210 2148 2419 2213 Libera,
2448 2148 2688 2211 Domine,
2719 2147 2952 2217 animam
2992 2149 3131 2200 servi
3173 2148 3246 2200 tui
3275 2147 3356 2202 7N.
3384 2151 3524 2204 sicut

1952 2215 2193 2286 liberasti
2223 2217 2332 2270 Noe
2363 2233 2461 2286 per
2489 2217 2761 2286 diluvium
2790 2216 3130 2286 saeculorum.
3162 2217 3385 2282 Libera,
3418 2220 3524 2274 Do-

1954 2284 2099 2340 mine
2124 2327 2138 2349 ,
2181 2284 2413 2339 animaiu
2443 2287 2584 2340 servi
2616 2286 2690 2339 tui
2723 2284 2782 2337 N.
2815 2286 2954 2338 sicut
2983 2285 3222 2340 liberasti
3247 2287 3521 2343 Abraham

1952 2355 2021 2408 de
2060 2355 2132 2412 Ur
2161 2355 2558 2409 Chaldaeorum.
2592 2354 2809 2417 Libera,
2839 2355 3082 2417 Domine,
3115 2356 3350 2409 animam
3378 2359 3521 2413 servi

1953 2425 2032 2477 tui
2063 2423 2128 2478 N.
2166 2425 2305 2478 sicut
2335 2424 2573 2478 liberasti
2615 2422 2717 2477 Lot
2768 2424 2833 2476 de
2882 2423 3098 2477 civitate
3141 2423 3520 2481 Sodomorum.

1953 2491 2168 2557 Libera,
2202 2495 2464 2558 Domine,
2494 2494 2728 2546 animam
2744 2485 2891 2545 'serv‘i
2922 2494 2996 2546 tui
3026 2492 3089 2545 N.
3115 2494 3255 2548 sicut
3281 2494 3522 2553 liberasti

1952 2563 2208 2632 pupulum
2246 2562 2408 2618 lsrael
2433 2565 2498 2616 de
2520 2577 2677 2616 manu
2715 2561 3107 2632 @gyptiorum.
3140 2563 3368 2626 Libera,
3420 2565 3524 2622 Do-

1955 2630 2118 2706 ipinc,
2148 2633 2382 2706 animam
2413 2632 2554 2706 servi
2597 2633 2672 2706 tui
2721 2630 2969 2706 N.'sic_ut
3016 2633 3256 2706 liberasti
3305 2635 3522 2706 Moysen

1953 2701 2021 2772 de
2053 2717 2212 2755 manu
2241 2701 2558 2766 Pharaonis,
2579 2703 2669 2772 qui
2692 2701 3043 2772 antecedebat
3070 2701 3321 2770 populum
3352 2701 3518 2762 lsrael

1953 2769 2011 2824 in
2042 2772 2273 2826 deserto.
2329 2772 2519 2826 Libera
2550 2811 2564 2835 ,
2595 2769 2840 2824 Domine
2864 2811 2878 2834 ,
2911 2769 3155 2824 animam
3177 2773 3316 2826 servi
3347 2776 3421 2830 tui
3453 2775 3518 2830 N.

1954 2839 2096 2912 sicut
2122 2841 2361 2895 liberasti
2387 2842 2550 2895 David
2576 2841 2643 2912 de
2663 2837 3008 2912 rnaerolia:
3030 2841 3288 2912 gigantis.
3304 2843 3518 2912 Libera,

1955 2907 2179 2964 Domine
2204 2951 2219 2974 ,
2248 2912 2481 2964 animam
2509 2909 2648 2964 servi
2685 2910 2761 2963 tui
2793 2909 2854 2962 Ν.
2889 2907 3294 2965 εἰριιιίὶῆθτιιδῑί
3344 2907 3518 2971 Etiam

1951 2986 2010 3034 et
2035 2979 2217 3034 llenoc
2244 2981 2310 3033 de
2340 2981 2440 3034 hoc
2469 2980 2684 3033 mundo.
2719 2978 2912 3032 Libera
2943 3020 2956 3043 ,
2986 2979 3206 3034 Domine
3231 3021 3245 3045 ,
3283 2985 3520 3040 animam

1953 3051 2096 3124 servi
2131 3051 2207 3124 tui
2327 3051 2464 3124 sicut
2489 3049 2726 3124 liberasti
2756 3048 3055 3124 Stisannam
3084 3053 3149 3124 de
3181 3066 3340 3124 manu
3369 3069 3522 3124 prin-

1953 3119 2150 3189 cipum.
2186 3119 2400 3183 Libera,
2433 3120 2686 3189 Domine,
2711 3119 2964 3189 animam
2987 3121 3150 3189 gservi
3181 3122 3256 3174 tui
3286 3119 3424 3178 sicut
3451 3126 3518 3180 li-

1871 3181 1920 3245 (ἶ
1953 3181 2155 3243 bérasti
2201 3181 2396 3244 Daniel
2436 3190 2501 3242 de
2529 3181 2678 3258 lacu,
2710 3187 2942 3258 leonum.
2987 3187 3179 3258 Libera
3205 3230 3219 3255 ,
3252 3191 3476 3250 Domine
3499 3235 3517 3258 ,

1952 3259 2188 3312 animam
2225 3260 2366 3313 servi
2396 3260 2469 3312 tui
2499 3257 2559 3310 Ν.
2593 3258 2733 3311 sicut
2760 3256 2998 3310 liberasti
3025 3257 3216 3312 Jonam
3239 3262 3304 3314 de
3331 3256 3520 3320 ventre

1948 3328 2102 3403 creti.
2130 3328 2221 3383 Sic
2250 3323 2498 3403 animam
2507 3327 2696 3403 fratris
2726 3327 2894 3403 nostri
3023 3329 3383 3403 ab‘omnibus
3418 3349 3518 3403 pe-

1951 3397 2147 3474 riculis
2178 3414 2457 3474 pmnarum
2487 3396 2982 3474 liberaredigneris
3023 3399 3261 3474 et._boni_s
3299 3396 3517 3459 zelernis

1947 3482 2070 3521 cum
2101 3465 2286 3522 electis
2313 3469 2417 3521 tuis
2446 3483 2562 3520 eam
2592 3465 2798 3534 perfrui
2833 3465 3044 3530 jubcas.
3078 3469 3198 3522 Per.
3230 3469 3284 3522 ln
3315 3487 3520 3528 memo-

1951 3538 2031 3590 ria
2060 3546 2256 3590 mterna
2286 3539 2409 3588 erit.
2443 3537 2509 3586 Et
2539 3533 2758 3603 reliqua.
2788 3533 3048 3602 Requiem
3081 3546 3357 3592 aeternam.
3385 3541 3520 3596 Par-

1949 3612 2058 3659 tem
2110 3607 2297 3674 prima:
2351 3603 2762 3658 resurrectionis
2790 3604 3070 3671 obtineat,
3101 3608 3376 3678 vitamque
3403 3626 3520 3669 mo-

1948 3683 2133 3729 matur
2156 3684 2430 3729 a:ternam.
2463 3681 2496 3725 .'\
2506 3689 2648 3727 ιιιθη.

1947 3759 2018 3819 In
2043 3763 2139 3818 Dei
2161 3765 2367 3851 nomine
2394 3763 2661 3815 beatorum
2683 3762 3057 3843 apostolorum,
3075 3778 3363 3851 martyrum
3385 3790 3514 3843 quo-

2053 3851 2115 3887 ue
2147 3843 2196 3886 et
2237 3834 2592 3912 regressorum
2619 3843 2772 3912 atque
2799 3834 3053 3903 virginum
3100 3854 3165 3890 ca:
3195 3834 3327 3912 libro
3361 3834 3512 3912 quem

2015 3851 2115 3956 zue
2147 3851 2196 3886 et
2237 3851 2592 3898 conlcssorum
2619 3851 2772 3902 atque
2799 3851 3053 3903 virginum
3100 3854 3165 3890 ca:
3195 3851 3327 3893 libro
3361 3859 3511 3912 quem

2050 3901 2586 3978 eatusllieronyutus
2631 3903 2704 3978 de.
2741 3919 2918 3978 eorum
2972 3922 3064 3974 per
3098 3910 3222 3978 anni
3257 3912 3511 3966 circulum

2016 3972 2270 4047 natalitiis
2302 3971 2622 4047 conscripsit.
2677 3971 3177 4047 Incipiuntnomina
3222 3996 3337 4047 qum
3381 3983 3516 4037 sicut

2013 4043 2266 4164 lasanétis
2291 4042 2524 4111 patribus
2554 4052 2628 4095 est
2664 4043 2912 4096 traditum
2949 4044 3002 4096 in
3036 4042 3352 4115 quotidi-auis
3394 4064 3514 4106 sunt

2037 4129 2157 4164 eaen
2201 4130 2252 4164 ιι.

2037 4112 2196 4183 egenti
2201 4130 2230 4164 ιι
2239 4151 2252 4164 .

2017 4206 2272 4278 Miserere
2288 4205 2442 4278 nobis
2462 4203 2696 4278 miseris,
2714 4204 3023 4260 misericors
3039 4205 3277 4265 Trinitas
3302 4225 3513 4278 sancta,

1942 4285 2001 4333 et
2046 4276 2254 4331 dimitte
2282 4277 2533 4330 universa
2565 4277 2756 4330 dilecta
2784 4284 2966 4330 nostra
2996 4293 3114 4344 qua:
3144 4276 3514 4340 commisimus

1946 4362 2132 4403 coram
2159 4346 2361 4416 angelis
2390 4347 2494 4398 tuis
2521 4346 2572 4398 in
2599 4353 2906 4416 conspectu
2941 4355 3031 4400 tuo
3057 4382 3072 4409 ,
3103 4362 3202 4416 per
3227 4353 3415 4407 merita
3459 4363 3516 4409 et

1947 4417 2219 4472 orationes
2237 4415 2298 4468 et
2333 4415 2745 4469 intercessiones
2785 4423 2838 4468 et
2880 4415 3245 4474 invocationes
3269 4425 3511 4478 omnium

1870 4519 1919 4582 ο
1947 4496 2259 4582 sanctarum.
2288 4495 2520 4582 tuorum.
2550 4501 2776 4582 tt‘lltfl'flﬂ:
2807 4486 3251 4582 bellic-festivitas
3273 4492 3514 4582 celebra-

1947 4566 2050 4610 tur.
2099 4554 2162 4608 Ν.
2208 4567 2263 4609 et
2303 4571 2529 4625 quorum
2562 4557 2778 4609 nomina
2807 4571 2949 4609 nunc
2975 4558 3282 4614 recitamus.
3311 4561 3510 4619 Libera

1943 4642 2061 4689 nos,
2091 4625 2324 4680 clemens
2352 4625 2608 4686 Trinitas,
2641 4641 2764 4678 cum
2785 4626 3033 4680 omnibus
3060 4626 3318 4686 fratribus
3345 4642 3400 4686 et
3425 4649 3512 4689 so-

1943 4697 2156 4767 roribus
2182 4697 2380 4767 nostris
2404 4697 2471 4749 ab
2495 4696 2644 4767 omni
2675 4694 2812 4748 malo
2842 4697 3133 4762 praeterito,
3159 4704 3430 4767 prmsenti,
3456 4712 3513 4758 et

1945 4765 2126 4820 futuro
2151 4807 2166 4832 ,
2213 4765 2280 4820 de
2305 4775 2476 4818 morte
2503 4765 2568 4818 ad
2599 4766 2761 4834 vitam
2788 4802 2802 4827 ,
2834 4773 2898 4818 de
2927 4765 3258 4824 tenebris—ad
3288 4765 3459 4826 lucem
3491 4812 3507 4834 ,

1943 4836 2010 4890 de
2038 4835 2250 4890 inferno
2277 4835 2344 4888 ad
2371 4835 2700 4902 paradisum,
2733 4833 2799 4904 de
2852 4834 2992 4887 malo
3039 4837 3105 4890 ad
3148 4840 3346 4894 bonum
3379 4879 3393 4904 ,
3442 4833 3512 4897 de

1944 4906 2244 4980 ignorantia
2275 4905 2340 4980 ad
2369 4905 2696 4980 scien_tiain,_
2718 4903 2782 4980 de
2812 4906 3132 4980 peccatisad
3164 4923 3346 4964 veram
3381 4903 3510 4980 θροε-

1943 4971 2243 5048 nitentiam,
2272 4976 2336 5048 de
2363 4974 2610 5048 omnibus
2649 4971 2904 5048 vitiis’ad
2932 4976 3200 5048 perfectas
3232 4971 3458 5035 virtutes
3489 5023 3505 5048 ,

1943 5046 2010 5098 de
2039 5044 2248 5117 cunctis
2281 5043 2714 5117 insidiis‘inimici
2745 5043 3162 5117 admedicinam
3185 5050 3460 5106 cretes-tem
3486 5043 3504 5117 ξ

1941 5123 1998 5168 et
2022 5113 2258 5166 divinam
2281 5113 2665 5181 protectioncm
2695 5128 2792 5181 per
2820 5115 3233 5183 invocationem,
3256 5121 3382 5176 trini
3409 5113 3508 5178 no;

1941 5183 2106 5264 minis
2129 5184 2204 5235 tui
2232 5183 2510 5264 l‘atris,.et
2534 5183 2676 5264 Filii,
2699 5192 2753 5236 et
2773 5183 3006 5264 Spiritus
3033 5187 3385 5264 sancti,_quia
3410 5195 3506 5264 qui

1944 5251 2173 5321 fideliter
2199 5261 2253 5306 et
2283 5253 2555 5307 humiliter
2582 5261 2729 5307 tuum
2777 5251 3101 5308 invocaverit
3125 5297 3141 5321 ,
3169 5251 3352 5316 salvus
3376 5251 3504 5319 er'it.

1943 5320 2228 5395 Humilitcr
2253 5337 2381 5395 ergo
2416 5332 2469 5376 et
2501 5322 2728 5395 fideliter
2759 5333 2810 5377 te
2842 5320 3176 5392 postulamus
3199 5369 3214 5395 ,
3244 5339 3303 5384 ut
3323 5332 3508 5390 deleas

1941 5402 1996 5446 et
2027 5392 2362 5471 obliviscaris
2389 5403 2580 5446 cuncta
2609 5393 2812 5446 scelera
2842 5403 3025 5446 nostra
3050 5410 3147 5471 per
3172 5392 3425 5471 sull'ragia
3451 5413 3509 5457 et

1941 5463 2394 5536 meritaomnium
2425 5474 2732 5517 sanctorum
2778 5471 3010 5536 tuorum.
3035 5463 3244 5536 Angeli,
3273 5463 3512 5526 aréhan-

1942 5533 2064 5611 geli,
2093 5533 2680 5611 virtutes,_potcstates_,
2704 5532 3062 5611 principatus,
3082 5532 3511 5611 dominationes,

1942 5602 2474 5680 throni,_cherubim,
2504 5602 2774 5680 serapltim
2800 5641 2814 5664 ,
2843 5603 3184 5680 patriarchae,
3209 5602 3509 5680 prophetae;

1944 5674 2194 5750 apostoli,
2210 5683 2495 5750 martyres,
2516 5682 2567 5750 et
2593 5670 2952 5750 confessores,
2969 5683 3024 5727 et
3045 5670 3283 5750 episcopi
3311 5670 3511 5750 Sancti,

1944 5741 1999 5797 ei
2039 5741 2363 5815 presbyteri
2394 5741 2562 5796 sancti
2590 5781 2605 5806 ,
2649 5747 2704 5794 et
2731 5741 2941 5797 diaconi
2972 5741 3146 5802 sancti
3170 5789 3184 5814 ,
3231 5741 3288 5804 'et
3323 5741 3518 5811 omnes
