4058 6344
520 299 664 358 1595

1511 304 1604 360 AD
1641 305 1868 362 OPERA
1903 305 1964 360 Β.
1999 303 2271 360 ALcu-st
2309 277 2750 362 APPENDlGES.

3631 303 3780 361 £596

589 418 664 494 Ut
703 430 957 494 cunctum
1003 423 1256 493 populum
1291 425 1644 478 christianum
1689 426 1925 494 pretioso
1967 433 2164 488 san-5
2195 422 2294 478 Ubi
2327 423 2767 494 mihi‘aperuisti,
2794 422 3006 494 suscipe
3029 420 3776 494 intrantemullblclansisti.

518 491 679 565 guiue
698 498 788 544 tuo
803 491 1133 565 redemptum
1149 509 1472 549 conservare
1486 491 1801 565 digneris,te
1815 511 2084 565 rogamus.

594 560 665 614 Ut
684 576 871 616 omnes
897 560 1092 616 fratres
1120 574 1333 619 nostros
1363 560 1666 634 spirituales
1706 566 1758 619 in
1797 560 1925 618 vera
1966 566 2094 619 teli-4

519 630 678 703 gio_t_te
703 645 1021 703 conservare
1048 634 1283 701 digneris
1307 676 1320 696 ,
1389 630 1407 634 ’
1731 647 1784 690 te
1813 651 2085 703 rogamus.

595 699 664 754 Ut
691 700 991 774 senioribus
1005 699 1202 757 nostris
1217 720 1245 756 a
1263 706 1372 759 Deo
1385 704 1758 774 przeordinatis
1781 699 2088 774 perpetuam

519 781 708 842 paeem
728 768 916 842 largiri
937 772 1202 842 digneris,
1387 768 1403 774 ’
1736 768 1792 828 te
1815 768 2084 842 rogamus.

547 907 558 918 _
594 836 670 918 Ut
689 837 773 892 his
793 836 1102 918 [feminibus
1117 844 1208 913 qui
1231 844 1432 918 nostris
1445 851 1570 902 sunt
1589 836 1947 900 commendati
1969 859 2092 898 ora-

520 908 757 984 tionibus
783 908 1290 984 misereriudig'neris
1313 955 1328 978 ,
1734 922 1787 967 te
1818 929 2089 984 rogamus.

590 977 660 1032 Ut
687 979 938 1034 omnibus
955 977 1236 1038 animabus
1261 985 1678 1040 christianorum
1705 977 2092 1040 catholicorum

519 1047 1027 1121 misereridigneris
1049 1052 1147 1106 Fili
1175 1055 1298 1116 Dei,
1736 1063 1789 1108 te
1815 1064 2088 1121 rogamus.

587 1117 739 1192 ᾼεηβ
761 1117 873 1184 θρίξ
893 1121 983 1192 qui
1015 1123 1158 1176 tollis
1187 1133 1405 1192 peccata
1431 1117 2090 1190 mundi,misereréuobis.

588 1187 804 1243 Christe
823 1187 947 1245 audi
976 1207 1093 1246 nos.
1127 1187 1290 1264 erie
1317 1195 1538 1250 eleison.

909 1299 1090 1356 Oratio
1120 1303 1395 1373 cujusdam
1420 1306 1688 1374 sapientis.

589 1409 694 1465 Per
727 1412 917 1486 horum
963 1415 1201 1468 omnium
1242 1415 1340 1470 SS.
1383 1425 1682 1486 martyrum
1727 1427 1782 1473 et
1819 1418 2096 1474 confesso-

517 1496 657 1554 rum,
683 1489 739 1534 et
768 1483 1049 1554 beatarum
1093 1486 1360 1554 virginum
1391 1483 1586 1540 merita
1627 1497 1683 1541 et
1724 1489 1996 1543 orationes
2040 1497 2096 1544 et

517 1549 935 1629 intercessiones
963 1562 1016 1608 et
1039 1549 1397 1629 passioneset
1425 1558 1695 1629 suffragia,
1721 1558 1960 1629 Trinitas
1983 1559 2094 1614 cle-

517 1621 852 1701 mentissima
874 1663 888 1687 ,
930 1625 1121 1678 exaudi
1164 1640 1251 1678 me
1273 1625 1484 1701 ,_libera
1511 1621 1636 1691 me',
1685 1621 1912 1701 defende
1954 1643 2043 1684 me
2075 1670 2090 1694 ,

516 1691 722 1746 redime
744 1707 860 1766 me_,_
872 1703 1094 1766 protcge
1118 1708 1220 1756 me,
1246 1697 1438 1766 adjuva
1460 1713 1565 1762 me,
1590 1706 1645 1752 et
1667 1699 1815 1752 salva
1839 1714 1946 1764 me,
1965 1691 2095 1752 coni-

517 1709 722 1746 reatme
744 1709 849 1755 me,
868 1709 908 1814 1ι)

517 1774 671 1814 serva
697 1776 802 1826 me,
827 1763 863 1815 il
888 1780 908 1816 ι]

517 1837 633 1883 tum
663 1845 854 1906 purum
877 1873 892 1896 ,
923 1834 1062 1902 quod
1090 1842 1140 1906 te
1179 1835 1377 1898 videat,
1409 1846 1462 1892 et
1496 1838 1695 1906 cegitet
1718 1879 1732 1902 ,
1774 1846 1831 1893 et
1862 1838 2086 1903 credat;

514 1907 573 1953 et
597 1900 760 1968 pedes
783 1900 984 1967 castos,
1015 1904 1106 1974 qui
1137 1908 1420 1976 praeceptis
1445 1908 1550 1961 tuis
1564 1900 1892 1962 'obedienter
1927 1900 2089 1962 mini;

516 1978 796 2042 strcnt,et
825 1988 1014 2027 manus
1048 1976 1384 2031 continentes
1427 1978 1544 2032 sine
1591 1979 1695 2042 ira,
1747 1989 1803 2032 et
1850 1978 2090 2034 vanitate

517 2039 586 2115 ad
615 2048 665 2094 te
683 2041 945 2115 elevatus,
979 2059 1098 2113 quae
1125 2046 1414 2115 utilitatem
1454 2039 1819 2115 proximorum
1850 2058 1905 2101 et
1928 2051 2092 2102 mise-

507 2109 806 2192 ricordiam
835 2109 1096 2192 laborent.
1143 2114 1398 2192 Largire,
1430 2109 1655 2192 Domine
1670 2117 1916 2192 AChriste,
1949 2118 2090 2172 labia

515 2179 770 2262 discreta,
801 2198 920 2262 quae
947 2191 997 2238 te
1024 2179 1364 2262 benedicunt,
1386 2179 1450 2241 et
1477 2187 1842 2262 magniﬁcent,
1869 2179 1924 2262 et
1947 2203 2089 2257 prae-

517 2250 717 2314 dicent,
759 2250 830 2306 .et
850 2269 971 2307 cum
1003 2254 1195 2310 timore
1223 2265 1275 2309 et
1306 2250 1540 2318 tremore
1568 2250 1624 2312 Et
1649 2250 2010 2313 exsultatione
2039 2267 2092 2313 te

515 2335 730 2397 semper
757 2323 1007 2388 adorent,
1028 2332 1081 2379 et
1105 2340 1262 2397 aures
1287 2327 1543 2392 intentas,
1574 2343 1693 2397 qua:
1718 2343 1910 2382 nomen
1939 2336 2110 2388 tuum.

519 2391 942 2463 etlegemtuam
976 2403 1031 2449 et
1056 2395 1218 2448 verba
1248 2403 1338 2452 tua
1368 2391 1636 2463 audiant",
1674 2406 1730 2452 et
1774 2398 1959 2453 oculos
1988 2399 2090 2452 hu-

519 2461 676 2515 miles
700 2462 792 2535 qui
823 2471 875 2517 te
899 2464 1142 2535 videant,
1169 2480 1382 2520 sensum
1407 2468 1499 2535 qui
1529 2476 1581 2523 te
1609 2461 1805 2522 sentiat
1829 2508 1845 2533 ,
1883 2467 2090 2522 intelle-

521 2532 1159 2620 eEurnquiteriritclliga‘t
1185 2575 1199 2599 ,
1249 2545 1304 2590 et
1347 2532 1736 2620 animamque:
1782 2532 1838 2592 te
1877 2552 2090 2620 semper

519 2603 740 2670 cogitet,
772 2612 827 2657 et
851 2603 1035 2674 diligat
1053 2603 1151 2678 {et
1179 2621 1283 2660 non
1307 2608 1488 2662 veniat
1514 2603 1649 2662 mihi
1667 2624 1763 2678 pes
1785 2603 2050 2678 superbiae
2071 2649 2086 2674 ,

520 2679 578 2725 et
605 2686 793 2727 manus
815 2676 1114 2744 peccatoris
1137 2692 1243 2730 non
1271 2689 1483 2732 moveat
1509 2693 1613 2732 me.
1655 2676 1769 2733 Non
1803 2676 2010 2732 habitet
2034 2679 2090 2732 in

519 2756 610 2796 me
635 2743 1036 2816 gastrimargia,
1079 2755 1132 2800 et
1161 2762 1266 2801 non
1296 2747 1606 2816 coinquinet
1643 2763 1728 2802 me
1759 2748 2046 2806 fornicatio
2070 2789 2085 2810 .

499 2826 630 2892 non
659 2813 920 2892 gubernet
939 2813 1032 2892 me
1061 2833 1196 2892 vana
1227 2817 1415 2886 gloria,
1437 2813 1552 2874 non
1572 2819 1811 2892 obducat
1838 2834 1922 2892 me
1945 2818 2091 2892 ﬁler-

483 2929 488 2932 _
511 2884 680 2952 .giria,
707 2899 810 2938 non
831 2884 1052 2940 dilaniet
1075 2903 1160 2941 me
1181 2884 1281 2952 ira,
1297 2905 1402 2942 non
1425 2889 1712 2945 mortificet
1734 2904 1820 2943 me
1845 2889 2088 2952 tristitia,

522 2963 745 3022 evacuet
773 2955 996 3020 accidia,
1029 2973 1133 3010 non
1166 2957 1410 3013 humiliet
1433 2975 1520 3012 me
1545 2960 1882 3022 cmuodoxia,
1904 2967 1960 3013 et
1982 2975 2088 3014 non

523 3021 764 3098 t_l_es_truat
815 3041 901 3098 me
939 3027 1194 3098 superbia
1245 3045 1257 3080 :
1305 3029 1398 3083 sed
1449 3029 1643 3098 largire
1690 3030 1821 3084 mihi
1853 3021 2090 3083 clemens

525 3089 765 3148 Trinitas
815 3089 1193 3150 abstinentiam
1241 3106 1293 3152 ct
1343 3089 1678 3165 castitaiem,
1729 3100 2087 3154 voluntariam

522 3172 915 3238 paupertatem,
936 3173 990 3218 et
1018 3168 1480 3238 mansuetudinem
1505 3209 1519 3232 ,
1560 3159 1882 3237 largitatem,
1913 3170 2086 3238 pieta-
2115 3159 2164 3223 C

522 3238 656 3302 tem,
680 3241 734 3286 et
756 3235 993 3301 quietem
1019 3273 1033 3297 ,
1073 3244 1130 3288 et
1166 3237 1611 3300 misericordiam,
1646 3235 1958 3302 lenitatem,
2009 3239 2094 3292 in-

526 3300 878 3381 dulgentiam,
907 3303 1261 3381 humilitatem
1273 3345 1293 3381 ,_
1311 3300 2092 3381 benignitatem,hilaritatem,

563 3371 863 3442 atieuntiam,
889 3374 1226 3438 modestiam,
1253 3371 1639 3432 sinceritatem.
1664 3378 1917 3432 Miserere
1939 3371 2092 3442 mihi,

573 3441 772 3518 emine,
796 3443 1054 3518 miserere
1082 3446 1234 3499 mihi.
1263 3447 1335 3500 Da
1368 3447 1499 3518 mihi
1525 3449 1591 3501 de
1619 3448 1936 3502 criminibus
1957 3441 2096 3518 prae;

523 3513 703 3584 teritis
750 3514 984 3584 veniam,
1016 3514 1083 3569 de
1131 3517 1485 3584 praesentibus
1530 3513 1997 3580 emendationem]
2031 3519 2098 3573 de

523 3581 724 3665 futuris
745 3583 962 3665 “largire
1011 3581 1330 3665 custodiam.
1380 3585 1484 3640 Per
1523 3587 1810 3665 Dominum
1847 3597 2097 3648 nostrum

525 3649 710 3708 Jesum
741 3649 1012 3712 Christum
1041 3655 1234 3716 Filium
1262 3664 1435 3723 tuum,
1465 3658 1556 3727 qui
1585 3667 1780 3713 tecum.

529 3764 910 3841 Oratiosoncti
947 3768 1426 3841 Augustini,qu_am
1451 3767 1745 3838 quindecim
1786 3768 1933 3823 libris
1969 3786 2098 3841 quos

701 3838 765 3891 de
789 3847 972 3918 sancte
1002 3838 1286 3909 composuit
1317 3838 1590 3905 Trinitate,
1623 3841 1915 3909 subjunxit.

600 3951 825 4006 Domine
852 3953 994 4006 Dens
1023 3960 1238 4016 noster,
1268 3954 1539 4008 credimus
1571 3955 1626 4009 in
1657 3963 1708 4016 te
1733 3955 1949 4009 Patrem
1979 3994 1995 4019 ,
2047 3963 2102 4010 et

525 4021 723 4094 [ilium
750 4063 765 4088 ,
796 4031 852 4076 et
883 4021 1144 4094 Spiritum
1174 4032 1444 4094 sanctum.
1487 4023 1672 4094 Neque
1699 4026 1844 4080 enim
1895 4026 2103 4094 diceret

528 4090 744 4146 Veritas
761 4090 1072 4164 apostolis:
1101 4091 1183 4164 ιω
1211 4093 1470 4162 baptizare
1491 4090 1665 4164 gentes
1686 4096 1740 4148 in
1764 4097 1971 4149 nomine
1992 4093 2102 4149 Pa-

525 4164 640 4242 gis,
668 4172 718 4242 et
751 4161 878 4242 Filii
905 4205 923 4242 ,_
950 4172 998 4217 et
1026 4163 1253 4242 Spiritus
1279 4161 1452 4242 salicti
1469 4161 1622 4242 _,'nis_i
1658 4164 1905 4242 Trinitas
1929 4181 2096 4221 esses.

527 4231 639 4286 Nec
666 4233 926 4300 baptizari
950 4249 1048 4287 nos
1063 4231 1304 4301 juberes,
1329 4233 1556 4288 Domine
1585 4235 1748 4300 Deus,
1777 4235 1830 4288 in
1857 4235 1976 4303 ejus
1997 4253 2099 4291 no-

530 4303 696 4367 mine,
719 4304 764 4356 si
792 4319 895 4356 non
917 4313 1061 4358 esset
1086 4305 1342 4358 Dominus
1363 4305 1518 4358 Deus.
1549 4303 1658 4359 Nec
1681 4306 1952 4358 diceretur
1971 4321 2102 4361 voce

515 4371 709 4426 divina
745 4391 758 4425 :
795 4371 956 4436 Audi,
979 4373 1147 4426 Israel
1175 4387 1192 4426 :
1219 4373 1476 4427 Dominus
1500 4373 1642 4427 Deus
1683 4384 1804 4427 tuus
1843 4375 2101 4432 Dominus

529 4457 666 4494 unus
693 4453 788 4505 est,
813 4444 915 4496 nisi
947 4442 1182 4498 Trinitas
1231 4444 1303 4496 ita
1336 4459 1482 4498 esses
1506 4483 1519 4504 ,
1571 4453 1630 4498 ut
1673 4460 1811 4498 unus
1840 4445 2100 4501 Dominus

903 1773 1168 1855 istrajme.
1198 1766 1273 1855 De
1303 1767 1468 1855 mihi,
1493 1768 1749 1855 Domine,
1773 1784 1869 1855 cor
1893 1769 2093 1855 coutri-
2124 1793 2167 1855 Β

2191 493 2340 560 aperi
2395 490 2652 562 pulsanti,
2694 492 3029 562 Meminerim
3061 493 3161 555 tui,
3197 490 3492 562 intefiiigam
3520 501 3578 547 te
3603 532 3622 554 ,
3648 492 3778 545 dili-

2189 576 2311 629 gam
2337 560 2410 632 te;
2437 561 2586 632 Auge
2616 562 2668 614 in
2701 577 2788 616 me
2826 562 2929 615 ista
2958 560 3130 632 donec
3161 577 3258 632 me
3291 561 3495 632 formes
3523 563 3596 616 ad
3627 561 3775 615 inte-

2187 647 2365 699 grum.
2393 629 2814 700 Scio'scriptum
2866 646 2986 686 esse
3011 645 3026 682 :
3056 629 3130 701 In
3150 630 3480 701 ηιιιιιὶιυιιιὶο
3507 648 3617 684 non
3637 633 3778 698 elu-

2189 701 2296 770 gies
2316 711 2580 769 peccatum
2603 718 2620 754 :
2651 701 2743 755 sed
2766 701 2967 754 utinam
2993 700 3337 770 prmdicando
3359 700 3588 756 verbum
3613 711 3768 770 tuum

2191 769 2246 824 et
2275 769 2542 827 laudando
2570 779 2621 824 te
2651 769 3022 824 tantummodo
3051 770 3321 838 loquerer,
3351 787 3459 824 non
3491 771 3670 824 solum
3692 769 3773 824 fn-

2191 854 2374 908 gerem
2403 849 2683 909 peccatum
2708 879 2722 903 ,
2753 841 2846 893 sed
2877 840 3125 909 meritum
3172 841 3372 894 bonum
3419 840 3769 909 acquirerem

2192 908 2589 984 quantumlibet
2625 910 2866 963 multum.
2918 908 3006 964 Sic
3055 909 3348 984 loquerer,
3403 908 3584 977 neque
3622 910 3772 964 enim

2193 979 2355 1050 homo
2385 979 2462 1050 de,
2476 986 2539 1050 te
2575 979 2765 1034 beatus
2798 988 3079 1050 peccatum
3123 979 3422 1050 perciperet
3447 991 3472 1018 ι
3507 996 3774 1050 germano

2193 1048 2246 1102 iu
2280 1049 2383 1104 tide
2412 1047 2521 1102 tilio
2544 1064 2643 1102 suo
2663 1047 2981 1117 conseripsit
3005 1047 3190 1102 dicens
3215 1068 3226 1101 :
3259 1047 3774 1114 Praedico—uerbum,

2191 1117 2330 1188 insta
2361 1126 2666 1188 opportune,
2695 1119 3006 1188 importune.
3039 1117 3291 1186 Nunquid
3343 1117 3639 1173 dicendum
3689 1127 3778 1172 est

2193 1187 2356 1242 istum
2382 1187 2490 1241 non
2534 1187 2773 1242 multum
2803 1187 3036 1242 locutum
3059 1228 3073 1248 ,
3115 1190 3207 1256 qui
3234 1204 3343 1241 non
3373 1189 3550 1242 solum
3575 1203 3777 1258 oppor-

2194 1266 2346 1321 tune,
2387 1273 2575 1311 vcrum
2603 1259 2766 1314 etiam
2805 1258 3148 1327 importune,
3173 1274 3296 1326 quae
3335 1261 3561 1314 verbum
3597 1267 3778 1321 tuum,

2194 1327 2434 1386 Domine,
2473 1343 2580 1382 non
2623 1326 3020 1384 tacebat?’Sed
3064 1326 3185 1381 ideo
3214 1344 3320 1382 non
3350 1335 3470 1382 erat
3513 1329 3776 1391 multum,

2194 1398 2319 1466 quia
2362 1405 2570 1450 tantum
2597 1406 2714 1451 erat
2742 1398 3126 1451 necessarium.
3161 1396 3360 1452 Libera
3389 1414 3500 1459 me,
3547 1398 3714 1459 Deus,
3745 1412 3778 1450 ι

2195 1466 2532 1534 multiloquio
2561 1468 2700 1535 quod
2732 1468 2908 1535 patior
2935 1469 3077 1520 intus
3107 1469 3157 1520 in
3189 1471 3368 1521 anima
3398 1483 3521 1521 mea
3567 1466 3776 1520 misera

2195 1535 2250 1589 in
2276 1544 2565 1608 conspectu
2593 1545 2701 1600 tuo,
2732 1546 2786 1589 et
2818 1536 3214 1608 confugientcm
3243 1538 3310 1590 ad
3333 1537 3780 1592 misericordiam

2195 1553 2250 1589 tn
2276 1553 2565 1659 conspectu
2593 1553 2701 1600 tuo,
2732 1553 2786 1589 et
2818 1553 3214 1608 conlugtenwm
3243 1553 3310 1590 au
3333 1553 3778 1592 misericordiam

2194 1613 2362 1659 tuam.
2432 1606 2518 1660 τοι]
2545 1608 2688 1660 enim
2727 1607 3142 1675 cogitationibus
3165 1615 3315 1662 taceo
3340 1647 3356 1670 ,
3387 1608 3558 1660 etiam
3587 1616 3778 1661 tacens

2194 1677 2417 1730 vocibus
2443 1715 2457 1738 ,
2482 1684 2537 1730 et
2564 1677 2608 1730 si
2634 1671 2980 1744 quidem'uon
3007 1677 3299 1746 cogitarem
3341 1677 3446 1731 nisi
3479 1677 3632 1745 quod
3661 1677 3778 1744 pla-

2195 1754 2345 1816 ceret
2369 1747 2486 1816 tibi,
2509 1761 2614 1800 non
2639 1747 2822 1814 utique
2853 1762 3123 1816 rogarem,
3147 1756 3208 1800 ut
3231 1763 3317 1801 me
3357 1748 3426 1801 ab
3457 1747 3569 1800 hoc
3593 1747 3779 1802 multi-

2195 1814 2376 1897 loquio
2423 1814 2684 1897 liberares
2708 1833 2740 1897 _;_
2761 1817 2853 1869 sed
3084 1825 3211 1897 sunt
3234 1817 3598 1897 cogitationes
3645 1832 3780 1897 mea

2194 1885 2328 1940 tales
2374 1885 2560 1954 quales
2581 1886 2742 1955 nosti
2787 1887 3143 1955 cogitationes
3185 1885 3469 1941 hominum
3503 1887 3777 1955 quoniam

2192 1969 2345 2008 vana:
2389 1963 2531 2009 sunt.
2579 1954 2728 2009 Dona
2770 1954 2902 2009 mihi
2948 1973 3054 2012 non
3095 1956 3176 2010 eis
3221 1954 3578 2018 consentire;
3620 1966 3676 2010 et
3730 1957 3776 2012 si

2193 2023 2407 2094 quando
2456 2040 2541 2079 me
2568 2026 2862 2089 delectant,
2893 2042 2988 2081 eas
3015 2027 3364 2080 nihilominus
3413 2028 3727 2095 improbare
3753 2069 3773 2091 ,

2193 2110 2293 2149 nec
2317 2096 2368 2148 in
2389 2095 2470 2151 eis
2499 2095 2643 2150 velut
2669 2096 3007 2150 dormitando
3030 2097 3328 2158 immorari,
3349 2111 3456 2150 nec
3484 2097 3542 2150 in
3567 2105 3774 2150 tantum

2191 2166 2408 2236 valeant
2434 2167 2574 2236 apud
2603 2181 2688 2220 me
2715 2208 2730 2231 ,
2761 2176 2818 2220 ut
2848 2167 3046 2235 aliquid
3074 2168 3127 2220 in
3150 2183 3313 2236 opera
3345 2182 3468 2221 mea
3520 2167 3776 2236 procedat

2192 2251 2256 2290 ex
2297 2235 2400 2291 illis
2421 2275 2436 2299 ,
2477 2235 2582 2290 sed
2611 2237 2678 2290 ab
2705 2236 2784 2290 eis
2811 2253 2928 2290 mea
2959 2237 3147 2290 saltem
3185 2235 3255 2290 Sit
3305 2247 3420 2290 tuta
3464 2235 3735 2292 sententia
3756 2279 3772 2302 ,

2192 2313 2307 2376 tuta
2352 2307 2684 2362 conscientia
2732 2315 2932 2360 tuente.
2967 2306 3192 2376 Sapiens
3219 2307 3442 2376 quidam
3471 2323 3605 2360 cum
3633 2309 3698 2361 de
3725 2317 3777 2361 te

2192 2371 2502 2448 loqueretur
2530 2377 2583 2431 in
2612 2376 2748 2430 libro
2774 2391 2908 2448 sue,
2946 2371 3070 2448 Aqui,
3095 2371 3504 2431 ecclesiasticus
3559 2378 3780 2448 proprio

2191 2447 2408 2501 nomine
2439 2446 2584 2500 illum
2614 2453 2770 2506 vocat
2797 2465 2808 2498 :
2840 2445 3033 2509 Multo,
3061 2447 3253 2515 inquit,
3290 2445 3639 2510 dicimusfet
3664 2445 3776 2499 ’ποι

2190 2518 2532 2597 peracuimus,
2567 2526 2614 2570 et
2651 2517 3028 2597 consummatio
3077 2534 3372 2597 sermonum
3415 2518 3666 2597 universa
3703 2526 3776 2597 est

2190 2585 2318 2667 ipse.
2343 2586 2476 2641 Cum
2497 2601 2635 2667 ergo
2658 2587 3066 2667 pervenerimus
3089 2585 3157 2640 ad
3189 2596 3265 2667 te,
3284 2587 3590 2667 cessabunt
3610 2587 3773 2667 multa

2191 2655 2293 2710 ista
2320 2672 2438 2725 qua:
2480 2655 2728 2719 dicimus,
2773 2664 2827 2710 et
2857 2671 2960 2710 non
2987 2657 3332 2725 pervenimus
3357 2697 3374 2720 ,
3428 2666 3485 2710 et
3529 2657 3776 2712 manebis

2190 2741 2332 2780 unus
2393 2728 2573 2780 omnia
2633 2726 2686 2778 in
2744 2726 3037 2790 omnibus,
3079 2735 3134 2780 et
3194 2728 3312 2781 sine
3369 2726 3479 2780 ﬁne
3531 2727 3775 2781 dicemus

2191 2812 2392 2859 unum,
2423 2797 2700 2851 laudantes
2743 2805 2796 2851 te
2849 2795 2902 2849 in
2949 2812 3112 2850 unum
3147 2837 3162 2858 ,
3202 2806 3256 2850 et
3299 2798 3352 2849 in
3379 2805 3434 2850 te
3459 2796 3591 2850 facti
3613 2798 3775 2851 etiam

2190 2882 2290 2921 nos
2315 2882 2478 2920 unum
2506 2907 2520 2929 ,
2551 2865 2776 2920 Domine
2809 2867 2952 2920 Deus
2971 2905 2988 2930 ,
3035 2882 3140 2920 une
3167 2867 3309 2934 Deus
3336 2867 3604 2928 Trinitas.
3633 2882 3778 2935 qua:-

2189 2951 2420 3007 cumque
2441 2936 2550 2988 dixi
2579 2936 2632 2989 in
2661 2936 2742 2988 his
2765 2935 2927 3007 libris
2960 2937 3027 2989 de
3055 2944 3147 2993 tuo
3171 2945 3474 3007 agnoscant
3505 2946 3560 2994 te
3591 2939 3696 3004 tui,
3733 2937 3778 2992 si

2189 3021 2310 3077 qua:
2332 3006 2399 3060 de
2427 3021 2548 3061 meo
2573 3016 2628 3060 et
2656 3007 2731 3059 tui
2761 3006 2977 3077 ignosce
3002 3016 3055 3060 et
3081 3007 3179 3060 tui.

2525 3137 2716 3210 Incipit
2743 3140 2912 3193 oratio
2933 3141 3102 3194 sancti
3135 3138 3436 3194 Prudentii.

2263 3251 2308 3308 Ο
2330 3254 2437 3307 Dee
2457 3252 2634 3323 cuncti
2659 3267 2872 3323 parens,
2898 3252 3090 3312 animae
3115 3253 3289 3316 dator,
3312 3268 3346 3307 ο
3371 3253 3480 3309 Dee
3509 3253 3755 3318 Christe,

2195 3323 2360 3394 Quiris
2383 3323 2450 3394 ab
2473 3339 2566 3376 ore
2589 3321 2730 3375 Deus
2753 3323 2999 3378 subsistit
3017 3323 3249 3394 Spiritus
3267 3340 3430 3378 unus.

2196 3393 2272 3464 ’ξε
2301 3393 2615 3464 moderante
2645 3407 2823 3461 regor,
2857 3401 2907 3446 te
2933 3393 3098 3464 vitam
3128 3394 3370 3464 principe
3399 3396 3562 3451 duco.

2196 3463 2382 3518 Judicc
2409 3472 2459 3517 te
2487 3463 2688 3531 pallens
2720 3464 2945 3533 trepido,
2975 3474 3027 3518 te
3050 3463 3232 3531 judice
3257 3463 3448 3518 cedem

2199 3534 2359 3606 Spem
2378 3535 2543 3606 capio
2567 3533 2684 3606 fore
2706 3535 2965 3604 quidquid
2995 3534 3388 3606 agoveniabile
3411 3536 3556 3606 apud
3583 3545 3639 3590 te

2200 3575 2504 3677 Qhainlibe't
2534 3575 2990 3677 iniligniisuvienia,
3017 3575 3340 3677 faciamque,
3369 3575 3714 3677 loquarque:

2198 3675 2495 3745 Conﬁteor,
2526 3675 2738 3728 dimitte
2766 3674 2958 3736 libens,
2983 3681 3046 3745 et
3063 3673 3464 3745 parce’fatenti'.

2200 3744 2370 3800 Omne
2401 3745 2596 3798 malum
2625 3745 2819 3807 merui,
2843 3745 2936 3799 sed
2959 3753 3014 3798 tu
3040 3744 3211 3799 bonus
3240 3747 3447 3799 arbiter
3469 3747 3634 3802 aufer

2202 3815 2357 3880 Quod
2379 3814 2572 3877 merui,
2605 3815 2825 3868 meliora
2851 3815 3034 3869 favens
3065 3815 3260 3885 largire
3289 3818 3557 3883 precanti.

2204 3885 2350 3938 Dona
2377 3885 2569 3938 anima:
2593 3885 2911 3954 quandoque
2939 3900 3070 3954 mea:
3092 3901 3214 3938 cum
3244 3887 3490 3952 corporis
3509 3886 3680 3953 hujus

2205 3955 2448 4022 Liquerit
2477 3953 2792 4023 hospitium,
2817 3953 3020 4017 nervis,
3043 3963 3180 4016 cute,
3215 3956 3496 4024 sanguine.
3523 3956 3680 4024 felle,

2204 4025 2426 4079 Ossibus
2451 4032 2780 4086 extructum,
2813 4035 3068 4093 corrupta
3097 4026 3238 4093 quod
3265 4025 3440 4080 incola
3475 4027 3608 4081 luxu

2204 4095 2314 4149 Neu
2346 4094 2568 4148 nimium
2603 4095 2878 4162 complexa
2907 4094 3047 4147 fovet
3081 4110 3205 4148 cum
3230 4094 3420 4150 flebilis
3443 4099 3582 4151 hora

2203 4165 2470 4238 plauserit
2483 4165 2584 4218 hos
2604 4166 2830 4238 orbeset
2848 4165 3091 4238 conculta
3109 4163 3785 4238 [F.,conculc.ata]jaccbit

2206 4235 2478 4297 Materies,
2500 4234 2776 4303 oculisque
2799 4234 2912 4293 suis
2935 4250 3089 4290 mens
3111 4234 3252 4288 nuda
3276 4234 3506 4290 fruetur.

2205 4305 2284 4360 Ne
2305 4313 2491 4366 cernat
2513 4305 2874 4358 truculentum
2903 4304 3133 4372 aliquem
3156 4305 3220 4359 de
3249 4314 3405 4372 gente
3431 4308 3706 4360 latronum
3732 4348 3752 4372 ,

2206 4376 2492 4438 lmmitem,
2513 4373 2786 4444 rapidum,
2811 4375 3066 4444 vultuque
3091 4385 3146 4428 et
3172 4391 3306 4429 voce
3327 4376 3600 4431 minacem
3625 4418 3640 4440 ,

2207 4444 2547 4508 Terribilem,
2573 4443 2662 4512 qui
2688 4459 2776 4498 me
2797 4443 3128 4499 maculosum
3154 4446 3433 4515 aspergine
3457 4461 3716 4513 morum,

531 4511 676 4584 Deus
698 4527 864 4576 esses,
899 4512 1006 4584 nisi
1035 4520 1088 4563 tu
1121 4512 1587 4584 Deus‘Paterjpse
1613 4529 1788 4576 esses,
1833 4523 1889 4569 et
1931 4514 2098 4571 Filius
2127 4507 2174 4566 D
2201 4514 2256 4568 ln
2293 4507 2555 4583 praeceps,
2581 4507 2640 4568 ut
2663 4515 2844 4582 praedo
2869 4515 3050 4568 trahat
3073 4507 3348 4584 nigrisque
3375 4525 3629 4570 ruentem

531 4578 768 4634 Verbum
801 4590 948 4634 tuum
979 4579 1134 4634 Iesus
1160 4581 1406 4636 Christus
1427 4578 1538 4650 ipse
1579 4593 1754 4646 esset,
1793 4592 1850 4637 et
1898 4585 2096 4640 donum

528 4658 768 4704 vestrum
807 4650 1038 4720 Spiritus
1064 4659 1300 4706 sanctus.
1334 4650 1448 4704 Non
1498 4651 1798 4721 legeremus
1829 4655 1879 4706 in
1905 4654 2099 4710 litteris

530 4721 790 4795 veritatis
815 4735 829 4775 :
861 4721 1002 4795 Misit
1033 4721 1170 4795 penu
1200 4721 1396 4774 Filium
1424 4738 1575 4795 suum
1603 4763 1616 4784 ,
1649 4739 1748 4777 nec
1775 4732 1829 4776 tu
1851 4764 1864 4782 ,
1899 4723 2100 4795 Upige-

528 4792 662 4856 nite,
691 4793 899 4846 diceres
929 4792 994 4845 de
1029 4791 1232 4860 Spiritu
1266 4799 1452 4846 sancto
1493 4810 1505 4844 :
1539 4791 1704 4857 Quem
1733 4795 1899 4846 mittet
1935 4791 2098 4848 Pater

517 4863 584 4916 .in
615 4863 822 4922 nomine
854 4878 985 4925 meo,
1018 4870 1092 4926 et,
1122 4861 1285 4925 Quem
1332 4879 1424 4928 ego
1453 4864 1652 4918 mittam
1677 4863 1817 4915 vobis
1840 4880 1872 4916 a
1915 4863 2092 4918 Patre.

526 4933 608 4986 Ad
639 4933 775 4988 hanc
807 4932 1044 5000 regulam
1090 4933 1211 4985 lidei
1257 4932 1493 5001 dirigens
1539 4933 1888 4987 intentionem
1921 4948 2093 4988 meam

528 5012 787 5086 quantum
811 5004 1279 5086 potui,'quauit..um
1308 5017 1576 5086 ine-posse
1617 5002 1788 5086 fecisti
1815 5043 1830 5068 ,
1873 5005 2096 5086 (ἕξιςῃείνί

517 5081 605 5137 ιθ,
632 5084 686 5128 et
713 5072 1011 5132 desideravi
1043 5072 1313 5126 intellectu
1367 5073 1548 5126 videre
1593 5075 1736 5142 quod
1775 5073 2006 5136 credidi,
2041 5082 2096 5128 et

525 5143 752 5198 multum
779 5144 1078 5214 disputavi,
1107 5151 1162 5196 et
1188 5142 1447 5214 laboravi,
1494 5144 1718 5214 Domine
1759 5144 1928 5202 Deus,
1975 5159 2093 5201 mea

525 5214 685 5268 unica
741 5213 876 5286 spes
911 5229 1052 5286 mea,
1101 5213 1292 5286 exaudi
1329 5229 1415 5286 me
1443 5229 1511 5268 nc
1547 5213 1800 5281 fatigatus
1847 5214 2010 5286 nolim
2043 5223 2096 5268 te

523 5283 815 5352 quaerere:
859 5285 952 5340 sed
987 5299 1224 5353 qumram
1263 5283 1451 5338 faciem
1485 5293 1632 5336 tuam
1660 5298 1874 5352 semper
1904 5284 2096 5338 arden-

523 5362 622 5408 ter.
656 5355 734 5408 Tn
777 5357 841 5413 da
888 5355 1151 5424 qumrenti
1185 5354 1331 5417 vias,
1357 5354 1472 5424 qui
1517 5353 1744 5409 inveniri
1795 5362 1848 5407 te
1897 5353 2089 5424 fecisti,

518 5431 576 5496 et
622 5425 793 5494 magis
857 5423 1132 5496 magisque
1193 5423 1494 5496 iuveuiendi
1552 5433 1603 5477 te
1660 5438 1810 5496 spem
1877 5423 2090 5478 dedisti.

519 5492 794 5550 Coram‘te
823 5505 905 5550 est
929 5492 1156 5549 tit-initas
1181 5504 1234 5548 et
1261 5492 1546 5550 infirmitas
1567 5492 1722 5547 mea:
1748 5494 1892 5548 illam
1913 5509 2091 5556 serva,

518 5564 664 5620 illam
713 5581 863 5621 sana.
911 5567 1104 5620 Curam
1149 5574 1199 5620 te
1245 5565 1468 5624 scientia
1514 5574 1567 5618 et
1616 5564 1920 5633 ignorantia
1951 5579 2089 5618 mea.

590 5743 614 5771 ι
643 5731 816 5787 Locus
853 5749 1092 5789 mancus.

2201 4585 2490 4654 lmmergat
2511 4585 2804 4655 specubus,
2829 4592 3020 4655 cuncta
3051 4594 3343 4638 exacturus
3371 4587 3437 4638 ad
3465 4601 3648 4655 usque

2200 4653 2565 4722 Quadrantem
2591 4653 2871 4709 minimum
2896 4653 2962 4707 da
2987 4663 3188 4707 nostra:
3213 4656 3390 4709 debita
3419 4653 3567 4710 vitae;

2202 4724 2366 4777 Multa
2393 4724 2663 4778 thesauris
2691 4723 2860 4791 patris
2884 4731 2969 4777 est
2989 4723 3271 4785 habitatio,
3299 4723 3545 4789 Christe,

2201 4793 2516 4862 Disparibus
2541 4793 2772 4847 discreta
2798 4793 2950 4856 locis,
2973 4809 3116 4847 nunc
3140 4809 3304 4862 posco
3323 4795 3483 4847 beata

2199 4863 2254 4917 In
2289 4863 2508 4930 regione
2533 4863 2751 4916 domum
2782 4880 2794 4914 :
2821 4863 2930 4916 sint
2954 4862 3062 4915 illic
3087 4872 3237 4917 casta
3264 4864 3509 4918 virorum

2198 4931 2445 5002 Agmina,
2476 4932 2756 5001 pulverum
2783 4948 2904 5002 quae
2931 4932 3271 5002 dedignantia
3299 4948 3550 4995 censum.

2198 5001 2412 5072 Divitiae
2439 5002 2466 5041 ι)
2496 5016 2710 5072 semper
2731 5001 2858 5056 vere
2879 5010 3016 5064 tuas,
3045 5003 3112 5055 sit
3138 5001 3269 5057 (lure
3293 5004 3519 5072 perenni

2197 5071 2437 5126 Candida
2464 5071 2743 5140 virginitas
2765 5073 3002 5128 animum
3022 5081 3253 5125 castrata
3279 5071 3539 5134 recisum.

2197 5142 2268 5194 At
2300 5141 2432 5195 mihi
2465 5142 2684 5195 tartarei
2722 5141 2854 5196 satis
2877 5149 2959 5195 est
2983 5141 3026 5194 si
3054 5142 3196 5203 nulla
3227 5141 3462 5195 ministri

2197 5213 2463 5267 Occurrat
2484 5211 2672 5274 facies,
2694 5211 2863 5265 avida:
2887 5225 2985 5264 nec
3012 5209 3225 5265 ﬂamma
3251 5212 3514 5280 gehennae

2199 5284 2430 5338 Devoret
2455 5283 2593 5336 hanc
2618 5281 2852 5352 animam
2874 5296 3108 5352 mersam
3132 5281 3444 5335 fornacibus
3475 5282 3604 5338 imis
3621 5323 3644 5352 ,_

2198 5352 2358 5406 [Estu
2393 5365 2688 5406 cavernoso
2710 5351 2835 5418 quia
2860 5352 2940 5405 sic
2967 5365 3064 5418 pro
3097 5351 3213 5404 labe
3233 5365 3458 5405 necesse
3481 5363 3570 5408 est

2197 5424 2468 5492 Corporea
2494 5421 2665 5492 tristis
2690 5435 2775 5492 me
2801 5421 3019 5492 sorbeat
3043 5421 3182 5490 ignis
3216 5435 3418 5475 averno
3438 5459 3456 5488 ,

2199 5489 2404 5547 Saltem
2433 5491 2685 5545 mitiﬁcos
2708 5490 2950 5552 incendia
2975 5489 3116 5544 lenta
3142 5504 3368 5559 vapores

2198 5562 2484 5626 Exhalent,
2505 5570 2746 5630 :estuquc
2766 5561 2916 5615 calor
2936 5560 3218 5631 languente
3241 5568 3476 5630 tepescat
3500 5600 3517 5627 ,

2268 5727 2294 5765 ι)
2320 5726 2493 5780 Locus
2521 5731 2826 5793 corruptus.
