4058 6344
371 303 394 357 1
404 299 506 360 δοῖ

363 422 478 492 Lux
505 424 764 476 immensa
790 423 944 487 alios,
969 433 1020 478 et
1045 430 1282 492 tempora
1307 424 1484 478 vincta
1521 423 1736 478 coronis

359 491 680 549 Gloriﬂcent
699 508 807 557 me,
835 508 991 562 poena
1022 491 1466 548 levis’clementer
1492 495 1702 546 adurat.

785 581 967 636 Oratio
994 581 1218 653 Eugenii
1247 579 1489 652 episcopi.

435 660 551 730 Rex
577 659 716 718 Deus
741 660 1021 730 immense,
1053 675 1160 730 quo
1188 669 1398 715 constat
1426 657 1675 730 machina
1717 656 1924 714 mundi.

363 729 516 796 Quod
543 731 708 784 miser
737 729 1260 799 cn.famulus’posco
1288 739 1344 784 tu
1374 731 1571 799 perﬁce
1603 729 1855 782 clemens.

364 799 450 860 Sit
471 799 600 853 mihi
627 808 770 853 recta
796 799 946 866 ﬁdes,
977 809 1033 854 et
1061 800 1209 854 falsis
1236 800 1390 854 obvia
1427 800 1606 853 sectis.

365 869 448 940 Sit
471 869 602 922 mihi
627 867 894 940 prmcipue
929 884 1139 924 morum
1167 869 1430 924 correctio
1467 881 1724 940 praesens.

365 938 479 994 Sim
507 937 689 1001 carus,
712 937 949 1003 humilis,
975 953 1138 992 verax
1156 980 1170 1002 ,
1197 945 1319 993 cum
1343 937 1582 1007 tempore
1604 948 1855 1006 praesens.

365 1009 574 1078 Secreti
599 1008 812 1071 tacitus,
834 1015 888 1061 et
909 1008 1111 1078 linguas.
1122 1010 1316 1062 famine
1338 1017 1543 1078 cautus.

366 1077 442 1147 Da
470 1076 634 1147 fidum
657 1078 886 1138 socium,
913 1077 980 1131 da
993 1076 1166 1131 'ﬂxum
1190 1093 1400 1147 semper
1423 1077 1674 1147 amicum,

454 1145 703 1200 blandum
713 1187 728 1211 ,
745 1147 1002 1210 sobrium,
1021 1163 1084 1215 pa
1095 1163 1263 1210 reum,
1277 1142 1587 1215 castumque
1601 1142 1923 1198 ministrum.

363 1214 479 1284 Non
507 1231 593 1268 me
621 1217 902 1284 pauperies
923 1214 1126 1271 cruciet
1149 1224 1241 1269 aut
1262 1215 1482 1284 languor
1500 1214 1749 1267 ohuucet.

365 1283 448 1338 Sit
469 1283 651 1338 comes
674 1283 812 1338 alma
838 1286 983 1340 salus
1016 1295 1070 1340 ct
1091 1283 1404 1340 sufﬁcientia
1443 1284 1617 1338 victus
1637 1321 1653 1346 ,

363 1353 557 1423 Absint
575 1354 796 1420 divitias,
822 1353 1010 1418 fastus,
1033 1365 1088 1409 et
1102 1355 1276 1423 jurgia
1305 1353 1417 1408 litis
1446 1394 1460 1413 ,

361 1421 598 1492 Invidiae,
623 1423 801 1488 luxus,
826 1433 881 1478 et
909 1421 1112 1478 ventris
1131 1421 1315 1492 pensio
1339 1422 1528 1492 turpis.

361 1490 598 1562 Qrimine
618 1509 684 1546 ne
707 1493 894 1548 lzedam
917 1489 1260 1562 quemquam,
1283 1507 1382 1547 nec
1410 1489 1635 1546 crimine
1657 1489 1840 1562 licdar.

360 1560 455 1632 Sic
481 1561 618 1614 bene
642 1562 775 1616 velle
799 1559 1014 1632 queam,
1049 1559 1156 1632 quo
1183 1577 1405 1632 pravum
1430 1575 1586 1629 posse
1615 1559 1854 1613 recedat.

360 1627 446 1699 Nil
475 1639 628 1698 turpe
649 1627 894 1699 cupiam,
909 1627 1128 1694 faciam,
1149 1627 1230 1683 vel
1252 1627 1544 1699 proloquar
1561 1644 1816 1696 unquam.

361 1698 438 1770 Te
465 1715 626 1770 mens.
638 1698 922 1770 desideret,
953 1701 1129 1770 lingua
1158 1698 1334 1770 canat,
1360 1700 1500 1752 actio
1520 1707 1748 1770 promat.

361 1767 461 1833 Da,
494 1768 654 1822 Pater
680 1769 995 1834 altitonans,
1022 1767 1286 1825 undosum
1307 1769 1519 1822 ﬂetibus
1540 1769 1766 1821 imbrem
1789 1806 1804 1830 ,

361 1838 479 1908 Quo
506 1838 710 1892 valeam
731 1839 982 1908 lacrymis
997 1838 1276 1907 culparum
1299 1839 1510 1908 solvere
1531 1837 1719 1891 moles.

359 1904 439 1976 Da
465 1921 678 1976 precor,
707 1904 985 1973 auxilium,
1026 1904 1225 1976 possim
1257 1925 1362 1976 quo
1400 1907 1614 1960 vincere
1645 1905 1922 1970 mundum,

359 1974 427 2048 Et
453 1974 575 2031 vita:
609 1978 840 2032 stadium
865 1974 1074 2048 placido
1101 1974 1415 2048 percurrere
1443 1992 1602 2048 passu
1628 2015 1643 2040 ,

358 2043 598 2114 (Eumque
628 2043 883 2114 suprema
907 2047 1020 2102 dies
1047 2043 1220 2102 morte
1247 2043 1556 2114 patefecerit
1591 2060 1782 2099 urnam

357 2110 634 2175 Concedas
668 2110 879 2172 veniam
908 2117 994 2172 cui
1018 2117 1159 2171 tollit
1183 2110 1337 2185 culpa
1361 2131 1637 2170 coronam.

784 2203 967 2266 Oratio
999 2205 1156 2266 Bedw
1182 2206 1481 2274 presbyteri.

431 2278 475 2336 Ο
501 2281 642 2336 Deus
666 2291 888 2346 aeterne,
916 2283 1113 2336 mundo
1139 2298 1262 2351 spes
1293 2284 1450 2338 unica
1477 2284 1600 2338 vita:
1617 2323 1630 2346 ,

359 2350 436 2422 Da
466 2351 597 2404 mihi
628 2351 939 2422 suffragium
967 2353 1019 2422 in
1049 2350 1198 2422 tanto
1223 2353 1535 2408 discrimine
1571 2354 1782 2406 ﬁrmum
1811 2392 1825 2415 ,

356 2417 436 2493 ἕο
455 2417 916 2493 carosueeunibat
940 2421 1130 2475 validis
1156 2422 1367 2493 inﬁrma
1393 2423 1638 2493 tyrannis
1661 2439 1676 2486 ;

358 2487 691 2562 glesimilem
718 2492 909 2554 cineri,
935 2500 1222 2562 ventoque,
1247 2487 1554 2562 umbraeque
1581 2499 1850 2546 memento
1873 2511 1888 2550 :,

357 2557 468 2641 Sed
497 2567 600 2639 ture
618 2569 875 2640 perpetuo
897 2557 1259 2641 pietatis—quae
1288 2561 1451 2641 fulget
1467 2557 1546 2641 'a7b
1575 2577 1692 2641 gravo

355 2627 734 2699 Tegmineiqui
763 2627 942 2684 carnis
966 2627 1188 2683 veniens
1217 2627 1446 2699 vestit-ur
1473 2631 1540 2684 ab
1567 2630 1676 2684 alto

355 2698 548 2769 l_\eri7os
573 2698 699 2769 caro
727 2714 834 2768 quo
859 2707 1039 2769 posset
1069 2700 1351 2754 devincere
1380 2698 1538 2752 ﬂatus

355 2764 548 2839 lirarlia
569 2768 614 2822 si
641 2764 937 2839 fremiteiit,
962 2770 1284 2823 condamnct
1308 2778 1362 2823 et
1393 2769 1598 2824 hostica
1623 2767 1813 2839 salpix,

359 2833 437 2888 Te
469 2837 606 2891 duce
629 2837 824 2893 fidente
855 2838 1025 2892 facilis
1051 2839 1276 2894 victoria
1312 2840 1446 2893 ditet
1475 2879 1490 2903 ,

353 2903 517 2977 I_.iber
541 2916 598 2960 ut
626 2921 656 2960 a
684 2907 888 2976 laqueis
913 2917 1017 2962 tete
1044 2918 1355 2977 protegente
1379 2909 1675 2977 profundis,

355 2972 424 3047 Et
451 2990 543 3029 rex
575 2972 770 3047 magne
794 2979 867 3032 tui
893 2972 1082 3033 florere
1103 2972 1604 3047 per'edita'templi.

355 3042 492 3100 Nam
523 3054 610 3100 tua
637 3042 820 3102 nostra
847 3047 972 3121 [Ρη
992 3042 1198 3118 noster]
1229 3063 1382 3103 amor
1404 3042 1682 3188 sitit-[mria
1709 3087 1724 3112 ,
1765 3047 1922 3105 dulce

371 3183 381 3188 7
457 3185 490 3188 77
717 3187 729 3188 7
863 3187 874 3188 7
923 3186 931 3188 7
1347 3187 1354 3188 7
1463 3186 1474 3188 7
1546 3132 1816 3188 (eousque

1546 3132 1816 3172 uecusuue

355 3183 552 3245 Audiat
578 3187 820 3260 angelico
845 3186 1028 3242 dulces
1058 3203 1162 3258 qua
1190 3187 1432 3242 carmina
1462 3134 1746 3243 add?”

919 3275 1050 3329 Item
1085 3276 1336 3346 ejusdem.
1397 3279 1400 3282 ’

424 3356 556 3413 Fida
585 3373 810 3414 manens
840 3361 1052 3416 miseris
1076 3363 1222 3416 solus
1245 3364 1297 3415 in
1329 3377 1430 3415 axe
1459 3361 1603 3415 salus
1625 3401 1638 3421 .

350 3429 420 3499 Et
444 3427 700 3499 famulum
723 3444 754 3480 a
783 3445 932 3494 nece,
962 3430 1076 3483 Rex
1109 3447 1319 3499 magno,
1359 3440 1508 3486 tuere
1539 3443 1707 3484 tuum.

353 3498 412 3568 Si
440 3498 551 3568 sola
581 3499 877 3568 innumeris
911 3499 1067 3553 obvia
1097 3498 1399 3568 telaparet.

351 3566 627 3640 graminis
653 3575 818 3635 utque
836 3568 1004 3640 7deco7r
1033 3568 1112 3640 sic
1138 3566 1257 3622 mea
1287 3569 1408 3622 vita.
1423 3567 1560 3640 fugit

352 3636 562 3705 Eripiat
589 3651 804 3704 semper
828 3637 1034 3691 fraudis
1060 3638 1126 3690 ab
1151 3652 1246 3691 ore
1277 3647 1446 3695 tuum.

351 3705 586 3778 ,ἓηοὶρίῑί
612 3706 927 3778 c7hel7y7drum
952 3708 1188 3778 percutis
1207 3722 1337 3762 ense
1363 3707 1542 3760 ferum-

353 3774 421 3846 ξι
451 3774 864 3846 νθεειέἱεηίΐθτο
893 3774 1074 3831 vetere
1099 3786 1276 3831 castra
1314 3778 1423 3832 Deo
1454 3817 1470 3842 ,

355 3844 607 3914 Truxque
636 3844 864 3902 cruenta
884 3847 1019 3906 citet
1041 3847 1194 3905 miles
1223 3847 1277 3900 in
1305 3863 1457 3900 arma
1491 3859 1634 3911 suos,

351 3911 500 3987 ﬂexa
521 3911 630 3969 tibi
663 3915 840 3971 nullus
873 3926 1087 3987 pectora
1119 3918 1301 3972 turbat
1327 3917 1546 3987 hydros.

352 3983 658 4040 Altitlirone
684 3983 894 4046 merear
919 3986 1054 4040 lucis
1082 3987 1234 4042 adire
1257 3983 1378 4040 vias
1399 4027 1414 4051 ,

351 4053 528 4125 atque
553 4056 723 4125 sacris
754 4071 1003 4125 superum
1031 4056 1205 4112 celsus
1231 4057 1419 4111 adesse
1452 4057 1632 4114 choris
1656 4099 1683 4120 ,,

353 4122 584 4196 gernere
604 4122 867 4193 gloriﬁeet
895 4125 1014 4182 laata
1039 4142 1136 4196 per
1160 4141 1290 4180 arva
1311 4127 1503 4182 domus

354 4189 524 4249 David
544 4189 756 4270 quoque
779 4210 994 4250 sacrum
1021 4189 1272 4266 personet
1294 4211 1389 4254 ore
1415 4196 1612 4260 melos._

777 4283 963 4339 Oratio
990 4288 1159 4341 sancti
1186 4287 1500 4357 Augustini._

423 4359 566 4416 Deus
596 4363 964 4419 universitatis
989 4365 1258 4429 conditor,
1292 4373 1485 4436 pmta
1519 4366 1652 4420 mihi
1683 4366 1918 4437 primum

393 4438 414 4484 t
438 4439 490 4484 te
513 4429 650 4486 bene
677 4447 882 4486 mem.
913 4435 1104 4486 deinde
1129 4444 1190 4486 ut
1227 4451 1314 4486 me
1339 4451 1468 4486 asras
1493 4436 1718 4486 dignum.
1753 4453 1912 4486 auem

350 4444 414 4486 Ill.
438 4444 490 4484 ιθ
513 4444 650 4486 nene

350 4499 568 4575 liberes,
590 4499 936 4575 postmodum
966 4514 1026 4560 ut
1053 4504 1266 4560 liberes.
1294 4499 1436 4561 Deus
1457 4545 1472 4567 ,
1503 4499 1658 4575 cujus
1691 4499 1789 4562 nos
1823 4523 1913 4562 ex-

533 4570 708 4657 iides,
737 4588 859 4655 spes
886 4575 1044 4657 erigit
1075 4615 1090 4639 ,
1120 4576 1357 4657 Charitas
1377 4570 1786 4657 jungit':“Deus,
1815 4594 1926 4646 per-

350 4654 512 4709 quem
534 4642 798 4717 vincimus
840 4642 1138 4717 inimicum,
1195 4654 1250 4701 te
1285 4642 1565 4715 deprecor,
1611 4647 1773 4711 Deus,
1816 4642 1914 4717 per

349 4724 510 4785 quem
537 4711 832 4781 accipimus
874 4729 940 4785 ne
987 4716 1205 4769 omnino
1224 4711 1528 4784 pereamus.
1559 4718 1718 4779 Deus,
1745 4733 1776 4770 a
1803 4711 1912 4785 quo

350 4781 702 4854 admonemur
744 4792 805 4838 ut
849 4784 1168 4854 vigilemus;
1203 4781 1360 4851 Deus,
1406 4801 1502 4854 per
1529 4785 1686 4854 qdbm
1712 4781 1851 4842 bona
1877 4803 1910 4840 a

349 4849 506 4927 malis
535 4866 814 4927 speramus
837 4871 869 4927 ;_
885 4849 1028 4908 Deus
1051 4849 1331 4925 per'quem
1348 4849 1500 4927 mala
1537 4849 1772 4927 fugimus
1795 4896 1810 4920 ,
1855 4865 1918 4912 et

348 4918 821 5000 bonasequimur;
845 4925 1005 4987 Deus,
1033 4918 1312 5000 perquem
1327 4941 1431 5000 non
1455 4918 1698 5000 lazdimur
1717 4918 1908 5000 adver-

347 4990 630 5062 sitatibus;
663 4991 804 5062 Deus
830 5008 928 5062 per
951 4990 1112 5061 quém
1139 4990 1272 5048 bene
1288 4995 1551 5054 servimus
1576 5004 1631 5050 et
1653 4997 1790 5051 bene
1813 4998 1908 5052 do-

349 5058 654 5135 minamus;
681 5058 848 5126 Deus,
873 5058 1153 5130 per—quem
1176 5064 1426 5126 dicimus,
1457 5065 1628 5119 aliena
1649 5080 1769 5122 esse
1786 5081 1906 5135 quae

348 5127 635 5202 aliquando
657 5139 839 5184 nostra
861 5127 917 5184 et
939 5127 1133 5202 nostra
1147 5147 1266 5202 esse
1287 5148 1406 5200 quae
1425 5135 1710 5202 aliquando
1727 5127 1903 5190 aliena

387 5199 690 5269 utabamus,
721 5202 936 5264 exaudi,
966 5201 1180 5263 exaudi,
1207 5199 1400 5255 exaudi
1430 5199 1537 5267 me,
1569 5203 1709 5257 Deus
1729 5220 1900 5269 meus,

433 5268 574 5322 mine
601 5285 751 5323 meus
774 5310 789 5333 ,
819 5271 930 5329 Rex
955 5286 1128 5334 meus,
1153 5271 1312 5324 Pater
1337 5286 1488 5326 meus
1510 5311 1526 5336 ,
1551 5287 1713 5326 causa
1741 5289 1856 5328 mea
1881 5268 1897 5337 ,

348 5349 436 5409 res
464 5352 606 5402 mea,
647 5340 818 5394 honor
847 5355 1018 5404 meus,
1045 5341 1234 5395 domus
1265 5355 1404 5403 mea,
1434 5343 1610 5409 patria
1647 5356 1786 5405 mea,
1820 5359 1906 5396 sa-

349 5405 432 5459 lus
456 5421 594 5473 mea,
618 5410 704 5462 lux
731 5424 874 5473 mea,
898 5410 1007 5463 vita
1037 5426 1180 5474 mea,
1201 5412 1414 5474 exaudi,
1434 5405 1680 5475 exaudi,
1708 5413 1904 5467 exaudi

349 5490 454 5548 me,
487 5476 730 5540 Domine.
757 5494 908 5533 more
938 5489 1032 5535 tuo
1054 5480 1146 5534 illo
1168 5481 1353 5548 paucis
1375 5481 1672 5536 notissimo.
1702 5481 1822 5536 Jam
1853 5490 1909 5536 te

349 5543 523 5626 scium
557 5563 698 5626 amo,
727 5557 780 5603 te
806 5549 976 5604 solum
1013 5543 1312 5626 sequente
1341 5551 1511 5626 solum
1557 5567 1759 5626 quaero,
1809 5551 1908 5626 tibi

349 5615 465 5696 soli7
495 5619 700 5696 servire
728 5629 946 5696 paratus
972 5615 1133 5696 sumj,
1163 5621 1286 5696 quia
1316 5631 1371 5674 tu
1396 5621 1540 5676 solus
1557 5615 1701 5691 jiiSte
1729 5623 1904 5696 domi-

349 5687 518 5741 naris.
550 5687 648 5742 Tui
671 5687 808 5758 juris
829 5705 949 5748 esse
981 5690 1158 5761 cupio,
1182 5687 1332 5759 iube,
1363 5687 1572 5760 quazso,
1604 5699 1762 5762 atque
1804 5693 1906 5748 ini-

1309 305 1686 363 ‘APPENDIX
1725 304 1812 376 iV.
1854 336 1921 348 —
1959 307 2292 366 LIBELLUS
2329 309 2628 366 PRECUM.

1956 424 2000 476 Α
2032 436 2160 488 pera
2208 422 2465 490 quidquid
2494 422 2575 476 vis
2607 438 2619 473 :
2651 418 2745 474 sed
2783 433 2910 490 sana
2953 427 3006 476 et
3052 417 3210 490 aperi
3252 431 3411 470 aures
3439 432 3588 490 meas

1945 3101 1994 3164 α

3453 303 3591 360 1598

2029 487 2240 556 quibus
2270 487 2454 545 vocem
2497 499 2644 544 tuam
2681 489 2895 542 audiam
2927 505 2939 542 :
2973 487 3067 542 sed
3095 496 3149 541 et
3177 501 3306 556 sana
3335 494 3390 538 et
3439 488 3588 556 aperi

2028 553 2214 628 oculos
2235 575 2402 622 meos,
2428 559 2622 628 quibus
2646 567 2807 612 nutus
2840 565 2959 628 tuos
2986 556 3214 610 videam.
3243 553 3432 628 P_ateat
3454 555 3588 628 mihi

2028 627 2258 694 pulsanti
2273 624 2572 695 janua'tua.
2597 628 2876 694 Quomodo
2897 627 2964 695 ad
2989 633 3041 679 te
3067 624 3431 695 perveniatur,
3456 624 3589 695 doce

2029 692 2147 766 ine;
2172 692 2306 752 nihil
2346 699 2491 751 aliud
2511 692 2676 752 habes
2703 711 2864 766 quam
2887 692 3214 766 voluntatem
3233 732 3249 756 ,
3280 692 3414 748 nihil
3444 692 3588 749 aliud

2029 765 2141 820 scio
2180 767 2282 820 nisi
2309 766 2448 821 ﬂuxa
2471 775 2526 822 et
2554 764 2754 821 caduca
2803 764 3104 833 spernenda
3137 777 3290 827 esse,
3345 771 3496 833 certa
3531 769 3592 817 et

2025 842 2228 905 aeterna
2291 835 2790 905 requirenda.7lioc
2835 832 2986 890 facio
3009 873 3025 898 ,
3081 832 3240 905 Pater
3264 870 3284 905 ,_
3324 832 3452 900 quia
3489 832 3590 905 Ima

2027 903 2202 957 solum
2230 901 2392 968 novi,
2437 906 2532 959 sed
2556 903 2696 959 unde
2721 907 2787 958 ad
2810 912 2864 958 te
2887 902 3233 973 perveniatur
3271 902 3480 973 ignoro.
3506 901 3586 973 T_u

2028 973 2160 1042 mihi
2188 988 2415 1042 suggere
2436 1013 2452 1036 ,
2487 985 2542 1026 tu
2579 974 2801 1028 ostende
2825 1013 2839 1036 ,
2885 969 2941 1042 tu
2986 973 3242 1042 viaticum
3267 969 3473 1042 prmbe.
3529 969 3588 1042 Si

2028 1040 2134 1112 fide
2173 1050 2224 1096 te
2253 1039 2532 1098 inveniunt
2565 1043 2657 1111 qui
2685 1044 2751 1097 ad
2781 1051 2831 1096 te
2860 1041 3168 1112 refugiunt,
3211 1040 3368 1112 fidem
3411 1039 3476 1094 da
3504 1057 3516 1092 :
3542 1039 3588 1092 si

2028 1111 2228 1164 virtute
2254 1112 2510 1166 virtutem
2551 1108 2642 1166 :‘si
2672 1112 2920 1175 scientia,
2942 1108 3588 1178 scientiam.Augeispem

2028 1179 2083 1251 in
2109 1195 2216 1246 me,
2241 1195 2374 1251 auge
2409 1180 2588 1245 fidem,
2625 1196 2759 1251 auge
2793 1180 3134 1251 charitatem:
3181 1179 3381 1251 sancte
3404 1177 3588 1251 Petre,

2029 1249 2302 1303 intercede
2315 1247 2419 1318 pro
2441 1250 2678 1318 peccatis
2697 1247 2852 1312 fucis,
2883 1259 3067 1318 sancte
3107 1248 3290 1318 Paule,
3313 1247 3587 1318 interecde

2027 1333 2126 1388 pro
2177 1315 2574 1374 infirmitatibus
2609 1320 2997 1388 meis,7san7cte
3040 1317 3272 1379 Andrea,
3313 1315 3588 1388 intercede

2027 1384 2127 1457 pro
2144 1388 2370 1456 piaculis
2390 1389 2543 1457 meis,
2569 1398 2751 1443 sancte
2771 1387 2987 1452 Jacobe,
3019 1387 3287 1457 intercede
3307 1384 3588 1457 pro7malis

2029 1453 2184 1521 meis,
2213 1466 2397 1512 sancte
2415 1455 2670 1523 Joannes,
2695 1466 2904 1512 amator
2935 1456 3166 1520 Domini,
3193 1453 3467 1508 intercede
3483 1469 3585 1522 pro

2029 1527 2347 1581 miserrimis
2389 1526 2546 1581 factis
2580 1528 2737 1590 meis,
2780 1533 2965 1581 sancte
3007 1524 3268 1594 Philippe,
3313 1523 3588 1594 intercedi:

2027 1610 2126 1676 pro
2153 1597 2305 1676 vanis
2327 1597 2735 1676 cogitationibus
2762 1597 2927 1676 meis,
2969 1591 3166 1676 saucie‘
3189 1591 3586 1676 Dartholomee,

2028 1661 2301 1735 intercede
2327 1661 2426 1735 pro
2456 1664 2770 1724 criminibus
2802 1667 2951 1735 meis,
2978 1671 3160 1735 sancte
3189 1661 3459 1735 Matihaee,
3490 1673 3590 1735 pro

2031 1731 2406 1802 iniquitatibus
2431 1735 2583 1793 meis.
2619 1744 2800 1789 sancte
2825 1734 3049 1796 Thoma,
3078 1731 3350 1786 intercede
3374 1745 3483 1802 pro
3493 1731 3590 1802 de—

2029 1799 2177 1858 lictis
2217 1805 2368 1868 meis,
2394 1815 2580 1858 sancte
2607 1802 2823 1862 Jacobe,
2857 1802 3128 1855 intercede
3159 1816 3254 1869 pro
3295 1799 3592 1869 sceleribus

2028 1873 2186 1937 meis,
2206 1882 2390 1928 sancte
2413 1871 2645 1937 Thadee,
2667 1873 2936 1926 intercedi:
2957 1868 3594 1938 protransgressionibus

2028 1944 2186 2017 meis,
2213 1951 2398 2017 sancte
2427 1941 2642 2017 Simnn,_
2655 1941 2932 2017 intercede
2951 1937 3048 2008 pro
3072 1937 3321 2017 omnibus
3341 1937 3593 2017 vanitati-

2027 2011 2129 2067 bus
2174 2005 2347 2076 meis,
2394 2020 2578 2066 sancte
2623 2011 2866 2075 Matthia,
2919 2005 3190 2064 intercede
3218 2022 3316 2076 pro
3363 2005 3592 2061 occultis

2027 2082 2180 2136 meis.
2207 2081 2442 2155 Obsecro
2465 2096 2560 2136 vos
2579 2096 2766 2136 omnes
2785 2079 3054 2155 apostolos
3075 2075 3296 2139 Christi,
3319 2093 3414 2144 per
3440 2091 3590 2155 com-

2027 2152 2470 2206 memorationem
2503 2159 2758 2212 vestram,
2797 2158 2854 2204 ut
2883 2148 3015 2202 mihi
3037 2161 3192 2204 servo
3218 2156 3398 2199 vestro
3425 2148 3588 2198 mise—

2027 2221 2252 2274 reamini
2276 2261 2291 2283 ,
2315 2228 2371 2275 et
2398 2235 2484 2274 me
2506 2221 2558 2273 in
2599 2221 2744 2273 omni
2793 2219 3110 2273 necessitate
3137 2215 3402 2284 adiutorio
3437 2214 3590 2284 adju-

2026 2291 2183 2362 vetis.
2231 2289 2382 2362 Rogo
2433 2305 2624 2362 novem
2675 2287 2892 2362 ordines
2932 2283 3240 2356 angelorum
3267 2323 3282 2348 ,
3325 2283 3586 2362 angelos,

2025 2353 2408 2429 archangelos,
2427 2359 2654 2412 virtutes
2676 2353 3028 2429 principatus,
3057 2361 3352 2429 potestates
3371 2394 3386 2416 ,
3413 2353 3592 2429 domi-

2025 2423 2290 2491 nationes,
2313 2423 2556 2491 thronos,
2585 2423 2880 2489 cherubim]
2917 2435 2971 2480 et
2998 2423 3290 2493 seraphin],
3328 2431 3386 2476 ut
3421 2423 3594 2493 inter-

2025 2497 2230 2558 cedatis
2252 2513 2351 2567 pro
2373 2512 2478 2561 me,
2503 2505 2564 2550 ut
2586 2497 2656 2550 sit
2681 2497 2812 2550 mihi
2858 2491 3397 2567 propitius‘Christus
3420 2491 3592 2567 Filius

2027 2567 2120 2621 Dei
2148 2561 2280 2630 vivi',
2314 2575 2370 2620 et
2397 2567 2818 2620 misericordiam
2846 2561 3239 2635 ejus—consequi
3264 2576 3482 2635 merear
3503 2561 3594 2614 hic

2024 2644 2079 2690 et
2107 2636 2160 2690 in
2193 2635 2392 2690 futuro.
2426 2636 2661 2690 Obsecro
2689 2631 2904 2688 divitias
2949 2633 3207 2688 bonitatis
3237 2639 3362 2694 tuac,
3387 2639 3440 2684 et
3470 2631 3591 2682 lon—

2061 2706 2366 2781 animitatis
2381 2713 2506 2781 ture,
2537 2713 2591 2758 et
2616 2705 2885 2781 paiientize
2913 2712 3036 2767 tum,
3061 2699 3462 2781 Jesu77Christe,
3491 2699 3594 2780 Fili

2105 2775 2122 2828 i
2151 2775 2292 2838 vivi,
2335 2775 2581 2829 Salvator
2605 2771 2659 2828 et
2688 2773 3012 2840 Redemptor
3055 2771 3278 2834 mundi,
3311 2778 3368 2824 ut
3407 2771 3593 2839 propi-

2025 2844 2132 2898 tius
2155 2843 2254 2899 tias
2281 2845 2412 2898 mihi
2439 2845 2711 2913 peccatori
2729 2883 2744 2907 ,
2781 2843 2871 2912 qui
2903 2858 3008 2899 non
3033 2841 3114 2894 vis
3137 2849 3364 2913 mortem
3396 2853 3591 2913 pecca-

2025 2915 2190 2978 toris,
2239 2915 2333 2970 sed
2379 2909 2455 2968 ut’
2481 2909 2824 2970 convertatur
2850 2921 2904 2966 ct
2931 2913 3095 2964 vivat.
3143 2909 3258 2964 Non
3283 2909 3594 2978 exstingues

2025 2982 2192 3037 linum
2238 2984 2590 3048 fumigantem
2629 2991 2685 3036 et
2741 2982 3057 3036 arundinem
3115 2987 3432 3048 quassatam
3485 2991 3592 3048 non

2024 3052 2350 3124 confringes.
2377 3046 2496 3108 Fac
2520 3067 2607 3106 me
2629 3053 2767 3106 sicut
2793 3066 2956 3124 unum
2995 3051 3062 3104 de
3085 3046 3432 3124 mercenariis
3465 3046 3590 3120 tuis,

2025 3129 2084 3176 ut
2107 3118 2310 3178 efﬁciar
2333 3139 2363 3176 a
2393 3131 2446 3178 te
2469 3123 2535 3176 de
2565 3137 2720 3177 servo
2749 3121 2974 3184 amicus,
3007 3129 3061 3172 et
3085 3119 3176 3172 ﬁat
3195 3118 3442 3174 voluntas
3475 3118 3587 3180 tua,

2024 3193 2164 3246 sicut
2185 3193 2241 3247 in
2266 3192 2404 3248 cmlo
2431 3201 2484 3246 et
2509 3192 2564 3246 in
2594 3200 2760 3247 terra.
2787 3192 2863 3245 Da
2887 3190 3037 3252 mihi,
3061 3189 3305 3251 Domine,
3333 3201 3591 3255 compun-

2023 3262 2258 3318 ctionem
2285 3262 2462 3317 cordis
2509 3268 2564 3316 et
2604 3261 3008 3330 lacrymas,.ut
3044 3258 3266 3321 defleam
3289 3257 3495 3330 diebus
3529 3271 3596 3311 ac
3694 3261 3701 3267 '

2023 3334 2271 3388 noctibus
2294 3347 2482 3386 omnes
2501 3331 2614 3384 dies
2634 3327 2970 3398 negligentiae
2991 3344 3122 3382 mea:
3141 3343 3260 3383 cum
3289 3327 3600 3398 humilitate.

2022 3409 2079 3457 et
2106 3403 2340 3471 puritate
2365 3401 2544 3456 cordis
2563 3409 2618 3471 et
2643 3397 2935 3471 ch7arita7te.7
2954 3397 3253 3471 Appropiet
3267 3397 3442 3471 ora_tio
3470 3410 3588 3471 mea

2023 3471 2079 3523 in
2102 3465 2389 3539 conspectu
2417 3481 2532 3532 tuo,
2563 3469 2807 3539 Domine.
2839 3469 2895 3522 Si
2925 3465 3095 3522 iratus
3121 3465 3306 3529 fueris,
3345 3465 3591 3539 Domine,

2023 3535 2308 3593 adversum
2328 3555 2433 3601 me,
2465 3553 2622 3606 quem
2648 3538 2945 3605 adiutorem
2979 3551 3182 3606 quaero,
3213 3535 3593 3606 aut'quis_mi-

2021 3609 2290 3662 serebitur
2319 3602 2725 3661 infirmitatibus
2745 3607 2913 3660 meis?
2959 3602 3224 3663 Memento
3270 3604 3413 3672 quod
3450 3602 3592 3657 Cha-

2021 3692 2266 3746 nanaeam
2298 3684 2355 3732 et
2391 3677 2736 3746 publicanum
2772 3675 2984 3746 vocasti
3003 3675 3069 3746 ad
3095 3673 3464 3746 ptenitentiam
3491 3713 3506 3735 ,
3535 3680 3588 3726 et

2022 3745 2238 3800 Petrum
2258 3741 2638 3817 lacry'mantem
2656 3745 2958 3817 suscepisti,
2973 3741 3389 3817 clementissime
3410 3741 3586 3803 Pater,

2021 3817 2100 3870 sic
2130 3825 2185 3870 et
2210 3813 2383 3883 meas'
2405 3817 2678 3871 orationes
2724 3813 2966 3883 suscipe,
3003 3813 3307 3870 misericors
3341 3813 3501 3874 Deus,
3535 3819 3593 3866 et

2021 3885 2168 3940 salva
2189 3902 2275 3940 me
2300 3879 2564 3947 Sblvator,
2583 3887 2796 3949 mundi,
2825 3879 2916 3954 qui
2948 3885 3082 3941 vivis
3103 3891 3159 3937 α
3190 3897 3382 3952 regnas
3410 3883 3464 3938 in
3492 3899 3592 3938 sa:—

2021 3955 2139 4010 cula
2169 3957 2505 4012 saeculorum.
2538 3956 2729 4023 Amen.

2593 4063 2732 4119 Item
2755 4063 3006 4134 ejusdem.

2090 4155 2248 4212 Salva
2281 4171 2388 4219 me,
2417 4153 2671 4218 Domine,
2703 4169 2794 4216 rex
2833 4160 3049 4225 aeterna:
3073 4154 3289 4225 gloriae,
3321 4157 3411 4225 qui
3442 4156 3589 4225 solus

2017 4239 2171 4299 potes
2192 4226 2428 4299 salvare.
2451 4225 2523 4278 Da
2545 4225 2755 4299 mihiet
2776 4224 2913 4280 velle
2937 4234 2992 4299 et
3015 4224 3306 4299 operariet
3331 4224 3590 4299 perficere

2017 4294 2138 4366 quae
2165 4297 2260 4352 tibi
2285 4295 2509 4366 placent
2532 4302 2586 4348 et
2625 4294 2758 4366 mihi
2791 4296 3099 4366 expediunt.
3130 4295 3204 4348 Da
3232 4294 3285 4348 in
3307 4296 3592 4366 perturba-

2019 4364 2164 4422 tione
2188 4375 2244 4421 et
2278 4364 2620 4421 tribulatione
2641 4364 2896 4420 auxilium
2918 4405 2932 4429 ,
2968 4365 3020 4418 in
3050 4365 3422 4434 persecutione
3449 4364 3590 4419 sola-

677 4447 882 4507 rogem,
913 4435 1104 4507 deinde
1129 4444 1190 4488 ut
1227 4434 1314 4489 me
1339 4451 1468 4504 agas
1493 4434 1718 4507 dignum.
1753 4453 1912 4506 quem
1941 4447 1990 4507 υ
2017 4439 2170 4500 tium,
2205 4446 2259 4490 et
2287 4436 2339 4490 in
2367 4436 2512 4490 omni
2537 4444 2778 4504 tempore
2797 4434 3127 4507 tentationis
3160 4435 3434 4507 virtutem.
3468 4435 3586 4507 Tri-

2019 4509 2120 4564 bue
2141 4507 2274 4562 mihi
2294 4507 2360 4561 de
2381 4507 2675 4575 praeteritis
2703 4506 2856 4561 malis
2883 4505 3113 4575 veniam,
3142 4504 3209 4559 de
3229 4505 3585 4573 praesentibus

2019 4578 2162 4634 vitiis
2189 4574 2652 4638 emendationem,
2695 4577 2761 4630 de
2803 4574 3102 4642 futurisque
3127 4575 3362 4645 peccatis
3403 4575 3585 4645 largiri

2017 4647 2255 4716 digneris
2281 4648 2599 4702 custodiam.
2623 4647 2763 4700 Deus
2782 4645 2873 4713 qui
2900 4646 3156 4716 przescius
3179 4660 3238 4698 es
3257 4643 3586 4716 futurorum,

2015 4713 2107 4788 qui
2122 4725 2402 4788 transacta
2432 4717 2575 4788 velut
2602 4716 2880 4788 praesentia
2911 4715 3196 4783 conSpicis,
3225 4723 3302 4778 tu,
3337 4713 3582 4788 Domine.

2013 4782 2200 4843 oculos
2228 4787 2405 4842 cordis
2433 4787 2538 4840 mei
2567 4782 2779 4854 aperire
2811 4782 3061 4853 dignare,
3103 4793 3157 4838 et
3193 4782 3582 4852 acceptabilem

2012 4858 2112 4912 tibi
2152 4858 2238 4911 fac
2269 4857 2502 4910 animam
2529 4869 2726 4916 meam,
2759 4863 2816 4906 ut
2839 4868 3050 4922 semper
3077 4863 3200 4908 tuus
3218 4868 3369 4922 amor
3394 4860 3580 4922 pectus

2009 4942 2191 4982 meum
2222 4925 2548 4986 inﬂammet,
2596 4931 2650 4976 et
2691 4938 2788 4991 per
2826 4921 2968 4976 diem
2993 4931 3170 4977 tecum
3214 4923 3282 4976 sit
3324 4921 3584 4976 fabulatio

2007 5013 2152 5061 mea,
2185 5005 2240 5051 et
2273 5011 2368 5063 per
2401 5003 2615 5048 noctem
2649 4992 3005 5047 visitationem
3039 5003 3181 5047 tuam
3208 5005 3526 5063 cognoscam
3563 5009 3577 5044 :

2007 5059 2147 5138 quia
2179 5059 2354 5138 dulcia
2387 5073 2523 5138 sunt
2547 5064 2758 5138 eloquia
2787 5071 2877 5116 tua
2900 5103 2913 5122 .
2934 5063 3204 5138 7Domine,
3249 5059 3302 5114 in
3335 5059 3582 5117 faucibus

2007 5132 2165 5199 meis,
2209 5135 2419 5202 suscipe
2446 5134 2690 5203 spiritum
2723 5148 2902 5187 meum
2934 5132 2987 5185 in
3017 5141 3108 5184 tua
3137 5139 3576 5203 perpetuapace.

2010 5207 2086 5260 Te
2113 5207 2327 5268 invoco,
2356 5199 2608 5266 Domine,
2639 5203 2728 5256 cui
2766 5203 3027 5257 assistunt
3054 5199 3250 5254 omnes
3271 5199 3421 5254 chori
3463 5215 3583 5255 san-

2007 5283 2216 5330 ctorum
2235 5314 2250 5340 ,
2285 5282 2340 5328 et
2366 5273 2663 5344 glorificent
2689 5289 2813 5344 cum
2853 5271 3044 5326 timore
3070 5277 3126 5323 et
3164 5278 3396 5344 tremore
3426 5288 3439 5323 :
3472 5271 3584 5344 noli

2011 5338 2392 5413 derelinquere
2415 5343 2648 5397 animam
2686 5338 2858 5396 ineam
2879 5381 2903 5413 ,7
2941 5350 2997 5392 ut
3034 5339 3504 5413 non_dominetu7r7
3527 5340 3584 5396 ei

2009 5428 2170 5483 quem
2199 5409 2573 5474 Iu‘confudisti
2601 5413 2652 5466 in
2679 5412 2946 5483 desiderio
2976 5420 3085 5464 tuo.
3129 5409 3204 5463 Te
3236 5409 3426 5483 invoco
3453 5409 3577 5464 illu-

2010 5478 2329 5539 minatorem
2356 5483 2632 5540 hominum
2655 5491 2710 5536 et
2732 5482 3052 5536 salvatorem
3080 5487 3135 5534 et
3162 5478 3576 5547 redemptorem.

2007 5553 2192 5608 Clamo
2231 5555 2295 5608 ad
2325 5563 2396 5618 te,
2426 5553 2619 5607 exaudi
2649 5567 2734 5604 me
2753 5590 2769 5616 ,
2807 5549 3064 5613 Domine,
3095 5557 3150 5604 et
3178 5549 3326 5603 solve
3365 5549 3580 5604 vincula

2007 5631 2348 5692 peccatorum
2378 5637 2614 5680 meorum
2635 5662 2648 5686 ,
2682 5621 2734 5673 in
2769 5621 2964 5688 quibus
2998 5620 3322 5676 constrictus
3361 5628 3576 5686 teneor,

2007 5694 2097 5764 qui
2127 5710 2247 5751 eum
2273 5693 2461 5758 Patre,
2482 5702 2586 5747 etc.
2660 5745 2666 5750 ,
