4058 6344
516 267 654 327 1399

1037 404 1169 450 Item
1207 394 1341 448 unde
1373 410 1551 464 supra.

585 480 810 536 Domine
847 482 989 537 Deus
1017 499 1189 547 meus,
1219 484 1310 552 qui
1335 499 1440 536 non
1467 483 1632 537 habes
1662 483 1964 544 Dominum,
1988 485 2081 538 sed

507 552 690 621 omnia
717 562 818 607 tua:
837 562 962 607 sunt
991 554 1279 607 conditioni
1309 552 1550 621 subjecta
1577 571 1587 615 ;
1616 568 1681 606 ne
1711 553 1976 620 despicias
1994 568 2081 607 me

509 619 791 691 indignum
820 621 1078 675 famulum
1126 632 1308 686 tuum,
1359 619 1451 675 sed
1488 623 1540 676 in
1580 619 1821 676 numero
1844 622 2077 677 ﬁdelium

508 705 787 761 servorum
816 700 1026 761 tuorum
1046 708 1130 745 me
1152 702 1428 761 reputans,
1452 702 1578 746 ante
1598 701 1942 761 conspectum
1966 693 2081 759 glo-

507 760 603 813 riae
632 769 735 814 tua:
765 759 851 814 fac
884 759 1138 830 gaudere.
1172 759 1251 815 Tu
1281 762 1423 816 enim
1451 761 1633 815 dixisti
1663 780 1675 815 :
1708 759 1834 815 Non
1860 764 1970 815 veni
1995 778 2080 814 vo—

508 846 629 882 care
642 830 848 900 justas,
877 831 966 884 sed
990 840 1303 900 peccatores.
1332 831 1399 886 Et
1428 831 1617 884 iterum
1645 846 1659 884 :
1694 830 1745 882 Ν
1752 831 1833 884 olo
1860 841 2075 885 mortem

504 899 813 969 peccatoris,
853 901 943 953 sed
970 899 1026 953 ut
1071 910 1403 955 convertatur
1423 910 1471 953 et
1509 902 1662 955 vivat.
1690 900 1802 969 Ego
1849 909 1934 963 te,
1971 901 2076 955 Do-

504 966 650 1021 mine
697 968 1023 1039 inspirante,
1058 970 1179 1023 volo
1224 972 1492 1030 converti,
1545 970 1705 1039 imple
1742 966 2073 1023 desiderium

502 1051 681 1090 meum
724 1037 787 1109 in;
813 1039 1031 1103 bonum,
1068 1049 1124 1093 et
1149 1040 1218 1094 da
1263 1037 1656 1109 pmteritorum
1688 1040 1903 1092 veniam
1941 1040 2075 1093 delio

500 1114 731 1177 ctorum,
764 1106 1067 1163 futurorum
1102 1106 1402 1163 custodiam
1424 1110 1699 1172 vitiorum,
1729 1110 2073 1177 pricsentium

496 1176 931 1232 emendationem
962 1179 1281 1242 criminum,
1308 1188 1367 1233 ut
1394 1180 1589 1234 vivam.
1618 1176 1880 1233 Gradicus
1910 1179 1977 1232 ad
2020 1188 2073 1233 te

497 1244 651 1315 pium
671 1254 724 1299 et
759 1248 1034 1303 immensas
1070 1248 1286 1317 pietatis
1319 1248 1653 1303 dulcedinem
1678 1248 2071 1317 Dominamque

497 1317 805 1388 perveniam
827 1358 842 1381 ,
868 1319 978 1388 iqui
1006 1326 1232 1388 propter.
1263 1332 1431 1385 genus
1475 1319 1748 1372 hominum
1792 1318 1859 1370 ad
1898 1326 2070 1372 terras

498 1385 825 1458 descendere
849 1385 1215 1458 dignatus—cs,
1242 1397 1297 1441 et
1329 1397 1478 1442 tuum
1514 1388 1808 1458 pretiosum
1849 1389 2067 1458 sanguis

497 1469 622 1528 nem
649 1453 943 1521 fundendo,
984 1466 1171 1528 gentes
1198 1459 1266 1511 ad
1300 1453 1551 1527 haptisnii
1578 1458 1803 1528 gratiam
1838 1453 2065 1523 vocdsti,

497 1525 641 1607 etde
673 1540 860 1607 errore
880 1525 1064 1607 geniili
1093 1527 1350 1581 liberasti.
1370 1525 1491 1597 Ego
1510 1527 1690 1607 infelix
1721 1528 1875 1607 quod
1973 1528 2068 1580 ba.

494 1594 693 1663 ptismo
714 1594 987 1676 pollicitus
1012 1612 1129 1651 sum
1154 1594 1447 1676 nunquam:
1462 1598 1693 1676 servavi.
1728 1596 1960 1676 Paenitet
1983 1613 2069 1676 me

493 1678 623 1736 ergo
647 1667 823 1734 egisse
843 1667 986 1734 quod
1024 1668 1271 1735 nequiter
1304 1668 1466 1736 gessi.
1495 1667 1721 1735 Suscipe
1753 1667 2067 1733 ptenitentis

1540 276 1630 330 AD
1668 276 1895 357 OPERA
1932 278 1992 330 Β.
2032 274 2308 331 ALCUINI
2347 275 2791 333 APPENDICES.

2111 398 2161 457 Α

495 1732 780 1809 iacrynias,
801 1732 1077 1809 miserere,
1098 1732 1404 1809 misericors
1482 1732 1695 1809 indulge
1714 1732 1859 1809 quod
1876 1735 1997 1809 feci.
2012 1745 2065 1790 et
2097 1744 2141 1809 Β

495 1803 602 1875 hoc
617 1803 816 1875 praesta
845 1822 910 1859 ne
933 1806 1128 1861 faciam
1144 1806 1389 1875 amplius.
1417 1808 1494 1861 Tu
1517 1803 1787 1874 corispice,
1817 1807 2062 1871 Domine,

489 1873 727 1946 pericula
759 1889 874 1928 mea
904 1876 954 1929 in
984 1892 1103 1946 qua:
1128 1873 1387 1938 subéisto,
1436 1886 1491 1931 et
1526 1873 1723 1945 quibus
1760 1877 1918 1929 malis
1954 1877 2063 1929 cir-

491 1943 774 2016 cumdatus
809 1961 926 1999 sum
947 1987 961 2009 ,
994 1943 1315 2016 quantisque
1339 1962 1438 2016 per
1472 1943 1651 2000 meum
1686 1948 1938 1999 meritum
1965 1947 2063 1999 ad-

487 2012 831 2085 versitatlbus
859 2012 1092 2081 quatiar.
1124 2012 1315 2071 Libera
1340 2012 1438 2070 _me
1460 2057 1475 2080 ,
1507 2017 1677 2077 salva,
1718 2025 1960 2085 protege,
2010 2024 2065 2069 et

486 2081 711 2136 defende
736 2099 843 2147 me,
877 2094 933 2138 ut
962 2102 1069 2141 non
1101 2087 1309 2141 rideant
1332 2085 1397 2140 de
1424 2103 1508 2140 me
1538 2081 1740 2139 inimici
1772 2081 1900 2150 mei;
1932 2086 2060 2150 quia

490 2160 546 2225 tu
579 2168 638 2207 es
657 2153 808 2225 Deus
835 2170 1005 2210 meus.
1038 2156 1162 2210 Sola
1186 2172 1307 2225 spes
1331 2172 1445 2209 mea
1475 2158 1526 2209 in
1554 2166 1604 2209 te
1628 2156 1799 2210 solum
1828 2153 2062 2219 conﬁdo,

486 2221 553 2275 de
580 2223 777 2279 nullius
799 2225 1032 2281 hominis
1060 2221 1253 2281 solatio
1275 2241 1451 2295 spero.
1482 2226 1735 2280 Guberna
1759 2241 1843 2279 me
1866 2232 1924 2277 ut
1943 2225 2064 2292 pius

484 2299 639 2359 pater
659 2333 674 2358 ,
704 2302 762 2365 ut
790 2303 911 2363 post
941 2304 1117 2350 tantas
1144 2298 1382 2365 talesque
1408 2296 1669 2363 procellas
1700 2295 1877 2349 saeculi
1904 2296 2061 2348 undi-

486 2376 592 2427 que
630 2364 910 2417 saevientes
940 2366 1007 2419 ad
1035 2375 1249 2433 portum
1288 2364 1475 2419 salutis
1516 2374 1763 2427 atteram,
1808 2372 1863 2418 te
1903 2366 2061 2427 duce,

485 2444 701 2503 merear
722 2435 1023 2503 pervenire,
1050 2444 1104 2488 et
1124 2452 1244 2487 cum
1275 2435 1393 2486 aliis
1415 2450 1550 2503 quos
1571 2435 1814 2501 eripuisti
1843 2435 2063 2488 laudare

481 2506 585 2625 ἔξω
582 2499 863 2557 Dominum
900 2518 1074 2558 meum
1106 2520 1204 2577 per
1240 2499 1447 2575 inﬁnita
1488 2499 1683 2561 saecula
1719 2504 2061 2577 seculorum.

586 2585 676 2625 en.

586 2585 676 2628 en.

1011 2667 1195 2722 Oratio
1218 2668 1286 2721 ad
1312 2666 1546 2725 Patrem.

553 2773 776 2850 Domine
809 2777 970 2842 Deus,
1001 2779 1161 2833 Pater
1187 2782 1551 2850 omnipotens,
1581 2780 1673 2849 qui
1703 2780 2062 2835 consubstan-

479 2846 657 2901 tialem
686 2856 739 2902 et
762 2857 1086 2904 coasternum
1119 2851 1212 2905 tibi
1240 2846 1364 2905 ante
1386 2852 1566 2906 omnia
1593 2846 1933 2905 ineil‘ahiliter
1962 2867 2063 2905 sa:-

477 2917 824 2989 gulaFilium
859 2921 1112 2989 genuisti,
1156 2922 1246 2989 qui
1278 2937 1400 2975 cum
1431 2936 1496 2975 eo
1521 2929 1684 2989 atque
1713 2937 1836 2975 cum
1871 2929 2061 2974 sancto

480 2984 685 3055 Spiritu
716 2998 808 3060 tuo
841 2984 907 3043 ἐκ
949 2999 1000 3044 te
1040 2984 1336 3060 eodemque
1377 2990 1515 3045 Filio
1540 2984 1864 3058 procedente
1906 3003 2058 3059 quaa-

480 3071 694 3128 cunque
717 3059 959 3113 existunt
989 3060 1220 3114 visibilia
1243 3059 1406 3128 atque
1435 3060 1721 3116 invisibilia
1760 3061 1976 3122 creasti,
2005 3068 2058 3115 te

478 3125 744 3200 adoro,_te
768 3128 945 3191 laudo,
979 3137 1138 3198 teque
1160 3125 1420 3197 gloritico.
1444 3130 1594 3193 Esto,
1634 3146 1846 3200 qumso,
1871 3132 2055 3200 propi-

475 3195 583 3249 tius
603 3197 733 3250 mihi
760 3195 1131 3268 peccatori,_et
1149 3195 1215 3252 ne
1240 3200 1506 3267 despicias
1529 3214 1614 3252 me
1634 3195 1769 3268 opus
1802 3195 2057 3253 manuum

480 3273 716 3328 tuarum,
744 3268 838 3320 sed
864 3267 1030 3332 salva,
1056 3277 1108 3322 et
1130 3269 1321 3341 adjuva
1351 3283 1436 3323 me
1469 3267 1687 3342 propter
1714 3284 1911 3325 nomen
1935 3284 2059 3323 san~

476 3344 626 3389 ctum
655 3344 825 3401 tuum.

888 3426 1071 3485 Oratio
1102 3430 1172 3483 ad
1198 3445 1473 3501 personam
1508 3428 1659 3494 Filii.

548 3517 795 3591 Domine,
825 3518 953 3575 Jesu
981 3521 1196 3576 Christe
1217 3563 1229 3585 ,
1256 3523 1355 3576 Fili
1390 3522 1481 3576 Dei
1510 3523 1614 3575 vivi
1639 3563 1661 3591 ,_
1688 3523 1778 3591 qui
1807 3538 1864 3576 es
1897 3538 2057 3577 verus

474 3598 534 3643 et
560 3589 898 3662 omnipotens
924 3592 1064 3645 Deus
1085 3592 1337 3662 splendor
1360 3600 1416 3646 et
1446 3592 1624 3661 imago
1644 3589 1841 3656 Patris,
1860 3600 1923 3662 et
1943 3594 2057 3646 vita

470 3668 673 3731 aeterna
700 3661 842 3731 ,chi
881 3677 986 3715 una
1016 3660 1257 3717 est‘cum
1296 3663 1460 3717 Patre
1505 3660 1802 3731 sanctoque
1850 3660 2055 3730 Spiritu

471 3730 796 3802 substantia,
846 3746 1032 3802 aequus
1068 3734 1260 3795 honor,
1308 3732 1502 3788 eadem
1531 3730 1743 3802 gloria,
1777 3742 2052 3796 coreterna,

473 3798 755 3872 maiestas,
789 3809 842 3854 te
866 3798 1056 3866 adoro,
1089 3811 1138 3856 te
1166 3803 1343 3867 laudo,
1376 3798 1821 3872 teque'gloriﬁro,
1854 3818 1919 3858 ne
1946 3818 2055 3867 me,

472 3871 735 3937 obsecro,
782 3872 963 3938 perire
988 3872 1242 3940 patiaris.
1288 3873 1380 3927 sed
1416 3871 1597 3937 salva,
1641 3882 1697 3927 et
1729 3872 1928 3939 adiuva
1970 3887 2061 3926 me

473 3940 712 4013 gratuito
748 3956 973 4013 munere
1017 3952 1144 4006 tuo,
1184 3958 1343 4011 quem
1387 3943 1638 4013 dignatus
1686 3958 1747 4001 es
1788 3943 2059 3998 redimere

473 4010 708 4080 pretioso
733 4011 990 4080 sanguine
1019 4020 1129 4065 tuo.

835 4119 1021 4180 Oratio
1055 4122 1125 4176 ad
1146 4140 1423 4193 personam
1450 4122 1698 4193 Spiritus.

546 4231 771 4306 Domine
785 4243 970 4299 sancte
992 4234 1245 4305 Spiritus,
1272 4236 1412 4290 Deus
1430 4236 1793 4305 omnipotens,
1811 4237 1901 4306 qui
1918 4251 2055 4291 coae-

473 4302 666 4370 qualis,
691 4310 747 4356 et
763 4302 1090 4361 coteternus.
1121 4315 1175 4360 et
1200 4302 1676 4361 consubstantialis
1710 4302 1855 4360 Patri
1886 4307 2052 4361 Filio-

472 4380 577 4439 que
616 4373 886 4446 existens,
929 4376 996 4446 ab
1027 4376 1106 4430 eis
1149 4377 1584 4446 inenarrabiliter
1624 4376 1910 4446 procedis;
1953 4377 2044 4446 qui

475 4455 637 4509 super
656 4443 904 4497 eumdem
939 4445 1222 4498 Dominum
1244 4445 1429 4501 Jesum
1448 4443 1725 4500 Christ—um
1758 4448 1808 4500 in
1841 4443 2048 4501 colum-

472 4511 556 4587 ba:
582 4512 858 4587 specie,_et
872 4528 1035 4587 super
1055 4522 1270 4587 sanctos
1285 4516 1557 4587 apostolos
1578 4516 1632 4569 in
1657 4516 1853 4587 linguis
1876 4517 2048 4587 igneis

474 4580 838 4666 descendisti:
872 4591 924 4637 te
944 4580 1230 4666 ’adoro,‘te
1259 4580 1437 4666 laudo,
1460 4593 1622 4666 teque
1643 4580 1924 4666 gloi'iﬁco;
1946 4587 2048 4666 Des

472 4649 695 4723 pelleua
732 4664 853 4714 me,
901 4667 1104 4721 quaeso,
1154 4654 1404 4708 tenebras
1454 4649 1620 4708 totius
1648 4649 1954 4723 iniquitatis
1998 4663 2052 4709 et

472 4719 743 4790 perﬁdiae,
774 4729 827 4776 et
849 4719 1082 4777 accende
1107 4724 1162 4777 in
1189 4739 1273 4777 me
1311 4724 1489 4779 lumen
1514 4732 1617 4778 tute
1644 4719 2054 4789 misericordia),

471 4800 527 4845 et
546 4791 725 4860 ignem
752 4793 1078 4847 sanctissimi
1100 4810 1165 4849 ac
1187 4795 1491 4849 suavissimi
1516 4796 1716 4851 amoris
1746 4796 1842 4849 tui.

512 4901 698 4960 Oratio
724 4904 794 4958 ad
825 4905 1212 4960 sanctissimam
1246 4915 1294 4959 et
1330 4907 1657 4965 individuam
1688 4906 2019 4961 Trinitatem.

545 4996 771 5050 Domine
821 4997 961 5051 Deus
1018 4998 1389 5065 omnipotens,
1456 5007 1688 5063 :eterne,
1747 4998 2051 5065 incﬂahilis,

471 5066 706 5122 sinellne
734 5074 892 5135 atque
920 5067 1097 5131 initio,
1124 5083 1286 5135 quem
1307 5084 1467 5121 unum
1490 5069 1541 5122 in
1570 5069 1851 5133 Trinitate,
1877 5079 1927 5123 et
1952 5071 2050 5123 tri-

473 5153 601 5193 num
627 5137 677 5191 in
713 5136 930 5193 Uuitate
962 5141 1315 5201 conlitemur,
1346 5147 1403 5193 te
1430 5139 1603 5192 solum
1624 5138 1814 5203 adoro,
1844 5147 1897 5193 te
1931 5140 2046 5192 tau-

472 5210 560 5279 do,
591 5216 645 5262 te
663 5207 923 5276 gloriﬁco,
946 5208 1151 5279 tibique
1181 5209 1487 5263 misericors
1508 5218 1563 5279 et
1585 5208 1823 5263 clemens
1846 5210 2053 5278 gratias

474 5277 680 5340 refero,
726 5279 815 5346 qui
863 5294 950 5334 me
978 5277 1199 5335 exutum
1245 5288 1401 5333 nocte
1445 5278 1682 5347 perﬁdiae
1719 5289 1774 5332 et
1817 5277 2042 5343 erroris,

469 5348 785 5430 participett
815 5347 929 5428 ﬁeri
961 5350 1195 5406 tribuisti
1224 5349 1412 5430 gratia-
1433 5357 1556 5412 tute;
1588 5349 1807 5430 perﬁce,
1831 5364 2044 5430 quaeso.

468 5417 525 5473 in
558 5432 642 5472 me
663 5458 677 5480 ,
711 5417 963 5489 Domine,
1003 5417 1249 5489 cmptum‘
1280 5421 1333 5474 in
1368 5433 1452 5474 me
1489 5433 1633 5489 opus
1659 5419 2048 5475 misericordiae

474 5497 598 5571 tute,
639 5496 693 5571 et
717 5487 858 5571 dona
902 5487 1286 5571 niihi_settiper
1319 5489 1589 5571 cogitare,
1622 5488 1771 5571 loqui
1791 5497 1846 5542 et
1890 5505 2051 5571 agere

472 5569 592 5627 qua:
617 5557 814 5629 placita
846 5566 971 5629 sunt
999 5559 1092 5613 tibi
1115 5601 1127 5621 ,
1154 5557 1208 5612 et
1239 5557 1476 5629 gratuita
1514 5574 1599 5612 me
1629 5558 1827 5628 ubique
1853 5557 2052 5628 pietate

468 5627 831 5699 custodiens;
855 5627 942 5699 fac
985 5643 1072 5683 me
1102 5627 1376 5699 indignum
1404 5638 1458 5683 et
1496 5630 1755 5683 miserum
1795 5627 1860 5682 ad
1906 5639 2053 5683 tuam

468 5697 757 5765 pervenire
785 5698 1045 5757 visionem
1065 5716 1156 5770 qut
1178 5697 1235 5755 es
1262 5715 1418 5755 unus.

3630 284 3776 338 ιωο

2400 390 2580 448 Oratio
2606 392 2676 454 ad
2716 390 2996 455 Dominum
3032 392 3216 453 letum
3254 392 3543 450 Christum.

2254 480 2477 568 Domine
2511 481 2635 568 Jesn
2668 482 2913 547 Christe,
2947 497 3041 540 rex
3071 484 3381 568 ‘virgiuuin,
3421 487 3766 568 integritatis

2179 563 2429 627 amator,
2456 552 2651 627 munda
2690 567 2785 612 cor
2824 568 3003 627 meum
3036 554 3102 627 ab
3148 552 3396 609 omnibus
3435 552 3655 627 sagittis
3709 569 3768 612 et

2179 623 2388 687 insidiis
2417 622 2643 684 inimici,
2681 630 2736 683 et
2761 623 3044 689 exstingue
3068 624 3123 685 in
3149 640 3235 677 me
3259 640 3418 679 omne
3446 622 3767 682 incendium

2178 692 2437 763 libidinis.
2470 692 2544 763 Da
2572 706 2754 744 veram
2785 692 3162 763 humilitatem,
3197 702 3253 763 et
3286 696 3763 763 tranquillitatem,

2176 771 2231 814 et
2261 762 2571 830 patientiam
2596 761 2799 829 pectori
2828 776 2966 815 meo.
3000 760 3279 817 Succende
3306 760 3544 821 men—tem
3584 783 3764 821 meam

2177 838 2279 884 tua:
2317 831 2596 884 charitatis
2621 830 2875 893 stimulis,
2902 839 2959 883 ut
2987 830 3112 885 odio
3136 832 3339 887 habens
3370 850 3590 888 omnem
3617 837 3762 889 viam

2175 899 2508 969 iniquitatis,
2554 900 2755 969 possim
2803 901 3015 954 cunctis
3055 902 3245 957 diebus
3281 903 3405 956 vita:
3443 918 3581 958 mea:
3609 920 3761 959 com-

2173 969 2386 1039 placere
2414 970 2529 1033 tibi,
2570 970 2662 1037 qui
2687 985 2810 1023 cum
2832 969 3011 1024 Patre.

2552 1057 2737 1112 Oratio
2767 1060 2835 1111 ad
2863 1069 3099 1113 sanctam
3123 1059 3376 1115 Mariam.

2241 1141 2545 1209 Singularis
2567 1142 2765 1203 meriti,
2802 1142 2913 1196 sola
2944 1144 3061 1198 sine
3088 1145 3333 1212 exemplo
3367 1152 3543 1199 mater
3564 1154 3623 1200 et
3650 1149 3765 1201 vir—
3860 1176 3863 1177 ν

2170 1225 2238 1283 go
2264 1212 2463 1283 Maria,
2502 1227 2663 1283 quam
2696 1212 2955 1283 mminus
2982 1213 3055 1266 ita
3097 1222 3273 1267 mente
3308 1223 3363 1268 et
3392 1230 3628 1283 corpore
3668 1218 3759 1271 iu-

2168 1281 2422 1334 violatam
2450 1281 2757 1353 custodivii',
2792 1289 2850 1336 ut
2893 1283 3360 1353 dignaiexisteres
3392 1299 3459 1338 ex
3492 1281 3619 1353 'qua
3658 1286 3763 1341 sibi

2170 1359 2369 1424 nostrce
2391 1351 2772 1424 redemptionis
2793 1351 3024 1424 pretium
3056 1351 3151 1424 Dei
3181 1353 3351 1424 [filius
3380 1351 3587 1423 corpus
3607 1366 3764 1424 apta-

2170 1431 2252 1473 ret
2276 1435 2289 1473 :
2312 1421 2537 1493 obsecro
2569 1430 2638 1483 te,
2664 1421 3162 1493 misericordissima
3189 1422 3436 1493 Domina,
3462 1421 3563 1491 per
3592 1421 3760 1493 quam

2168 1496 2310 1562 totus
2342 1490 2580 1543 salvatus
2613 1498 2697 1562 est
2725 1491 3290 1562 mundns,_intercede
3329 1507 3433 1559 pro
3460 1490 3547 1545 me
3594 1490 3758 1562 spur.

2167 1559 2404 1632 cissimo,
2430 1568 2483 1632 et
2503 1560 2727 1632 cunctis
2744 1559 3119 1632 iniquitatibus
3144 1560 3530 1625 ftedatissimo,
3566 1559 3642 1616 ιη’
3663 1565 3757 1632 qui

2165 1643 2231 1681 ex
2264 1630 2397 1683 meis
2443 1629 2818 1698 iniquitatibus
2846 1629 2919 1682 nil
2964 1629 3107 1684 aliud
3149 1632 3344 1699 dignus
3379 1646 3505 1683 sum
3528 1672 3544 1693 ,
3589 1629 3758 1699 quam

2167 1699 2770 1771 atterniedaninationis
2814 1699 3379 1771 subiresupplicium,
3424 1702 3557 1765 tuis,
3588 1702 3761 1771 Virgo

2166 1768 2628 1841 splendidissima,
2664 1771 2901 1841 salvatus
2938 1768 3147 1822 meritis
3186 1785 3420 1839 perenne
3446 1768 3764 1841 consequar

2167 1852 2415 1908 regnum.
2445 1838 2551 1891 Per
2582 1838 2895 1891 Dominum.

2536 1924 2721 1979 Oratio
2748 1926 2818 1978 ad
2845 1935 3054 1980 sanctos
3089 1927 3380 1997 apostolos.

2236 2015 2581 2083 Sanctissimi
2599 2017 2826 2085 apostoli
2852 2016 3063 2071 Domini
3092 2019 3194 2072 mei
3215 2017 3339 2072 Jesu
3363 2018 3598 2083 Christi,
3626 2020 3759 2075 bea-

2166 2087 2371 2140 tissime
2414 2087 2615 2154 Petre,
2659 2086 2861 2151 Paule,
2912 2087 3162 2151 Andrea,
3206 2088 3407 2142 Jacobe
3433 2128 3451 2151 ,
3492 2087 3757 2154 Joannes,

2165 2126 2436 2225 ἷέιίᾎὶἱὶξὶεῖ
2458 2126 2700 2215 ini-“ohe”.
2744 2126 3013 2225 rtiiiippé'.
3036 2126 3451 2219 ’ἄαέιιῶιόιιιῖεἶ
3492 2126 3759 2223 ἱίῖιῖἔέἑῖ

2164 2223 2375 2288 Simon,
2393 2226 2647 2288 Thadiee,
2675 2223 2932 2289 Mathias,
2953 2226 3243 2288 Barnabas,
3264 2227 3431 2289 Luca,
3461 2238 3518 2281 et
3553 2229 3749 2285 Marce

2163 2310 2285 2349 cum
2329 2296 2579 2348 omnibus
2628 2294 2906 2361 discipulis
2958 2295 3169 2349 Domini
3208 2298 3312 2351 mei
3357 2296 3489 2351 Iesu
3545 2298 3755 2353 Christi

2162 2372 2314 2418 orate
2338 2379 2436 2432 pro
2479 2379 2584 2426 me,
2631 2374 2689 2417 ut
2724 2365 3001 2418 abstrahat
3032 2380 3118 2419 me
3144 2366 3409 2420 Dominus
3445 2384 3476 2419 a
3513 2370 3757 2430 mundo,

2162 2434 2302 2507 sicut
2337 2434 2605 2488 abstraxit
2638 2449 2767 2507 vos,
2796 2443 2851 2487 et
2889 2435 3053 2487 donet
3089 2450 3172 2488 me
3209 2438 3360 2504 sequi
3390 2438 3630 2507 vestigia
3662 2453 3759 2491 sua

2163 2503 2244 2560 vel
2272 2505 2328 2559 in
2355 2513 2600 2558 extremo
2628 2505 2844 2574 agmine
2877 2513 3080 2558 vestro.

2411 2590 2593 2647 Oratio
2614 2591 2701 2656 ad_
2723 2591 3064 2645 venerabilem
3108 2591 3476 2649 Benedictum.

2230 2681 2467 2737 Obsecro
2496 2691 2570 2746 te,
2595 2681 2903 2735 beatissime
2928 2681 3213 2736 Benedicte
3233 2723 3245 2743 ,
3282 2683 3483 2737 dilecte
3510 2682 3634 2745 Dei,
3668 2700 3756 2738 ιιι-

2160 2754 2373 2807 terccde
2409 2768 2505 2821 pro
2532 2767 2690 2806 servo
2721 2760 2877 2805 tuo...
2903 2760 2955 2805 et
2983 2752 3127 2805 omni
3146 2762 3331 2809 sancta
3357 2752 3462 2815 hac
3506 2763 3599 2806 tua
3622 2770 3754 2807 con-

2160 2826 2492 2892 gregatione,
2521 2830 2576 2875 et
2604 2836 2701 2944 pro
2732 2822 2998 2875 universis
3017 2822 3115 2875 sub
3138 2831 3229 2874 tuo
3252 2823 3578 2891 magisterio
3609 2824 3756 2876 mili—

2160 2893 2422 2944 tantibus.
2472 2891 2609 2944 simu
2661 2901 2714 2944 et
2755 2906 2853 2944 oro
2879 2893 3023 2944 omni
3052 2892 3247 2944 oonulo
3278 2893 3617 2944 Christiano.
3668 2902 3753 2944 tn-

2160 2891 2422 2956 tantibus,
2472 2891 2631 2945 simul
2661 2901 2714 2945 et
2755 2906 2853 2960 pro
2879 2893 3023 2945 omni
3052 2892 3247 2961 pOpulo
3278 2893 3617 2946 Christiano.
3668 2902 3753 2946 tn-

2160 2963 2375 3017 tercede
2404 2970 2456 3014 et
2480 2974 2580 3029 pro
2606 2975 2690 3015 me
2714 2961 2911 3024 misero
2937 2976 3093 3015 servo
3121 2971 3229 3022 tuo,
3260 2970 3319 3014 ut
3344 2973 3547 3032 purget
3569 2963 3755 3017 Domi-

2160 3048 2263 3085 nus
2287 3047 2381 3085 cor
2421 3046 2598 3084 meum
2623 3072 2638 3094 ,
2676 3046 2743 3087 os
2769 3046 2946 3084 meum
2966 3072 2983 3095 ,
3010 3040 3064 3085 et
3089 3041 3242 3085 actus
3270 3047 3423 3086 meos
3464 3048 3501 3089 a.
3534 3033 3755 3089 cunetis

2082 3094 2129 3157 C
2160 3102 2325 3155 vitiis.
2356 3100 2577 3154 Tribuat
2607 3100 2737 3153 mihi
2763 3094 2980 3171 servare
3004 3110 3196 3154 cuncta
3228 3116 3346 3168 quae
3373 3103 3665 3171 prmeepit,
3699 3113 3753 3155 et

2160 3172 2431 3225 custodire
2478 3178 2680 3224 sancta:
2721 3170 2925 3242 regula:
2972 3179 3077 3225 tua:
3113 3172 3416 3235 tramitem,
3462 3188 3635 3242 quam
3664 3186 3753 3227 me

2158 3250 2499 3295 servaturum
2527 3239 2810 3308 spopondi.

2512 3330 2697 3384 Oratio
2722 3331 2793 3383 ad
2817 3329 2994 3402 plures
3028 3331 3369 3401 confessores.

2228 3422 2468 3492 Obsecro
2504 3434 2618 3492 vos,
2661 3419 3323 3492 beatissimi‘confessores
3344 3421 3555 3477 Christi
3585 3431 3748 3492 atque

2155 3495 2423 3555 doctores,
2446 3491 2733 3560 Cypriane,
2752 3490 2934 3560 Basili,
2952 3488 3198 3560 Gregori,
3212 3488 3746 3555 Athanasi,Eusebi,

2155 3554 2428 3625 Ambrosi,
2452 3554 2703 3624 Martine,
2729 3554 3429 3630 Augustine,Hieronyme,
3451 3554 3750 3625 Germane;

2156 3632 2288 3694 Leo,
2341 3631 2597 3695 Joannes,
2646 3631 2868 3692 Isidore,
2911 3629 3212 3700 dignemini
3246 3629 3593 3685 intercedere
3648 3648 3751 3700 pro

2157 3718 2242 3756 me
2279 3710 2594 3769 peccatore,
2626 3709 2683 3754 ut
2712 3698 2997 3769 concedat
3034 3700 3162 3769 mihi
3214 3700 3477 3754 Dominus
3518 3698 3752 3756 servam

2155 3768 2591 3842 qum’docuistis,
2623 3778 2678 3825 et
2705 3768 2761 3824 in
2797 3778 2981 3823 vestro
3006 3784 3090 3823 me
3124 3768 3289 3825 faciat
3315 3772 3751 3842 consortio’grao

2155 3840 2335 3896 tulari.
2884 3848 2887 3849 ⁷

2532 3929 2717 3984 Oratio
2738 3929 2907 3983 sancti
2928 3927 3167 4000 Gregorii
3192 3946 3364 3999 papw.

2225 4023 2540 4078 Dominator
2569 4022 2792 4075 Domine
2817 4022 2959 4075 Deus
2992 4022 3355 4091 omnipotens,
3400 4021 3499 4091 qui
3526 4039 3593 4076 es
3616 4022 3745 4077 Tri~

2154 4094 2428 4147 nitas‘una
2456 4092 2617 4145 Pater
2645 4092 2698 4145 in
2727 4091 2880 4154 Filio,
2904 4100 2957 4145 et
2982 4091 3149 4145 Filius
3178 4093 3231 4146 iu
3262 4092 3440 4155 Patre,
3477 4108 3588 4146 una
3619 4110 3745 4147 eum

2155 4162 2359 4233 Spiritu
2392 4170 2615 4241 sancto,
2656 4162 2749 4241 qui
2781 4176 2841 4215 es
2870 4176 3091 4241 semper
3112 4161 3164 4214 in
3205 4162 3477 4241 omnibns,
3529 4173 3587 4241 et
3616 4179 3743 4216 eras

2153 4230 2277 4286 ante
2300 4232 2502 4297 omnia,
2531 4230 2717 4301 cteris
2737 4244 2833 4301 per
2850 4230 3031 4283 omnia
3054 4232 3195 4285 Deus
3218 4230 3533 4285 benedictus
3558 4233 3612 4285 in
3642 4249 3745 4286 sa:-

2152 4303 2293 4357 cula.
2334 4302 2534 4356 rAmen.
2582 4299 2911 4355 Commendo
2947 4301 3181 4353 animam
3230 4315 3402 4354 meam
3437 4301 3490 4354 in
3546 4318 3747 4356 manus

2224 4373 2402 4426 tentia:
2440 4382 2567 4434 tuae,
2594 4379 2654 4424 ut
2680 4371 2952 4425 custodias
2988 4385 3107 4424 eam
3152 4370 3338 4424 diebus
3364 4386 3429 4424 ac
3457 4373 3736 4429 noctibus.

2079 4433 2124 4489 ί)
2152 4433 2302 4497 horis
2342 4452 2503 4510 atque
2546 4433 2874 4501 momentis;
2912 4439 3170 4511 miserere
3198 4440 3301 4505 mei
3332 4441 3476 4511 Deus
3509 4442 3738 4511 angelo-

2155 4528 2296 4567 rum.
2324 4509 2544 4566 Cuétodi
2572 4527 2657 4564 tne
2697 4525 2794 4578 per
2825 4509 3101 4563 orationes
3128 4510 3559 4577 patriarcharum
3581 4509 3608 4569 ,⁷
3639 4526 3737 4579 per

2156 4582 2349 4637 merita
2378 4582 2784 4650 prophetarum,
2808 4579 3608 4650 persuifragianapostolomm,
3636 4596 3737 4648 per

2156 4647 2413 4706 victorias
2438 4647 2753 4719 martyrum,
2787 4647 2884 4719 per
2906 4648 3063 4703 ﬁdem
3084 4647 3479 4719 confessorum,
3505 4652 3602 4717 qui
3634 4647 3733 4703 tibi

2156 4723 2484 4792 placuerunt
2525 4717 2595 4792 ab
2625 4717 3027 4773 initioimuudi.
3073 4717 3204 4773 Oret
3244 4734 3487 4792 prome
3513 4729 3737 4773 sanctus

2158 4787 2312 4853 Abel,
2360 4789 2697 4859 qui’primus
2726 4797 3013 4859 coronatus
3033 4796 3119 4841 est
3138 4789 3418 4859 martyrio.
3452 4787 3591 4843 Oret
3636 4804 3738 4859 pro

2160 4876 2246 4916 me
2300 4856 2519 4914 sanctus
2567 4859 2772 4921 Enoch,
2827 4856 3269 4929 quiamhulavit
3312 4873 3439 4911 cum
3490 4856 3735 4929 Βορέα

2161 4930 2452 4985 translatus
2486 4937 2571 4983 est
2599 4945 2629 4982 a
2657 4927 2872 4982 mundo.
2914 4927 3043 4981 Uret
3080 4943 3178 4994 pro
3219 4942 3307 4980 me
3331 4935 3559 4983 sanctus
3592 4928 3733 4993 Noe,

2196 5015 2318 5055 uem
2348 5000 2603 5053 Dominus
2626 4999 2857 5052 servavit
2885 4997 2938 5052 in
2961 4997 3162 5053 diluvio
3192 5007 3409 5065 propter
3434 4996 3735 5064 justitiam.

2156 5066 2328 5140 Roget
2356 5085 2454 5137 pro
2485 5084 2570 5122 me
2607 5068 2777 5121 ﬁdelis
2804 5067 3109 5140 Abraham,
3136 5066 3226 5140 qui
3255 5067 3471 5140 primns
3500 5067 3738 5140 credidit

2154 5135 2286 5203 Ded,
2319 5135 2404 5193 cui
2431 5146 2676 5208 reputata
2710 5145 2793 5193 est
2830 5136 2961 5208 ﬁdes
2996 5135 3060 5208 ad
3092 5136 3378 5208 justitiam.
3416 5136 3736 5208 intercedat

2153 5225 2251 5278 pro
2278 5225 2363 5264 me
2385 5206 2605 5263 sanctus
2627 5208 2776 5278 Isaac
2802 5206 2893 5274 qui
2922 5206 3223 5278 tuitiustus
3234 5214 3290 5259 et
3308 5206 3567 5278 obedieus
3588 5208 3733 5278 patri

2152 5272 2323 5348 usque
2365 5280 2432 5332 ad
2463 5287 2723 5348 mortem,
2766 5272 3157 5348 in'egemplum
3198 5275 3408 5348 Domini
3455 5272 3733 5348 mei

2152 5344 2358 5405 Christi
2378 5389 2393 5413 ,
2420 5348 2511 5416 qui
2543 5347 2768 5416 oblatus
2780 5345 3036 5416 estiPatri
3064 5361 3162 5416 pro
3181 5345 3355 5416 salute
3377 5344 3733 5416 mundi.iPo-

2156 5419 2319 5474 stulet
2342 5414 2453 5489 pro
2467 5432 2551 5471 me
2582 5416 2718 5489 felix
2743 5415 2936 5489 Jacob‘,
2979 5415 3069 5483 qui
3111 5414 3245 5470 vidit
3270 5415 3615 5489 angelos_Dei
3640 5430 3735 5469 vo-

2157 5483 2367 5544 nientes
2392 5489 2443 5541 in
2471 5486 2727 5540 auxilium
2748 5485 2869 5540 sibi.
2893 5483 3024 5540 Oret
3042 5500 3140 5555 pro
3162 5499 3247 5537 me
3280 5484 3471 5555 beatus
3496 5485 3731 5555 Moyses,

2160 5574 2280 5613 cum
2311 5559 2402 5629 qui
2434 5559 2642 5629 locutus
2669 5563 2752 5610 est
2779 5556 3035 5629 Dominus
3073 5554 3316 5629 facie_ad_
3339 5554 3557 5629 faciem.
3591 5554 3737 5629 Suh-

2161 5624 2345 5683 veniai
2364 5628 2495 5682 mihi
2532 5635 2757 5681 sanctus
2796 5626 2963 5680 David
2988 5640 3148 5694 quem
3185 5624 3393 5748 eleiisti
3415 5665 3429 5686 ,
3460 5625 3692 5679 Domine
3714 5665 3733 5687 ,

2164 5699 2456 5748 secundum
2470 5714 2564 5748 cor
2585 5706 2752 5748 tuum.
2778 5697 3034 5748 Deprecet
3057 5710 3153 5748 oro
3168 5708 3251 5748 me
3299 5694 3418 5748 ‘lias
3440 5696 3731 5748 Dronheta.

2164 5699 2456 5755 secundum
2470 5714 2564 5756 cor
2585 5706 2752 5753 tuum.
2778 5697 3034 5765 Deprecet
3056 5710 3153 5763 pro
3168 5708 3251 5749 me
3273 5694 3418 5748 Elias
3439 5696 3731 5765 propheta.
