  <div class='ocr_page' id='page_1' title='image "/cluster/home/n/w/nwhite01/storage/ocr_20150623/101/hvd.32044004824769/707.png"; bbox 0 0 4058 6344; ppageno 0'>
   <div class='ocr_carea' id='block_1_1' title="bbox 576 295 716 356">
    <p class='ocr_par' dir='ltr' id='par_1_1' title="bbox 576 295 716 356">
     <span class='ocr_line' id='line_1_1' title="bbox 576 295 716 356; baseline 0.021 -3"><span class='ocrx_word' id='word_1_1' title='bbox 576 295 716 356; x_wconf 70' lang='lat'><strong>“0&#39;5</strong></span> 
     </span>
    </p>
   </div>
   <div class='ocr_carea' id='block_1_2' title="bbox 1589 292 2850 354">
    <p class='ocr_par' dir='ltr' id='par_1_2' title="bbox 1589 292 2850 354">
     <span class='ocr_line' id='line_1_2' title="bbox 1589 292 2850 354; baseline -0.004 -2"><span class='ocrx_word' id='word_1_2' title='bbox 1589 297 1682 352; x_wconf 75' lang='lat' dir='ltr'><strong>AD</strong></span> <span class='ocrx_word' id='word_1_3' title='bbox 1715 295 1946 354; x_wconf 75' lang='lat' dir='ltr'><strong>OPERA</strong></span> <span class='ocrx_word' id='word_1_4' title='bbox 1983 296 2045 349; x_wconf 82' lang='grc' dir='ltr'><strong>Β.</strong></span> <span class='ocrx_word' id='word_1_5' title='bbox 2083 292 2362 351; x_wconf 68' lang='grc' dir='ltr'><strong>ΑιοιιιΝι</strong></span> <span class='ocrx_word' id='word_1_6' title='bbox 2401 292 2850 350; x_wconf 73' lang='lat' dir='ltr'><strong>APPENDICES.</strong></span> 
     </span>
    </p>
   </div>
   <div class='ocr_carea' id='block_1_3' title="bbox 3693 291 3835 348">
    <p class='ocr_par' dir='ltr' id='par_1_3' title="bbox 3693 291 3835 348">
     <span class='ocr_line' id='line_1_3' title="bbox 3693 291 3835 348; baseline 0 0"><span class='ocrx_word' id='word_1_7' title='bbox 3693 291 3835 348; x_wconf 66' lang='grc' dir='ltr'><strong>ΗΜ</strong></span> 
     </span>
    </p>
   </div>
   <div class='ocr_carea' id='block_1_4' title="bbox 570 403 3838 478">
    <p class='ocr_par' dir='ltr' id='par_1_4' title="bbox 570 403 3838 478">
     <span class='ocr_line' id='line_1_4' title="bbox 570 403 3838 478; baseline 0 -10"><span class='ocrx_word' id='word_1_8' title='bbox 570 412 752 476; x_wconf 84' lang='lat' dir='ltr'><strong>ardes,</strong></span> <span class='ocrx_word' id='word_1_9' title='bbox 776 419 834 466; x_wconf 86' lang='lat' dir='ltr'><strong>et</strong></span> <span class='ocrx_word' id='word_1_10' title='bbox 859 423 1132 478; x_wconf 77' lang='lat' dir='ltr'><strong>nunquam</strong></span> <span class='ocrx_word' id='word_1_11' title='bbox 1152 403 1536 478; x_wconf 71' lang='lat' dir='ltr'><strong>exstingueris!</strong></span> <span class='ocrx_word' id='word_1_12' title='bbox 1567 403 1646 458; x_wconf 84' lang='lat' dir='ltr'><strong>&#39;l‘u</strong></span> <span class='ocrx_word' id='word_1_13' title='bbox 1668 420 1730 460; x_wconf 87' lang='lat' dir='ltr'><strong>es</strong></span> <span class='ocrx_word' id='word_1_14' title='bbox 1741 405 1978 478; x_wconf 81' lang='lat' dir='ltr'><strong>charitas</strong></span> <span class='ocrx_word' id='word_1_15' title='bbox 1997 417 2151 471; x_wconf 66' lang='lat' dir='ltr'><strong>vera,</strong></span> <span class='ocrx_word' id='word_1_16' title='bbox 2179 411 2224 466; x_wconf 85' lang='lat' dir='ltr'><strong>A</strong></span> <span class='ocrx_word' id='word_1_17' title='bbox 2250 419 2348 478; x_wconf 66' lang='lat' dir='ltr'><strong>per</strong></span> <span class='ocrx_word' id='word_1_18' title='bbox 2375 413 2430 478; x_wconf 81' lang='lat' dir='ltr'><strong>te</strong></span> <span class='ocrx_word' id='word_1_19' title='bbox 2457 405 2701 460; x_wconf 88' lang='lat' dir='ltr'><strong>datorem</strong></span> <span class='ocrx_word' id='word_1_20' title='bbox 2725 407 2988 478; x_wconf 80' lang='lat' dir='ltr'><strong>bonorum</strong></span> <span class='ocrx_word' id='word_1_21' title='bbox 3012 408 3276 472; x_wconf 87' lang='lat' dir='ltr'><strong>omnium,</strong></span> <span class='ocrx_word' id='word_1_22' title='bbox 3303 411 3395 478; x_wconf 88' lang='lat' dir='ltr'><strong>qui</strong></span> <span class='ocrx_word' id='word_1_23' title='bbox 3425 426 3554 466; x_wconf 69' lang='lat' dir='ltr'><strong>enim</strong></span> <span class='ocrx_word' id='word_1_24' title='bbox 3585 411 3760 466; x_wconf 82' lang='lat' dir='ltr'><strong>Patre</strong></span> <span class='ocrx_word' id='word_1_25' title='bbox 3780 424 3838 470; x_wconf 73' lang='lat' dir='ltr'><strong>et</strong></span> 
     </span>
    </p>
   </div>
   <div class='ocr_carea' id='block_1_5' title="bbox 570 475 2144 548">
    <p class='ocr_par' dir='ltr' id='par_1_5' title="bbox 570 475 2144 548">
     <span class='ocr_line' id='line_1_5' title="bbox 570 475 2144 548; baseline -0.006 -12"><span class='ocrx_word' id='word_1_26' title='bbox 570 492 630 538; x_wconf 86' lang='lat' dir='ltr'><strong>tu</strong></span> <span class='ocrx_word' id='word_1_27' title='bbox 666 475 1006 536; x_wconf 17' lang='lat' dir='ltr'><strong>es’charitas&#39;</strong></span> <span class='ocrx_word' id='word_1_28' title='bbox 1027 477 1371 548; x_wconf 86' lang='lat' dir='ltr'><strong>pura._Deus</strong></span> <span class='ocrx_word' id='word_1_29' title='bbox 1416 489 1600 548; x_wconf 85' lang='lat' dir='ltr'><strong>meus,</strong></span> <span class='ocrx_word' id='word_1_30' title='bbox 1627 475 1908 548; x_wconf 77' lang='lat' dir='ltr'><strong>exstingue</strong></span> <span class='ocrx_word' id='word_1_31' title='bbox 1957 475 2011 548; x_wconf 86' lang='lat' dir='ltr'><strong>i_n</strong></span> <span class='ocrx_word' id='word_1_32' title='bbox 2059 489 2144 528; x_wconf 89' lang='lat' dir='ltr'><strong>me</strong></span> 
     </span>
    </p>
   </div>
   <div class='ocr_carea' id='block_1_6' title="bbox 570 543 2144 616">
    <p class='ocr_par' dir='ltr' id='par_1_6' title="bbox 570 543 2144 616">
     <span class='ocr_line' id='line_1_6' title="bbox 570 543 2144 616; baseline -0.006 -9"><span class='ocrx_word' id='word_1_33' title='bbox 570 565 788 608; x_wconf 86' lang='lat' dir='ltr'><strong>omnem</strong></span> <span class='ocrx_word' id='word_1_34' title='bbox 816 543 1303 616; x_wconf 81' lang='lat' dir='ltr'><strong>concupiscentiam</strong></span> <span class='ocrx_word' id='word_1_35' title='bbox 1345 543 1534 616; x_wconf 74' lang='lat' dir='ltr'><strong>malum</strong></span> <span class='ocrx_word' id='word_1_36' title='bbox 1559 585 1574 607; x_wconf 95' lang='lat'><strong>,</strong></span> <span class='ocrx_word' id='word_1_37' title='bbox 1619 553 1677 616; x_wconf 80' lang='lat' dir='ltr'><strong>et</strong></span> <span class='ocrx_word' id='word_1_38' title='bbox 1704 544 1942 616; x_wconf 82' lang='lat' dir='ltr'><strong>accende</strong></span> <span class='ocrx_word' id='word_1_39' title='bbox 1969 543 2025 596; x_wconf 91' lang='lat' dir='ltr'><strong>in</strong></span> <span class='ocrx_word' id='word_1_40' title='bbox 2055 558 2144 616; x_wconf 83' lang='lat' dir='ltr'><strong>me</strong></span> 
     </span>
    </p>
   </div>
   <div class='ocr_carea' id='block_1_7' title="bbox 573 611 2144 681">
    <p class='ocr_par' dir='ltr' id='par_1_7' title="bbox 573 611 2144 681">
     <span class='ocr_line' id='line_1_7' title="bbox 573 611 2144 681; baseline -0.007 -4"><span class='ocrx_word' id='word_1_41' title='bbox 573 620 950 678; x_wconf 71' lang='lat' dir='ltr'><strong>suavissimam</strong></span> <span class='ocrx_word' id='word_1_42' title='bbox 972 611 1307 671; x_wconf 75' lang='lat' dir='ltr'><strong>charitatem.</strong></span> <span class='ocrx_word' id='word_1_43' title='bbox 1333 611 1728 668; x_wconf 88' lang='lat' dir='ltr'><strong>Continentiam</strong></span> <span class='ocrx_word' id='word_1_44' title='bbox 1745 613 1904 681; x_wconf 88' lang='lat' dir='ltr'><strong>jubes</strong></span> <span class='ocrx_word' id='word_1_45' title='bbox 1919 653 1933 678; x_wconf 91' lang='lat'><strong>,</strong></span> <span class='ocrx_word' id='word_1_46' title='bbox 1963 621 2021 667; x_wconf 91' lang='lat' dir='ltr'><strong>tu</strong></span> <span class='ocrx_word' id='word_1_47' title='bbox 2046 613 2144 666; x_wconf 83' lang='lat' dir='ltr'><strong>mi-</strong></span> 
     </span>
    </p>
   </div>
   <div class='ocr_carea' id='block_1_8' title="bbox 574 681 2164 752">
    <p class='ocr_par' dir='ltr' id='par_1_8' title="bbox 574 681 2164 752">
     <span class='ocr_line' id='line_1_8' title="bbox 574 681 2164 752; baseline -0.007 -6"><span class='ocrx_word' id='word_1_48' title='bbox 574 691 810 746; x_wconf 77' lang='lat' dir='ltr'><strong>sericors</strong></span> <span class='ocrx_word' id='word_1_49' title='bbox 833 689 1004 750; x_wconf 88' lang='lat' dir='ltr'><strong>Deus,</strong></span> <span class='ocrx_word' id='word_1_50' title='bbox 1046 687 1114 738; x_wconf 88' lang='lat' dir='ltr'><strong>da</strong></span> <span class='ocrx_word' id='word_1_51' title='bbox 1145 681 1288 752; x_wconf 91' lang='lat' dir='ltr'><strong>quod</strong></span> <span class='ocrx_word' id='word_1_52' title='bbox 1307 682 1483 750; x_wconf 90' lang='lat' dir='ltr'><strong>jubes.</strong></span> <span class='ocrx_word' id='word_1_53' title='bbox 1517 682 1680 738; x_wconf 86' lang='lat' dir='ltr'><strong>Jubes</strong></span> <span class='ocrx_word' id='word_1_54' title='bbox 1704 692 1854 738; x_wconf 90' lang='lat' dir='ltr'><strong>certe</strong></span> <span class='ocrx_word' id='word_1_55' title='bbox 1880 691 1939 745; x_wconf 89' lang='lat' dir='ltr'><strong>ut</strong></span> <span class='ocrx_word' id='word_1_56' title='bbox 1966 683 2164 738; x_wconf 52' lang='lat' dir='ltr'><strong>conti-3</strong></span> 
     </span>
    </p>
   </div>
   <div class='ocr_carea' id='block_1_9' title="bbox 574 753 2146 824">
    <p class='ocr_par' dir='ltr' id='par_1_9' title="bbox 574 753 2146 824">
     <span class='ocr_line' id='line_1_9' title="bbox 574 753 2146 824; baseline -0.006 -9"><span class='ocrx_word' id='word_1_57' title='bbox 574 775 732 816; x_wconf 89' lang='lat' dir='ltr'><strong>neam</strong></span> <span class='ocrx_word' id='word_1_58' title='bbox 758 775 789 812; x_wconf 91' lang='lat' dir='ltr'><strong>a</strong></span> <span class='ocrx_word' id='word_1_59' title='bbox 823 753 1257 824; x_wconf 79' lang='lat' dir='ltr'><strong>concupiscentia</strong></span> <span class='ocrx_word' id='word_1_60' title='bbox 1279 753 1562 824; x_wconf 85' lang='lat' dir='ltr'><strong>oculorum</strong></span> <span class='ocrx_word' id='word_1_61' title='bbox 1584 793 1599 817; x_wconf 95' lang='lat'><strong>,</strong></span> <span class='ocrx_word' id='word_1_62' title='bbox 1643 763 1698 806; x_wconf 90' lang='lat' dir='ltr'><strong>et</strong></span> <span class='ocrx_word' id='word_1_63' title='bbox 1725 753 2020 824; x_wconf 74' lang='lat' dir='ltr'><strong>ambitione</strong></span> <span class='ocrx_word' id='word_1_64' title='bbox 2040 767 2146 824; x_wconf 63' lang='lat' dir='ltr'><strong>sac-</strong></span> 
     </span>
    </p>
   </div>
   <div class='ocr_carea' id='block_1_10' title="bbox 571 821 2144 886">
    <p class='ocr_par' dir='ltr' id='par_1_10' title="bbox 571 821 2144 886">
     <span class='ocr_line' id='line_1_10' title="bbox 571 821 2144 886; baseline -0.007 0"><span class='ocrx_word' id='word_1_65' title='bbox 571 830 679 886; x_wconf 89' lang='lat' dir='ltr'><strong>culi</strong></span> <span class='ocrx_word' id='word_1_66' title='bbox 703 829 858 882; x_wconf 90' lang='lat' dir='ltr'><strong>istius</strong></span> <span class='ocrx_word' id='word_1_67' title='bbox 889 841 903 880; x_wconf 91' lang='lat'><strong>:</strong></span> <span class='ocrx_word' id='word_1_68' title='bbox 937 821 1030 879; x_wconf 82' lang='lat' dir='ltr'><strong>sed</strong></span> <span class='ocrx_word' id='word_1_69' title='bbox 1051 825 1228 878; x_wconf 90' lang='lat' dir='ltr'><strong>adhuc</strong></span> <span class='ocrx_word' id='word_1_70' title='bbox 1242 823 1426 877; x_wconf 86' lang='lat' dir='ltr'><strong>vivunt</strong></span> <span class='ocrx_word' id='word_1_71' title='bbox 1450 823 1505 876; x_wconf 89' lang='lat' dir='ltr'><strong>in</strong></span> <span class='ocrx_word' id='word_1_72' title='bbox 1533 821 1791 878; x_wconf 84' lang='lat' dir='ltr'><strong>memoria</strong></span> <span class='ocrx_word' id='word_1_73' title='bbox 1815 839 1934 877; x_wconf 87' lang='lat' dir='ltr'><strong>mea</strong></span> <span class='ocrx_word' id='word_1_74' title='bbox 1956 823 2144 876; x_wconf 89' lang='lat' dir='ltr'><strong>talium</strong></span> 
     </span>
    </p>
   </div>
   <div class='ocr_carea' id='block_1_11' title="bbox 571 891 2145 966">
    <p class='ocr_par' dir='ltr' id='par_1_11' title="bbox 571 891 2145 966">
     <span class='ocr_line' id='line_1_11' title="bbox 571 891 2145 966; baseline -0.005 -13"><span class='ocrx_word' id='word_1_75' title='bbox 571 913 754 954; x_wconf 86' lang='lat' dir='ltr'><strong>rerum</strong></span> <span class='ocrx_word' id='word_1_76' title='bbox 785 897 1084 966; x_wconf 75' lang='lat' dir='ltr'><strong>imagines,</strong></span> <span class='ocrx_word' id='word_1_77' title='bbox 1130 907 1264 966; x_wconf 81' lang='lat' dir='ltr'><strong>quas</strong></span> <span class='ocrx_word' id='word_1_78' title='bbox 1300 893 1388 966; x_wconf 73' lang='lat' dir='ltr'><strong>ibi</strong></span> <span class='ocrx_word' id='word_1_79' title='bbox 1407 893 1738 948; x_wconf 91' lang='lat' dir='ltr'><strong>consuetudo</strong></span> <span class='ocrx_word' id='word_1_80' title='bbox 1777 909 1894 946; x_wconf 88' lang='lat' dir='ltr'><strong>mea</strong></span> <span class='ocrx_word' id='word_1_81' title='bbox 1923 891 2062 955; x_wconf 73' lang='lat' dir='ltr'><strong>ﬁxit,</strong></span> <span class='ocrx_word' id='word_1_82' title='bbox 2089 898 2145 945; x_wconf 86' lang='lat' dir='ltr'><strong>et</strong></span> 
     </span>
    </p>
   </div>
   <div class='ocr_carea' id='block_1_12' title="bbox 570 960 2142 1031">
    <p class='ocr_par' dir='ltr' id='par_1_12' title="bbox 570 960 2142 1031">
     <span class='ocr_line' id='line_1_12' title="bbox 570 960 2142 1031; baseline -0.006 -8"><span class='ocrx_word' id='word_1_83' title='bbox 570 960 928 1027; x_wconf 67' lang='lat' dir='ltr'><strong>occursantur</strong></span> <span class='ocrx_word' id='word_1_84' title='bbox 953 965 1104 1018; x_wconf 90' lang='lat' dir='ltr'><strong>mihi.</strong></span> <span class='ocrx_word' id='word_1_85' title='bbox 1143 960 1393 1031; x_wconf 80' lang='lat' dir='ltr'><strong>Nunquid</strong></span> <span class='ocrx_word' id='word_1_86' title='bbox 1430 978 1536 1016; x_wconf 90' lang='lat' dir='ltr'><strong>non</strong></span> <span class='ocrx_word' id='word_1_87' title='bbox 1576 970 1756 1030; x_wconf 84' lang='lat' dir='ltr'><strong>potest</strong></span> <span class='ocrx_word' id='word_1_88' title='bbox 1799 977 1990 1018; x_wconf 87' lang='lat' dir='ltr'><strong>manus</strong></span> <span class='ocrx_word' id='word_1_89' title='bbox 2030 972 2142 1024; x_wconf 84' lang='lat' dir='ltr'><strong>tua,</strong></span> 
     </span>
    </p>
   </div>
   <div class='ocr_carea' id='block_1_13' title="bbox 569 1032 2144 1104">
    <p class='ocr_par' dir='ltr' id='par_1_13' title="bbox 569 1032 2144 1104">
     <span class='ocr_line' id='line_1_13' title="bbox 569 1032 2144 1104; baseline -0.006 -9"><span class='ocrx_word' id='word_1_90' title='bbox 569 1038 710 1097; x_wconf 86' lang='lat' dir='ltr'><strong>Deus</strong></span> <span class='ocrx_word' id='word_1_91' title='bbox 753 1035 1112 1104; x_wconf 89' lang='lat' dir='ltr'><strong>omnipotens,</strong></span> <span class='ocrx_word' id='word_1_92' title='bbox 1163 1048 1357 1104; x_wconf 87' lang='lat' dir='ltr'><strong>sanare</strong></span> <span class='ocrx_word' id='word_1_93' title='bbox 1399 1047 1586 1104; x_wconf 88' lang='lat' dir='ltr'><strong>omnes</strong></span> <span class='ocrx_word' id='word_1_94' title='bbox 1613 1033 1903 1104; x_wconf 79' lang='lat' dir='ltr'><strong>languores</strong></span> <span class='ocrx_word' id='word_1_95' title='bbox 1949 1032 2144 1086; x_wconf 68' lang='lat' dir='ltr'><strong>animas</strong></span> 
     </span>
    </p>
   </div>
   <div class='ocr_carea' id='block_1_14' title="bbox 569 1102 2145 1175">
    <p class='ocr_par' dir='ltr' id='par_1_14' title="bbox 569 1102 2145 1175">
     <span class='ocr_line' id='line_1_14' title="bbox 569 1102 2145 1175; baseline -0.004 -13"><span class='ocrx_word' id='word_1_96' title='bbox 569 1121 727 1172; x_wconf 63' lang='lat' dir='ltr'><strong>meae,</strong></span> <span class='ocrx_word' id='word_1_97' title='bbox 757 1102 920 1175; x_wconf 79' lang='lat' dir='ltr'><strong>atque</strong></span> <span class='ocrx_word' id='word_1_98' title='bbox 952 1103 1352 1175; x_wconf 76' lang='lat' dir='ltr'><strong>abundantiore</strong></span> <span class='ocrx_word' id='word_1_99' title='bbox 1377 1102 1550 1175; x_wconf 82' lang='lat' dir='ltr'><strong>gratia</strong></span> <span class='ocrx_word' id='word_1_100' title='bbox 1579 1102 1940 1175; x_wconf 82' lang='lat' dir='ltr'><strong>tua_lascivo_s</strong></span> <span class='ocrx_word' id='word_1_101' title='bbox 1966 1109 2145 1175; x_wconf 86' lang='lat' dir='ltr'><strong>motus</strong></span> 
     </span>
    </p>
   </div>
   <div class='ocr_carea' id='block_1_15' title="bbox 567 1171 2141 1250">
    <p class='ocr_par' dir='ltr' id='par_1_15' title="bbox 567 1171 2141 1250">
     <span class='ocr_line' id='line_1_15' title="bbox 567 1171 2141 1250; baseline -0.004 -20"><span class='ocrx_word' id='word_1_102' title='bbox 567 1171 734 1231; x_wconf 82' lang='lat' dir='ltr'><strong>etiam</strong></span> <span class='ocrx_word' id='word_1_103' title='bbox 765 1171 1078 1250; x_wconf 27' lang='lat' dir='ltr'><strong>méi‘operis</strong></span> <span class='ocrx_word' id='word_1_104' title='bbox 1101 1173 1472 1250; x_wconf 73' lang='lat' dir='ltr'><strong>exstinguere.</strong></span> <span class='ocrx_word' id='word_1_105' title='bbox 1508 1172 1658 1242; x_wconf 83' lang='lat' dir='ltr'><strong>Auge</strong></span> <span class='ocrx_word' id='word_1_106' title='bbox 1683 1171 1736 1225; x_wconf 90' lang='lat' dir='ltr'><strong>in</strong></span> <span class='ocrx_word' id='word_1_107' title='bbox 1764 1186 1872 1250; x_wconf 87' lang='lat' dir='ltr'><strong>me,</strong></span> <span class='ocrx_word' id='word_1_108' title='bbox 1896 1171 2141 1250; x_wconf 76' lang='lat' dir='ltr'><strong>Domine,</strong></span> 
     </span>
    </p>
   </div>
   <div class='ocr_carea' id='block_1_16' title="bbox 572 1243 2145 1316">
    <p class='ocr_par' dir='ltr' id='par_1_16' title="bbox 572 1243 2145 1316">
     <span class='ocr_line' id='line_1_16' title="bbox 572 1243 2145 1316; baseline -0.006 -15"><span class='ocrx_word' id='word_1_109' title='bbox 572 1261 708 1316; x_wconf 82' lang='lat' dir='ltr'><strong>auge</strong></span> <span class='ocrx_word' id='word_1_110' title='bbox 751 1243 949 1315; x_wconf 73' lang='lat' dir='ltr'><strong>magis</strong></span> <span class='ocrx_word' id='word_1_111' title='bbox 972 1244 1250 1313; x_wconf 79' lang='lat' dir='ltr'><strong>magisque</strong></span> <span class='ocrx_word' id='word_1_112' title='bbox 1277 1243 1330 1296; x_wconf 91' lang='lat' dir='ltr'><strong>in</strong></span> <span class='ocrx_word' id='word_1_113' title='bbox 1371 1257 1456 1316; x_wconf 71' lang='lat' dir='ltr'><strong>me</strong></span> <span class='ocrx_word' id='word_1_114' title='bbox 1480 1256 1728 1316; x_wconf 65' lang='lat' dir='ltr'><strong>munera</strong></span> <span class='ocrx_word' id='word_1_115' title='bbox 1779 1249 1868 1293; x_wconf 88' lang='lat' dir='ltr'><strong>tua</strong></span> <span class='ocrx_word' id='word_1_116' title='bbox 1889 1280 1902 1303; x_wconf 96' lang='lat'><strong>,</strong></span> <span class='ocrx_word' id='word_1_117' title='bbox 1934 1249 1996 1316; x_wconf 78' lang='lat' dir='ltr'><strong>ut</strong></span> <span class='ocrx_word' id='word_1_118' title='bbox 2018 1243 2145 1316; x_wconf 74' lang='lat' dir='ltr'><strong>ani-</strong></span> 
     </span>
    </p>
   </div>
   <div class='ocr_carea' id='block_1_17' title="bbox 568 1309 2144 1381">
    <p class='ocr_par' dir='ltr' id='par_1_17' title="bbox 568 1309 2144 1381">
     <span class='ocr_line' id='line_1_17' title="bbox 568 1309 2144 1381; baseline -0.005 -11"><span class='ocrx_word' id='word_1_119' title='bbox 568 1309 799 1370; x_wconf 56' lang='lat' dir='ltr'><strong>ma&#39;mea</strong></span> <span class='ocrx_word' id='word_1_120' title='bbox 826 1309 878 1370; x_wconf 74' lang='lat' dir='ltr'><strong>in</strong></span> <span class='ocrx_word' id='word_1_121' title='bbox 904 1329 987 1368; x_wconf 90' lang='lat' dir='ltr'><strong>me</strong></span> <span class='ocrx_word' id='word_1_122' title='bbox 1007 1309 1264 1381; x_wconf 74' lang='lat' dir='ltr'><strong>sequiatur</strong></span> <span class='ocrx_word' id='word_1_123' title='bbox 1290 1321 1364 1365; x_wconf 89' lang='lat' dir='ltr'><strong>te.</strong></span> <span class='ocrx_word' id='word_1_124' title='bbox 1394 1311 1498 1380; x_wconf 82' lang='lat' dir='ltr'><strong>Qui</strong></span> <span class='ocrx_word' id='word_1_125' title='bbox 1523 1325 1643 1364; x_wconf 90' lang='lat' dir='ltr'><strong>cum</strong></span> <span class='ocrx_word' id='word_1_126' title='bbox 1675 1309 1834 1381; x_wconf 81' lang='lat' dir='ltr'><strong>Patre</strong></span> <span class='ocrx_word' id='word_1_127' title='bbox 1863 1317 1916 1364; x_wconf 90' lang='lat' dir='ltr'><strong>et</strong></span> <span class='ocrx_word' id='word_1_128' title='bbox 1939 1309 2144 1381; x_wconf 89' lang='lat' dir='ltr'><strong>Spiritu</strong></span> 
     </span>
    </p>
   </div>
   <div class='ocr_carea' id='block_1_18' title="bbox 567 1379 2146 1444">
    <p class='ocr_par' dir='ltr' id='par_1_18' title="bbox 567 1379 2146 1444">
     <span class='ocr_line' id='line_1_18' title="bbox 567 1379 2146 1444; baseline -0.004 -4"><span class='ocrx_word' id='word_1_129' title='bbox 567 1393 754 1440; x_wconf 83' lang='lat' dir='ltr'><strong>sancto</strong></span> <span class='ocrx_word' id='word_1_130' title='bbox 779 1399 916 1438; x_wconf 88' lang='lat' dir='ltr'><strong>unus</strong></span> <span class='ocrx_word' id='word_1_131' title='bbox 941 1399 1000 1438; x_wconf 91' lang='lat' dir='ltr'><strong>es</strong></span> <span class='ocrx_word' id='word_1_132' title='bbox 1028 1379 1188 1444; x_wconf 82' lang='lat' dir='ltr'><strong>Deus,</strong></span> <span class='ocrx_word' id='word_1_133' title='bbox 1215 1397 1352 1434; x_wconf 93' lang='lat' dir='ltr'><strong>unus</strong></span> <span class='ocrx_word' id='word_1_134' title='bbox 1375 1379 1434 1435; x_wconf 84' lang='lat' dir='ltr'><strong>es</strong></span> <span class='ocrx_word' id='word_1_135' title='bbox 1457 1381 1730 1440; x_wconf 86' lang='lat' dir='ltr'><strong>Dominus,</strong></span> <span class='ocrx_word' id='word_1_136' title='bbox 1761 1379 1944 1433; x_wconf 78' lang='lat' dir='ltr'><strong>vivens</strong></span> <span class='ocrx_word' id='word_1_137' title='bbox 1973 1388 2027 1433; x_wconf 79' lang='lat' dir='ltr'><strong>et</strong></span> <span class='ocrx_word' id='word_1_138' title='bbox 2051 1380 2146 1433; x_wconf 83' lang='lat' dir='ltr'><strong>do-</strong></span> 
     </span>
    </p>
   </div>
   <div class='ocr_carea' id='block_1_19' title="bbox 567 1449 2144 1524">
    <p class='ocr_par' dir='ltr' id='par_1_19' title="bbox 567 1449 2144 1524">
     <span class='ocr_line' id='line_1_19' title="bbox 567 1449 2144 1524; baseline -0.004 -14"><span class='ocrx_word' id='word_1_139' title='bbox 567 1456 782 1510; x_wconf 88' lang='lat' dir='ltr'><strong>minans</strong></span> <span class='ocrx_word' id='word_1_140' title='bbox 808 1471 906 1524; x_wconf 88' lang='lat' dir='ltr'><strong>per</strong></span> <span class='ocrx_word' id='word_1_141' title='bbox 928 1453 1128 1519; x_wconf 87' lang='lat' dir='ltr'><strong>omnia,</strong></span> <span class='ocrx_word' id='word_1_142' title='bbox 1156 1461 1212 1505; x_wconf 87' lang='lat' dir='ltr'><strong>et</strong></span> <span class='ocrx_word' id='word_1_143' title='bbox 1239 1466 1398 1521; x_wconf 85' lang='lat' dir='ltr'><strong>super</strong></span> <span class='ocrx_word' id='word_1_144' title='bbox 1419 1451 1597 1506; x_wconf 84' lang='lat' dir='ltr'><strong>omnia</strong></span> <span class='ocrx_word' id='word_1_145' title='bbox 1618 1451 1673 1503; x_wconf 91' lang='lat' dir='ltr'><strong>in</strong></span> <span class='ocrx_word' id='word_1_146' title='bbox 1702 1449 1896 1505; x_wconf 65' lang='lat' dir='ltr'><strong>saecula</strong></span> <span class='ocrx_word' id='word_1_147' title='bbox 1921 1449 2144 1506; x_wconf 71' lang='lat' dir='ltr'><strong>samulo-</strong></span> 
     </span>
    </p>
   </div>
   <div class='ocr_carea' id='block_1_20' title="bbox 566 1524 929 1580">
    <p class='ocr_par' dir='ltr' id='par_1_20' title="bbox 566 1524 929 1580">
     <span class='ocr_line' id='line_1_20' title="bbox 566 1524 929 1580; baseline -0.011 0"><span class='ocrx_word' id='word_1_148' title='bbox 566 1541 710 1580; x_wconf 84' lang='lat' dir='ltr'><strong>rum.</strong></span> <span class='ocrx_word' id='word_1_149' title='bbox 737 1524 929 1579; x_wconf 87' lang='lat' dir='ltr'><strong>Amen.</strong></span> 
     </span>
    </p>
   </div>
   <div class='ocr_carea' id='block_1_21' title="bbox 673 1631 2032 1703">
    <p class='ocr_par' dir='ltr' id='par_1_21' title="bbox 673 1631 2032 1703">
     <span class='ocr_line' id='line_1_21' title="bbox 673 1631 2032 1703; baseline -0.002 -14"><span class='ocrx_word' id='word_1_150' title='bbox 673 1634 808 1689; x_wconf 87' lang='lat' dir='ltr'><strong>Item</strong></span> <span class='ocrx_word' id='word_1_151' title='bbox 843 1633 1011 1688; x_wconf 79' lang='lat' dir='ltr'><strong>oratio</strong></span> <span class='ocrx_word' id='word_1_152' title='bbox 1042 1632 1277 1703; x_wconf 81' lang='lat' dir='ltr'><strong>ejusdem</strong></span> <span class='ocrx_word' id='word_1_153' title='bbox 1308 1640 1490 1686; x_wconf 85' lang='lat' dir='ltr'><strong>contra</strong></span> <span class='ocrx_word' id='word_1_154' title='bbox 1524 1631 1796 1686; x_wconf 84' lang='lat' dir='ltr'><strong>illusiones</strong></span> <span class='ocrx_word' id='word_1_155' title='bbox 1825 1631 2032 1686; x_wconf 83' lang='lat' dir='ltr'><strong>somnii.</strong></span> 
     </span>
    </p>
   </div>
   <div class='ocr_carea' id='block_1_22' title="bbox 573 1722 2138 1788">
    <p class='ocr_par' dir='ltr' id='par_1_22' title="bbox 573 1722 2138 1788">
     <span class='ocr_line' id='line_1_22' title="bbox 573 1722 2138 1788; baseline -0.003 -8"><span class='ocrx_word' id='word_1_156' title='bbox 573 1744 578 1748; x_wconf 91' lang='grc'><strong>·</strong></span> <span class='ocrx_word' id='word_1_157' title='bbox 637 1725 862 1780; x_wconf 84' lang='lat' dir='ltr'><strong>Domine</strong></span> <span class='ocrx_word' id='word_1_158' title='bbox 902 1723 1028 1778; x_wconf 73' lang='lat' dir='ltr'><strong>Iesu</strong></span> <span class='ocrx_word' id='word_1_159' title='bbox 1065 1722 1298 1785; x_wconf 85' lang='lat' dir='ltr'><strong>Christe,</strong></span> <span class='ocrx_word' id='word_1_160' title='bbox 1333 1723 1592 1779; x_wconf 87' lang='lat' dir='ltr'><strong>miserere</strong></span> <span class='ocrx_word' id='word_1_161' title='bbox 1619 1724 1745 1788; x_wconf 87' lang='lat' dir='ltr'><strong>mei,</strong></span> <span class='ocrx_word' id='word_1_162' title='bbox 1787 1732 1840 1778; x_wconf 86' lang='lat' dir='ltr'><strong>et</strong></span> <span class='ocrx_word' id='word_1_163' title='bbox 1864 1723 2055 1778; x_wconf 85' lang='lat' dir='ltr'><strong>cohibe</strong></span> <span class='ocrx_word' id='word_1_164' title='bbox 2085 1724 2138 1777; x_wconf 93' lang='lat' dir='ltr'><strong>in</strong></span> 
     </span>
    </p>
   </div>
   <div class='ocr_carea' id='block_1_23' title="bbox 565 1791 2138 1862">
    <p class='ocr_par' dir='ltr' id='par_1_23' title="bbox 565 1791 2138 1862">
     <span class='ocr_line' id='line_1_23' title="bbox 565 1791 2138 1862; baseline -0.003 -12"><span class='ocrx_word' id='word_1_165' title='bbox 565 1811 652 1850; x_wconf 91' lang='lat' dir='ltr'><strong>me</strong></span> <span class='ocrx_word' id='word_1_166' title='bbox 682 1795 858 1849; x_wconf 91' lang='lat' dir='ltr'><strong>omnis</strong></span> <span class='ocrx_word' id='word_1_167' title='bbox 885 1795 1080 1862; x_wconf 69' lang='lat' dir='ltr'><strong>iniquae</strong></span> <span class='ocrx_word' id='word_1_168' title='bbox 1105 1791 1556 1862; x_wconf 66' lang='lat' dir='ltr'><strong>concupiscentiae</strong></span> <span class='ocrx_word' id='word_1_169' title='bbox 1581 1801 1816 1857; x_wconf 88' lang='lat' dir='ltr'><strong>motum;</strong></span> <span class='ocrx_word' id='word_1_170' title='bbox 1850 1794 1924 1847; x_wconf 90' lang='lat' dir='ltr'><strong>ita</strong></span> <span class='ocrx_word' id='word_1_171' title='bbox 1954 1801 2011 1846; x_wconf 92' lang='lat' dir='ltr'><strong>ut</strong></span> <span class='ocrx_word' id='word_1_172' title='bbox 2043 1809 2138 1847; x_wconf 82' lang='lat' dir='ltr'><strong>ne-</strong></span> 
     </span>
    </p>
   </div>
   <div class='ocr_carea' id='block_1_24' title="bbox 564 1862 2141 1934">
    <p class='ocr_par' dir='ltr' id='par_1_24' title="bbox 564 1862 2141 1934">
     <span class='ocr_line' id='line_1_24' title="bbox 564 1862 2141 1934; baseline -0.001 -16"><span class='ocrx_word' id='word_1_173' title='bbox 564 1881 670 1934; x_wconf 89' lang='lat' dir='ltr'><strong>que</strong></span> <span class='ocrx_word' id='word_1_174' title='bbox 697 1867 748 1919; x_wconf 93' lang='lat' dir='ltr'><strong>in</strong></span> <span class='ocrx_word' id='word_1_175' title='bbox 775 1863 976 1934; x_wconf 86' lang='lat' dir='ltr'><strong>somnis</strong></span> <span class='ocrx_word' id='word_1_176' title='bbox 1001 1863 1071 1917; x_wconf 90' lang='lat' dir='ltr'><strong>sit</strong></span> <span class='ocrx_word' id='word_1_177' title='bbox 1099 1862 1504 1934; x_wconf 74' lang='lat' dir='ltr'><strong>mihirebellis;</strong></span> <span class='ocrx_word' id='word_1_178' title='bbox 1539 1870 1596 1916; x_wconf 90' lang='lat' dir='ltr'><strong>ut</strong></span> <span class='ocrx_word' id='word_1_179' title='bbox 1619 1878 1722 1916; x_wconf 91' lang='lat' dir='ltr'><strong>non</strong></span> <span class='ocrx_word' id='word_1_180' title='bbox 1748 1879 1833 1924; x_wconf 85' lang='lat' dir='ltr'><strong>me</strong></span> <span class='ocrx_word' id='word_1_181' title='bbox 1855 1865 2141 1934; x_wconf 85' lang='lat' dir='ltr'><strong>compellat</strong></span> 
     </span>
    </p>
   </div>
   <div class='ocr_carea' id='block_1_25' title="bbox 563 1931 2138 2004">
    <p class='ocr_par' dir='ltr' id='par_1_25' title="bbox 563 1931 2138 2004">
     <span class='ocr_line' id='line_1_25' title="bbox 563 1931 2138 2004; baseline -0.001 -16"><span class='ocrx_word' id='word_1_182' title='bbox 563 1931 991 2004; x_wconf 78' lang='lat' dir='ltr'><strong>corruptelarum</strong></span> <span class='ocrx_word' id='word_1_183' title='bbox 1016 1931 1371 2001; x_wconf 90' lang='lat' dir='ltr'><strong>turpitudines</strong></span> <span class='ocrx_word' id='word_1_184' title='bbox 1393 1943 1726 2004; x_wconf 81' lang='lat' dir='ltr'><strong>perpetrare,</strong></span> <span class='ocrx_word' id='word_1_185' title='bbox 1751 1949 1869 2002; x_wconf 66' lang='lat' dir='ltr'><strong>qua:</strong></span> <span class='ocrx_word' id='word_1_186' title='bbox 1889 1931 1986 2003; x_wconf 84' lang='lat' dir='ltr'><strong>per</strong></span> <span class='ocrx_word' id='word_1_187' title='bbox 2007 1933 2138 1987; x_wconf 83' lang='lat' dir='ltr'><strong>ima-</strong></span> 
     </span>
    </p>
   </div>
   <div class='ocr_carea' id='block_1_26' title="bbox 563 2002 2138 2074">
    <p class='ocr_par' dir='ltr' id='par_1_26' title="bbox 563 2002 2138 2074">
     <span class='ocr_line' id='line_1_26' title="bbox 563 2002 2138 2074; baseline 0.001 -18"><span class='ocrx_word' id='word_1_188' title='bbox 563 2005 715 2074; x_wconf 84' lang='lat' dir='ltr'><strong>gines</strong></span> <span class='ocrx_word' id='word_1_189' title='bbox 728 2002 1004 2058; x_wconf 71' lang='lat' dir='ltr'><strong>animales</strong></span> <span class='ocrx_word' id='word_1_190' title='bbox 1035 2017 1118 2056; x_wconf 92' lang='lat' dir='ltr'><strong>mc</strong></span> <span class='ocrx_word' id='word_1_191' title='bbox 1141 2015 1312 2074; x_wconf 68' lang='lat' dir='ltr'><strong>usque</strong></span> <span class='ocrx_word' id='word_1_192' title='bbox 1339 2003 1408 2074; x_wconf 90' lang='lat' dir='ltr'><strong>ad</strong></span> <span class='ocrx_word' id='word_1_193' title='bbox 1431 2003 1612 2056; x_wconf 90' lang='lat' dir='ltr'><strong>carnis</strong></span> <span class='ocrx_word' id='word_1_194' title='bbox 1632 2002 1830 2056; x_wconf 84' lang='lat' dir='ltr'><strong>ﬂuxum</strong></span> <span class='ocrx_word' id='word_1_195' title='bbox 1860 2002 1911 2056; x_wconf 85' lang='lat' dir='ltr'><strong>in</strong></span> <span class='ocrx_word' id='word_1_196' title='bbox 1935 2004 2138 2058; x_wconf 87' lang='lat' dir='ltr'><strong>somnis</strong></span> 
     </span>
    </p>
   </div>
   <div class='ocr_carea' id='block_1_27' title="bbox 563 2071 2136 2140">
    <p class='ocr_par' dir='ltr' id='par_1_27' title="bbox 563 2071 2136 2140">
     <span class='ocr_line' id='line_1_27' title="bbox 563 2071 2136 2140; baseline -0.001 -13"><span class='ocrx_word' id='word_1_197' title='bbox 563 2071 828 2128; x_wconf 78' lang='lat' dir='ltr'><strong>conantur</strong></span> <span class='ocrx_word' id='word_1_198' title='bbox 854 2074 1129 2128; x_wconf 89' lang='lat' dir='ltr'><strong>seducere.</strong></span> <span class='ocrx_word' id='word_1_199' title='bbox 1162 2071 1270 2126; x_wconf 86' lang='lat' dir='ltr'><strong>Sed</strong></span> <span class='ocrx_word' id='word_1_200' title='bbox 1300 2073 1408 2126; x_wconf 73' lang='lat' dir='ltr'><strong>nec&#39;</strong></span> <span class='ocrx_word' id='word_1_201' title='bbox 1428 2074 1730 2127; x_wconf 85' lang='lat' dir='ltr'><strong>consentiat</strong></span> <span class='ocrx_word' id='word_1_202' title='bbox 1769 2074 1986 2140; x_wconf 83' lang='lat' dir='ltr'><strong>quidem</strong></span> <span class='ocrx_word' id='word_1_203' title='bbox 2015 2074 2136 2127; x_wconf 89' lang='lat' dir='ltr'><strong>ani-</strong></span> 
     </span>
    </p>
   </div>
   <div class='ocr_carea' id='block_1_28' title="bbox 563 2140 2144 2213">
    <p class='ocr_par' dir='ltr' id='par_1_28' title="bbox 563 2140 2144 2213">
     <span class='ocr_line' id='line_1_28' title="bbox 563 2140 2144 2213; baseline 0 -16"><span class='ocrx_word' id='word_1_204' title='bbox 563 2159 686 2198; x_wconf 88' lang='lat' dir='ltr'><strong>mus</strong></span> <span class='ocrx_word' id='word_1_205' title='bbox 711 2144 958 2213; x_wconf 72' lang='lat' dir='ltr'><strong>malignae</strong></span> <span class='ocrx_word' id='word_1_206' title='bbox 983 2142 1239 2213; x_wconf 76' lang='lat' dir='ltr'><strong>suasioni.</strong></span> <span class='ocrx_word' id='word_1_207' title='bbox 1289 2140 1422 2194; x_wconf 85' lang='lat' dir='ltr'><strong>Nam</strong></span> <span class='ocrx_word' id='word_1_208' title='bbox 1453 2151 1512 2196; x_wconf 91' lang='lat' dir='ltr'><strong>ut</strong></span> <span class='ocrx_word' id='word_1_209' title='bbox 1537 2143 1671 2196; x_wconf 88' lang='lat' dir='ltr'><strong>nihil</strong></span> <span class='ocrx_word' id='word_1_210' title='bbox 1709 2143 1812 2197; x_wconf 89' lang='lat' dir='ltr'><strong>tale</strong></span> <span class='ocrx_word' id='word_1_211' title='bbox 1840 2143 1924 2197; x_wconf 90' lang='lat' dir='ltr'><strong>vel</strong></span> <span class='ocrx_word' id='word_1_212' title='bbox 1960 2151 2144 2197; x_wconf 74' lang='lat' dir='ltr'><strong>tanto--</strong></span> 
     </span>
    </p>
   </div>
   <div class='ocr_carea' id='block_1_29' title="bbox 562 2211 2137 2281">
    <p class='ocr_par' dir='ltr' id='par_1_29' title="bbox 562 2211 2137 2281">
     <span class='ocr_line' id='line_1_29' title="bbox 562 2211 2137 2281; baseline 0.001 -16"><span class='ocrx_word' id='word_1_213' title='bbox 562 2213 673 2266; x_wconf 91' lang='lat' dir='ltr'><strong>lum</strong></span> <span class='ocrx_word' id='word_1_214' title='bbox 705 2211 868 2267; x_wconf 75' lang='lat' dir='ltr'><strong>libeat</strong></span> <span class='ocrx_word' id='word_1_215' title='bbox 892 2211 1209 2281; x_wconf 79' lang='lat' dir='ltr'><strong>quantulum</strong></span> <span class='ocrx_word' id='word_1_216' title='bbox 1232 2213 1399 2280; x_wconf 88' lang='lat' dir='ltr'><strong>possit</strong></span> <span class='ocrx_word' id='word_1_217' title='bbox 1436 2220 1567 2266; x_wconf 89' lang='lat' dir='ltr'><strong>nutu</strong></span> <span class='ocrx_word' id='word_1_218' title='bbox 1596 2213 1860 2277; x_wconf 80' lang='lat' dir='ltr'><strong>cohiberi,</strong></span> <span class='ocrx_word' id='word_1_219' title='bbox 1889 2214 2052 2266; x_wconf 88' lang='lat' dir='ltr'><strong>etiam</strong></span> <span class='ocrx_word' id='word_1_220' title='bbox 2083 2213 2137 2266; x_wconf 91' lang='lat' dir='ltr'><strong>in</strong></span> 
     </span>
    </p>
   </div>
   <div class='ocr_carea' id='block_1_30' title="bbox 563 2281 2138 2352">
    <p class='ocr_par' dir='ltr' id='par_1_30' title="bbox 563 2281 2138 2352">
     <span class='ocr_line' id='line_1_30' title="bbox 563 2281 2138 2352; baseline 0.001 -17"><span class='ocrx_word' id='word_1_221' title='bbox 563 2292 713 2337; x_wconf 90' lang='lat' dir='ltr'><strong>casto</strong></span> <span class='ocrx_word' id='word_1_222' title='bbox 739 2283 1056 2336; x_wconf 84' lang='lat' dir='ltr'><strong>dormientis</strong></span> <span class='ocrx_word' id='word_1_223' title='bbox 1085 2281 1278 2336; x_wconf 82' lang='lat' dir='ltr'><strong>all&#39;ectu</strong></span> <span class='ocrx_word' id='word_1_224' title='bbox 1314 2298 1418 2335; x_wconf 90' lang='lat' dir='ltr'><strong>non</strong></span> <span class='ocrx_word' id='word_1_225' title='bbox 1454 2297 1708 2350; x_wconf 84' lang='lat' dir='ltr'><strong>magnum</strong></span> <span class='ocrx_word' id='word_1_226' title='bbox 1736 2291 1819 2336; x_wconf 87' lang='lat' dir='ltr'><strong>est</strong></span> <span class='ocrx_word' id='word_1_227' title='bbox 1856 2291 2018 2352; x_wconf 83' lang='lat' dir='ltr'><strong>agere</strong></span> <span class='ocrx_word' id='word_1_228' title='bbox 2043 2283 2138 2336; x_wconf 87' lang='lat' dir='ltr'><strong>tibi</strong></span> 
     </span>
    </p>
   </div>
   <div class='ocr_carea' id='block_1_31' title="bbox 562 2351 2138 2422">
    <p class='ocr_par' dir='ltr' id='par_1_31' title="bbox 562 2351 2138 2422">
     <span class='ocr_line' id='line_1_31' title="bbox 562 2351 2138 2422; baseline 0 -16"><span class='ocrx_word' id='word_1_229' title='bbox 562 2352 915 2422; x_wconf 86' lang='lat' dir='ltr'><strong>omnipotenti</strong></span> <span class='ocrx_word' id='word_1_230' title='bbox 947 2353 1090 2422; x_wconf 88' lang='lat' dir='ltr'><strong>Deo,</strong></span> <span class='ocrx_word' id='word_1_231' title='bbox 1119 2351 1210 2420; x_wconf 91' lang='lat' dir='ltr'><strong>qui</strong></span> <span class='ocrx_word' id='word_1_232' title='bbox 1241 2352 1389 2406; x_wconf 81' lang='lat' dir='ltr'><strong>vales</strong></span> <span class='ocrx_word' id='word_1_233' title='bbox 1414 2352 1591 2406; x_wconf 84' lang='lat' dir='ltr'><strong>facere</strong></span> <span class='ocrx_word' id='word_1_234' title='bbox 1619 2368 1778 2421; x_wconf 87' lang='lat' dir='ltr'><strong>supra</strong></span> <span class='ocrx_word' id='word_1_235' title='bbox 1809 2351 1970 2420; x_wconf 88' lang='lat' dir='ltr'><strong>quam</strong></span> <span class='ocrx_word' id='word_1_236' title='bbox 1999 2353 2138 2421; x_wconf 87' lang='lat' dir='ltr'><strong>peti-</strong></span> 
     </span>
    </p>
   </div>
   <div class='ocr_carea' id='block_1_32' title="bbox 563 2421 2139 2490">
    <p class='ocr_par' dir='ltr' id='par_1_32' title="bbox 563 2421 2139 2490">
     <span class='ocr_line' id='line_1_32' title="bbox 563 2421 2139 2490; baseline 0.001 -16"><span class='ocrx_word' id='word_1_237' title='bbox 563 2436 686 2476; x_wconf 92' lang='lat' dir='ltr'><strong>mus</strong></span> <span class='ocrx_word' id='word_1_238' title='bbox 711 2421 805 2476; x_wconf 88' lang='lat' dir='ltr'><strong>aut</strong></span> <span class='ocrx_word' id='word_1_239' title='bbox 832 2421 1176 2490; x_wconf 80' lang='lat' dir='ltr'><strong>intelligimus</strong></span> <span class='ocrx_word' id='word_1_240' title='bbox 1204 2439 1216 2472; x_wconf 94' lang='lat'>:</span> <span class='ocrx_word' id='word_1_241' title='bbox 1240 2437 1381 2474; x_wconf 90' lang='lat' dir='ltr'><strong>nunc</strong></span> <span class='ocrx_word' id='word_1_242' title='bbox 1423 2433 1598 2474; x_wconf 88' lang='lat' dir='ltr'><strong>tamen</strong></span> <span class='ocrx_word' id='word_1_243' title='bbox 1639 2422 1770 2490; x_wconf 89' lang='lat' dir='ltr'><strong>quid</strong></span> <span class='ocrx_word' id='word_1_244' title='bbox 1800 2423 1978 2476; x_wconf 90' lang='lat' dir='ltr'><strong>adhuc</strong></span> <span class='ocrx_word' id='word_1_245' title='bbox 2018 2437 2139 2476; x_wconf 87' lang='lat' dir='ltr'><strong>sum</strong></span> 
     </span>
    </p>
   </div>
   <div class='ocr_carea' id='block_1_33' title="bbox 563 2489 2136 2560">
    <p class='ocr_par' dir='ltr' id='par_1_33' title="bbox 563 2489 2136 2560">
     <span class='ocr_line' id='line_1_33' title="bbox 563 2489 2136 2560; baseline 0.001 -16"><span class='ocrx_word' id='word_1_246' title='bbox 563 2489 623 2544; x_wconf 89' lang='lat' dir='ltr'><strong>in</strong></span> <span class='ocrx_word' id='word_1_247' title='bbox 653 2491 754 2546; x_wconf 88' lang='lat' dir='ltr'><strong>hoc</strong></span> <span class='ocrx_word' id='word_1_248' title='bbox 793 2505 990 2560; x_wconf 81' lang='lat' dir='ltr'><strong>genere</strong></span> <span class='ocrx_word' id='word_1_249' title='bbox 1011 2489 1143 2544; x_wconf 85' lang='lat' dir='ltr'><strong>mali</strong></span> <span class='ocrx_word' id='word_1_250' title='bbox 1181 2491 1285 2545; x_wconf 90' lang='lat' dir='ltr'><strong>mei</strong></span> <span class='ocrx_word' id='word_1_251' title='bbox 1315 2491 1424 2545; x_wconf 78' lang='lat' dir='ltr'><strong>dixi</strong></span> <span class='ocrx_word' id='word_1_252' title='bbox 1451 2491 1547 2544; x_wconf 88' lang='lat' dir='ltr'><strong>tibi</strong></span> <span class='ocrx_word' id='word_1_253' title='bbox 1575 2489 1716 2544; x_wconf 85' lang='lat' dir='ltr'><strong>bono</strong></span> <span class='ocrx_word' id='word_1_254' title='bbox 1741 2490 1967 2546; x_wconf 91' lang='lat' dir='ltr'><strong>Domino</strong></span> <span class='ocrx_word' id='word_1_255' title='bbox 1994 2507 2136 2558; x_wconf 90' lang='lat' dir='ltr'><strong>meo,</strong></span> 
     </span>
    </p>
   </div>
   <div class='ocr_carea' id='block_1_34' title="bbox 563 2561 2142 2628">
    <p class='ocr_par' dir='ltr' id='par_1_34' title="bbox 563 2561 2142 2628">
     <span class='ocr_line' id='line_1_34' title="bbox 563 2561 2142 2628; baseline 0.001 -13"><span class='ocrx_word' id='word_1_256' title='bbox 563 2561 842 2616; x_wconf 75' lang='lat' dir='ltr'><strong>exsultans</strong></span> <span class='ocrx_word' id='word_1_257' title='bbox 879 2576 1000 2616; x_wconf 89' lang='lat' dir='ltr'><strong>cum</strong></span> <span class='ocrx_word' id='word_1_258' title='bbox 1036 2568 1266 2615; x_wconf 87' lang='lat' dir='ltr'><strong>tremore</strong></span> <span class='ocrx_word' id='word_1_259' title='bbox 1302 2561 1355 2614; x_wconf 90' lang='lat' dir='ltr'><strong>in</strong></span> <span class='ocrx_word' id='word_1_260' title='bbox 1383 2576 1448 2615; x_wconf 90' lang='lat' dir='ltr'><strong>eo</strong></span> <span class='ocrx_word' id='word_1_261' title='bbox 1476 2561 1618 2628; x_wconf 90' lang='lat' dir='ltr'><strong>quod</strong></span> <span class='ocrx_word' id='word_1_262' title='bbox 1646 2561 1860 2615; x_wconf 81' lang='lat' dir='ltr'><strong>donasti</strong></span> <span class='ocrx_word' id='word_1_263' title='bbox 1901 2562 2055 2625; x_wconf 89' lang='lat' dir='ltr'><strong>mihi,</strong></span> <span class='ocrx_word' id='word_1_264' title='bbox 2085 2571 2142 2616; x_wconf 88' lang='lat' dir='ltr'><strong>et</strong></span> 
     </span>
    </p>
   </div>
   <div class='ocr_carea' id='block_1_35' title="bbox 561 2629 2144 2702">
    <p class='ocr_par' dir='ltr' id='par_1_35' title="bbox 561 2629 2144 2702">
     <span class='ocr_line' id='line_1_35' title="bbox 561 2629 2144 2702; baseline 0.001 -18"><span class='ocrx_word' id='word_1_265' title='bbox 561 2629 750 2702; x_wconf 79' lang='lat' dir='ltr'><strong>lugens</strong></span> <span class='ocrx_word' id='word_1_266' title='bbox 778 2631 831 2684; x_wconf 91' lang='lat' dir='ltr'><strong>in</strong></span> <span class='ocrx_word' id='word_1_267' title='bbox 860 2646 926 2686; x_wconf 92' lang='lat' dir='ltr'><strong>eo</strong></span> <span class='ocrx_word' id='word_1_268' title='bbox 954 2631 1098 2702; x_wconf 80' lang='lat' dir='ltr'><strong>quod</strong></span> <span class='ocrx_word' id='word_1_269' title='bbox 1143 2631 1316 2686; x_wconf 91' lang='lat' dir='ltr'><strong>adhuc</strong></span> <span class='ocrx_word' id='word_1_270' title='bbox 1353 2631 1700 2702; x_wconf 81' lang='lat' dir='ltr'><strong>imperfectus</strong></span> <span class='ocrx_word' id='word_1_271' title='bbox 1744 2646 1886 2695; x_wconf 90' lang='lat' dir='ltr'><strong>sum,</strong></span> <span class='ocrx_word' id='word_1_272' title='bbox 1913 2645 2144 2701; x_wconf 75' lang='lat' dir='ltr'><strong>sperans</strong></span> 
     </span>
    </p>
   </div>
   <div class='ocr_carea' id='block_1_36' title="bbox 559 2700 2142 2771">
    <p class='ocr_par' dir='ltr' id='par_1_36' title="bbox 559 2700 2142 2771">
     <span class='ocr_line' id='line_1_36' title="bbox 559 2700 2142 2771; baseline 0.001 -17"><span class='ocrx_word' id='word_1_273' title='bbox 559 2700 925 2771; x_wconf 81' lang='lat' dir='ltr'><strong>perfecturum</strong></span> <span class='ocrx_word' id='word_1_274' title='bbox 957 2709 1008 2754; x_wconf 89' lang='lat' dir='ltr'><strong>te</strong></span> <span class='ocrx_word' id='word_1_275' title='bbox 1035 2701 1088 2754; x_wconf 92' lang='lat' dir='ltr'><strong>in</strong></span> <span class='ocrx_word' id='word_1_276' title='bbox 1117 2715 1202 2754; x_wconf 92' lang='lat' dir='ltr'><strong>me</strong></span> <span class='ocrx_word' id='word_1_277' title='bbox 1248 2700 1648 2771; x_wconf 83' lang='lat' dir='ltr'><strong>misericordias</strong></span> <span class='ocrx_word' id='word_1_278' title='bbox 1688 2708 1842 2763; x_wconf 89' lang='lat' dir='ltr'><strong>tuas,</strong></span> <span class='ocrx_word' id='word_1_279' title='bbox 1875 2700 2046 2770; x_wconf 83' lang='lat' dir='ltr'><strong>usque</strong></span> <span class='ocrx_word' id='word_1_280' title='bbox 2073 2703 2142 2757; x_wconf 90' lang='lat' dir='ltr'><strong>ad</strong></span> 
     </span>
    </p>
   </div>
   <div class='ocr_carea' id='block_1_37' title="bbox 561 2769 2142 2841">
    <p class='ocr_par' dir='ltr' id='par_1_37' title="bbox 561 2769 2142 2841">
     <span class='ocr_line' id='line_1_37' title="bbox 561 2769 2142 2841; baseline 0.001 -17"><span class='ocrx_word' id='word_1_281' title='bbox 561 2769 859 2841; x_wconf 81' lang='lat' dir='ltr'><strong>plenariam</strong></span> <span class='ocrx_word' id='word_1_282' title='bbox 891 2785 1075 2840; x_wconf 89' lang='lat' dir='ltr'><strong>pacem</strong></span> <span class='ocrx_word' id='word_1_283' title='bbox 1103 2786 1264 2838; x_wconf 87' lang='lat' dir='ltr'><strong>quam</strong></span> <span class='ocrx_word' id='word_1_284' title='bbox 1293 2779 1468 2841; x_wconf 85' lang='lat' dir='ltr'><strong>tecum</strong></span> <span class='ocrx_word' id='word_1_285' title='bbox 1497 2769 1770 2824; x_wconf 86' lang='lat' dir='ltr'><strong>habebunt</strong></span> <span class='ocrx_word' id='word_1_286' title='bbox 1799 2769 2056 2841; x_wconf 83' lang='lat' dir='ltr'><strong>interiora</strong></span> <span class='ocrx_word' id='word_1_287' title='bbox 2086 2780 2142 2826; x_wconf 92' lang='lat' dir='ltr'><strong>et</strong></span> 
     </span>
    </p>
   </div>
   <div class='ocr_carea' id='block_1_38' title="bbox 562 2839 2136 2904">
    <p class='ocr_par' dir='ltr' id='par_1_38' title="bbox 562 2839 2136 2904">
     <span class='ocr_line' id='line_1_38' title="bbox 562 2839 2136 2904; baseline 0.001 -10"><span class='ocrx_word' id='word_1_288' title='bbox 562 2839 836 2896; x_wconf 73' lang='lat' dir='ltr'><strong>exteriora</strong></span> <span class='ocrx_word' id='word_1_289' title='bbox 865 2839 1006 2904; x_wconf 83' lang='lat' dir='ltr'><strong>mea,</strong></span> <span class='ocrx_word' id='word_1_290' title='bbox 1039 2855 1160 2894; x_wconf 87' lang='lat' dir='ltr'><strong>cum</strong></span> <span class='ocrx_word' id='word_1_291' title='bbox 1189 2841 1404 2894; x_wconf 85' lang='lat' dir='ltr'><strong>absorta</strong></span> <span class='ocrx_word' id='word_1_292' title='bbox 1433 2839 1599 2893; x_wconf 79' lang='lat' dir='ltr'><strong>fuerit</strong></span> <span class='ocrx_word' id='word_1_293' title='bbox 1629 2855 1777 2894; x_wconf 90' lang='lat' dir='ltr'><strong>mora</strong></span> <span class='ocrx_word' id='word_1_294' title='bbox 1807 2839 1859 2893; x_wconf 92' lang='lat' dir='ltr'><strong>in</strong></span> <span class='ocrx_word' id='word_1_295' title='bbox 1889 2841 2136 2895; x_wconf 82' lang='lat' dir='ltr'><strong>victoria.</strong></span> 
     </span>
    </p>
   </div>
   <div class='ocr_carea' id='block_1_39' title="bbox 561 2909 2140 2978">
    <p class='ocr_par' dir='ltr' id='par_1_39' title="bbox 561 2909 2140 2978">
     <span class='ocr_line' id='line_1_39' title="bbox 561 2909 2140 2978; baseline 0.001 -14"><span class='ocrx_word' id='word_1_296' title='bbox 561 2909 763 2965; x_wconf 76' lang='lat' dir='ltr'><strong>Przesta</strong></span> <span class='ocrx_word' id='word_1_297' title='bbox 799 2912 900 2966; x_wconf 82' lang='lat' dir='ltr'><strong>hoc.</strong></span> <span class='ocrx_word' id='word_1_298' title='bbox 928 2919 982 2965; x_wconf 90' lang='lat' dir='ltr'><strong>et</strong></span> <span class='ocrx_word' id='word_1_299' title='bbox 1007 2910 1115 2972; x_wconf 86' lang='lat' dir='ltr'><strong>fac,</strong></span> <span class='ocrx_word' id='word_1_300' title='bbox 1143 2911 1484 2978; x_wconf 87' lang='lat' dir='ltr'><strong>omnipotens</strong></span> <span class='ocrx_word' id='word_1_301' title='bbox 1511 2909 1669 2972; x_wconf 90' lang='lat' dir='ltr'><strong>Deus,</strong></span> <span class='ocrx_word' id='word_1_302' title='bbox 1689 2910 1782 2978; x_wconf 90' lang='lat' dir='ltr'><strong>qui</strong></span> <span class='ocrx_word' id='word_1_303' title='bbox 1810 2910 1946 2965; x_wconf 81' lang='lat' dir='ltr'><strong>vivis</strong></span> <span class='ocrx_word' id='word_1_304' title='bbox 1970 2921 2024 2964; x_wconf 89' lang='lat' dir='ltr'><strong>et</strong></span> <span class='ocrx_word' id='word_1_305' title='bbox 2051 2926 2140 2967; x_wconf 86' lang='lat' dir='ltr'><strong>re-</strong></span> 
     </span>
    </p>
   </div>
   <div class='ocr_carea' id='block_1_40' title="bbox 562 2978 1600 3050">
    <p class='ocr_par' dir='ltr' id='par_1_40' title="bbox 562 2978 1600 3050">
     <span class='ocr_line' id='line_1_40' title="bbox 562 2978 1600 3050; baseline -0.001 -16"><span class='ocrx_word' id='word_1_306' title='bbox 562 2997 696 3050; x_wconf 79' lang='lat' dir='ltr'><strong>gnas</strong></span> <span class='ocrx_word' id='word_1_307' title='bbox 725 2981 780 3034; x_wconf 90' lang='lat' dir='ltr'><strong>in</strong></span> <span class='ocrx_word' id='word_1_308' title='bbox 812 2982 1008 3036; x_wconf 68' lang='lat' dir='ltr'><strong>saecula</strong></span> <span class='ocrx_word' id='word_1_309' title='bbox 1037 2979 1374 3034; x_wconf 68' lang='lat' dir='ltr'><strong>smculorum.</strong></span> <span class='ocrx_word' id='word_1_310' title='bbox 1404 2978 1600 3034; x_wconf 84' lang='lat' dir='ltr'><strong>Amen.</strong></span> 
     </span>
    </p>
   </div>
   <div class='ocr_carea' id='block_1_41' title="bbox 881 3089 1818 3161">
    <p class='ocr_par' dir='ltr' id='par_1_41' title="bbox 881 3089 1818 3161">
     <span class='ocr_line' id='line_1_41' title="bbox 881 3089 1818 3161; baseline 0.004 -18"><span class='ocrx_word' id='word_1_311' title='bbox 881 3089 1017 3143; x_wconf 89' lang='lat' dir='ltr'><strong>Item</strong></span> <span class='ocrx_word' id='word_1_312' title='bbox 1045 3091 1213 3145; x_wconf 80' lang='lat' dir='ltr'><strong>oratio</strong></span> <span class='ocrx_word' id='word_1_313' title='bbox 1243 3100 1425 3145; x_wconf 87' lang='lat' dir='ltr'><strong>contra</strong></span> <span class='ocrx_word' id='word_1_314' title='bbox 1454 3092 1590 3161; x_wconf 72' lang='lat' dir='ltr'><strong>gula:</strong></span> <span class='ocrx_word' id='word_1_315' title='bbox 1618 3093 1818 3147; x_wconf 83' lang='lat' dir='ltr'><strong>ritium.</strong></span> 
     </span>
    </p>
   </div>
   <div class='ocr_carea' id='block_1_42' title="bbox 632 3180 2138 3252">
    <p class='ocr_par' dir='ltr' id='par_1_42' title="bbox 632 3180 2138 3252">
     <span class='ocr_line' id='line_1_42' title="bbox 632 3180 2138 3252; baseline 0.001 -17"><span class='ocrx_word' id='word_1_316' title='bbox 632 3181 985 3252; x_wconf 83' lang='lat' dir='ltr'><strong>Omnipotens</strong></span> <span class='ocrx_word' id='word_1_317' title='bbox 1008 3180 1481 3252; x_wconf 72' lang='lat' dir='ltr'><strong>miiissimeDeus,</strong></span> <span class='ocrx_word' id='word_1_318' title='bbox 1505 3190 1594 3236; x_wconf 90' lang='lat' dir='ltr'><strong>tua</strong></span> <span class='ocrx_word' id='word_1_319' title='bbox 1621 3185 1796 3252; x_wconf 85' lang='lat' dir='ltr'><strong>gratia</strong></span> <span class='ocrx_word' id='word_1_320' title='bbox 1821 3183 2138 3252; x_wconf 86' lang='lat' dir='ltr'><strong>inspirante,</strong></span> 
     </span>
    </p>
   </div>
   <div class='ocr_carea' id='block_1_43' title="bbox 563 3249 2143 3320">
    <p class='ocr_par' dir='ltr' id='par_1_43' title="bbox 563 3249 2143 3320">
     <span class='ocr_line' id='line_1_43' title="bbox 563 3249 2143 3320; baseline 0.001 -15"><span class='ocrx_word' id='word_1_321' title='bbox 563 3261 620 3305; x_wconf 87' lang='lat' dir='ltr'><strong>et</strong></span> <span class='ocrx_word' id='word_1_322' title='bbox 647 3261 738 3304; x_wconf 90' lang='lat' dir='ltr'><strong>tua</strong></span> <span class='ocrx_word' id='word_1_323' title='bbox 781 3249 1152 3304; x_wconf 85' lang='lat' dir='ltr'><strong>misericordia</strong></span> <span class='ocrx_word' id='word_1_324' title='bbox 1186 3250 1511 3320; x_wconf 73' lang='lat' dir='ltr'><strong>auxiliante,</strong></span> <span class='ocrx_word' id='word_1_325' title='bbox 1543 3249 1792 3320; x_wconf 82' lang='lat' dir='ltr'><strong>malignis</strong></span> <span class='ocrx_word' id='word_1_326' title='bbox 1835 3249 2143 3307; x_wconf 80' lang='lat' dir='ltr'><strong>tentationi-</strong></span> 
     </span>
    </p>
   </div>
   <div class='ocr_carea' id='block_1_44' title="bbox 562 3319 2146 3390">
    <p class='ocr_par' dir='ltr' id='par_1_44' title="bbox 562 3319 2146 3390">
     <span class='ocr_line' id='line_1_44' title="bbox 562 3319 2146 3390; baseline 0.001 -14"><span class='ocrx_word' id='word_1_327' title='bbox 562 3320 949 3390; x_wconf 27' lang='lat' dir='ltr'><strong>buquuotidie</strong></span> <span class='ocrx_word' id='word_1_328' title='bbox 993 3333 1162 3390; x_wconf 80' lang='lat' dir='ltr'><strong>conor</strong></span> <span class='ocrx_word' id='word_1_329' title='bbox 1209 3319 1485 3384; x_wconf 87' lang='lat' dir='ltr'><strong>resistere,</strong></span> <span class='ocrx_word' id='word_1_330' title='bbox 1516 3319 1807 3390; x_wconf 16' lang='lat' dir='ltr'><strong>etiinvoco</strong></span> <span class='ocrx_word' id='word_1_331' title='bbox 1846 3336 2008 3390; x_wconf 90' lang='lat' dir='ltr'><strong>super</strong></span> <span class='ocrx_word' id='word_1_332' title='bbox 2055 3339 2146 3377; x_wconf 88' lang='lat' dir='ltr'><strong>me</strong></span> 
     </span>
    </p>
   </div>
   <div class='ocr_carea' id='block_1_45' title="bbox 565 3388 2141 3458">
    <p class='ocr_par' dir='ltr' id='par_1_45' title="bbox 565 3388 2141 3458">
     <span class='ocr_line' id='line_1_45' title="bbox 565 3388 2141 3458; baseline 0.003 -15"><span class='ocrx_word' id='word_1_333' title='bbox 565 3388 828 3444; x_wconf 82' lang='lat' dir='ltr'><strong>auxilium</strong></span> <span class='ocrx_word' id='word_1_334' title='bbox 869 3389 1056 3458; x_wconf 80' lang='lat' dir='ltr'><strong>gratiae</strong></span> <span class='ocrx_word' id='word_1_335' title='bbox 1095 3397 1217 3450; x_wconf 70' lang='lat' dir='ltr'><strong>tum,</strong></span> <span class='ocrx_word' id='word_1_336' title='bbox 1251 3396 1305 3441; x_wconf 90' lang='lat' dir='ltr'><strong>et</strong></span> <span class='ocrx_word' id='word_1_337' title='bbox 1334 3390 1402 3443; x_wconf 90' lang='lat' dir='ltr'><strong>ad</strong></span> <span class='ocrx_word' id='word_1_338' title='bbox 1437 3399 1488 3443; x_wconf 88' lang='lat' dir='ltr'><strong>te</strong></span> <span class='ocrx_word' id='word_1_339' title='bbox 1516 3388 1694 3444; x_wconf 90' lang='lat' dir='ltr'><strong>refero</strong></span> <span class='ocrx_word' id='word_1_340' title='bbox 1737 3388 1928 3446; x_wconf 72' lang='lat' dir='ltr'><strong>:estuni</strong></span> <span class='ocrx_word' id='word_1_341' title='bbox 1973 3393 2141 3448; x_wconf 90' lang='lat' dir='ltr'><strong>animi</strong></span> 
     </span>
    </p>
   </div>
   <div class='ocr_carea' id='block_1_46' title="bbox 565 3458 2136 3528">
    <p class='ocr_par' dir='ltr' id='par_1_46' title="bbox 565 3458 2136 3528">
     <span class='ocr_line' id='line_1_46' title="bbox 565 3458 2136 3528; baseline 0.001 -14"><span class='ocrx_word' id='word_1_342' title='bbox 565 3460 696 3523; x_wconf 88' lang='lat' dir='ltr'><strong>mei,</strong></span> <span class='ocrx_word' id='word_1_343' title='bbox 721 3459 846 3528; x_wconf 89' lang='lat' dir='ltr'><strong>quia</strong></span> <span class='ocrx_word' id='word_1_344' title='bbox 875 3458 1158 3512; x_wconf 81' lang='lat' dir='ltr'><strong>consilium</strong></span> <span class='ocrx_word' id='word_1_345' title='bbox 1187 3458 1318 3512; x_wconf 90' lang='lat' dir='ltr'><strong>mihi</strong></span> <span class='ocrx_word' id='word_1_346' title='bbox 1349 3459 1414 3513; x_wconf 88' lang='lat' dir='ltr'><strong>de</strong></span> <span class='ocrx_word' id='word_1_347' title='bbox 1444 3460 1544 3515; x_wconf 89' lang='lat' dir='ltr'><strong>hac</strong></span> <span class='ocrx_word' id='word_1_348' title='bbox 1572 3475 1630 3514; x_wconf 91' lang='lat' dir='ltr'><strong>re</strong></span> <span class='ocrx_word' id='word_1_349' title='bbox 1657 3475 1763 3514; x_wconf 91' lang='lat' dir='ltr'><strong>non</strong></span> <span class='ocrx_word' id='word_1_350' title='bbox 1793 3469 1878 3516; x_wconf 90' lang='lat' dir='ltr'><strong>est</strong></span> <span class='ocrx_word' id='word_1_351' title='bbox 1903 3460 2136 3528; x_wconf 87' lang='lat' dir='ltr'><strong>aliunde,</strong></span> 
     </span>
    </p>
   </div>
   <div class='ocr_carea' id='block_1_47' title="bbox 565 3528 2139 3601">
    <p class='ocr_par' dir='ltr' id='par_1_47' title="bbox 565 3528 2139 3601">
     <span class='ocr_line' id='line_1_47' title="bbox 565 3528 2139 3601; baseline 0.004 -19"><span class='ocrx_word' id='word_1_352' title='bbox 565 3529 672 3601; x_wconf 77' lang='lat' dir='ltr'><strong>nisi</strong></span> <span class='ocrx_word' id='word_1_353' title='bbox 695 3543 724 3582; x_wconf 92' lang='lat' dir='ltr'><strong>a</strong></span> <span class='ocrx_word' id='word_1_354' title='bbox 751 3537 802 3582; x_wconf 90' lang='lat' dir='ltr'><strong>te</strong></span> <span class='ocrx_word' id='word_1_355' title='bbox 820 3529 962 3583; x_wconf 89' lang='lat' dir='ltr'><strong>Deus</strong></span> <span class='ocrx_word' id='word_1_356' title='bbox 982 3543 1132 3583; x_wconf 89' lang='lat' dir='ltr'><strong>meus</strong></span> <span class='ocrx_word' id='word_1_357' title='bbox 1157 3528 1524 3584; x_wconf 85' lang='lat' dir='ltr'><strong>misericordia</strong></span> <span class='ocrx_word' id='word_1_358' title='bbox 1546 3545 1686 3585; x_wconf 87' lang='lat' dir='ltr'><strong>mea.</strong></span> <span class='ocrx_word' id='word_1_359' title='bbox 1714 3530 1885 3585; x_wconf 81' lang='lat' dir='ltr'><strong>Audio</strong></span> <span class='ocrx_word' id='word_1_360' title='bbox 1908 3532 2139 3601; x_wconf 89' lang='lat' dir='ltr'><strong>denique</strong></span> 
     </span>
    </p>
   </div>
   <div class='ocr_carea' id='block_1_48' title="bbox 559 3597 2137 3670">
    <p class='ocr_par' dir='ltr' id='par_1_48' title="bbox 559 3597 2137 3670">
     <span class='ocr_line' id='line_1_48' title="bbox 559 3597 2137 3670; baseline 0.003 -18"><span class='ocrx_word' id='word_1_361' title='bbox 559 3597 840 3670; x_wconf 74' lang='lat' dir='ltr'><strong>iubentem</strong></span> <span class='ocrx_word' id='word_1_362' title='bbox 885 3614 1074 3670; x_wconf 87' lang='lat' dir='ltr'><strong>vocem</strong></span> <span class='ocrx_word' id='word_1_363' title='bbox 1121 3606 1296 3670; x_wconf 22' lang='lat' dir='ltr'><strong>tuatui,</strong></span> <span class='ocrx_word' id='word_1_364' title='bbox 1331 3615 1432 3670; x_wconf 83' lang='lat' dir='ltr'><strong>non</strong></span> <span class='ocrx_word' id='word_1_365' title='bbox 1465 3611 1745 3668; x_wconf 81' lang='lat' dir='ltr'><strong>graventur</strong></span> <span class='ocrx_word' id='word_1_366' title='bbox 1773 3601 1933 3654; x_wconf 83' lang='lat' dir='ltr'><strong>corda</strong></span> <span class='ocrx_word' id='word_1_367' title='bbox 1970 3597 2137 3656; x_wconf 68' lang='lat' dir='ltr'><strong>vestra</strong></span> 
     </span>
    </p>
   </div>
   <div class='ocr_carea' id='block_1_49' title="bbox 565 3667 2133 3739">
    <p class='ocr_par' dir='ltr' id='par_1_49' title="bbox 565 3667 2133 3739">
     <span class='ocr_line' id='line_1_49' title="bbox 565 3667 2133 3739; baseline 0.003 -17"><span class='ocrx_word' id='word_1_368' title='bbox 565 3667 622 3722; x_wconf 80' lang='lat' dir='ltr'><strong>in</strong></span> <span class='ocrx_word' id='word_1_369' title='bbox 645 3667 860 3739; x_wconf 73' lang='lat' dir='ltr'><strong>crapula</strong></span> <span class='ocrx_word' id='word_1_370' title='bbox 887 3678 934 3721; x_wconf 87' lang='lat' dir='ltr'><strong>et</strong></span> <span class='ocrx_word' id='word_1_371' title='bbox 954 3667 1592 3739; x_wconf 75' lang='lat' dir='ltr'><strong>ebrietate._Ebrietatem,</strong></span> <span class='ocrx_word' id='word_1_372' title='bbox 1622 3685 1770 3739; x_wconf 88' lang='lat' dir='ltr'><strong>rogo,</strong></span> <span class='ocrx_word' id='word_1_373' title='bbox 1808 3671 2133 3734; x_wconf 87' lang='lat' dir='ltr'><strong>misericors,</strong></span> 
     </span>
    </p>
   </div>
   <div class='ocr_carea' id='block_1_50' title="bbox 566 3737 2142 3809">
    <p class='ocr_par' dir='ltr' id='par_1_50' title="bbox 566 3737 2142 3809">
     <span class='ocr_line' id='line_1_50' title="bbox 566 3737 2142 3809; baseline 0.003 -17"><span class='ocrx_word' id='word_1_374' title='bbox 566 3737 808 3809; x_wconf 43' lang='lat' dir='ltr'><strong>utlon&#39;ge</strong></span> <span class='ocrx_word' id='word_1_375' title='bbox 838 3738 1005 3792; x_wconf 82' lang='lat' dir='ltr'><strong>facias</strong></span> <span class='ocrx_word' id='word_1_376' title='bbox 1030 3753 1060 3792; x_wconf 87' lang='lat' dir='ltr'><strong>a</strong></span> <span class='ocrx_word' id='word_1_377' title='bbox 1092 3755 1198 3792; x_wconf 90' lang='lat' dir='ltr'><strong>me.</strong></span> <span class='ocrx_word' id='word_1_378' title='bbox 1232 3737 1486 3792; x_wconf 86' lang='lat' dir='ltr'><strong>Miserere</strong></span> <span class='ocrx_word' id='word_1_379' title='bbox 1517 3753 1583 3792; x_wconf 87' lang='lat' dir='ltr'><strong>ne</strong></span> <span class='ocrx_word' id='word_1_380' title='bbox 1611 3737 1844 3809; x_wconf 80' lang='lat' dir='ltr'><strong>decipiat</strong></span> <span class='ocrx_word' id='word_1_381' title='bbox 1869 3755 1974 3794; x_wconf 87' lang='lat' dir='ltr'><strong>me.</strong></span> <span class='ocrx_word' id='word_1_382' title='bbox 2007 3741 2142 3796; x_wconf 90' lang='lat' dir='ltr'><strong>Cra-</strong></span> 
     </span>
    </p>
   </div>
   <div class='ocr_carea' id='block_1_51' title="bbox 565 3808 2148 3878">
    <p class='ocr_par' dir='ltr' id='par_1_51' title="bbox 565 3808 2148 3878">
     <span class='ocr_line' id='line_1_51' title="bbox 565 3808 2148 3878; baseline 0 -16"><span class='ocrx_word' id='word_1_383' title='bbox 565 3808 688 3878; x_wconf 89' lang='lat' dir='ltr'><strong>pula</strong></span> <span class='ocrx_word' id='word_1_384' title='bbox 718 3817 898 3864; x_wconf 90' lang='lat' dir='ltr'><strong>autem</strong></span> <span class='ocrx_word' id='word_1_385' title='bbox 928 3824 1312 3876; x_wconf 87' lang='lat' dir='ltr'><strong>nonnunquam</strong></span> <span class='ocrx_word' id='word_1_386' title='bbox 1356 3809 1586 3878; x_wconf 87' lang='lat' dir='ltr'><strong>subripit</strong></span> <span class='ocrx_word' id='word_1_387' title='bbox 1626 3808 1783 3864; x_wconf 76' lang='lat' dir='ltr'><strong>servo</strong></span> <span class='ocrx_word' id='word_1_388' title='bbox 1814 3819 1941 3874; x_wconf 91' lang='lat' dir='ltr'><strong>tuo;</strong></span> <span class='ocrx_word' id='word_1_389' title='bbox 1971 3811 2148 3867; x_wconf 54' lang='lat' dir='ltr'><strong>mise—</strong></span> 
     </span>
    </p>
   </div>
   <div class='ocr_carea' id='block_1_52' title="bbox 566 3878 2138 3999">
    <p class='ocr_par' dir='ltr' id='par_1_52' title="bbox 566 3878 2138 3999">
     <span class='ocr_line' id='line_1_52' title="bbox 566 3878 2138 3999; baseline 0.004 -67"><span class='ocrx_word' id='word_1_390' title='bbox 566 3893 708 3939; x_wconf 88' lang='lat' dir='ltr'><strong>rere,</strong></span> <span class='ocrx_word' id='word_1_391' title='bbox 742 3886 802 3932; x_wconf 92' lang='lat' dir='ltr'><strong>ut</strong></span> <span class='ocrx_word' id='word_1_392' title='bbox 829 3887 1042 3932; x_wconf 78' lang='lat' dir='ltr'><strong>avertas</strong></span> <span class='ocrx_word' id='word_1_393' title='bbox 1068 3893 1187 3933; x_wconf 89' lang='lat' dir='ltr'><strong>eam</strong></span> <span class='ocrx_word' id='word_1_394' title='bbox 1224 3893 1255 3930; x_wconf 88' lang='lat' dir='ltr'><strong>a</strong></span> <span class='ocrx_word' id='word_1_395' title='bbox 1281 3894 1385 3999; x_wconf 50' lang='lat' dir='ltr'><strong>nire.</strong></span> <span class='ocrx_word' id='word_1_396' title='bbox 1436 3878 1605 3934; x_wconf 89' lang='lat' dir='ltr'><strong>Nemo</strong></span> <span class='ocrx_word' id='word_1_397' title='bbox 1625 3880 1766 3934; x_wconf 88' lang='lat' dir='ltr'><strong>enim</strong></span> <span class='ocrx_word' id='word_1_398' title='bbox 1797 3887 1977 3948; x_wconf 85' lang='lat' dir='ltr'><strong>potest</strong></span> <span class='ocrx_word' id='word_1_399' title='bbox 2018 3897 2138 3938; x_wconf 86' lang='lat' dir='ltr'><strong>esse</strong></span> 
     </span>
     <span class='ocr_line' id='line_1_53' title="bbox 566 3947 2138 3999; baseline 0 0"><span class='ocrx_word' id='word_1_400' title='bbox 566 3948 876 3999; x_wconf 83' lang='lat' dir='ltr'><strong>continens.</strong></span> <span class='ocrx_word' id='word_1_401' title='bbox 907 3948 1010 3999; x_wconf 86' lang='lat' dir='ltr'><strong>nisi</strong></span> <span class='ocrx_word' id='word_1_402' title='bbox 1041 3956 1096 3999; x_wconf 90' lang='lat' dir='ltr'><strong>tu</strong></span> <span class='ocrx_word' id='word_1_403' title='bbox 1127 3949 1240 3999; x_wconf 89' lang='lat' dir='ltr'><strong>des.</strong></span> <span class='ocrx_word' id='word_1_404' title='bbox 1275 3947 1302 3999; x_wconf 65' lang='grc' dir='ltr'><strong>Β</strong></span> <span class='ocrx_word' id='word_1_405' title='bbox 1330 3947 1438 3999; x_wconf 88' lang='lat' dir='ltr'><strong>ulta</strong></span> <span class='ocrx_word' id='word_1_406' title='bbox 1479 3949 1622 3999; x_wconf 91' lang='lat' dir='ltr'><strong>bona</strong></span> <span class='ocrx_word' id='word_1_407' title='bbox 1663 3951 1816 3999; x_wconf 88' lang='lat' dir='ltr'><strong>nobis</strong></span> <span class='ocrx_word' id='word_1_408' title='bbox 1855 3951 2138 3999; x_wconf 75' lang='lat' dir='ltr'><strong>orantibus</strong></span> 
     </span>
    </p>
   </div>
   <div class='ocr_carea' id='block_1_53' title="bbox 562 3947 2138 4011">
    <p class='ocr_par' dir='ltr' id='par_1_53' title="bbox 562 3947 2138 4011">
     <span class='ocr_line' id='line_1_54' title="bbox 562 3947 2138 4011; baseline 0.003 -9"><span class='ocrx_word' id='word_1_409' title='bbox 562 3948 876 4011; x_wconf 88' lang='lat' dir='ltr'><strong>continens,</strong></span> <span class='ocrx_word' id='word_1_410' title='bbox 907 3948 1010 4002; x_wconf 86' lang='lat' dir='ltr'><strong>nisi</strong></span> <span class='ocrx_word' id='word_1_411' title='bbox 1041 3956 1096 4001; x_wconf 91' lang='lat' dir='ltr'><strong>tu</strong></span> <span class='ocrx_word' id='word_1_412' title='bbox 1127 3949 1240 4002; x_wconf 91' lang='lat' dir='ltr'><strong>des.</strong></span> <span class='ocrx_word' id='word_1_413' title='bbox 1275 3947 1438 4001; x_wconf 81' lang='lat' dir='ltr'><strong>Multa</strong></span> <span class='ocrx_word' id='word_1_414' title='bbox 1479 3949 1622 4002; x_wconf 88' lang='lat' dir='ltr'><strong>bona</strong></span> <span class='ocrx_word' id='word_1_415' title='bbox 1663 3947 1816 4004; x_wconf 80' lang='lat' dir='ltr'><strong>nobis</strong></span> <span class='ocrx_word' id='word_1_416' title='bbox 1855 3951 2138 4007; x_wconf 86' lang='lat' dir='ltr'><strong>orantibus</strong></span> 
     </span>
    </p>
   </div>
   <div class='ocr_carea' id='block_1_54' title="bbox 563 4017 2140 4086">
    <p class='ocr_par' dir='ltr' id='par_1_54' title="bbox 563 4017 2140 4086">
     <span class='ocr_line' id='line_1_55' title="bbox 563 4017 2140 4086; baseline 0.004 -16"><span class='ocrx_word' id='word_1_417' title='bbox 563 4018 774 4080; x_wconf 88' lang='lat' dir='ltr'><strong>tribuis,</strong></span> <span class='ocrx_word' id='word_1_418' title='bbox 808 4027 864 4073; x_wconf 87' lang='lat' dir='ltr'><strong>et</strong></span> <span class='ocrx_word' id='word_1_419' title='bbox 905 4018 1163 4086; x_wconf 86' lang='lat' dir='ltr'><strong>quidquid</strong></span> <span class='ocrx_word' id='word_1_420' title='bbox 1191 4017 1316 4072; x_wconf 91' lang='lat' dir='ltr'><strong>boni</strong></span> <span class='ocrx_word' id='word_1_421' title='bbox 1345 4030 1634 4086; x_wconf 88' lang='lat' dir='ltr'><strong>antequam</strong></span> <span class='ocrx_word' id='word_1_422' title='bbox 1663 4035 1945 4075; x_wconf 90' lang='lat' dir='ltr'><strong>oraremus</strong></span> <span class='ocrx_word' id='word_1_423' title='bbox 1985 4036 2140 4076; x_wconf 87' lang='lat' dir='ltr'><strong>acce—</strong></span> 
     </span>
    </p>
   </div>
   <div class='ocr_carea' id='block_1_55' title="bbox 559 4088 2139 4160">
    <p class='ocr_par' dir='ltr' id='par_1_55' title="bbox 559 4088 2139 4160">
     <span class='ocr_line' id='line_1_56' title="bbox 559 4088 2139 4160; baseline 0.003 -20"><span class='ocrx_word' id='word_1_424' title='bbox 559 4088 760 4157; x_wconf 87' lang='lat' dir='ltr'><strong>pimus,</strong></span> <span class='ocrx_word' id='word_1_425' title='bbox 803 4103 834 4141; x_wconf 90' lang='lat' dir='ltr'><strong>a</strong></span> <span class='ocrx_word' id='word_1_426' title='bbox 859 4096 912 4141; x_wconf 86' lang='lat' dir='ltr'><strong>te</strong></span> <span class='ocrx_word' id='word_1_427' title='bbox 945 4088 1279 4160; x_wconf 86' lang='lat' dir='ltr'><strong>accepimus;</strong></span> <span class='ocrx_word' id='word_1_428' title='bbox 1325 4095 1470 4160; x_wconf 76' lang='lat' dir='ltr'><strong>etut</strong></span> <span class='ocrx_word' id='word_1_429' title='bbox 1494 4096 1678 4160; x_wconf 82' lang='lat' dir='ltr'><strong>postea</strong></span> <span class='ocrx_word' id='word_1_430' title='bbox 1706 4089 1808 4145; x_wconf 90' lang='lat' dir='ltr'><strong>hoc</strong></span> <span class='ocrx_word' id='word_1_431' title='bbox 1847 4105 2139 4160; x_wconf 75' lang='lat' dir='ltr'><strong>cognosce-</strong></span> 
     </span>
    </p>
   </div>
   <div class='ocr_carea' id='block_1_56' title="bbox 560 4157 2133 4227">
    <p class='ocr_par' dir='ltr' id='par_1_56' title="bbox 560 4157 2133 4227">
     <span class='ocr_line' id='line_1_57' title="bbox 560 4157 2133 4227; baseline 0.002 -16"><span class='ocrx_word' id='word_1_432' title='bbox 560 4173 742 4227; x_wconf 62' lang='lat' dir='ltr'><strong>remus</strong></span> <span class='ocrx_word' id='word_1_433' title='bbox 773 4173 803 4210; x_wconf 87' lang='lat' dir='ltr'><strong>a</strong></span> <span class='ocrx_word' id='word_1_434' title='bbox 833 4165 884 4212; x_wconf 90' lang='lat' dir='ltr'><strong>te</strong></span> <span class='ocrx_word' id='word_1_435' title='bbox 929 4158 1253 4227; x_wconf 85' lang='lat' dir='ltr'><strong>accepimus,</strong></span> <span class='ocrx_word' id='word_1_436' title='bbox 1295 4157 1474 4210; x_wconf 86' lang='lat' dir='ltr'><strong>audivi</strong></span> <span class='ocrx_word' id='word_1_437' title='bbox 1521 4159 1679 4212; x_wconf 87' lang='lat' dir='ltr'><strong>aliam</strong></span> <span class='ocrx_word' id='word_1_438' title='bbox 1715 4175 1901 4214; x_wconf 82' lang='lat' dir='ltr'><strong>vocem</strong></span> <span class='ocrx_word' id='word_1_439' title='bbox 1927 4157 2091 4214; x_wconf 37' lang='lat' dir='ltr'><strong>’tuam</strong></span> <span class='ocrx_word' id='word_1_440' title='bbox 2120 4180 2133 4214; x_wconf 90' lang='lat'>:</span> 
     </span>
    </p>
   </div>
   <div class='ocr_carea' id='block_1_57' title="bbox 562 4224 2139 4296">
    <p class='ocr_par' dir='ltr' id='par_1_57' title="bbox 562 4224 2139 4296">
     <span class='ocr_line' id='line_1_58' title="bbox 562 4224 2139 4296; baseline 0.003 -17"><span class='ocrx_word' id='word_1_441' title='bbox 562 4224 690 4296; x_wconf 74' lang='lat' dir='ltr'><strong>I’ost</strong></span> <span class='ocrx_word' id='word_1_442' title='bbox 733 4224 1180 4296; x_wconf 78' lang='lat' dir='ltr'><strong>concupiscentias</strong></span> <span class='ocrx_word' id='word_1_443' title='bbox 1221 4236 1338 4296; x_wconf 80' lang='lat' dir='ltr'><strong>tuas</strong></span> <span class='ocrx_word' id='word_1_444' title='bbox 1371 4243 1474 4280; x_wconf 87' lang='lat' dir='ltr'><strong>non</strong></span> <span class='ocrx_word' id='word_1_445' title='bbox 1505 4245 1616 4292; x_wconf 80' lang='lat' dir='ltr'><strong>eas,</strong></span> <span class='ocrx_word' id='word_1_446' title='bbox 1643 4239 1692 4282; x_wconf 87' lang='lat' dir='ltr'><strong>et</strong></span> <span class='ocrx_word' id='word_1_447' title='bbox 1734 4238 1968 4283; x_wconf 83' lang='lat' dir='ltr'><strong>avertere</strong></span> <span class='ocrx_word' id='word_1_448' title='bbox 1991 4248 2024 4282; x_wconf 90' lang='lat' dir='ltr'><strong>a</strong></span> <span class='ocrx_word' id='word_1_449' title='bbox 2051 4248 2139 4284; x_wconf 87' lang='lat' dir='ltr'><strong>vo-</strong></span> 
     </span>
    </p>
   </div>
   <div class='ocr_carea' id='block_1_58' title="bbox 561 4295 2136 4367">
    <p class='ocr_par' dir='ltr' id='par_1_58' title="bbox 561 4295 2136 4367">
     <span class='ocr_line' id='line_1_59' title="bbox 561 4295 2136 4367; baseline 0.003 -19"><span class='ocrx_word' id='word_1_450' title='bbox 561 4295 762 4367; x_wconf 77' lang='lat' dir='ltr'><strong>luntate</strong></span> <span class='ocrx_word' id='word_1_451' title='bbox 799 4295 911 4350; x_wconf 81' lang='lat' dir='ltr'><strong>tua.</strong></span> <span class='ocrx_word' id='word_1_452' title='bbox 949 4296 1139 4367; x_wconf 81' lang='lat' dir='ltr'><strong>Audivi</strong></span> <span class='ocrx_word' id='word_1_453' title='bbox 1184 4304 1239 4350; x_wconf 88' lang='lat' dir='ltr'><strong>et</strong></span> <span class='ocrx_word' id='word_1_454' title='bbox 1281 4295 1427 4350; x_wconf 88' lang='lat' dir='ltr'><strong>illam</strong></span> <span class='ocrx_word' id='word_1_455' title='bbox 1465 4314 1531 4350; x_wconf 73' lang='lat' dir='ltr'><strong>ex</strong></span> <span class='ocrx_word' id='word_1_456' title='bbox 1574 4314 1794 4352; x_wconf 81' lang='lat' dir='ltr'><strong>tnunere</strong></span> <span class='ocrx_word' id='word_1_457' title='bbox 1839 4306 1929 4353; x_wconf 88' lang='lat' dir='ltr'><strong>tuo</strong></span> <span class='ocrx_word' id='word_1_458' title='bbox 1973 4315 2136 4367; x_wconf 89' lang='lat' dir='ltr'><strong>quam</strong></span> 
     </span>
    </p>
   </div>
   <div class='ocr_carea' id='block_1_59' title="bbox 561 4365 2136 4434">
    <p class='ocr_par' dir='ltr' id='par_1_59' title="bbox 561 4365 2136 4434">
     <span class='ocr_line' id='line_1_60' title="bbox 561 4365 2136 4434; baseline 0.003 -16"><span class='ocrx_word' id='word_1_459' title='bbox 561 4365 788 4434; x_wconf 86' lang='lat' dir='ltr'><strong>multum</strong></span> <span class='ocrx_word' id='word_1_460' title='bbox 834 4368 1010 4420; x_wconf 90' lang='lat' dir='ltr'><strong>amavi</strong></span> <span class='ocrx_word' id='word_1_461' title='bbox 1037 4383 1050 4418; x_wconf 89' lang='lat'>:</span> <span class='ocrx_word' id='word_1_462' title='bbox 1083 4365 1262 4434; x_wconf 83' lang='lat' dir='ltr'><strong>Neque</strong></span> <span class='ocrx_word' id='word_1_463' title='bbox 1289 4367 1333 4420; x_wconf 86' lang='lat' dir='ltr'><strong>si</strong></span> <span class='ocrx_word' id='word_1_464' title='bbox 1363 4367 1852 4421; x_wconf 84' lang='lat' dir='ltr'><strong>manducaverimus</strong></span> <span class='ocrx_word' id='word_1_465' title='bbox 1891 4365 2136 4422; x_wconf 76' lang='lat' dir='ltr'><strong>abunda-</strong></span> 
     </span>
    </p>
   </div>
   <div class='ocr_carea' id='block_1_60' title="bbox 563 4433 2818 4505">
    <p class='ocr_par' dir='ltr' id='par_1_60' title="bbox 563 4433 2818 4505">
     <span class='ocr_line' id='line_1_61' title="bbox 563 4433 2818 4505; baseline 0.004 -19"><span class='ocrx_word' id='word_1_466' title='bbox 563 4433 753 4505; x_wconf 68' lang='lat' dir='ltr'><strong>bimus,</strong></span> <span class='ocrx_word' id='word_1_467' title='bbox 772 4451 934 4505; x_wconf 79' lang='lat' dir='ltr'><strong>neque</strong></span> <span class='ocrx_word' id='word_1_468' title='bbox 954 4437 997 4488; x_wconf 86' lang='lat' dir='ltr'><strong>si</strong></span> <span class='ocrx_word' id='word_1_469' title='bbox 1024 4433 1683 4505; x_wconf 57' lang='lat' dir='ltr'><strong>(rionimanducaverimus</strong></span> <span class='ocrx_word' id='word_1_470' title='bbox 1705 4436 1994 4505; x_wconf 77' lang='lat' dir='ltr'><strong>deﬁcimus.</strong></span> <span class='ocrx_word' id='word_1_471' title='bbox 2024 4439 2139 4494; x_wconf 84' lang='lat' dir='ltr'><strong>Hoc</strong></span> <span class='ocrx_word' id='word_1_472' title='bbox 2167 4435 2212 4492; x_wconf 82' lang='grc' dir='ltr'><strong>Ι)</strong></span> <span class='ocrx_word' id='word_1_473' title='bbox 2238 4434 2568 4505; x_wconf 76' lang='lat' dir='ltr'><strong>operandum</strong></span> <span class='ocrx_word' id='word_1_474' title='bbox 2596 4435 2818 4505; x_wconf 79' lang='lat' dir='ltr'><strong>bouum-</strong></span> 
     </span>
    </p>
   </div>
   <div class='ocr_carea' id='block_1_61' title="bbox 562 4503 2136 4572">
    <p class='ocr_par' dir='ltr' id='par_1_61' title="bbox 562 4503 2136 4572">
     <span class='ocr_line' id='line_1_62' title="bbox 562 4503 2136 4572; baseline 0.004 -16"><span class='ocrx_word' id='word_1_475' title='bbox 562 4503 637 4556; x_wconf 90' lang='lat' dir='ltr'><strong>ita</strong></span> <span class='ocrx_word' id='word_1_476' title='bbox 683 4503 1170 4572; x_wconf 81' lang='lat' dir='ltr'><strong>intelligitur:Nec</strong></span> <span class='ocrx_word' id='word_1_477' title='bbox 1207 4518 1332 4558; x_wconf 85' lang='lat' dir='ltr'><strong>esca</strong></span> <span class='ocrx_word' id='word_1_478' title='bbox 1378 4521 1464 4560; x_wconf 90' lang='lat' dir='ltr'><strong>me</strong></span> <span class='ocrx_word' id='word_1_479' title='bbox 1507 4503 1786 4572; x_wconf 87' lang='lat' dir='ltr'><strong>copiosum</strong></span> <span class='ocrx_word' id='word_1_480' title='bbox 1825 4505 2008 4570; x_wconf 76' lang='lat' dir='ltr'><strong>faciet,</strong></span> <span class='ocrx_word' id='word_1_481' title='bbox 2037 4524 2136 4564; x_wconf 88' lang='lat' dir='ltr'><strong>nec</strong></span> 
     </span>
    </p>
   </div>
   <div class='ocr_carea' id='block_1_62' title="bbox 560 4573 2135 4643">
    <p class='ocr_par' dir='ltr' id='par_1_62' title="bbox 560 4573 2135 4643">
     <span class='ocr_line' id='line_1_63' title="bbox 560 4573 2135 4643; baseline 0.004 -18"><span class='ocrx_word' id='word_1_482' title='bbox 560 4573 772 4643; x_wconf 83' lang='lat' dir='ltr'><strong>esuries</strong></span> <span class='ocrx_word' id='word_1_483' title='bbox 793 4574 1330 4643; x_wconf 34' lang='lat' dir='ltr'><strong>aerumnosumtquia</strong></span> <span class='ocrx_word' id='word_1_484' title='bbox 1357 4575 1540 4628; x_wconf 90' lang='lat' dir='ltr'><strong>anima.</strong></span> <span class='ocrx_word' id='word_1_485' title='bbox 1558 4573 1624 4629; x_wconf 90' lang='lat' dir='ltr'><strong>de</strong></span> <span class='ocrx_word' id='word_1_486' title='bbox 1643 4574 1849 4643; x_wconf 82' lang='lat' dir='ltr'><strong>jejunio</strong></span> <span class='ocrx_word' id='word_1_487' title='bbox 1875 4578 2135 4632; x_wconf 89' lang='lat' dir='ltr'><strong>reﬁcitur.</strong></span> 
     </span>
    </p>
   </div>
   <div class='ocr_carea' id='block_1_63' title="bbox 559 4641 2138 4715">
    <p class='ocr_par' dir='ltr' id='par_1_63' title="bbox 559 4641 2138 4715">
     <span class='ocr_line' id='line_1_64' title="bbox 559 4641 2138 4715; baseline 0.003 -17"><span class='ocrx_word' id='word_1_488' title='bbox 559 4641 756 4715; x_wconf 78' lang='lat' dir='ltr'><strong>Audivi</strong></span> <span class='ocrx_word' id='word_1_489' title='bbox 793 4651 848 4697; x_wconf 89' lang='lat' dir='ltr'><strong>et</strong></span> <span class='ocrx_word' id='word_1_490' title='bbox 879 4643 1104 4715; x_wconf 78' lang='lat' dir='ltr'><strong>alteram</strong></span> <span class='ocrx_word' id='word_1_491' title='bbox 1132 4660 1144 4696; x_wconf 91' lang='lat'><strong>:</strong></span> <span class='ocrx_word' id='word_1_492' title='bbox 1171 4642 1297 4715; x_wconf 19' lang='lat' dir='ltr'><strong>Ego»</strong></span> <span class='ocrx_word' id='word_1_493' title='bbox 1313 4643 1453 4715; x_wconf 85' lang='lat' dir='ltr'><strong>enim</strong></span> <span class='ocrx_word' id='word_1_494' title='bbox 1489 4641 1660 4700; x_wconf 86' lang='lat' dir='ltr'><strong>dedici</strong></span> <span class='ocrx_word' id='word_1_495' title='bbox 1699 4641 1760 4699; x_wconf 81' lang='lat' dir='ltr'><strong>in</strong></span> <span class='ocrx_word' id='word_1_496' title='bbox 1796 4647 1983 4715; x_wconf 82' lang='lat' dir='ltr'><strong>quibus</strong></span> <span class='ocrx_word' id='word_1_497' title='bbox 2020 4665 2138 4702; x_wconf 83' lang='lat' dir='ltr'><strong>sum</strong></span> 
     </span>
    </p>
   </div>
   <div class='ocr_carea' id='block_1_64' title="bbox 559 4712 2136 4784">
    <p class='ocr_par' dir='ltr' id='par_1_64' title="bbox 559 4712 2136 4784">
     <span class='ocr_line' id='line_1_65' title="bbox 559 4712 2136 4784; baseline 0.003 -19"><span class='ocrx_word' id='word_1_498' title='bbox 559 4712 818 4784; x_wconf 60' lang='lat' dir='ltr'><strong>suﬁciens</strong></span> <span class='ocrx_word' id='word_1_499' title='bbox 856 4729 986 4768; x_wconf 83' lang='lat' dir='ltr'><strong>esse.</strong></span> <span class='ocrx_word' id='word_1_500' title='bbox 1019 4713 1141 4768; x_wconf 87' lang='lat' dir='ltr'><strong>Scio</strong></span> <span class='ocrx_word' id='word_1_501' title='bbox 1173 4723 1221 4766; x_wconf 81' lang='lat' dir='ltr'><strong>et</strong></span> <span class='ocrx_word' id='word_1_502' title='bbox 1246 4712 1531 4784; x_wconf 77' lang='lat' dir='ltr'><strong>abundare,</strong></span> <span class='ocrx_word' id='word_1_503' title='bbox 1563 4715 1668 4768; x_wconf 84' lang='lat' dir='ltr'><strong>scio</strong></span> <span class='ocrx_word' id='word_1_504' title='bbox 1708 4712 1981 4784; x_wconf 74' lang='lat' dir='ltr'><strong>penuriam</strong></span> <span class='ocrx_word' id='word_1_505' title='bbox 2008 4719 2136 4784; x_wconf 85' lang='lat' dir='ltr'><strong>pati,</strong></span> 
     </span>
    </p>
   </div>
   <div class='ocr_carea' id='block_1_65' title="bbox 561 4735 2138 4853">
    <p class='ocr_par' dir='ltr' id='par_1_65' title="bbox 561 4735 2138 4853">
     <span class='ocr_line' id='line_1_66' title="bbox 561 4735 2136 4784; baseline 0.004 -20"><span class='ocrx_word' id='word_1_506' title='bbox 561 4735 818 4781; x_wconf 68' lang='lat' dir='ltr'><strong>sumerem</strong></span> <span class='ocrx_word' id='word_1_507' title='bbox 856 4735 986 4768; x_wconf 67' lang='grc' dir='ltr'><strong>ειη.</strong></span> <span class='ocrx_word' id='word_1_508' title='bbox 1019 4735 1141 4768; x_wconf 72' lang='grc' dir='ltr'><strong>οειυ</strong></span> <span class='ocrx_word' id='word_1_509' title='bbox 1173 4735 1220 4766; x_wconf 73' lang='grc' dir='ltr'><strong>ει</strong></span> <span class='ocrx_word' id='word_1_510' title='bbox 1246 4735 1531 4776; x_wconf 77' lang='lat' dir='ltr'><strong>(murmure,</strong></span> <span class='ocrx_word' id='word_1_511' title='bbox 1563 4735 1668 4768; x_wconf 68' lang='lat'><strong>8610</strong></span> <span class='ocrx_word' id='word_1_512' title='bbox 1708 4735 1981 4784; x_wconf 72' lang='lat' dir='ltr'><strong>penuriam</strong></span> <span class='ocrx_word' id='word_1_513' title='bbox 2044 4735 2136 4782; x_wconf 83' lang='lat' dir='ltr'><strong>att,</strong></span> 
     </span>
     <span class='ocr_line' id='line_1_67' title="bbox 561 4735 2138 4853; baseline 0.004 -19"><span class='ocrx_word' id='word_1_514' title='bbox 561 4783 738 4853; x_wconf 82' lang='lat' dir='ltr'><strong>omnia</strong></span> <span class='ocrx_word' id='word_1_515' title='bbox 771 4799 978 4852; x_wconf 81' lang='lat' dir='ltr'><strong>possum</strong></span> <span class='ocrx_word' id='word_1_516' title='bbox 1003 4784 1056 4853; x_wconf 84' lang='lat' dir='ltr'><strong>in</strong></span> <span class='ocrx_word' id='word_1_517' title='bbox 1083 4799 1141 4835; x_wconf 88' lang='lat' dir='ltr'><strong>eo</strong></span> <span class='ocrx_word' id='word_1_518' title='bbox 1170 4785 1256 4853; x_wconf 86' lang='lat' dir='ltr'><strong>qui</strong></span> <span class='ocrx_word' id='word_1_519' title='bbox 1285 4797 1366 4836; x_wconf 82' lang='lat' dir='ltr'><strong>me</strong></span> <span class='ocrx_word' id='word_1_520' title='bbox 1393 4783 1672 4852; x_wconf 79' lang='lat' dir='ltr'><strong>confortat.</strong></span> <span class='ocrx_word' id='word_1_521' title='bbox 1716 4785 1963 4840; x_wconf 85' lang='lat' dir='ltr'><strong>Christus</strong></span> <span class='ocrx_word' id='word_1_522' title='bbox 1995 4735 2138 4842; x_wconf 51' lang='lat' dir='ltr'><strong>[gens</strong></span> 
     </span>
    </p>
   </div>
   <div class='ocr_carea' id='block_1_66' title="bbox 561 4852 2138 4925">
    <p class='ocr_par' dir='ltr' id='par_1_66' title="bbox 561 4852 2138 4925">
     <span class='ocr_line' id='line_1_68' title="bbox 561 4852 2138 4925; baseline 0.004 -21"><span class='ocrx_word' id='word_1_523' title='bbox 561 4852 873 4925; x_wconf 77' lang='lat' dir='ltr'><strong>misericors</strong></span> <span class='ocrx_word' id='word_1_524' title='bbox 912 4852 1155 4925; x_wconf 74' lang='lat' dir='ltr'><strong>conferta</strong></span> <span class='ocrx_word' id='word_1_525' title='bbox 1184 4852 1306 4925; x_wconf 74' lang='lat' dir='ltr'><strong>in_e,</strong></span> <span class='ocrx_word' id='word_1_526' title='bbox 1348 4853 1416 4906; x_wconf 90' lang='lat' dir='ltr'><strong>da</strong></span> <span class='ocrx_word' id='word_1_527' title='bbox 1443 4854 1597 4917; x_wconf 86' lang='lat' dir='ltr'><strong>velle,</strong></span> <span class='ocrx_word' id='word_1_528' title='bbox 1623 4862 1678 4908; x_wconf 93' lang='lat' dir='ltr'><strong>et</strong></span> <span class='ocrx_word' id='word_1_529' title='bbox 1703 4870 1862 4923; x_wconf 87' lang='lat' dir='ltr'><strong>posse</strong></span> <span class='ocrx_word' id='word_1_530' title='bbox 1889 4856 2138 4925; x_wconf 52' lang='lat' dir='ltr'><strong>quodiju—</strong></span> 
     </span>
    </p>
   </div>
   <div class='ocr_carea' id='block_1_67' title="bbox 561 4920 2136 4993">
    <p class='ocr_par' dir='ltr' id='par_1_67' title="bbox 561 4920 2136 4993">
     <span class='ocr_line' id='line_1_69' title="bbox 561 4920 2136 4993; baseline 0.004 -18"><span class='ocrx_word' id='word_1_531' title='bbox 561 4920 822 4993; x_wconf 85' lang='lat' dir='ltr'><strong>bes,jube</strong></span> <span class='ocrx_word' id='word_1_532' title='bbox 844 4923 986 4991; x_wconf 91' lang='lat' dir='ltr'><strong>quod</strong></span> <span class='ocrx_word' id='word_1_533' title='bbox 1012 4923 1093 4976; x_wconf 91' lang='lat' dir='ltr'><strong>vis</strong></span> <span class='ocrx_word' id='word_1_534' title='bbox 1117 4941 1128 4975; x_wconf 94' lang='lat'>:</span> <span class='ocrx_word' id='word_1_535' title='bbox 1155 4923 1293 4993; x_wconf 90' lang='lat' dir='ltr'><strong>unde</strong></span> <span class='ocrx_word' id='word_1_536' title='bbox 1318 4932 1560 4990; x_wconf 86' lang='lat' dir='ltr'><strong>apparet,</strong></span> <span class='ocrx_word' id='word_1_537' title='bbox 1586 4920 1772 4978; x_wconf 79' lang='lat' dir='ltr'><strong>sancte</strong></span> <span class='ocrx_word' id='word_1_538' title='bbox 1797 4920 1936 4980; x_wconf 80' lang='lat' dir='ltr'><strong>Deus</strong></span> <span class='ocrx_word' id='word_1_539' title='bbox 1959 4920 2136 4993; x_wconf 80' lang='lat' dir='ltr'><strong>meus,</strong></span> 
     </span>
    </p>
   </div>
   <div class='ocr_carea' id='block_1_68' title="bbox 561 4992 2136 5064">
    <p class='ocr_par' dir='ltr' id='par_1_68' title="bbox 561 4992 2136 5064">
     <span class='ocr_line' id='line_1_70' title="bbox 561 4992 2136 5064; baseline 0.004 -20"><span class='ocrx_word' id='word_1_540' title='bbox 561 5000 615 5064; x_wconf 82' lang='lat' dir='ltr'><strong>te</strong></span> <span class='ocrx_word' id='word_1_541' title='bbox 657 4992 784 5064; x_wconf 76' lang='lat' dir='ltr'><strong>dare</strong></span> <span class='ocrx_word' id='word_1_542' title='bbox 811 5009 932 5047; x_wconf 89' lang='lat' dir='ltr'><strong>cum</strong></span> <span class='ocrx_word' id='word_1_543' title='bbox 961 4993 1022 5064; x_wconf 86' lang='lat' dir='ltr'><strong>ﬁt</strong></span> <span class='ocrx_word' id='word_1_544' title='bbox 1047 4993 1189 5064; x_wconf 86' lang='lat' dir='ltr'><strong>quod</strong></span> <span class='ocrx_word' id='word_1_545' title='bbox 1219 4992 1456 5064; x_wconf 85' lang='lat' dir='ltr'><strong>imperas</strong></span> <span class='ocrx_word' id='word_1_546' title='bbox 1484 4993 1622 5049; x_wconf 76' lang='lat' dir='ltr'><strong>fieri.</strong></span> <span class='ocrx_word' id='word_1_547' title='bbox 1667 4994 1830 5063; x_wconf 89' lang='lat' dir='ltr'><strong>Eripe</strong></span> <span class='ocrx_word' id='word_1_548' title='bbox 1869 5011 1972 5058; x_wconf 89' lang='lat' dir='ltr'><strong>me,</strong></span> <span class='ocrx_word' id='word_1_549' title='bbox 2001 4992 2136 5064; x_wconf 59' lang='lat' dir='ltr'><strong>piis?-</strong></span> 
     </span>
    </p>
   </div>
   <div class='ocr_carea' id='block_1_69' title="bbox 559 5061 2134 5130">
    <p class='ocr_par' dir='ltr' id='par_1_69' title="bbox 559 5061 2134 5130">
     <span class='ocr_line' id='line_1_71' title="bbox 559 5061 2134 5130; baseline 0.003 -14"><span class='ocrx_word' id='word_1_550' title='bbox 559 5061 696 5116; x_wconf 80' lang='lat' dir='ltr'><strong>sime</strong></span> <span class='ocrx_word' id='word_1_551' title='bbox 745 5062 899 5124; x_wconf 86' lang='lat' dir='ltr'><strong>Deus,</strong></span> <span class='ocrx_word' id='word_1_552' title='bbox 933 5063 1000 5117; x_wconf 92' lang='lat' dir='ltr'><strong>ab</strong></span> <span class='ocrx_word' id='word_1_553' title='bbox 1029 5062 1176 5116; x_wconf 89' lang='lat' dir='ltr'><strong>omni</strong></span> <span class='ocrx_word' id='word_1_554' title='bbox 1207 5062 1499 5118; x_wconf 86' lang='lat' dir='ltr'><strong>tentationc</strong></span> <span class='ocrx_word' id='word_1_555' title='bbox 1541 5073 1598 5118; x_wconf 90' lang='lat' dir='ltr'><strong>et</strong></span> <span class='ocrx_word' id='word_1_556' title='bbox 1621 5064 1688 5117; x_wconf 91' lang='lat' dir='ltr'><strong>ab</strong></span> <span class='ocrx_word' id='word_1_557' title='bbox 1718 5061 1862 5118; x_wconf 83' lang='lat' dir='ltr'><strong>omni</strong></span> <span class='ocrx_word' id='word_1_558' title='bbox 1909 5061 2134 5130; x_wconf 87' lang='lat' dir='ltr'><strong>malitia,</strong></span> 
     </span>
    </p>
   </div>
   <div class='ocr_carea' id='block_1_70' title="bbox 560 5132 2135 5202">
    <p class='ocr_par' dir='ltr' id='par_1_70' title="bbox 560 5132 2135 5202">
     <span class='ocr_line' id='line_1_72' title="bbox 560 5132 2135 5202; baseline 0.004 -18"><span class='ocrx_word' id='word_1_559' title='bbox 560 5140 615 5184; x_wconf 73' lang='lat' dir='ltr'><strong>et</strong></span> <span class='ocrx_word' id='word_1_560' title='bbox 640 5132 732 5200; x_wconf 92' lang='lat' dir='ltr'><strong>qui</strong></span> <span class='ocrx_word' id='word_1_561' title='bbox 762 5142 864 5198; x_wconf 90' lang='lat' dir='ltr'><strong>est,</strong></span> <span class='ocrx_word' id='word_1_562' title='bbox 903 5133 1145 5196; x_wconf 90' lang='lat' dir='ltr'><strong>Domine,</strong></span> <span class='ocrx_word' id='word_1_563' title='bbox 1173 5133 1264 5200; x_wconf 89' lang='lat' dir='ltr'><strong>qui</strong></span> <span class='ocrx_word' id='word_1_564' title='bbox 1289 5147 1394 5184; x_wconf 90' lang='lat' dir='ltr'><strong>non</strong></span> <span class='ocrx_word' id='word_1_565' title='bbox 1422 5135 1630 5202; x_wconf 91' lang='lat' dir='ltr'><strong>rapitur</strong></span> <span class='ocrx_word' id='word_1_566' title='bbox 1651 5143 1806 5188; x_wconf 75' lang='lat' dir='ltr'><strong>extra</strong></span> <span class='ocrx_word' id='word_1_567' title='bbox 1833 5144 2014 5190; x_wconf 90' lang='lat' dir='ltr'><strong>metus</strong></span> <span class='ocrx_word' id='word_1_568' title='bbox 2039 5152 2135 5191; x_wconf 83' lang='lat' dir='ltr'><strong>nc-</strong></span> 
     </span>
    </p>
   </div>
   <div class='ocr_carea' id='block_1_71' title="bbox 561 5203 2134 5272">
    <p class='ocr_par' dir='ltr' id='par_1_71' title="bbox 561 5203 2134 5272">
     <span class='ocr_line' id='line_1_73' title="bbox 561 5203 2134 5272; baseline 0.003 -17"><span class='ocrx_word' id='word_1_569' title='bbox 561 5203 867 5258; x_wconf 84' lang='lat' dir='ltr'><strong>eessitatis?</strong></span> <span class='ocrx_word' id='word_1_570' title='bbox 915 5203 1048 5257; x_wconf 81' lang='lat' dir='ltr'><strong>Nam</strong></span> <span class='ocrx_word' id='word_1_571' title='bbox 1089 5203 1334 5272; x_wconf 88' lang='lat' dir='ltr'><strong>quisquis</strong></span> <span class='ocrx_word' id='word_1_572' title='bbox 1379 5203 1467 5256; x_wconf 90' lang='lat' dir='ltr'><strong>ille</strong></span> <span class='ocrx_word' id='word_1_573' title='bbox 1493 5213 1598 5268; x_wconf 87' lang='lat' dir='ltr'><strong>est,</strong></span> <span class='ocrx_word' id='word_1_574' title='bbox 1635 5203 2004 5259; x_wconf 88' lang='lat' dir='ltr'><strong>misericordia</strong></span> <span class='ocrx_word' id='word_1_575' title='bbox 2042 5215 2134 5260; x_wconf 90' lang='lat' dir='ltr'><strong>tua</strong></span> 
     </span>
    </p>
   </div>
   <div class='ocr_carea' id='block_1_72' title="bbox 562 5273 2130 5343">
    <p class='ocr_par' dir='ltr' id='par_1_72' title="bbox 562 5273 2130 5343">
     <span class='ocr_line' id='line_1_74' title="bbox 562 5273 2130 5343; baseline 0.004 -19"><span class='ocrx_word' id='word_1_576' title='bbox 562 5286 790 5343; x_wconf 73' lang='lat' dir='ltr'><strong>magnus</strong></span> <span class='ocrx_word' id='word_1_577' title='bbox 815 5281 898 5328; x_wconf 89' lang='lat' dir='ltr'><strong>est</strong></span> <span class='ocrx_word' id='word_1_578' title='bbox 920 5291 932 5326; x_wconf 94' lang='lat'>:</span> <span class='ocrx_word' id='word_1_579' title='bbox 957 5273 1174 5340; x_wconf 82' lang='lat' dir='ltr'><strong>dignum</strong></span> <span class='ocrx_word' id='word_1_580' title='bbox 1203 5280 1287 5326; x_wconf 88' lang='lat' dir='ltr'><strong>est</strong></span> <span class='ocrx_word' id='word_1_581' title='bbox 1314 5281 1374 5325; x_wconf 90' lang='lat' dir='ltr'><strong>ut</strong></span> <span class='ocrx_word' id='word_1_582' title='bbox 1399 5275 1707 5343; x_wconf 82' lang='lat' dir='ltr'><strong>magniﬁcet</strong></span> <span class='ocrx_word' id='word_1_583' title='bbox 1737 5289 1930 5328; x_wconf 88' lang='lat' dir='ltr'><strong>nomen</strong></span> <span class='ocrx_word' id='word_1_584' title='bbox 1959 5283 2130 5330; x_wconf 90' lang='lat' dir='ltr'><strong>tuum.</strong></span> 
     </span>
    </p>
   </div>
   <div class='ocr_carea' id='block_1_73' title="bbox 563 5340 2134 5412">
    <p class='ocr_par' dir='ltr' id='par_1_73' title="bbox 563 5340 2134 5412">
     <span class='ocr_line' id='line_1_75' title="bbox 563 5340 2134 5412; baseline 0.003 -17"><span class='ocrx_word' id='word_1_585' title='bbox 563 5340 678 5410; x_wconf 72' lang='lat' dir='ltr'><strong>Ego</strong></span> <span class='ocrx_word' id='word_1_586' title='bbox 710 5352 888 5398; x_wconf 88' lang='lat' dir='ltr'><strong>autem</strong></span> <span class='ocrx_word' id='word_1_587' title='bbox 916 5360 1020 5399; x_wconf 89' lang='lat' dir='ltr'><strong>non</strong></span> <span class='ocrx_word' id='word_1_588' title='bbox 1057 5359 1198 5406; x_wconf 90' lang='lat' dir='ltr'><strong>sum,</strong></span> <span class='ocrx_word' id='word_1_589' title='bbox 1227 5343 1354 5412; x_wconf 84' lang='lat' dir='ltr'><strong>quia</strong></span> <span class='ocrx_word' id='word_1_590' title='bbox 1381 5340 1632 5410; x_wconf 76' lang='lat' dir='ltr'><strong>peccator</strong></span> <span class='ocrx_word' id='word_1_591' title='bbox 1680 5345 1840 5398; x_wconf 88' lang='lat' dir='ltr'><strong>homo</strong></span> <span class='ocrx_word' id='word_1_592' title='bbox 1869 5361 2008 5409; x_wconf 90' lang='lat' dir='ltr'><strong>sum,</strong></span> <span class='ocrx_word' id='word_1_593' title='bbox 2040 5347 2134 5400; x_wconf 90' lang='lat' dir='ltr'><strong>sed</strong></span> 
     </span>
    </p>
   </div>
   <div class='ocr_carea' id='block_1_74' title="bbox 563 5414 2135 5483">
    <p class='ocr_par' dir='ltr' id='par_1_74' title="bbox 563 5414 2135 5483">
     <span class='ocr_line' id='line_1_76' title="bbox 563 5414 2135 5483; baseline 0.004 -19"><span class='ocrx_word' id='word_1_594' title='bbox 563 5419 744 5466; x_wconf 84' lang='lat' dir='ltr'><strong>tamen</strong></span> <span class='ocrx_word' id='word_1_595' title='bbox 769 5414 1054 5482; x_wconf 87' lang='lat' dir='ltr'><strong>magniﬁco</strong></span> <span class='ocrx_word' id='word_1_596' title='bbox 1074 5428 1288 5482; x_wconf 87' lang='lat' dir='ltr'><strong>semper</strong></span> <span class='ocrx_word' id='word_1_597' title='bbox 1307 5427 1502 5466; x_wconf 88' lang='lat' dir='ltr'><strong>nomen</strong></span> <span class='ocrx_word' id='word_1_598' title='bbox 1522 5423 1692 5473; x_wconf 86' lang='lat' dir='ltr'><strong>tuum,</strong></span> <span class='ocrx_word' id='word_1_599' title='bbox 1714 5415 1804 5483; x_wconf 92' lang='lat' dir='ltr'><strong>qui</strong></span> <span class='ocrx_word' id='word_1_600' title='bbox 1829 5415 2135 5483; x_wconf 88' lang='lat' dir='ltr'><strong>interpellat</strong></span> 
     </span>
    </p>
   </div>
   <div class='ocr_carea' id='block_1_75' title="bbox 563 5483 2169 5554">
    <p class='ocr_par' dir='ltr' id='par_1_75' title="bbox 563 5483 2169 5554">
     <span class='ocr_line' id='line_1_77' title="bbox 563 5483 2169 5554; baseline 0.003 -20"><span class='ocrx_word' id='word_1_601' title='bbox 563 5491 620 5554; x_wconf 84' lang='lat' dir='ltr'><strong>te</strong></span> <span class='ocrx_word' id='word_1_602' title='bbox 645 5497 744 5550; x_wconf 90' lang='lat' dir='ltr'><strong>pro</strong></span> <span class='ocrx_word' id='word_1_603' title='bbox 785 5483 1022 5554; x_wconf 79' lang='lat' dir='ltr'><strong>peccatis</strong></span> <span class='ocrx_word' id='word_1_604' title='bbox 1050 5484 1206 5547; x_wconf 88' lang='lat' dir='ltr'><strong>meis,</strong></span> <span class='ocrx_word' id='word_1_605' title='bbox 1239 5483 1400 5536; x_wconf 84' lang='lat' dir='ltr'><strong>Pater</strong></span> <span class='ocrx_word' id='word_1_606' title='bbox 1441 5492 1626 5554; x_wconf 84' lang='lat' dir='ltr'><strong>sancte</strong></span> <span class='ocrx_word' id='word_1_607' title='bbox 1671 5483 1904 5554; x_wconf 86' lang='lat' dir='ltr'><strong>Christe,</strong></span> <span class='ocrx_word' id='word_1_608' title='bbox 1936 5487 2026 5554; x_wconf 92' lang='lat' dir='ltr'><strong>qui</strong></span> <span class='ocrx_word' id='word_1_609' title='bbox 2055 5487 2134 5539; x_wconf 84' lang='lat' dir='ltr'><strong>vi-</strong></span> <span class='ocrx_word' id='word_1_610' title='bbox 2166 5544 2169 5546; x_wconf 97' lang='lat'><em>_</em></span> 
     </span>
    </p>
   </div>
   <div class='ocr_carea' id='block_1_76' title="bbox 565 5553 2132 5609">
    <p class='ocr_par' dir='ltr' id='par_1_76' title="bbox 565 5553 2132 5609">
     <span class='ocr_line' id='line_1_78' title="bbox 565 5553 2132 5609; baseline 0.002 -3"><span class='ocrx_word' id='word_1_611' title='bbox 565 5553 688 5606; x_wconf 81' lang='lat' dir='ltr'><strong>cisti</strong></span> <span class='ocrx_word' id='word_1_612' title='bbox 735 5553 986 5608; x_wconf 67' lang='lat' dir='ltr'><strong>szeculum</strong></span> <span class='ocrx_word' id='word_1_613' title='bbox 1030 5569 1254 5608; x_wconf 89' lang='lat' dir='ltr'><strong>numera</strong></span> <span class='ocrx_word' id='word_1_614' title='bbox 1295 5567 1382 5606; x_wconf 82' lang='lat' dir='ltr'><strong>m&#39;e</strong></span> <span class='ocrx_word' id='word_1_615' title='bbox 1405 5553 1490 5606; x_wconf 84' lang='lat' dir='ltr'><strong>vel</strong></span> <span class='ocrx_word' id='word_1_616' title='bbox 1519 5554 1662 5608; x_wconf 91' lang='lat' dir='ltr'><strong>inter</strong></span> <span class='ocrx_word' id='word_1_617' title='bbox 1687 5553 1842 5607; x_wconf 89' lang='lat' dir='ltr'><strong>ﬁrma</strong></span> <span class='ocrx_word' id='word_1_618' title='bbox 1893 5553 2132 5609; x_wconf 85' lang='lat' dir='ltr'><strong>membra</strong></span> 
     </span>
    </p>
   </div>
   <div class='ocr_carea' id='block_1_77' title="bbox 564 5623 2129 5694">
    <p class='ocr_par' dir='ltr' id='par_1_77' title="bbox 564 5623 2129 5694">
     <span class='ocr_line' id='line_1_79' title="bbox 564 5623 2129 5694; baseline 0.002 -19"><span class='ocrx_word' id='word_1_619' title='bbox 564 5623 806 5694; x_wconf 75' lang='lat' dir='ltr'><strong>corporis</strong></span> <span class='ocrx_word' id='word_1_620' title='bbox 836 5623 934 5694; x_wconf 80' lang='lat' dir='ltr'><strong>tui,</strong></span> <span class='ocrx_word' id='word_1_621' title='bbox 959 5625 1084 5692; x_wconf 88' lang='lat' dir='ltr'><strong>quia</strong></span> <span class='ocrx_word' id='word_1_622' title='bbox 1109 5623 1482 5694; x_wconf 85' lang='lat' dir='ltr'><strong>imperfectum</strong></span> <span class='ocrx_word' id='word_1_623' title='bbox 1509 5639 1687 5694; x_wconf 85' lang='lat' dir='ltr'><strong>meum</strong></span> <span class='ocrx_word' id='word_1_624' title='bbox 1714 5623 1964 5678; x_wconf 86' lang='lat' dir='ltr'><strong>viderunt</strong></span> <span class='ocrx_word' id='word_1_625' title='bbox 1991 5625 2129 5679; x_wconf 90' lang='lat' dir='ltr'><strong>oculi</strong></span> 
     </span>
    </p>
   </div>
   <div class='ocr_carea' id='block_1_78' title="bbox 568 5691 2132 5751">
    <p class='ocr_par' dir='ltr' id='par_1_78' title="bbox 568 5691 2132 5751">
     <span class='ocr_line' id='line_1_80' title="bbox 568 5691 2132 5751; baseline 0.004 -7"><span class='ocrx_word' id='word_1_626' title='bbox 568 5693 666 5744; x_wconf 71' lang='lat' dir='ltr'><strong>tui.</strong></span> <span class='ocrx_word' id='word_1_627' title='bbox 711 5691 848 5747; x_wconf 75' lang='lat' dir='ltr'><strong>.lusti</strong></span> <span class='ocrx_word' id='word_1_628' title='bbox 889 5691 1070 5748; x_wconf 80' lang='lat' dir='ltr'><strong>autem</strong></span> <span class='ocrx_word' id='word_1_629' title='bbox 1110 5691 1402 5749; x_wconf 42' lang='lat' dir='ltr'><strong>tui‘omnes</strong></span> <span class='ocrx_word' id='word_1_630' title='bbox 1430 5693 1482 5748; x_wconf 91' lang='lat' dir='ltr'><strong>in</strong></span> <span class='ocrx_word' id='word_1_631' title='bbox 1514 5693 1650 5749; x_wconf 90' lang='lat' dir='ltr'><strong>libro</strong></span> <span class='ocrx_word' id='word_1_632' title='bbox 1693 5702 1784 5748; x_wconf 88' lang='lat' dir='ltr'><strong>tuo</strong></span> <span class='ocrx_word' id='word_1_633' title='bbox 1830 5695 2132 5751; x_wconf 84' lang='lat' dir='ltr'><strong>scribentur</strong></span> 
     </span>
    </p>
   </div>
   <div class='ocr_carea' id='block_1_79' title="bbox 2249 475 3836 552">
    <p class='ocr_par' dir='ltr' id='par_1_79' title="bbox 2249 475 3836 552">
     <span class='ocr_line' id='line_1_81' title="bbox 2249 475 3836 552; baseline 0.009 -27"><span class='ocrx_word' id='word_1_634' title='bbox 2249 475 2454 552; x_wconf 63' lang='lat' dir='ltr'><strong>Spiritu</strong></span> <span class='ocrx_word' id='word_1_635' title='bbox 2489 483 2676 552; x_wconf 76' lang='lat' dir='ltr'><strong>sancto</strong></span> <span class='ocrx_word' id='word_1_636' title='bbox 2704 475 2926 552; x_wconf 32' lang='lat' dir='ltr'><strong>vivis‘et</strong></span> <span class='ocrx_word' id='word_1_637' title='bbox 2955 492 3150 548; x_wconf 84' lang='lat' dir='ltr'><strong>regnas</strong></span> <span class='ocrx_word' id='word_1_638' title='bbox 3178 475 3488 537; x_wconf 49' lang='lat' dir='ltr'><strong>unus&#39;Deus</strong></span> <span class='ocrx_word' id='word_1_639' title='bbox 3519 496 3626 552; x_wconf 83' lang='lat' dir='ltr'><strong>per</strong></span> <span class='ocrx_word' id='word_1_640' title='bbox 3651 483 3836 539; x_wconf 76' lang='lat' dir='ltr'><strong>omnia</strong></span> 
     </span>
    </p>
   </div>
   <div class='ocr_carea' id='block_1_80' title="bbox 2246 543 3029 602">
    <p class='ocr_par' dir='ltr' id='par_1_80' title="bbox 2246 543 3029 602">
     <span class='ocr_line' id='line_1_82' title="bbox 2246 543 3029 602; baseline 0.005 -4"><span class='ocrx_word' id='word_1_641' title='bbox 2246 543 2442 600; x_wconf 66' lang='lat' dir='ltr'><strong>saecula</strong></span> <span class='ocrx_word' id='word_1_642' title='bbox 2469 543 2810 600; x_wconf 64' lang='lat' dir='ltr'><strong>saeculorum.</strong></span> <span class='ocrx_word' id='word_1_643' title='bbox 2835 543 3029 602; x_wconf 57' lang='lat' dir='ltr'><strong>Amen;</strong></span> 
     </span>
    </p>
   </div>
   <div class='ocr_carea' id='block_1_81' title="bbox 2656 653 3418 730">
    <p class='ocr_par' dir='ltr' id='par_1_81' title="bbox 2656 653 3418 730">
     <span class='ocr_line' id='line_1_83' title="bbox 2656 653 3418 730; baseline 0.008 -22"><span class='ocrx_word' id='word_1_644' title='bbox 2656 653 2730 709; x_wconf 87' lang='lat' dir='ltr'><strong>De</strong></span> <span class='ocrx_word' id='word_1_645' title='bbox 2799 655 3036 711; x_wconf 86' lang='lat' dir='ltr'><strong>oratione</strong></span> <span class='ocrx_word' id='word_1_646' title='bbox 3089 659 3418 730; x_wconf 82' lang='lat' dir='ltr'><strong>quotidiana.</strong></span> 
     </span>
    </p>
   </div>
   <div class='ocr_carea' id='block_1_82' title="bbox 2317 739 3833 815">
    <p class='ocr_par' dir='ltr' id='par_1_82' title="bbox 2317 739 3833 815">
     <span class='ocr_line' id='line_1_84' title="bbox 2317 739 3833 815; baseline 0.006 -17"><span class='ocrx_word' id='word_1_647' title='bbox 2317 743 2460 815; x_wconf 79' lang='lat' dir='ltr'><strong>Deus</strong></span> <span class='ocrx_word' id='word_1_648' title='bbox 2505 739 2560 798; x_wconf 86' lang='lat' dir='ltr'><strong>in</strong></span> <span class='ocrx_word' id='word_1_649' title='bbox 2588 743 2918 815; x_wconf 86' lang='lat' dir='ltr'><strong>adjutorium</strong></span> <span class='ocrx_word' id='word_1_650' title='bbox 2958 762 3140 800; x_wconf 89' lang='lat' dir='ltr'><strong>meum</strong></span> <span class='ocrx_word' id='word_1_651' title='bbox 3189 749 3432 815; x_wconf 88' lang='lat' dir='ltr'><strong>intende,</strong></span> <span class='ocrx_word' id='word_1_652' title='bbox 3477 749 3740 815; x_wconf 82' lang='lat' dir='ltr'><strong>Domine,</strong></span> <span class='ocrx_word' id='word_1_653' title='bbox 3767 753 3833 808; x_wconf 79' lang='lat' dir='ltr'><strong>ad</strong></span> 
     </span>
    </p>
   </div>
   <div class='ocr_carea' id='block_1_83' title="bbox 2245 812 3828 881">
    <p class='ocr_par' dir='ltr' id='par_1_83' title="bbox 2245 812 3828 881">
     <span class='ocr_line' id='line_1_85' title="bbox 2245 812 3828 881; baseline 0.006 -14"><span class='ocrx_word' id='word_1_654' title='bbox 2245 812 2605 881; x_wconf 90' lang='lat' dir='ltr'><strong>adjuvandum</strong></span> <span class='ocrx_word' id='word_1_655' title='bbox 2650 813 2980 870; x_wconf 85' lang='lat' dir='ltr'><strong>mefestina.</strong></span> <span class='ocrx_word' id='word_1_656' title='bbox 3018 816 3204 872; x_wconf 84' lang='lat' dir='ltr'><strong>Tribus</strong></span> <span class='ocrx_word' id='word_1_657' title='bbox 3231 812 3426 873; x_wconf 77' lang='lat' dir='ltr'><strong>vicibus</strong></span> <span class='ocrx_word' id='word_1_658' title='bbox 3465 837 3594 874; x_wconf 77' lang='lat' dir='ltr'><strong>cum</strong></span> <span class='ocrx_word' id='word_1_659' title='bbox 3622 812 3828 876; x_wconf 76' lang='lat' dir='ltr'><strong>Gloria.</strong></span> 
     </span>
    </p>
   </div>
   <div class='ocr_carea' id='block_1_84' title="bbox 2245 882 3831 952">
    <p class='ocr_par' dir='ltr' id='par_1_84' title="bbox 2245 882 3831 952">
     <span class='ocr_line' id='line_1_86' title="bbox 2245 882 3831 952; baseline 0.007 -16"><span class='ocrx_word' id='word_1_660' title='bbox 2245 882 2471 937; x_wconf 90' lang='lat' dir='ltr'><strong>Domine</strong></span> <span class='ocrx_word' id='word_1_661' title='bbox 2499 882 2628 938; x_wconf 82' lang='lat' dir='ltr'><strong>Jesu</strong></span> <span class='ocrx_word' id='word_1_662' title='bbox 2657 883 2874 939; x_wconf 89' lang='lat' dir='ltr'><strong>Christe</strong></span> <span class='ocrx_word' id='word_1_663' title='bbox 2900 885 3003 939; x_wconf 84' lang='lat' dir='ltr'><strong>Fili</strong></span> <span class='ocrx_word' id='word_1_664' title='bbox 3029 885 3124 940; x_wconf 89' lang='lat' dir='ltr'><strong>Dei</strong></span> <span class='ocrx_word' id='word_1_665' title='bbox 3151 888 3278 952; x_wconf 81' lang='lat' dir='ltr'><strong>vivi,</strong></span> <span class='ocrx_word' id='word_1_666' title='bbox 3307 889 3359 942; x_wconf 93' lang='lat' dir='ltr'><strong>in</strong></span> <span class='ocrx_word' id='word_1_667' title='bbox 3391 890 3615 944; x_wconf 89' lang='lat' dir='ltr'><strong>nomine</strong></span> <span class='ocrx_word' id='word_1_668' title='bbox 3643 901 3738 946; x_wconf 88' lang='lat' dir='ltr'><strong>tuo</strong></span> <span class='ocrx_word' id='word_1_669' title='bbox 3761 893 3831 946; x_wconf 82' lang='lat' dir='ltr'><strong>le-</strong></span> 
     </span>
    </p>
   </div>
   <div class='ocr_carea' id='block_1_85' title="bbox 2245 953 3830 1026">
    <p class='ocr_par' dir='ltr' id='par_1_85' title="bbox 2245 953 3830 1026">
     <span class='ocr_line' id='line_1_87' title="bbox 2245 953 3830 1026; baseline 0.007 -21"><span class='ocrx_word' id='word_1_670' title='bbox 2245 953 2383 1026; x_wconf 69' lang='lat' dir='ltr'><strong>vabo</strong></span> <span class='ocrx_word' id='word_1_671' title='bbox 2414 969 2605 1026; x_wconf 88' lang='lat' dir='ltr'><strong>manus</strong></span> <span class='ocrx_word' id='word_1_672' title='bbox 2629 969 2798 1026; x_wconf 81' lang='lat' dir='ltr'><strong>meas.</strong></span> <span class='ocrx_word' id='word_1_673' title='bbox 2831 955 2973 1010; x_wconf 89' lang='lat' dir='ltr'><strong>Deus</strong></span> <span class='ocrx_word' id='word_1_674' title='bbox 3012 957 3378 1026; x_wconf 86' lang='lat' dir='ltr'><strong>omnipotens,</strong></span> <span class='ocrx_word' id='word_1_675' title='bbox 3405 958 3674 1026; x_wconf 82' lang='lat' dir='ltr'><strong>adjuvare</strong></span> <span class='ocrx_word' id='word_1_676' title='bbox 3703 963 3830 1016; x_wconf 83' lang='lat' dir='ltr'><strong>mihi</strong></span> 
     </span>
    </p>
   </div>
   <div class='ocr_carea' id='block_1_86' title="bbox 2245 1021 3830 1094">
    <p class='ocr_par' dir='ltr' id='par_1_86' title="bbox 2245 1021 3830 1094">
     <span class='ocr_line' id='line_1_88' title="bbox 2245 1021 3830 1094; baseline 0.008 -20"><span class='ocrx_word' id='word_1_677' title='bbox 2245 1021 2500 1094; x_wconf 86' lang='lat' dir='ltr'><strong>digneris,</strong></span> <span class='ocrx_word' id='word_1_678' title='bbox 2529 1031 2583 1077; x_wconf 88' lang='lat' dir='ltr'><strong>et</strong></span> <span class='ocrx_word' id='word_1_679' title='bbox 2609 1024 2911 1089; x_wconf 84' lang='lat' dir='ltr'><strong>scientiam,</strong></span> <span class='ocrx_word' id='word_1_680' title='bbox 2940 1033 2994 1079; x_wconf 88' lang='lat' dir='ltr'><strong>et</strong></span> <span class='ocrx_word' id='word_1_681' title='bbox 3022 1021 3378 1094; x_wconf 78' lang='lat' dir='ltr'><strong>intellectum,</strong></span> <span class='ocrx_word' id='word_1_682' title='bbox 3410 1021 3830 1086; x_wconf 57' lang='lat' dir='ltr'><strong>efvoluntatem</strong></span> 
     </span>
    </p>
   </div>
   <div class='ocr_carea' id='block_1_87' title="bbox 2242 1090 3830 1154">
    <p class='ocr_par' dir='ltr' id='par_1_87' title="bbox 2242 1090 3830 1154">
     <span class='ocr_line' id='line_1_89' title="bbox 2242 1090 3830 1154; baseline 0.004 -8"><span class='ocrx_word' id='word_1_683' title='bbox 2242 1090 2438 1146; x_wconf 81' lang='lat' dir='ltr'><strong>bonam</strong></span> <span class='ocrx_word' id='word_1_684' title='bbox 2477 1109 2584 1147; x_wconf 89' lang='lat' dir='ltr'><strong>una</strong></span> <span class='ocrx_word' id='word_1_685' title='bbox 2610 1109 2732 1147; x_wconf 90' lang='lat' dir='ltr'><strong>cum</strong></span> <span class='ocrx_word' id='word_1_686' title='bbox 2772 1094 2876 1148; x_wconf 86' lang='lat' dir='ltr'><strong>ﬁde</strong></span> <span class='ocrx_word' id='word_1_687' title='bbox 2904 1096 3172 1150; x_wconf 88' lang='lat' dir='ltr'><strong>catholica</strong></span> <span class='ocrx_word' id='word_1_688' title='bbox 3201 1097 3340 1151; x_wconf 89' lang='lat' dir='ltr'><strong>dona</strong></span> <span class='ocrx_word' id='word_1_689' title='bbox 3363 1090 3520 1152; x_wconf 46' lang='lat' dir='ltr'><strong>&#39;mibi</strong></span> <span class='ocrx_word' id='word_1_690' title='bbox 3553 1101 3608 1154; x_wconf 92' lang='lat' dir='ltr'><strong>in</strong></span> <span class='ocrx_word' id='word_1_691' title='bbox 3657 1101 3830 1154; x_wconf 83' lang='lat' dir='ltr'><strong>servi-</strong></span> 
     </span>
    </p>
   </div>
   <div class='ocr_carea' id='block_1_88' title="bbox 2243 1161 3832 1238">
    <p class='ocr_par' dir='ltr' id='par_1_88' title="bbox 2243 1161 3832 1238">
     <span class='ocr_line' id='line_1_90' title="bbox 2243 1161 3832 1238; baseline 0.006 -25"><span class='ocrx_word' id='word_1_692' title='bbox 2243 1161 2379 1214; x_wconf 89' lang='lat' dir='ltr'><strong>tium</strong></span> <span class='ocrx_word' id='word_1_693' title='bbox 2426 1169 2596 1238; x_wconf 80' lang='lat' dir='ltr'><strong>tuum.</strong></span> <span class='ocrx_word' id='word_1_694' title='bbox 2627 1164 2878 1238; x_wconf 74' lang='lat' dir='ltr'><strong>Domine,</strong></span> <span class='ocrx_word' id='word_1_695' title='bbox 2909 1173 2965 1218; x_wconf 92' lang='lat' dir='ltr'><strong>tu</strong></span> <span class='ocrx_word' id='word_1_696' title='bbox 2991 1181 3050 1219; x_wconf 90' lang='lat' dir='ltr'><strong>es</strong></span> <span class='ocrx_word' id='word_1_697' title='bbox 3087 1165 3179 1234; x_wconf 89' lang='lat' dir='ltr'><strong>qui</strong></span> <span class='ocrx_word' id='word_1_698' title='bbox 3208 1167 3402 1238; x_wconf 79' lang='lat' dir='ltr'><strong>venisti</strong></span> <span class='ocrx_word' id='word_1_699' title='bbox 3433 1169 3657 1221; x_wconf 86' lang='lat' dir='ltr'><strong>salvare</strong></span> <span class='ocrx_word' id='word_1_700' title='bbox 3707 1185 3832 1238; x_wconf 83' lang='lat' dir='ltr'><strong>pec-</strong></span> 
     </span>
    </p>
   </div>
   <div class='ocr_carea' id='block_1_89' title="bbox 2243 1232 3833 1308">
    <p class='ocr_par' dir='ltr' id='par_1_89' title="bbox 2243 1232 3833 1308">
     <span class='ocr_line' id='line_1_91' title="bbox 2243 1232 3833 1308; baseline 0.006 -25"><span class='ocrx_word' id='word_1_701' title='bbox 2243 1240 2476 1308; x_wconf 66' lang='lat' dir='ltr'><strong>catores,</strong></span> <span class='ocrx_word' id='word_1_702' title='bbox 2507 1232 2655 1308; x_wconf 78' lang='lat' dir='ltr'><strong>salva</strong></span> <span class='ocrx_word' id='word_1_703' title='bbox 2679 1249 2799 1308; x_wconf 63' lang='lat' dir='ltr'><strong>nos.</strong></span> <span class='ocrx_word' id='word_1_704' title='bbox 2829 1233 2990 1308; x_wconf 83' lang='lat' dir='ltr'><strong>Deus,</strong></span> <span class='ocrx_word' id='word_1_705' title='bbox 3015 1232 3286 1308; x_wconf 79' lang='lat' dir='ltr'><strong>quomodo</strong></span> <span class='ocrx_word' id='word_1_706' title='bbox 3315 1238 3397 1290; x_wconf 88' lang='lat' dir='ltr'><strong>vis</strong></span> <span class='ocrx_word' id='word_1_707' title='bbox 3417 1238 3566 1308; x_wconf 86' lang='lat' dir='ltr'><strong>sicut</strong></span> <span class='ocrx_word' id='word_1_708' title='bbox 3598 1232 3833 1308; x_wconf 43' lang='lat' dir='ltr'><strong>tibi-pla-</strong></span> 
     </span>
    </p>
   </div>
   <div class='ocr_carea' id='block_1_90' title="bbox 2243 1299 3833 1370">
    <p class='ocr_par' dir='ltr' id='par_1_90' title="bbox 2243 1299 3833 1370">
     <span class='ocr_line' id='line_1_92' title="bbox 2243 1299 3833 1370; baseline 0.004 -14"><span class='ocrx_word' id='word_1_709' title='bbox 2243 1308 2348 1370; x_wconf 90' lang='lat' dir='ltr'><strong>cet.</strong></span> <span class='ocrx_word' id='word_1_710' title='bbox 2403 1299 2630 1364; x_wconf 89' lang='lat' dir='ltr'><strong>Domine</strong></span> <span class='ocrx_word' id='word_1_711' title='bbox 2679 1301 2821 1356; x_wconf 89' lang='lat' dir='ltr'><strong>Deus</strong></span> <span class='ocrx_word' id='word_1_712' title='bbox 2885 1299 3328 1370; x_wconf 80' lang='lat' dir='ltr'><strong>cleméntissime,</strong></span> <span class='ocrx_word' id='word_1_713' title='bbox 3374 1307 3656 1362; x_wconf 81' lang='lat' dir='ltr'><strong>auxiliare</strong></span> <span class='ocrx_word' id='word_1_714' title='bbox 3707 1299 3833 1362; x_wconf 80' lang='lat' dir='ltr'><strong>mihi</strong></span> 
     </span>
    </p>
   </div>
   <div class='ocr_carea' id='block_1_91' title="bbox 2245 1369 3549 1446">
    <p class='ocr_par' dir='ltr' id='par_1_91' title="bbox 2245 1369 3549 1446">
     <span class='ocr_line' id='line_1_93' title="bbox 2245 1369 3549 1446; baseline 0.002 -20"><span class='ocrx_word' id='word_1_715' title='bbox 2245 1369 2506 1441; x_wconf 76' lang='lat' dir='ltr'><strong>digneris.</strong></span> <span class='ocrx_word' id='word_1_716' title='bbox 2535 1371 2615 1436; x_wconf 77' lang='lat' dir='ltr'><strong>Tu</strong></span> <span class='ocrx_word' id='word_1_717' title='bbox 2643 1373 2787 1428; x_wconf 89' lang='lat' dir='ltr'><strong>enim</strong></span> <span class='ocrx_word' id='word_1_718' title='bbox 2817 1373 2923 1427; x_wconf 91' lang='lat' dir='ltr'><strong>scis</strong></span> <span class='ocrx_word' id='word_1_719' title='bbox 2947 1375 3091 1443; x_wconf 88' lang='lat' dir='ltr'><strong>quod</strong></span> <span class='ocrx_word' id='word_1_720' title='bbox 3119 1376 3276 1430; x_wconf 90' lang='lat' dir='ltr'><strong>nobis</strong></span> <span class='ocrx_word' id='word_1_721' title='bbox 3301 1369 3549 1446; x_wconf 83' lang='lat' dir='ltr'><strong>Oportet.</strong></span> 
     </span>
    </p>
   </div>
   <div class='ocr_carea' id='block_1_92' title="bbox 2769 1481 3279 1553">
    <p class='ocr_par' dir='ltr' id='par_1_92' title="bbox 2769 1481 3279 1553">
     <span class='ocr_line' id='line_1_94' title="bbox 2769 1481 3279 1553; baseline 0.004 -17"><span class='ocrx_word' id='word_1_722' title='bbox 2769 1481 2962 1553; x_wconf 81' lang='lat' dir='ltr'><strong>Incipit</strong></span> <span class='ocrx_word' id='word_1_723' title='bbox 2999 1483 3279 1552; x_wconf 76' lang='lat' dir='ltr'><strong>confessio.</strong></span> 
     </span>
    </p>
   </div>
   <div class='ocr_carea' id='block_1_93' title="bbox 2252 1563 3831 1640">
    <p class='ocr_par' dir='ltr' id='par_1_93' title="bbox 2252 1563 3831 1640">
     <span class='ocr_line' id='line_1_95' title="bbox 2252 1563 3831 1640; baseline 0.006 -16"><span class='ocrx_word' id='word_1_724' title='bbox 2252 1563 2256 1566; x_wconf 70' lang='grc'><em>’</em></span> <span class='ocrx_word' id='word_1_725' title='bbox 2287 1571 2454 1640; x_wconf 86' lang='lat' dir='ltr'><strong>Deus</strong></span> <span class='ocrx_word' id='word_1_726' title='bbox 2493 1571 2884 1627; x_wconf 64' lang='lat' dir='ltr'><strong>inaestimabilis</strong></span> <span class='ocrx_word' id='word_1_727' title='bbox 2921 1573 3330 1640; x_wconf 79' lang='lat' dir='ltr'><strong>misericordiae,</strong></span> <span class='ocrx_word' id='word_1_728' title='bbox 3363 1575 3519 1630; x_wconf 83' lang='lat' dir='ltr'><strong>Deus</strong></span> <span class='ocrx_word' id='word_1_729' title='bbox 3553 1577 3831 1634; x_wconf 65' lang='lat' dir='ltr'><strong>immensae</strong></span> 
     </span>
    </p>
   </div>
   <div class='ocr_carea' id='block_1_94' title="bbox 2243 1639 3828 1716">
    <p class='ocr_par' dir='ltr' id='par_1_94' title="bbox 2243 1639 3828 1716">
     <span class='ocr_line' id='line_1_96' title="bbox 2243 1639 3828 1716; baseline 0.005 -22"><span class='ocrx_word' id='word_1_730' title='bbox 2243 1639 2479 1716; x_wconf 80' lang='lat' dir='ltr'><strong>pietatis,</strong></span> <span class='ocrx_word' id='word_1_731' title='bbox 2500 1641 2659 1716; x_wconf 29' lang='lat' dir='ltr'><strong>‘Deus‘</strong></span> <span class='ocrx_word' id='word_1_732' title='bbox 2680 1643 2928 1716; x_wconf 82' lang='lat' dir='ltr'><strong>conditor</strong></span> <span class='ocrx_word' id='word_1_733' title='bbox 2946 1651 3000 1696; x_wconf 93' lang='lat' dir='ltr'><strong>et</strong></span> <span class='ocrx_word' id='word_1_734' title='bbox 3023 1639 3566 1716; x_wconf 79' lang='lat' dir='ltr'><strong>reparatorbumani</strong></span> <span class='ocrx_word' id='word_1_735' title='bbox 3599 1651 3828 1716; x_wconf 80' lang='lat' dir='ltr'><strong>generis,</strong></span> 
     </span>
    </p>
   </div>
   <div class='ocr_carea' id='block_1_95' title="bbox 2245 1711 3830 1779">
    <p class='ocr_par' dir='ltr' id='par_1_95' title="bbox 2245 1711 3830 1779">
     <span class='ocr_line' id='line_1_97' title="bbox 2245 1711 3830 1779; baseline 0.006 -16"><span class='ocrx_word' id='word_1_736' title='bbox 2245 1712 2337 1779; x_wconf 90' lang='lat' dir='ltr'><strong>qui</strong></span> <span class='ocrx_word' id='word_1_737' title='bbox 2388 1711 2755 1766; x_wconf 87' lang='lat' dir='ltr'><strong>conﬁtentium</strong></span> <span class='ocrx_word' id='word_1_738' title='bbox 2787 1713 2884 1766; x_wconf 90' lang='lat' dir='ltr'><strong>tibi</strong></span> <span class='ocrx_word' id='word_1_739' title='bbox 2907 1713 3070 1766; x_wconf 87' lang='lat' dir='ltr'><strong>corda</strong></span> <span class='ocrx_word' id='word_1_740' title='bbox 3089 1711 3375 1779; x_wconf 42' lang='lat' dir='ltr'><strong>&#39;purilicas,</strong></span> <span class='ocrx_word' id='word_1_741' title='bbox 3403 1725 3464 1769; x_wconf 87' lang='lat' dir='ltr'><strong>et</strong></span> <span class='ocrx_word' id='word_1_742' title='bbox 3513 1711 3830 1773; x_wconf 60' lang='lat' dir='ltr'><strong>accusantes</strong></span> 
     </span>
    </p>
   </div>
   <div class='ocr_carea' id='block_1_96' title="bbox 2172 1762 3828 1851">
    <p class='ocr_par' dir='ltr' id='par_1_96' title="bbox 2172 1762 3828 1851">
     <span class='ocr_line' id='line_1_98' title="bbox 2172 1762 3828 1851; baseline 0.005 -17"><span class='ocrx_word' id='word_1_743' title='bbox 2172 1762 2219 1824; x_wconf 74' lang='grc' dir='ltr'><strong>Β</strong></span> <span class='ocrx_word' id='word_1_744' title='bbox 2243 1762 2822 1851; x_wconf 47' lang='lat' dir='ltr'><strong>diiuiéibﬁs‘ﬁé’cwm</strong></span> <span class='ocrx_word' id='word_1_745' title='bbox 2854 1783 3046 1836; x_wconf 79' lang='lat' dir='ltr'><strong>divina:</strong></span> <span class='ocrx_word' id='word_1_746' title='bbox 3078 1762 3377 1839; x_wconf 55' lang='lat' dir='ltr'><strong>cliententiie</strong></span> <span class='ocrx_word' id='word_1_747' title='bbox 3421 1762 3828 1849; x_wconf 46' lang='lat' dir='ltr'><strong>tumTab-b-nini</strong></span> 
     </span>
    </p>
   </div>
   <div class='ocr_carea' id='block_1_97' title="bbox 2240 1851 3828 1920">
    <p class='ocr_par' dir='ltr' id='par_1_97' title="bbox 2240 1851 3828 1920">
     <span class='ocr_line' id='line_1_99' title="bbox 2240 1851 3828 1920; baseline 0.004 -16"><span class='ocrx_word' id='word_1_748' title='bbox 2240 1851 2454 1906; x_wconf 89' lang='lat' dir='ltr'><strong>vinculo</strong></span> <span class='ocrx_word' id='word_1_749' title='bbox 2504 1852 2806 1920; x_wconf 89' lang='lat' dir='ltr'><strong>iniquitatis</strong></span> <span class='ocrx_word' id='word_1_750' title='bbox 2859 1851 3122 1918; x_wconf 71' lang='lat' dir='ltr'><strong>absolvis;</strong></span> <span class='ocrx_word' id='word_1_751' title='bbox 3178 1855 3438 1912; x_wconf 80' lang='lat' dir='ltr'><strong>virtutem</strong></span> <span class='ocrx_word' id='word_1_752' title='bbox 3499 1865 3656 1909; x_wconf 87' lang='lat' dir='ltr'><strong>tuam</strong></span> <span class='ocrx_word' id='word_1_753' title='bbox 3710 1859 3828 1916; x_wconf 86' lang='lat' dir='ltr'><strong>totis</strong></span> 
     </span>
    </p>
   </div>
   <div class='ocr_carea' id='block_1_98' title="bbox 2239 1922 3830 1991">
    <p class='ocr_par' dir='ltr' id='par_1_98' title="bbox 2239 1922 3830 1991">
     <span class='ocr_line' id='line_1_100' title="bbox 2239 1922 3830 1991; baseline 0.003 -17"><span class='ocrx_word' id='word_1_754' title='bbox 2239 1933 2407 1976; x_wconf 79' lang='lat' dir='ltr'><strong>exoro</strong></span> <span class='ocrx_word' id='word_1_755' title='bbox 2431 1922 2720 1991; x_wconf 87' lang='lat' dir='ltr'><strong>gemitibus</strong></span> <span class='ocrx_word' id='word_1_756' title='bbox 2747 1929 2809 1974; x_wconf 90' lang='lat' dir='ltr'><strong>ut</strong></span> <span class='ocrx_word' id='word_1_757' title='bbox 2833 1922 3128 1976; x_wconf 89' lang='lat' dir='ltr'><strong>secundum</strong></span> <span class='ocrx_word' id='word_1_758' title='bbox 3162 1924 3582 1977; x_wconf 84' lang='lat' dir='ltr'><strong>multitudinem</strong></span> <span class='ocrx_word' id='word_1_759' title='bbox 3615 1927 3830 1980; x_wconf 81' lang='lat' dir='ltr'><strong>misera-</strong></span> 
     </span>
    </p>
   </div>
   <div class='ocr_carea' id='block_1_99' title="bbox 2240 1991 3826 2064">
    <p class='ocr_par' dir='ltr' id='par_1_99' title="bbox 2240 1991 3826 2064">
     <span class='ocr_line' id='line_1_101' title="bbox 2240 1991 3826 2064; baseline 0.003 -20"><span class='ocrx_word' id='word_1_760' title='bbox 2240 1991 2446 2044; x_wconf 92' lang='lat' dir='ltr'><strong>tionum</strong></span> <span class='ocrx_word' id='word_1_761' title='bbox 2477 1999 2692 2045; x_wconf 86' lang='lat' dir='ltr'><strong>tuarum</strong></span> <span class='ocrx_word' id='word_1_762' title='bbox 2716 1991 2781 2064; x_wconf 83' lang='lat' dir='ltr'><strong>de</strong></span> <span class='ocrx_word' id='word_1_763' title='bbox 2801 1991 3050 2064; x_wconf 85' lang='lat' dir='ltr'><strong>omnibus</strong></span> <span class='ocrx_word' id='word_1_764' title='bbox 3071 1995 3310 2064; x_wconf 79' lang='lat' dir='ltr'><strong>peccatis</strong></span> <span class='ocrx_word' id='word_1_765' title='bbox 3340 1995 3508 2054; x_wconf 85' lang='lat' dir='ltr'><strong>meis,</strong></span> <span class='ocrx_word' id='word_1_766' title='bbox 3539 1995 3612 2048; x_wconf 85' lang='lat' dir='ltr'><strong>de</strong></span> <span class='ocrx_word' id='word_1_767' title='bbox 3635 1997 3826 2064; x_wconf 83' lang='lat' dir='ltr'><strong>quibus</strong></span> 
     </span>
    </p>
   </div>
   <div class='ocr_carea' id='block_1_100' title="bbox 2238 2059 3828 2128">
    <p class='ocr_par' dir='ltr' id='par_1_100' title="bbox 2238 2059 3828 2128">
     <span class='ocr_line' id='line_1_102' title="bbox 2238 2059 3828 2128; baseline 0.004 -15"><span class='ocrx_word' id='word_1_768' title='bbox 2238 2076 2324 2115; x_wconf 86' lang='lat' dir='ltr'><strong>me</strong></span> <span class='ocrx_word' id='word_1_769' title='bbox 2349 2065 2569 2115; x_wconf 80' lang='lat' dir='ltr'><strong>accusat</strong></span> <span class='ocrx_word' id='word_1_770' title='bbox 2589 2059 2940 2126; x_wconf 87' lang='lat' dir='ltr'><strong>conscientia,</strong></span> <span class='ocrx_word' id='word_1_771' title='bbox 2965 2059 3157 2128; x_wconf 81' lang='lat' dir='ltr'><strong>puram</strong></span> <span class='ocrx_word' id='word_1_772' title='bbox 3184 2063 3315 2116; x_wconf 89' lang='lat' dir='ltr'><strong>mihi</strong></span> <span class='ocrx_word' id='word_1_773' title='bbox 3339 2065 3627 2118; x_wconf 84' lang='lat' dir='ltr'><strong>concedas</strong></span> <span class='ocrx_word' id='word_1_774' title='bbox 3652 2059 3828 2120; x_wconf 75' lang='lat' dir='ltr'><strong>coram</strong></span> 
     </span>
    </p>
   </div>
   <div class='ocr_carea' id='block_1_101' title="bbox 2238 2129 3830 2200">
    <p class='ocr_par' dir='ltr' id='par_1_101' title="bbox 2238 2129 3830 2200">
     <span class='ocr_line' id='line_1_103' title="bbox 2238 2129 3830 2200; baseline 0.003 -17"><span class='ocrx_word' id='word_1_775' title='bbox 2238 2139 2292 2183; x_wconf 87' lang='lat' dir='ltr'><strong>te</strong></span> <span class='ocrx_word' id='word_1_776' title='bbox 2318 2146 2478 2200; x_wconf 88' lang='lat' dir='ltr'><strong>agere</strong></span> <span class='ocrx_word' id='word_1_777' title='bbox 2505 2129 2915 2191; x_wconf 82' lang='lat' dir='ltr'><strong>confessionem,</strong></span> <span class='ocrx_word' id='word_1_778' title='bbox 2950 2146 3240 2198; x_wconf 86' lang='lat' dir='ltr'><strong>veramque</strong></span> <span class='ocrx_word' id='word_1_779' title='bbox 3276 2149 3343 2186; x_wconf 77' lang='lat' dir='ltr'><strong>ex</strong></span> <span class='ocrx_word' id='word_1_780' title='bbox 3377 2133 3468 2187; x_wconf 86' lang='lat' dir='ltr'><strong>bis</strong></span> <span class='ocrx_word' id='word_1_781' title='bbox 3490 2136 3749 2188; x_wconf 68' lang='lat' dir='ltr'><strong>ouinibus</strong></span> <span class='ocrx_word' id='word_1_782' title='bbox 3776 2145 3830 2190; x_wconf 88' lang='lat' dir='ltr'><strong>et</strong></span> 
     </span>
    </p>
   </div>
   <div class='ocr_carea' id='block_1_102' title="bbox 2238 2200 3830 2272">
    <p class='ocr_par' dir='ltr' id='par_1_102' title="bbox 2238 2200 3830 2272">
     <span class='ocr_line' id='line_1_104' title="bbox 2238 2200 3830 2272; baseline 0.003 -18"><span class='ocrx_word' id='word_1_783' title='bbox 2238 2201 2558 2272; x_wconf 77' lang='lat' dir='ltr'><strong>condignam</strong></span> <span class='ocrx_word' id='word_1_784' title='bbox 2605 2201 2736 2272; x_wconf 89' lang='lat' dir='ltr'><strong>mihi</strong></span> <span class='ocrx_word' id='word_1_785' title='bbox 2763 2200 2998 2272; x_wconf 74' lang='lat' dir='ltr'><strong>_tribuas</strong></span> <span class='ocrx_word' id='word_1_786' title='bbox 3039 2203 3439 2272; x_wconf 70' lang='lat' dir='ltr'><strong>pmttitentiam,</strong></span> <span class='ocrx_word' id='word_1_787' title='bbox 3491 2221 3830 2272; x_wconf 67' lang='lat' dir='ltr'><strong>quaecunque</strong></span> 
     </span>
    </p>
   </div>
   <div class='ocr_carea' id='block_1_103' title="bbox 2237 2270 3829 2340">
    <p class='ocr_par' dir='ltr' id='par_1_103' title="bbox 2237 2270 3829 2340">
     <span class='ocr_line' id='line_1_105' title="bbox 2237 2270 3829 2340; baseline 0.002 -16"><span class='ocrx_word' id='word_1_788' title='bbox 2237 2271 2454 2339; x_wconf 88' lang='lat' dir='ltr'><strong>peccavi</strong></span> <span class='ocrx_word' id='word_1_789' title='bbox 2480 2270 2528 2324; x_wconf 91' lang='lat' dir='ltr'><strong>in</strong></span> <span class='ocrx_word' id='word_1_790' title='bbox 2557 2270 2973 2340; x_wconf 85' lang='lat' dir='ltr'><strong>cogitationibus</strong></span> <span class='ocrx_word' id='word_1_791' title='bbox 3001 2271 3267 2340; x_wconf 85' lang='lat' dir='ltr'><strong>pessimis,</strong></span> <span class='ocrx_word' id='word_1_792' title='bbox 3299 2272 3351 2324; x_wconf 92' lang='lat' dir='ltr'><strong>in</strong></span> <span class='ocrx_word' id='word_1_793' title='bbox 3377 2270 3829 2327; x_wconf 75' lang='lat' dir='ltr'><strong>meditationibus</strong></span> 
     </span>
    </p>
   </div>
   <div class='ocr_carea' id='block_1_104' title="bbox 2237 2339 3829 2411">
    <p class='ocr_par' dir='ltr' id='par_1_104' title="bbox 2237 2339 3829 2411">
     <span class='ocr_line' id='line_1_106' title="bbox 2237 2339 3829 2411; baseline 0.002 -19"><span class='ocrx_word' id='word_1_794' title='bbox 2237 2340 2443 2411; x_wconf 81' lang='lat' dir='ltr'><strong>pravis,</strong></span> <span class='ocrx_word' id='word_1_795' title='bbox 2468 2340 2530 2411; x_wconf 89' lang='lat' dir='ltr'><strong>in</strong></span> <span class='ocrx_word' id='word_1_796' title='bbox 2551 2355 2816 2394; x_wconf 82' lang='lat' dir='ltr'><strong>consensu</strong></span> <span class='ocrx_word' id='word_1_797' title='bbox 2831 2339 3010 2411; x_wconf 79' lang='lat' dir='ltr'><strong>malo,</strong></span> <span class='ocrx_word' id='word_1_798' title='bbox 3042 2341 3093 2393; x_wconf 92' lang='lat' dir='ltr'><strong>in</strong></span> <span class='ocrx_word' id='word_1_799' title='bbox 3125 2341 3350 2411; x_wconf 85' lang='lat' dir='ltr'><strong>consilio</strong></span> <span class='ocrx_word' id='word_1_800' title='bbox 3377 2341 3596 2411; x_wconf 84' lang='lat' dir='ltr'><strong>iniquo,</strong></span> <span class='ocrx_word' id='word_1_801' title='bbox 3627 2344 3682 2396; x_wconf 94' lang='lat' dir='ltr'><strong>in</strong></span> <span class='ocrx_word' id='word_1_802' title='bbox 3707 2360 3829 2397; x_wconf 86' lang='lat' dir='ltr'><strong>con-</strong></span> 
     </span>
    </p>
   </div>
   <div class='ocr_carea' id='block_1_105' title="bbox 2240 2409 3830 2478">
    <p class='ocr_par' dir='ltr' id='par_1_105' title="bbox 2240 2409 3830 2478">
     <span class='ocr_line' id='line_1_107' title="bbox 2240 2409 3830 2478; baseline 0.003 -15"><span class='ocrx_word' id='word_1_803' title='bbox 2240 2409 2592 2478; x_wconf 90' lang='lat' dir='ltr'><strong>cupiscentia,</strong></span> <span class='ocrx_word' id='word_1_804' title='bbox 2626 2419 2788 2478; x_wconf 87' lang='lat' dir='ltr'><strong>atque</strong></span> <span class='ocrx_word' id='word_1_805' title='bbox 2814 2409 3166 2464; x_wconf 86' lang='lat' dir='ltr'><strong>delectatione</strong></span> <span class='ocrx_word' id='word_1_806' title='bbox 3210 2409 3520 2476; x_wconf 77' lang='lat' dir='ltr'><strong>immunda,</strong></span> <span class='ocrx_word' id='word_1_807' title='bbox 3568 2415 3628 2466; x_wconf 89' lang='lat' dir='ltr'><strong>in</strong></span> <span class='ocrx_word' id='word_1_808' title='bbox 3658 2413 3830 2467; x_wconf 84' lang='lat' dir='ltr'><strong>verbis</strong></span> 
     </span>
    </p>
   </div>
   <div class='ocr_carea' id='block_1_106' title="bbox 2237 2478 3828 2546">
    <p class='ocr_par' dir='ltr' id='par_1_106' title="bbox 2237 2478 3828 2546">
     <span class='ocr_line' id='line_1_108' title="bbox 2237 2478 3828 2546; baseline 0.001 -12"><span class='ocrx_word' id='word_1_809' title='bbox 2237 2479 2448 2544; x_wconf 82' lang='lat' dir='ltr'><strong>otiosis,</strong></span> <span class='ocrx_word' id='word_1_810' title='bbox 2497 2479 2553 2534; x_wconf 89' lang='lat' dir='ltr'><strong>in</strong></span> <span class='ocrx_word' id='word_1_811' title='bbox 2599 2478 2758 2536; x_wconf 81' lang='lat' dir='ltr'><strong>factis</strong></span> <span class='ocrx_word' id='word_1_812' title='bbox 2791 2478 3100 2545; x_wconf 89' lang='lat' dir='ltr'><strong>malitiosis,</strong></span> <span class='ocrx_word' id='word_1_813' title='bbox 3153 2481 3207 2533; x_wconf 91' lang='lat' dir='ltr'><strong>in</strong></span> <span class='ocrx_word' id='word_1_814' title='bbox 3256 2482 3400 2546; x_wconf 82' lang='lat' dir='ltr'><strong>visu,</strong></span> <span class='ocrx_word' id='word_1_815' title='bbox 3440 2482 3496 2535; x_wconf 90' lang='lat' dir='ltr'><strong>in</strong></span> <span class='ocrx_word' id='word_1_816' title='bbox 3525 2483 3747 2546; x_wconf 85' lang='lat' dir='ltr'><strong>auditu,</strong></span> <span class='ocrx_word' id='word_1_817' title='bbox 3776 2483 3828 2536; x_wconf 88' lang='lat' dir='ltr'><strong>iu</strong></span> 
     </span>
    </p>
   </div>
   <div class='ocr_carea' id='block_1_107' title="bbox 2238 2549 3830 2618">
    <p class='ocr_par' dir='ltr' id='par_1_107' title="bbox 2238 2549 3830 2618">
     <span class='ocr_line' id='line_1_109' title="bbox 2238 2549 3830 2618; baseline 0.005 -18"><span class='ocrx_word' id='word_1_818' title='bbox 2238 2558 2418 2618; x_wconf 78' lang='lat' dir='ltr'><strong>gustu,</strong></span> <span class='ocrx_word' id='word_1_819' title='bbox 2449 2549 2503 2603; x_wconf 92' lang='lat' dir='ltr'><strong>in</strong></span> <span class='ocrx_word' id='word_1_820' title='bbox 2546 2549 2794 2612; x_wconf 89' lang='lat' dir='ltr'><strong>odoratu,</strong></span> <span class='ocrx_word' id='word_1_821' title='bbox 2835 2557 2890 2602; x_wconf 88' lang='lat' dir='ltr'><strong>et</strong></span> <span class='ocrx_word' id='word_1_822' title='bbox 2936 2557 3099 2603; x_wconf 86' lang='lat' dir='ltr'><strong>tactu.</strong></span> <span class='ocrx_word' id='word_1_823' title='bbox 3147 2549 3228 2603; x_wconf 92' lang='lat' dir='ltr'><strong>Tu</strong></span> <span class='ocrx_word' id='word_1_824' title='bbox 3273 2551 3460 2616; x_wconf 86' lang='lat' dir='ltr'><strong>enim,</strong></span> <span class='ocrx_word' id='word_1_825' title='bbox 3511 2554 3830 2608; x_wconf 82' lang='lat' dir='ltr'><strong>misericors</strong></span> 
     </span>
    </p>
   </div>
   <div class='ocr_carea' id='block_1_108' title="bbox 2239 2613 3828 2688">
    <p class='ocr_par' dir='ltr' id='par_1_108' title="bbox 2239 2613 3828 2688">
     <span class='ocr_line' id='line_1_110' title="bbox 2239 2613 3828 2688; baseline 0.001 -16"><span class='ocrx_word' id='word_1_826' title='bbox 2239 2613 2400 2681; x_wconf 81' lang='lat' dir='ltr'><strong>Deus,</strong></span> <span class='ocrx_word' id='word_1_827' title='bbox 2426 2620 2492 2672; x_wconf 92' lang='lat' dir='ltr'><strong>ad</strong></span> <span class='ocrx_word' id='word_1_828' title='bbox 2513 2619 2842 2688; x_wconf 88' lang='lat' dir='ltr'><strong>operandam</strong></span> <span class='ocrx_word' id='word_1_829' title='bbox 2866 2619 2995 2672; x_wconf 89' lang='lat' dir='ltr'><strong>mihi</strong></span> <span class='ocrx_word' id='word_1_830' title='bbox 3023 2620 3214 2673; x_wconf 74' lang='lat' dir='ltr'><strong>anima:</strong></span> <span class='ocrx_word' id='word_1_831' title='bbox 3240 2636 3375 2674; x_wconf 75' lang='lat' dir='ltr'><strong>mea:</strong></span> <span class='ocrx_word' id='word_1_832' title='bbox 3392 2613 3638 2676; x_wconf 77' lang='lat' dir='ltr'><strong>salutem</strong></span> <span class='ocrx_word' id='word_1_833' title='bbox 3663 2638 3828 2676; x_wconf 76' lang='lat' dir='ltr'><strong>mem-</strong></span> 
     </span>
    </p>
   </div>
   <div class='ocr_carea' id='block_1_109' title="bbox 2240 2689 3826 2761">
    <p class='ocr_par' dir='ltr' id='par_1_109' title="bbox 2240 2689 3826 2761">
     <span class='ocr_line' id='line_1_111' title="bbox 2240 2689 3826 2761; baseline 0.002 -19"><span class='ocrx_word' id='word_1_834' title='bbox 2240 2689 2336 2761; x_wconf 82' lang='lat' dir='ltr'><strong>bra</strong></span> <span class='ocrx_word' id='word_1_835' title='bbox 2386 2689 2594 2761; x_wconf 85' lang='lat' dir='ltr'><strong>singula</strong></span> <span class='ocrx_word' id='word_1_836' title='bbox 2623 2689 2874 2761; x_wconf 84' lang='lat' dir='ltr'><strong>humanis</strong></span> <span class='ocrx_word' id='word_1_837' title='bbox 2912 2690 3098 2743; x_wconf 90' lang='lat' dir='ltr'><strong>usibus</strong></span> <span class='ocrx_word' id='word_1_838' title='bbox 3127 2697 3251 2758; x_wconf 88' lang='lat' dir='ltr'><strong>apta</strong></span> <span class='ocrx_word' id='word_1_839' title='bbox 3277 2691 3480 2746; x_wconf 84' lang='lat' dir='ltr'><strong>dediin</strong></span> <span class='ocrx_word' id='word_1_840' title='bbox 3529 2709 3546 2744; x_wconf 91' lang='lat'>:</span> <span class='ocrx_word' id='word_1_841' title='bbox 3603 2693 3699 2745; x_wconf 81' lang='lat' dir='ltr'><strong>sed</strong></span> <span class='ocrx_word' id='word_1_842' title='bbox 3729 2707 3826 2761; x_wconf 73' lang='lat' dir='ltr'><strong>ego</strong></span> 
     </span>
    </p>
   </div>
   <div class='ocr_carea' id='block_1_110' title="bbox 2241 2757 3830 2828">
    <p class='ocr_par' dir='ltr' id='par_1_110' title="bbox 2241 2757 3830 2828">
     <span class='ocr_line' id='line_1_112' title="bbox 2241 2757 3830 2828; baseline 0.002 -17"><span class='ocrx_word' id='word_1_843' title='bbox 2241 2757 2578 2813; x_wconf 86' lang='lat' dir='ltr'><strong>miserrimus</strong></span> <span class='ocrx_word' id='word_1_844' title='bbox 2619 2759 2860 2814; x_wconf 89' lang='lat' dir='ltr'><strong>omnium</strong></span> <span class='ocrx_word' id='word_1_845' title='bbox 2888 2769 2942 2812; x_wconf 90' lang='lat' dir='ltr'><strong>et</strong></span> <span class='ocrx_word' id='word_1_846' title='bbox 2982 2757 3230 2828; x_wconf 82' lang='lat' dir='ltr'><strong>peccatur</strong></span> <span class='ocrx_word' id='word_1_847' title='bbox 3262 2768 3334 2820; x_wconf 90' lang='lat' dir='ltr'><strong>te,</strong></span> <span class='ocrx_word' id='word_1_848' title='bbox 3380 2769 3613 2814; x_wconf 71' lang='lat' dir='ltr'><strong>aeterna:</strong></span> <span class='ocrx_word' id='word_1_849' title='bbox 3641 2757 3830 2815; x_wconf 68' lang='lat' dir='ltr'><strong>salutis</strong></span> 
     </span>
    </p>
   </div>
   <div class='ocr_carea' id='block_1_111' title="bbox 2241 2828 3829 2897">
    <p class='ocr_par' dir='ltr' id='par_1_111' title="bbox 2241 2828 3829 2897">
     <span class='ocr_line' id='line_1_113' title="bbox 2241 2828 3829 2897; baseline 0.003 -17"><span class='ocrx_word' id='word_1_850' title='bbox 2241 2836 2536 2893; x_wconf 88' lang='lat' dir='ltr'><strong>auctorem,</strong></span> <span class='ocrx_word' id='word_1_851' title='bbox 2562 2828 2883 2897; x_wconf 87' lang='lat' dir='ltr'><strong>contempsi,</strong></span> <span class='ocrx_word' id='word_1_852' title='bbox 2909 2839 2963 2883; x_wconf 88' lang='lat' dir='ltr'><strong>et</strong></span> <span class='ocrx_word' id='word_1_853' title='bbox 2991 2837 3188 2884; x_wconf 75' lang='lat' dir='ltr'><strong>mterna</strong></span> <span class='ocrx_word' id='word_1_854' title='bbox 3221 2830 3352 2882; x_wconf 90' lang='lat' dir='ltr'><strong>mihi</strong></span> <span class='ocrx_word' id='word_1_855' title='bbox 3382 2832 3614 2885; x_wconf 85' lang='lat' dir='ltr'><strong>inimico</strong></span> <span class='ocrx_word' id='word_1_856' title='bbox 3648 2831 3829 2886; x_wconf 78' lang='lat' dir='ltr'><strong>incen-</strong></span> 
     </span>
    </p>
   </div>
   <div class='ocr_carea' id='block_1_112' title="bbox 2241 2898 3828 2971">
    <p class='ocr_par' dir='ltr' id='par_1_112' title="bbox 2241 2898 3828 2971">
     <span class='ocr_line' id='line_1_114' title="bbox 2241 2898 3828 2971; baseline 0.001 -19"><span class='ocrx_word' id='word_1_857' title='bbox 2241 2898 2326 2952; x_wconf 88' lang='lat' dir='ltr'><strong>dia</strong></span> <span class='ocrx_word' id='word_1_858' title='bbox 2375 2899 3006 2971; x_wconf 63' lang='lat' dir='ltr'><strong>prmparantisuadcnte</strong></span> <span class='ocrx_word' id='word_1_859' title='bbox 3037 2899 3298 2971; x_wconf 85' lang='lat' dir='ltr'><strong>concessi.</strong></span> <span class='ocrx_word' id='word_1_860' title='bbox 3337 2898 3554 2971; x_wconf 87' lang='lat' dir='ltr'><strong>Lapsus</strong></span> <span class='ocrx_word' id='word_1_861' title='bbox 3603 2918 3728 2955; x_wconf 88' lang='lat' dir='ltr'><strong>sum</strong></span> <span class='ocrx_word' id='word_1_862' title='bbox 3775 2901 3828 2954; x_wconf 87' lang='lat' dir='ltr'><strong>in</strong></span> 
     </span>
    </p>
   </div>
   <div class='ocr_carea' id='block_1_113' title="bbox 2241 2968 3826 3040">
    <p class='ocr_par' dir='ltr' id='par_1_113' title="bbox 2241 2968 3826 3040">
     <span class='ocr_line' id='line_1_115' title="bbox 2241 2968 3826 3040; baseline 0.001 -18"><span class='ocrx_word' id='word_1_863' title='bbox 2241 2968 2712 3040; x_wconf 16' lang='lat' dir='ltr'><strong>peccatis,icorrui</strong></span> <span class='ocrx_word' id='word_1_864' title='bbox 2741 2970 2794 3040; x_wconf 83' lang='lat' dir='ltr'><strong>in</strong></span> <span class='ocrx_word' id='word_1_865' title='bbox 2832 2968 3062 3040; x_wconf 81' lang='lat' dir='ltr'><strong>delictis,</strong></span> <span class='ocrx_word' id='word_1_866' title='bbox 3093 2969 3145 3021; x_wconf 92' lang='lat' dir='ltr'><strong>in</strong></span> <span class='ocrx_word' id='word_1_867' title='bbox 3177 2968 3438 3023; x_wconf 83' lang='lat' dir='ltr'><strong>membris</strong></span> <span class='ocrx_word' id='word_1_868' title='bbox 3473 2972 3710 3040; x_wconf 84' lang='lat' dir='ltr'><strong>singulis</strong></span> <span class='ocrx_word' id='word_1_869' title='bbox 3735 2987 3826 3023; x_wconf 83' lang='lat' dir='ltr'><strong>na-</strong></span> 
     </span>
    </p>
   </div>
   <div class='ocr_carea' id='block_1_114' title="bbox 2243 3037 3826 3112">
    <p class='ocr_par' dir='ltr' id='par_1_114' title="bbox 2243 3037 3826 3112">
     <span class='ocr_line' id='line_1_116' title="bbox 2243 3037 3826 3112; baseline 0.003 -22"><span class='ocrx_word' id='word_1_870' title='bbox 2243 3037 2378 3112; x_wconf 56' lang='lat' dir='ltr'><strong>iu&#39;rae</strong></span> <span class='ocrx_word' id='word_1_871' title='bbox 2407 3039 2622 3112; x_wconf 83' lang='lat' dir='ltr'><strong>modum</strong></span> <span class='ocrx_word' id='word_1_872' title='bbox 2645 3037 2807 3112; x_wconf 83' lang='lat' dir='ltr'><strong>cessi,</strong></span> <span class='ocrx_word' id='word_1_873' title='bbox 2833 3047 2887 3090; x_wconf 88' lang='lat' dir='ltr'><strong>et</strong></span> <span class='ocrx_word' id='word_1_874' title='bbox 2913 3038 3228 3112; x_wconf 75' lang='lat' dir='ltr'><strong>impiissime</strong></span> <span class='ocrx_word' id='word_1_875' title='bbox 3246 3040 3518 3112; x_wconf 12' lang='lat' dir='ltr'><strong>ipravis‘et</strong></span> <span class='ocrx_word' id='word_1_876' title='bbox 3543 3037 3826 3112; x_wconf 60' lang='lat' dir='ltr'><strong>perversis</strong></span> 
     </span>
    </p>
   </div>
   <div class='ocr_carea' id='block_1_115' title="bbox 2167 3097 3824 3182">
    <p class='ocr_par' dir='ltr' id='par_1_115' title="bbox 2167 3097 3824 3182">
     <span class='ocr_line' id='line_1_117' title="bbox 2167 3097 3824 3182; baseline 0.004 -23"><span class='ocrx_word' id='word_1_877' title='bbox 2167 3097 2216 3182; x_wconf 66' lang='grc' dir='ltr'><strong>Ω</strong></span> <span class='ocrx_word' id='word_1_878' title='bbox 2245 3105 2518 3182; x_wconf 61' lang='grc' dir='ltr'><strong>Ιξιιωτῴιιε</strong></span> <span class='ocrx_word' id='word_1_879' title='bbox 2550 3097 2841 3182; x_wconf 71' lang='lat' dir='ltr'><strong>obnoxium</strong></span> <span class='ocrx_word' id='word_1_880' title='bbox 2867 3123 2952 3161; x_wconf 90' lang='lat' dir='ltr'><strong>me</strong></span> <span class='ocrx_word' id='word_1_881' title='bbox 2985 3097 3124 3182; x_wconf 43' lang='grc' dir='ltr'><strong>ξριτιξΔ</strong></span> <span class='ocrx_word' id='word_1_882' title='bbox 3151 3097 3320 3182; x_wconf 45' lang='lat' dir='ltr'><strong>Red-es</strong></span> <span class='ocrx_word' id='word_1_883' title='bbox 3355 3110 3466 3164; x_wconf 88' lang='lat' dir='ltr'><strong>mei</strong></span> <span class='ocrx_word' id='word_1_884' title='bbox 3495 3097 3566 3164; x_wconf 79' lang='lat' dir='ltr'><strong>ad</strong></span> <span class='ocrx_word' id='word_1_885' title='bbox 3596 3127 3824 3164; x_wconf 85' lang='lat' dir='ltr'><strong>curren-</strong></span> 
     </span>
    </p>
   </div>
   <div class='ocr_carea' id='block_1_116' title="bbox 2240 3176 3826 3249">
    <p class='ocr_par' dir='ltr' id='par_1_116' title="bbox 2240 3176 3826 3249">
     <span class='ocr_line' id='line_1_118' title="bbox 2240 3176 3826 3249; baseline 0.003 -19"><span class='ocrx_word' id='word_1_886' title='bbox 2240 3176 2369 3249; x_wconf 85' lang='lat' dir='ltr'><strong>dum</strong></span> <span class='ocrx_word' id='word_1_887' title='bbox 2413 3177 2722 3249; x_wconf 90' lang='lat' dir='ltr'><strong>in_ma|um</strong></span> <span class='ocrx_word' id='word_1_888' title='bbox 2774 3179 3044 3249; x_wconf 85' lang='lat' dir='ltr'><strong>sequendo</strong></span> <span class='ocrx_word' id='word_1_889' title='bbox 3068 3177 3348 3249; x_wconf 88' lang='lat' dir='ltr'><strong>libidinem</strong></span> <span class='ocrx_word' id='word_1_890' title='bbox 3397 3196 3567 3249; x_wconf 89' lang='lat' dir='ltr'><strong>supra</strong></span> <span class='ocrx_word' id='word_1_891' title='bbox 3607 3182 3826 3234; x_wconf 81' lang='lat' dir='ltr'><strong>modum</strong></span> 
     </span>
    </p>
   </div>
   <div class='ocr_carea' id='block_1_117' title="bbox 2238 3246 3823 3311">
    <p class='ocr_par' dir='ltr' id='par_1_117' title="bbox 2238 3246 3823 3311">
     <span class='ocr_line' id='line_1_119' title="bbox 2238 3246 3823 3311; baseline 0.003 -13"><span class='ocrx_word' id='word_1_892' title='bbox 2238 3246 2451 3300; x_wconf 86' lang='lat' dir='ltr'><strong>veloces</strong></span> <span class='ocrx_word' id='word_1_893' title='bbox 2479 3246 2719 3311; x_wconf 86' lang='lat' dir='ltr'><strong>fuerunt,</strong></span> <span class='ocrx_word' id='word_1_894' title='bbox 2763 3254 2819 3301; x_wconf 90' lang='lat' dir='ltr'><strong>et</strong></span> <span class='ocrx_word' id='word_1_895' title='bbox 2848 3248 2900 3298; x_wconf 91' lang='lat' dir='ltr'><strong>in</strong></span> <span class='ocrx_word' id='word_1_896' title='bbox 2945 3247 3248 3301; x_wconf 88' lang='lat' dir='ltr'><strong>obedientia</strong></span> <span class='ocrx_word' id='word_1_897' title='bbox 3281 3246 3668 3304; x_wconf 77' lang='lat' dir='ltr'><strong>mandatorum</strong></span> <span class='ocrx_word' id='word_1_898' title='bbox 3705 3260 3823 3303; x_wconf 76' lang='lat' dir='ltr'><strong>tuo-</strong></span> 
     </span>
    </p>
   </div>
   <div class='ocr_carea' id='block_1_118' title="bbox 2240 3315 3821 3380">
    <p class='ocr_par' dir='ltr' id='par_1_118' title="bbox 2240 3315 3821 3380">
     <span class='ocr_line' id='line_1_120' title="bbox 2240 3315 3821 3380; baseline 0.003 -12"><span class='ocrx_word' id='word_1_899' title='bbox 2240 3330 2361 3369; x_wconf 85' lang='lat' dir='ltr'><strong>rum</strong></span> <span class='ocrx_word' id='word_1_900' title='bbox 2411 3315 2724 3380; x_wconf 89' lang='lat' dir='ltr'><strong>imbecilles,</strong></span> <span class='ocrx_word' id='word_1_901' title='bbox 2762 3331 2921 3370; x_wconf 88' lang='lat' dir='ltr'><strong>crura</strong></span> <span class='ocrx_word' id='word_1_902' title='bbox 2955 3332 3073 3371; x_wconf 87' lang='lat' dir='ltr'><strong>mea</strong></span> <span class='ocrx_word' id='word_1_903' title='bbox 3106 3319 3172 3370; x_wconf 91' lang='lat' dir='ltr'><strong>ad</strong></span> <span class='ocrx_word' id='word_1_904' title='bbox 3205 3333 3291 3371; x_wconf 89' lang='lat' dir='ltr'><strong>me</strong></span> <span class='ocrx_word' id='word_1_905' title='bbox 3325 3319 3712 3374; x_wconf 86' lang='lat' dir='ltr'><strong>sustinendum</strong></span> <span class='ocrx_word' id='word_1_906' title='bbox 3769 3321 3821 3372; x_wconf 89' lang='lat' dir='ltr'><strong>in</strong></span> 
     </span>
    </p>
   </div>
   <div class='ocr_carea' id='block_1_119' title="bbox 2239 3383 3822 3458">
    <p class='ocr_par' dir='ltr' id='par_1_119' title="bbox 2239 3383 3822 3458">
     <span class='ocr_line' id='line_1_121' title="bbox 2239 3383 3822 3458; baseline 0.001 -20"><span class='ocrx_word' id='word_1_907' title='bbox 2239 3385 2440 3440; x_wconf 90' lang='lat' dir='ltr'><strong>malum</strong></span> <span class='ocrx_word' id='word_1_908' title='bbox 2488 3385 2672 3458; x_wconf 81' lang='lat' dir='ltr'><strong>fortia,</strong></span> <span class='ocrx_word' id='word_1_909' title='bbox 2700 3383 2871 3458; x_wconf 87' lang='lat' dir='ltr'><strong>genua</strong></span> <span class='ocrx_word' id='word_1_910' title='bbox 2903 3401 3021 3458; x_wconf 77' lang='lat' dir='ltr'><strong>mea</strong></span> <span class='ocrx_word' id='word_1_911' title='bbox 3073 3387 3139 3440; x_wconf 90' lang='lat' dir='ltr'><strong>ad</strong></span> <span class='ocrx_word' id='word_1_912' title='bbox 3166 3385 3588 3458; x_wconf 82' lang='lat' dir='ltr'><strong>fornicationem</strong></span> <span class='ocrx_word' id='word_1_913' title='bbox 3643 3390 3822 3458; x_wconf 80' lang='lat' dir='ltr'><strong>potius</strong></span> 
     </span>
    </p>
   </div>
   <div class='ocr_carea' id='block_1_120' title="bbox 2240 3455 3818 3524">
    <p class='ocr_par' dir='ltr' id='par_1_120' title="bbox 2240 3455 3818 3524">
     <span class='ocr_line' id='line_1_122' title="bbox 2240 3455 3818 3524; baseline 0.002 -16"><span class='ocrx_word' id='word_1_914' title='bbox 2240 3471 2399 3524; x_wconf 89' lang='lat' dir='ltr'><strong>quam</strong></span> <span class='ocrx_word' id='word_1_915' title='bbox 2431 3459 2498 3509; x_wconf 91' lang='lat' dir='ltr'><strong>ad</strong></span> <span class='ocrx_word' id='word_1_916' title='bbox 2542 3456 2909 3510; x_wconf 88' lang='lat' dir='ltr'><strong>adorationem</strong></span> <span class='ocrx_word' id='word_1_917' title='bbox 2941 3455 3173 3509; x_wconf 85' lang='lat' dir='ltr'><strong>libenter</strong></span> <span class='ocrx_word' id='word_1_918' title='bbox 3207 3457 3353 3523; x_wconf 73' lang='lat' dir='ltr'><strong>flexi,</strong></span> <span class='ocrx_word' id='word_1_919' title='bbox 3403 3458 3462 3510; x_wconf 90' lang='lat' dir='ltr'><strong>in</strong></span> <span class='ocrx_word' id='word_1_920' title='bbox 3501 3455 3818 3520; x_wconf 72' lang='lat' dir='ltr'><strong>femoribus,</strong></span> 
     </span>
    </p>
   </div>
   <div class='ocr_carea' id='block_1_121' title="bbox 2238 3524 3822 3594">
    <p class='ocr_par' dir='ltr' id='par_1_121' title="bbox 2238 3524 3822 3594">
     <span class='ocr_line' id='line_1_123' title="bbox 2238 3524 3822 3594; baseline 0.001 -15"><span class='ocrx_word' id='word_1_921' title='bbox 2238 3535 2294 3579; x_wconf 88' lang='lat' dir='ltr'><strong>et</strong></span> <span class='ocrx_word' id='word_1_922' title='bbox 2322 3526 2373 3578; x_wconf 91' lang='lat' dir='ltr'><strong>in</strong></span> <span class='ocrx_word' id='word_1_923' title='bbox 2404 3526 2726 3594; x_wconf 86' lang='lat' dir='ltr'><strong>genitalibus</strong></span> <span class='ocrx_word' id='word_1_924' title='bbox 2753 3524 2887 3578; x_wconf 85' lang='lat' dir='ltr'><strong>meis</strong></span> <span class='ocrx_word' id='word_1_925' title='bbox 2915 3539 3076 3594; x_wconf 90' lang='lat' dir='ltr'><strong>supra</strong></span> <span class='ocrx_word' id='word_1_926' title='bbox 3105 3527 3342 3592; x_wconf 86' lang='lat' dir='ltr'><strong>modum,</strong></span> <span class='ocrx_word' id='word_1_927' title='bbox 3372 3529 3424 3580; x_wconf 90' lang='lat' dir='ltr'><strong>in</strong></span> <span class='ocrx_word' id='word_1_928' title='bbox 3450 3529 3711 3582; x_wconf 86' lang='lat' dir='ltr'><strong>omnibus</strong></span> <span class='ocrx_word' id='word_1_929' title='bbox 3739 3543 3822 3581; x_wconf 89' lang='lat' dir='ltr'><strong>me</strong></span> 
     </span>
    </p>
   </div>
   <div class='ocr_carea' id='block_1_122' title="bbox 2239 3595 3820 3660">
    <p class='ocr_par' dir='ltr' id='par_1_122' title="bbox 2239 3595 3820 3660">
     <span class='ocr_line' id='line_1_124' title="bbox 2239 3595 3820 3660; baseline 0 -10"><span class='ocrx_word' id='word_1_930' title='bbox 2239 3596 2592 3650; x_wconf 87' lang='lat' dir='ltr'><strong>immunditiis</strong></span> <span class='ocrx_word' id='word_1_931' title='bbox 2634 3595 3004 3650; x_wconf 87' lang='lat' dir='ltr'><strong>contaminare</strong></span> <span class='ocrx_word' id='word_1_932' title='bbox 3044 3610 3148 3648; x_wconf 91' lang='lat' dir='ltr'><strong>non</strong></span> <span class='ocrx_word' id='word_1_933' title='bbox 3193 3598 3386 3660; x_wconf 88' lang='lat' dir='ltr'><strong>metui,</strong></span> <span class='ocrx_word' id='word_1_934' title='bbox 3440 3608 3494 3651; x_wconf 88' lang='lat' dir='ltr'><strong>et</strong></span> <span class='ocrx_word' id='word_1_935' title='bbox 3525 3612 3682 3650; x_wconf 87' lang='lat' dir='ltr'><strong>reum</strong></span> <span class='ocrx_word' id='word_1_936' title='bbox 3737 3612 3820 3650; x_wconf 91' lang='lat' dir='ltr'><strong>me</strong></span> 
     </span>
    </p>
   </div>
   <div class='ocr_carea' id='block_1_123' title="bbox 2238 3665 3820 3736">
    <p class='ocr_par' dir='ltr' id='par_1_123' title="bbox 2238 3665 3820 3736">
     <span class='ocr_line' id='line_1_125' title="bbox 2238 3665 3820 3736; baseline 0.001 -17"><span class='ocrx_word' id='word_1_937' title='bbox 2238 3665 2386 3720; x_wconf 91' lang='lat' dir='ltr'><strong>omni</strong></span> <span class='ocrx_word' id='word_1_938' title='bbox 2411 3680 2518 3736; x_wconf 86' lang='lat' dir='ltr'><strong>ora</strong></span> <span class='ocrx_word' id='word_1_939' title='bbox 2565 3666 2774 3736; x_wconf 77' lang='lat' dir='ltr'><strong>peregi.</strong></span> <span class='ocrx_word' id='word_1_940' title='bbox 2821 3665 3022 3719; x_wconf 81' lang='lat' dir='ltr'><strong>Venter</strong></span> <span class='ocrx_word' id='word_1_941' title='bbox 3069 3679 3243 3736; x_wconf 84' lang='lat' dir='ltr'><strong>meus,</strong></span> <span class='ocrx_word' id='word_1_942' title='bbox 3291 3675 3346 3721; x_wconf 88' lang='lat' dir='ltr'><strong>et</strong></span> <span class='ocrx_word' id='word_1_943' title='bbox 3387 3667 3602 3720; x_wconf 79' lang='lat' dir='ltr'><strong>viscera</strong></span> <span class='ocrx_word' id='word_1_944' title='bbox 3644 3667 3820 3726; x_wconf 76' lang='lat' dir='ltr'><strong>omnia</strong></span> 
     </span>
    </p>
   </div>
   <div class='ocr_carea' id='block_1_124' title="bbox 2238 3734 3823 3804">
    <p class='ocr_par' dir='ltr' id='par_1_124' title="bbox 2238 3734 3823 3804">
     <span class='ocr_line' id='line_1_126' title="bbox 2238 3734 3823 3804; baseline 0.001 -15"><span class='ocrx_word' id='word_1_945' title='bbox 2238 3735 2457 3804; x_wconf 87' lang='lat' dir='ltr'><strong>crapula</strong></span> <span class='ocrx_word' id='word_1_946' title='bbox 2502 3734 2627 3788; x_wconf 87' lang='lat' dir='ltr'><strong>sunt</strong></span> <span class='ocrx_word' id='word_1_947' title='bbox 2665 3734 2869 3804; x_wconf 79' lang='lat' dir='ltr'><strong>jugiter</strong></span> <span class='ocrx_word' id='word_1_948' title='bbox 2896 3744 2951 3788; x_wconf 89' lang='lat' dir='ltr'><strong>et</strong></span> <span class='ocrx_word' id='word_1_949' title='bbox 2980 3735 3244 3788; x_wconf 86' lang='lat' dir='ltr'><strong>ebrietate</strong></span> <span class='ocrx_word' id='word_1_950' title='bbox 3286 3737 3543 3790; x_wconf 87' lang='lat' dir='ltr'><strong>distenta.</strong></span> <span class='ocrx_word' id='word_1_951' title='bbox 3581 3737 3641 3790; x_wconf 92' lang='lat' dir='ltr'><strong>ln</strong></span> <span class='ocrx_word' id='word_1_952' title='bbox 3679 3736 3823 3790; x_wconf 86' lang='lat' dir='ltr'><strong>reni-</strong></span> 
     </span>
    </p>
   </div>
   <div class='ocr_carea' id='block_1_125' title="bbox 2236 3804 3824 3861">
    <p class='ocr_par' dir='ltr' id='par_1_125' title="bbox 2236 3804 3824 3861">
     <span class='ocr_line' id='line_1_127' title="bbox 2236 3804 3824 3861; baseline 0.002 -3"><span class='ocrx_word' id='word_1_953' title='bbox 2236 3805 2339 3858; x_wconf 88' lang='lat' dir='ltr'><strong>bus</strong></span> <span class='ocrx_word' id='word_1_954' title='bbox 2367 3812 2420 3859; x_wconf 89' lang='lat' dir='ltr'><strong>et</strong></span> <span class='ocrx_word' id='word_1_955' title='bbox 2449 3805 2642 3859; x_wconf 89' lang='lat' dir='ltr'><strong>lumbis</strong></span> <span class='ocrx_word' id='word_1_956' title='bbox 2668 3805 2916 3858; x_wconf 89' lang='lat' dir='ltr'><strong>illusione</strong></span> <span class='ocrx_word' id='word_1_957' title='bbox 2947 3804 3210 3860; x_wconf 89' lang='lat' dir='ltr'><strong>diabolica</strong></span> <span class='ocrx_word' id='word_1_958' title='bbox 3243 3821 3304 3860; x_wconf 88' lang='lat' dir='ltr'><strong>ac</strong></span> <span class='ocrx_word' id='word_1_959' title='bbox 3335 3807 3554 3860; x_wconf 83' lang='lat' dir='ltr'><strong>ﬂamma</strong></span> <span class='ocrx_word' id='word_1_960' title='bbox 3585 3806 3824 3861; x_wconf 87' lang='lat' dir='ltr'><strong>libidinis</strong></span> 
     </span>
    </p>
   </div>
   <div class='ocr_carea' id='block_1_126' title="bbox 2239 3873 3824 3943">
    <p class='ocr_par' dir='ltr' id='par_1_126' title="bbox 2239 3873 3824 3943">
     <span class='ocr_line' id='line_1_128' title="bbox 2239 3873 3824 3943; baseline 0 -15"><span class='ocrx_word' id='word_1_961' title='bbox 2239 3875 2551 3943; x_wconf 87' lang='lat' dir='ltr'><strong>turpissimo</strong></span> <span class='ocrx_word' id='word_1_962' title='bbox 2582 3875 2744 3928; x_wconf 89' lang='lat' dir='ltr'><strong>ardeo</strong></span> <span class='ocrx_word' id='word_1_963' title='bbox 2779 3873 3068 3928; x_wconf 81' lang='lat' dir='ltr'><strong>desiderio.</strong></span> <span class='ocrx_word' id='word_1_964' title='bbox 3099 3875 3293 3928; x_wconf 86' lang='lat' dir='ltr'><strong>Latera</strong></span> <span class='ocrx_word' id='word_1_965' title='bbox 3319 3877 3464 3930; x_wconf 89' lang='lat' dir='ltr'><strong>enim</strong></span> <span class='ocrx_word' id='word_1_966' title='bbox 3509 3891 3639 3930; x_wconf 87' lang='lat' dir='ltr'><strong>mea</strong></span> <span class='ocrx_word' id='word_1_967' title='bbox 3668 3876 3824 3928; x_wconf 75' lang='lat' dir='ltr'><strong>luxn-</strong></span> 
     </span>
    </p>
   </div>
   <div class='ocr_carea' id='block_1_127' title="bbox 2239 3943 3822 4014">
    <p class='ocr_par' dir='ltr' id='par_1_127' title="bbox 2239 3943 3822 4014">
     <span class='ocr_line' id='line_1_129' title="bbox 2239 3943 3822 4014; baseline 0.001 -16"><span class='ocrx_word' id='word_1_968' title='bbox 2239 3945 2375 3998; x_wconf 89' lang='lat' dir='ltr'><strong>riam</strong></span> <span class='ocrx_word' id='word_1_969' title='bbox 2422 3944 2642 3998; x_wconf 79' lang='lat' dir='ltr'><strong>malitia:</strong></span> <span class='ocrx_word' id='word_1_970' title='bbox 2704 3958 2810 3996; x_wconf 89' lang='lat' dir='ltr'><strong>non</strong></span> <span class='ocrx_word' id='word_1_971' title='bbox 2855 3943 3151 3998; x_wconf 82' lang='lat' dir='ltr'><strong>formidant</strong></span> <span class='ocrx_word' id='word_1_972' title='bbox 3196 3956 3536 4014; x_wconf 85' lang='lat' dir='ltr'><strong>perpetrare.</strong></span> <span class='ocrx_word' id='word_1_973' title='bbox 3593 3947 3822 4000; x_wconf 86' lang='lat' dir='ltr'><strong>Dorsum</strong></span> 
     </span>
    </p>
   </div>
   <div class='ocr_carea' id='block_1_128' title="bbox 2239 4014 3823 4083">
    <p class='ocr_par' dir='ltr' id='par_1_128' title="bbox 2239 4014 3823 4083">
     <span class='ocr_line' id='line_1_130' title="bbox 2239 4014 3823 4083; baseline 0.001 -16"><span class='ocrx_word' id='word_1_974' title='bbox 2239 4030 2417 4068; x_wconf 91' lang='lat' dir='ltr'><strong>meum</strong></span> <span class='ocrx_word' id='word_1_975' title='bbox 2443 4014 2510 4067; x_wconf 88' lang='lat' dir='ltr'><strong>ad</strong></span> <span class='ocrx_word' id='word_1_976' title='bbox 2545 4014 2724 4082; x_wconf 90' lang='lat' dir='ltr'><strong>iniqua</strong></span> <span class='ocrx_word' id='word_1_977' title='bbox 2754 4014 3007 4068; x_wconf 90' lang='lat' dir='ltr'><strong>roboravi</strong></span> <span class='ocrx_word' id='word_1_978' title='bbox 3035 4029 3225 4083; x_wconf 90' lang='lat' dir='ltr'><strong>opera,</strong></span> <span class='ocrx_word' id='word_1_979' title='bbox 3250 4024 3307 4069; x_wconf 87' lang='lat' dir='ltr'><strong>et</strong></span> <span class='ocrx_word' id='word_1_980' title='bbox 3332 4016 3533 4070; x_wconf 90' lang='lat' dir='ltr'><strong>collum</strong></span> <span class='ocrx_word' id='word_1_981' title='bbox 3555 4030 3744 4070; x_wconf 88' lang='lat' dir='ltr'><strong>meum</strong></span> <span class='ocrx_word' id='word_1_982' title='bbox 3771 4016 3823 4069; x_wconf 87' lang='lat' dir='ltr'><strong>in</strong></span> 
     </span>
    </p>
   </div>
   <div class='ocr_carea' id='block_1_129' title="bbox 2237 4083 3823 4155">
    <p class='ocr_par' dir='ltr' id='par_1_129' title="bbox 2237 4083 3823 4155">
     <span class='ocr_line' id='line_1_131' title="bbox 2237 4083 3823 4155; baseline -0.001 -17"><span class='ocrx_word' id='word_1_983' title='bbox 2237 4084 2442 4155; x_wconf 87' lang='lat' dir='ltr'><strong>carnali</strong></span> <span class='ocrx_word' id='word_1_984' title='bbox 2489 4085 2636 4138; x_wconf 76' lang='lat' dir='ltr'><strong>erexi</strong></span> <span class='ocrx_word' id='word_1_985' title='bbox 2665 4083 2949 4155; x_wconf 82' lang='lat' dir='ltr'><strong>superbia;</strong></span> <span class='ocrx_word' id='word_1_986' title='bbox 2991 4084 3216 4138; x_wconf 85' lang='lat' dir='ltr'><strong>bumera</strong></span> <span class='ocrx_word' id='word_1_987' title='bbox 3267 4101 3384 4138; x_wconf 88' lang='lat' dir='ltr'><strong>mea</strong></span> <span class='ocrx_word' id='word_1_988' title='bbox 3439 4087 3507 4140; x_wconf 89' lang='lat' dir='ltr'><strong>ad</strong></span> <span class='ocrx_word' id='word_1_989' title='bbox 3557 4086 3823 4155; x_wconf 78' lang='lat' dir='ltr'><strong>portanda</strong></span> 
     </span>
    </p>
   </div>
   <div class='ocr_carea' id='block_1_130' title="bbox 2237 4153 3826 4223">
    <p class='ocr_par' dir='ltr' id='par_1_130' title="bbox 2237 4153 3826 4223">
     <span class='ocr_line' id='line_1_132' title="bbox 2237 4153 3826 4223; baseline -0.001 -16"><span class='ocrx_word' id='word_1_990' title='bbox 2237 4154 2491 4222; x_wconf 70' lang='lat' dir='ltr'><strong>nequitia:</strong></span> <span class='ocrx_word' id='word_1_991' title='bbox 2519 4168 2685 4207; x_wconf 83' lang='lat' dir='ltr'><strong>onera</strong></span> <span class='ocrx_word' id='word_1_992' title='bbox 2706 4153 2944 4215; x_wconf 86' lang='lat' dir='ltr'><strong>subdidi,</strong></span> <span class='ocrx_word' id='word_1_993' title='bbox 2961 4161 3052 4223; x_wconf 74' lang='lat' dir='ltr'><strong>et</strong></span> <span class='ocrx_word' id='word_1_994' title='bbox 3071 4155 3294 4223; x_wconf 86' lang='lat' dir='ltr'><strong>brachia</strong></span> <span class='ocrx_word' id='word_1_995' title='bbox 3318 4153 3664 4210; x_wconf 77' lang='lat' dir='ltr'><strong>illecebrosis</strong></span> <span class='ocrx_word' id='word_1_996' title='bbox 3685 4155 3826 4223; x_wconf 84' lang='lat' dir='ltr'><strong>jngi-</strong></span> 
     </span>
    </p>
   </div>
   <div class='ocr_carea' id='block_1_131' title="bbox 2237 4221 3824 4295">
    <p class='ocr_par' dir='ltr' id='par_1_131' title="bbox 2237 4221 3824 4295">
     <span class='ocr_line' id='line_1_133' title="bbox 2237 4221 3824 4295; baseline -0.001 -18"><span class='ocrx_word' id='word_1_997' title='bbox 2237 4221 2340 4278; x_wconf 17' lang='lat' dir='ltr'><strong>teri</strong></span> <span class='ocrx_word' id='word_1_998' title='bbox 2377 4222 2995 4295; x_wconf 62' lang='lat' dir='ltr'><strong>amplexibuspraebui.</strong></span> <span class='ocrx_word' id='word_1_999' title='bbox 3039 4221 3230 4295; x_wconf 77' lang='lat' dir='ltr'><strong>Manus</strong></span> <span class='ocrx_word' id='word_1_1000' title='bbox 3277 4241 3412 4279; x_wconf 77' lang='lat' dir='ltr'><strong>mea:</strong></span> <span class='ocrx_word' id='word_1_1001' title='bbox 3461 4225 3642 4295; x_wconf 75' lang='lat' dir='ltr'><strong>plena:</strong></span> <span class='ocrx_word' id='word_1_1002' title='bbox 3674 4221 3824 4295; x_wconf 65' lang='lat' dir='ltr'><strong>sunt</strong></span> 
     </span>
    </p>
   </div>
   <div class='ocr_carea' id='block_1_132' title="bbox 2237 4292 3825 4416">
    <p class='ocr_par' dir='ltr' id='par_1_132' title="bbox 2237 4292 3825 4416">
     <span class='ocr_line' id='line_1_134' title="bbox 2237 4292 3825 4416; baseline 0 -68"><span class='ocrx_word' id='word_1_1003' title='bbox 2237 4292 2529 4364; x_wconf 83' lang='lat' dir='ltr'><strong>sanguine,</strong></span> <span class='ocrx_word' id='word_1_1004' title='bbox 2601 4292 2958 4360; x_wconf 84' lang='lat' dir='ltr'><strong>omnibusque</strong></span> <span class='ocrx_word' id='word_1_1005' title='bbox 3040 4294 3292 4349; x_wconf 86' lang='lat' dir='ltr'><strong>sordibus</strong></span> <span class='ocrx_word' id='word_1_1006' title='bbox 3374 4292 3502 4349; x_wconf 77' lang='lat' dir='ltr'><strong>sunt</strong></span> <span class='ocrx_word' id='word_1_1007' title='bbox 3577 4293 3825 4416; x_wconf 52' lang='lat' dir='ltr'><strong>poiluta,</strong></span> 
     </span>
     <span class='ocr_line' id='line_1_135' title="bbox 2237 4364 3825 4416; baseline 0 0"><span class='ocrx_word' id='word_1_1008' title='bbox 2237 4371 2501 4416; x_wconf 71' lang='lat' dir='ltr'><strong>promota:</strong></span> <span class='ocrx_word' id='word_1_1009' title='bbox 2549 4364 2616 4416; x_wconf 87' lang='lat' dir='ltr'><strong>ad</strong></span> <span class='ocrx_word' id='word_1_1010' title='bbox 2644 4378 2802 4416; x_wconf 89' lang='lat' dir='ltr'><strong>omne</strong></span> <span class='ocrx_word' id='word_1_1011' title='bbox 2849 4377 2984 4416; x_wconf 86' lang='lat' dir='ltr'><strong>onus</strong></span> <span class='ocrx_word' id='word_1_1012' title='bbox 3009 4377 3260 4416; x_wconf 79' lang='lat' dir='ltr'><strong>pravum.</strong></span> <span class='ocrx_word' id='word_1_1013' title='bbox 3289 4366 3458 4416; x_wconf 67' lang='lat' dir='ltr'><strong>niam:</strong></span> <span class='ocrx_word' id='word_1_1014' title='bbox 3500 4364 3570 4416; x_wconf 88' lang='lat' dir='ltr'><strong>ad</strong></span> <span class='ocrx_word' id='word_1_1015' title='bbox 3609 4381 3642 4416; x_wconf 89' lang='lat' dir='ltr'><strong>a</strong></span> <span class='ocrx_word' id='word_1_1016' title='bbox 3668 4367 3825 4416; x_wconf 81' lang='lat' dir='ltr'><strong>mood</strong></span> 
     </span>
    </p>
   </div>
   <div class='ocr_carea' id='block_1_133' title="bbox 2237 4364 3830 4434">
    <p class='ocr_par' dir='ltr' id='par_1_133' title="bbox 2237 4364 3830 4434">
     <span class='ocr_line' id='line_1_136' title="bbox 2237 4364 3830 4434; baseline 0 -16"><span class='ocrx_word' id='word_1_1017' title='bbox 2237 4371 2501 4432; x_wconf 77' lang='lat' dir='ltr'><strong>prompta:</strong></span> <span class='ocrx_word' id='word_1_1018' title='bbox 2549 4364 2616 4418; x_wconf 87' lang='lat' dir='ltr'><strong>ad</strong></span> <span class='ocrx_word' id='word_1_1019' title='bbox 2644 4378 2802 4417; x_wconf 89' lang='lat' dir='ltr'><strong>omne</strong></span> <span class='ocrx_word' id='word_1_1020' title='bbox 2849 4377 2984 4434; x_wconf 83' lang='lat' dir='ltr'><strong>opus</strong></span> <span class='ocrx_word' id='word_1_1021' title='bbox 3009 4377 3266 4434; x_wconf 74' lang='lat' dir='ltr'><strong>pravum,</strong></span> <span class='ocrx_word' id='word_1_1022' title='bbox 3289 4366 3458 4434; x_wconf 71' lang='lat' dir='ltr'><strong>pigra:</strong></span> <span class='ocrx_word' id='word_1_1023' title='bbox 3500 4364 3570 4418; x_wconf 87' lang='lat' dir='ltr'><strong>ad</strong></span> <span class='ocrx_word' id='word_1_1024' title='bbox 3609 4364 3830 4434; x_wconf 86' lang='lat' dir='ltr'><strong>aliquod</strong></span> 
     </span>
    </p>
   </div>
   <div class='ocr_carea' id='block_1_134' title="bbox 2915 4432 3831 4504">
    <p class='ocr_par' dir='ltr' id='par_1_134' title="bbox 2915 4432 3831 4504">
     <span class='ocr_line' id='line_1_137' title="bbox 2915 4432 3831 4504; baseline 0.001 -18"><span class='ocrx_word' id='word_1_1025' title='bbox 2915 4448 2940 4486; x_wconf 86' lang='lat' dir='ltr'><strong>s</strong></span> <span class='ocrx_word' id='word_1_1026' title='bbox 2968 4448 3147 4504; x_wconf 90' lang='lat' dir='ltr'><strong>meum</strong></span> <span class='ocrx_word' id='word_1_1027' title='bbox 3175 4432 3385 4489; x_wconf 82' lang='lat' dir='ltr'><strong>nefario</strong></span> <span class='ocrx_word' id='word_1_1028' title='bbox 3423 4432 3720 4504; x_wconf 57' lang='lat' dir='ltr'><strong>pollutum&#39;</strong></span> <span class='ocrx_word' id='word_1_1029' title='bbox 3745 4443 3831 4487; x_wconf 79' lang='lat' dir='ltr'><strong>est</strong></span> 
     </span>
    </p>
   </div>
   <div class='ocr_carea' id='block_1_135' title="bbox 2240 4503 3832 4571">
    <p class='ocr_par' dir='ltr' id='par_1_135' title="bbox 2240 4503 3832 4571">
     <span class='ocr_line' id='line_1_138' title="bbox 2240 4503 3832 4571; baseline -0.001 -13"><span class='ocrx_word' id='word_1_1030' title='bbox 2240 4504 2448 4566; x_wconf 88' lang='lat' dir='ltr'><strong>osculo,</strong></span> <span class='ocrx_word' id='word_1_1031' title='bbox 2471 4513 2526 4558; x_wconf 86' lang='lat' dir='ltr'><strong>et</strong></span> <span class='ocrx_word' id='word_1_1032' title='bbox 2553 4503 2736 4570; x_wconf 87' lang='lat' dir='ltr'><strong>iniqua</strong></span> <span class='ocrx_word' id='word_1_1033' title='bbox 2761 4508 2846 4556; x_wconf 89' lang='lat' dir='ltr'><strong>est</strong></span> <span class='ocrx_word' id='word_1_1034' title='bbox 2865 4503 3300 4571; x_wconf 87' lang='lat' dir='ltr'><strong>concupiscentia</strong></span> <span class='ocrx_word' id='word_1_1035' title='bbox 3325 4506 3686 4566; x_wconf 85' lang='lat' dir='ltr'><strong>maculatum,</strong></span> <span class='ocrx_word' id='word_1_1036' title='bbox 3708 4519 3832 4556; x_wconf 76' lang='lat' dir='ltr'><strong>ver-</strong></span> 
     </span>
    </p>
   </div>
   <div class='ocr_carea' id='block_1_136' title="bbox 2239 4571 3832 4644">
    <p class='ocr_par' dir='ltr' id='par_1_136' title="bbox 2239 4571 3832 4644">
     <span class='ocr_line' id='line_1_139' title="bbox 2239 4571 3832 4644; baseline -0.001 -17"><span class='ocrx_word' id='word_1_1037' title='bbox 2239 4574 2432 4642; x_wconf 91' lang='lat' dir='ltr'><strong>bisque</strong></span> <span class='ocrx_word' id='word_1_1038' title='bbox 2459 4573 2748 4644; x_wconf 77' lang='lat' dir='ltr'><strong>luxuriosis</strong></span> <span class='ocrx_word' id='word_1_1039' title='bbox 2773 4586 2837 4626; x_wconf 88' lang='lat' dir='ltr'><strong>ac</strong></span> <span class='ocrx_word' id='word_1_1040' title='bbox 2865 4571 3071 4644; x_wconf 83' lang='lat' dir='ltr'><strong>rabulis</strong></span> <span class='ocrx_word' id='word_1_1041' title='bbox 3098 4573 3289 4644; x_wconf 86' lang='lat' dir='ltr'><strong>otiosis</strong></span> <span class='ocrx_word' id='word_1_1042' title='bbox 3313 4575 3832 4644; x_wconf 83' lang='lat' dir='ltr'><strong>superabundanter</strong></span> 
     </span>
    </p>
   </div>
   <div class='ocr_carea' id='block_1_137' title="bbox 2241 4642 3832 4712">
    <p class='ocr_par' dir='ltr' id='par_1_137' title="bbox 2241 4642 3832 4712">
     <span class='ocr_line' id='line_1_140' title="bbox 2241 4642 3832 4712; baseline -0.001 -15"><span class='ocrx_word' id='word_1_1043' title='bbox 2241 4659 2348 4708; x_wconf 90' lang='lat' dir='ltr'><strong>me,</strong></span> <span class='ocrx_word' id='word_1_1044' title='bbox 2379 4653 2434 4698; x_wconf 88' lang='lat' dir='ltr'><strong>et</strong></span> <span class='ocrx_word' id='word_1_1045' title='bbox 2491 4643 2772 4697; x_wconf 88' lang='lat' dir='ltr'><strong>mendacio</strong></span> <span class='ocrx_word' id='word_1_1046' title='bbox 2819 4642 3206 4712; x_wconf 83' lang='lat' dir='ltr'><strong>coinquinavit.</strong></span> <span class='ocrx_word' id='word_1_1047' title='bbox 3260 4642 3412 4698; x_wconf 62' lang='lat' dir='ltr'><strong>Gula:</strong></span> <span class='ocrx_word' id='word_1_1048' title='bbox 3481 4659 3703 4712; x_wconf 86' lang='lat' dir='ltr'><strong>semper</strong></span> <span class='ocrx_word' id='word_1_1049' title='bbox 3775 4651 3832 4696; x_wconf 76' lang='lat' dir='ltr'><strong>et</strong></span> 
     </span>
    </p>
   </div>
   <div class='ocr_carea' id='block_1_138' title="bbox 2239 4711 3828 4780">
    <p class='ocr_par' dir='ltr' id='par_1_138' title="bbox 2239 4711 3828 4780">
     <span class='ocr_line' id='line_1_141' title="bbox 2239 4711 3828 4780; baseline -0.001 -12"><span class='ocrx_word' id='word_1_1050' title='bbox 2239 4713 2492 4768; x_wconf 86' lang='lat' dir='ltr'><strong>ebrietati</strong></span> <span class='ocrx_word' id='word_1_1051' title='bbox 2521 4713 2734 4768; x_wconf 89' lang='lat' dir='ltr'><strong>deditus</strong></span> <span class='ocrx_word' id='word_1_1052' title='bbox 2763 4711 3072 4765; x_wconf 87' lang='lat' dir='ltr'><strong>carnalibus</strong></span> <span class='ocrx_word' id='word_1_1053' title='bbox 3101 4728 3376 4780; x_wconf 82' lang='lat' dir='ltr'><strong>nunquam</strong></span> <span class='ocrx_word' id='word_1_1054' title='bbox 3409 4711 3706 4770; x_wconf 83' lang='lat' dir='ltr'><strong>desideriis</strong></span> <span class='ocrx_word' id='word_1_1055' title='bbox 3737 4728 3828 4766; x_wconf 81' lang='lat' dir='ltr'><strong>sa-</strong></span> 
     </span>
    </p>
   </div>
   <div class='ocr_carea' id='block_1_139' title="bbox 2242 4781 3836 4849">
    <p class='ocr_par' dir='ltr' id='par_1_139' title="bbox 2242 4781 3836 4849">
     <span class='ocr_line' id='line_1_142' title="bbox 2242 4781 3836 4849; baseline -0.001 -12"><span class='ocrx_word' id='word_1_1056' title='bbox 2242 4785 2406 4838; x_wconf 88' lang='lat' dir='ltr'><strong>tiatus</strong></span> <span class='ocrx_word' id='word_1_1057' title='bbox 2437 4783 2577 4838; x_wconf 88' lang='lat' dir='ltr'><strong>:-sed</strong></span> <span class='ocrx_word' id='word_1_1058' title='bbox 2609 4791 2665 4837; x_wconf 88' lang='lat' dir='ltr'><strong>et</strong></span> <span class='ocrx_word' id='word_1_1059' title='bbox 2711 4781 2892 4849; x_wconf 80' lang='lat' dir='ltr'><strong>lingua</strong></span> <span class='ocrx_word' id='word_1_1060' title='bbox 2937 4796 3055 4836; x_wconf 86' lang='lat' dir='ltr'><strong>mea</strong></span> <span class='ocrx_word' id='word_1_1061' title='bbox 3104 4781 3438 4838; x_wconf 87' lang='lat' dir='ltr'><strong>detractione</strong></span> <span class='ocrx_word' id='word_1_1062' title='bbox 3463 4795 3550 4840; x_wconf 87' lang='lat' dir='ltr'><strong>est</strong></span> <span class='ocrx_word' id='word_1_1063' title='bbox 3595 4791 3656 4837; x_wconf 90' lang='lat' dir='ltr'><strong>et</strong></span> <span class='ocrx_word' id='word_1_1064' title='bbox 3680 4781 3836 4838; x_wconf 85' lang='lat' dir='ltr'><strong>omni</strong></span> 
     </span>
    </p>
   </div>
   <div class='ocr_carea' id='block_1_140' title="bbox 2238 4851 3836 4922">
    <p class='ocr_par' dir='ltr' id='par_1_140' title="bbox 2238 4851 3836 4922">
     <span class='ocr_line' id='line_1_143' title="bbox 2238 4851 3836 4922; baseline -0.001 -15"><span class='ocrx_word' id='word_1_1065' title='bbox 2238 4853 2454 4908; x_wconf 87' lang='lat' dir='ltr'><strong>fallacia</strong></span> <span class='ocrx_word' id='word_1_1066' title='bbox 2481 4851 2784 4921; x_wconf 85' lang='lat' dir='ltr'><strong>profanata,</strong></span> <span class='ocrx_word' id='word_1_1067' title='bbox 2831 4859 3018 4921; x_wconf 84' lang='lat' dir='ltr'><strong>guttur</strong></span> <span class='ocrx_word' id='word_1_1068' title='bbox 3045 4867 3226 4906; x_wconf 89' lang='lat' dir='ltr'><strong>meum</strong></span> <span class='ocrx_word' id='word_1_1069' title='bbox 3276 4853 3576 4908; x_wconf 84' lang='lat' dir='ltr'><strong>insatiabili</strong></span> <span class='ocrx_word' id='word_1_1070' title='bbox 3609 4866 3836 4922; x_wconf 73' lang='lat' dir='ltr'><strong>semper</strong></span> 
     </span>
    </p>
   </div>
   <div class='ocr_carea' id='block_1_141' title="bbox 2241 4922 3836 4992">
    <p class='ocr_par' dir='ltr' id='par_1_141' title="bbox 2241 4922 3836 4992">
     <span class='ocr_line' id='line_1_144' title="bbox 2241 4922 3836 4992; baseline -0.001 -14"><span class='ocrx_word' id='word_1_1071' title='bbox 2241 4924 2395 4978; x_wconf 88' lang='lat' dir='ltr'><strong>ardet</strong></span> <span class='ocrx_word' id='word_1_1072' title='bbox 2425 4922 2683 4990; x_wconf 78' lang='lat' dir='ltr'><strong>ingluvia,</strong></span> <span class='ocrx_word' id='word_1_1073' title='bbox 2702 4936 2860 4975; x_wconf 89' lang='lat' dir='ltr'><strong>aures</strong></span> <span class='ocrx_word' id='word_1_1074' title='bbox 2882 4935 3014 4992; x_wconf 72' lang='lat' dir='ltr'><strong>mea:</strong></span> <span class='ocrx_word' id='word_1_1075' title='bbox 3032 4922 3231 4977; x_wconf 91' lang='lat' dir='ltr'><strong>dolosis</strong></span> <span class='ocrx_word' id='word_1_1076' title='bbox 3253 4932 3392 4992; x_wconf 81' lang='lat' dir='ltr'><strong>apt-.c</strong></span> <span class='ocrx_word' id='word_1_1077' title='bbox 3416 4933 3548 4980; x_wconf 88' lang='lat' dir='ltr'><strong>sunt</strong></span> <span class='ocrx_word' id='word_1_1078' title='bbox 3570 4923 3836 4992; x_wconf 83' lang='lat' dir='ltr'><strong>loquelis,</strong></span> 
     </span>
    </p>
   </div>
   <div class='ocr_carea' id='block_1_142' title="bbox 2278 4991 3836 5060">
    <p class='ocr_par' dir='ltr' id='par_1_142' title="bbox 2278 4991 3836 5060">
     <span class='ocr_line' id='line_1_145' title="bbox 2278 4991 3836 5060; baseline -0.001 -15"><span class='ocrx_word' id='word_1_1079' title='bbox 2278 5001 2500 5060; x_wconf 70' lang='lat' dir='ltr'><strong>romptte</strong></span> <span class='ocrx_word' id='word_1_1080' title='bbox 2533 4993 2602 5046; x_wconf 91' lang='lat' dir='ltr'><strong>ad</strong></span> <span class='ocrx_word' id='word_1_1081' title='bbox 2642 5006 2807 5044; x_wconf 87' lang='lat' dir='ltr'><strong>omne</strong></span> <span class='ocrx_word' id='word_1_1082' title='bbox 2853 4991 3077 5054; x_wconf 86' lang='lat' dir='ltr'><strong>malum,</strong></span> <span class='ocrx_word' id='word_1_1083' title='bbox 3107 4991 3382 5050; x_wconf 32' lang='lat' dir='ltr'><strong>surdte’ad</strong></span> <span class='ocrx_word' id='word_1_1084' title='bbox 3407 5009 3571 5048; x_wconf 80' lang='lat' dir='ltr'><strong>nume</strong></span> <span class='ocrx_word' id='word_1_1085' title='bbox 3601 4991 3836 5048; x_wconf 81' lang='lat' dir='ltr'><strong>bonum.</strong></span> 
     </span>
    </p>
   </div>
   <div class='ocr_carea' id='block_1_143' title="bbox 2264 5061 3834 5131">
    <p class='ocr_par' dir='ltr' id='par_1_143' title="bbox 2264 5061 3834 5131">
     <span class='ocr_line' id='line_1_146' title="bbox 2264 5061 3834 5131; baseline -0.001 -16"><span class='ocrx_word' id='word_1_1086' title='bbox 2264 5080 2296 5116; x_wconf 86' lang='grc' dir='ltr'><strong>ιι</strong></span> <span class='ocrx_word' id='word_1_1087' title='bbox 2342 5063 2564 5116; x_wconf 89' lang='lat' dir='ltr'><strong>naribus</strong></span> <span class='ocrx_word' id='word_1_1088' title='bbox 2611 5075 2845 5128; x_wconf 88' lang='lat' dir='ltr'><strong>namque</strong></span> <span class='ocrx_word' id='word_1_1089' title='bbox 2888 5062 3086 5129; x_wconf 68' lang='lat' dir='ltr'><strong>smpius</strong></span> <span class='ocrx_word' id='word_1_1090' title='bbox 3115 5062 3320 5131; x_wconf 88' lang='lat' dir='ltr'><strong>iniquis</strong></span> <span class='ocrx_word' id='word_1_1091' title='bbox 3363 5061 3680 5118; x_wconf 84' lang='lat' dir='ltr'><strong>delectatus</strong></span> <span class='ocrx_word' id='word_1_1092' title='bbox 3708 5078 3834 5116; x_wconf 86' lang='lat' dir='ltr'><strong>sum</strong></span> 
     </span>
    </p>
   </div>
   <div class='ocr_carea' id='block_1_144' title="bbox 2237 5131 3838 5198">
    <p class='ocr_par' dir='ltr' id='par_1_144' title="bbox 2237 5131 3838 5198">
     <span class='ocr_line' id='line_1_147' title="bbox 2237 5131 3838 5198; baseline -0.001 -12"><span class='ocrx_word' id='word_1_1093' title='bbox 2237 5133 2494 5187; x_wconf 88' lang='lat' dir='ltr'><strong>odoribus</strong></span> <span class='ocrx_word' id='word_1_1094' title='bbox 2521 5131 2686 5186; x_wconf 90' lang='lat' dir='ltr'><strong>etiam</strong></span> <span class='ocrx_word' id='word_1_1095' title='bbox 2724 5131 3067 5198; x_wconf 87' lang='lat' dir='ltr'><strong>putredinem</strong></span> <span class='ocrx_word' id='word_1_1096' title='bbox 3094 5131 3418 5188; x_wconf 87' lang='lat' dir='ltr'><strong>delictorum</strong></span> <span class='ocrx_word' id='word_1_1097' title='bbox 3444 5133 3679 5188; x_wconf 87' lang='lat' dir='ltr'><strong>minime</strong></span> <span class='ocrx_word' id='word_1_1098' title='bbox 3703 5134 3838 5186; x_wconf 84' lang='lat' dir='ltr'><strong>bor—</strong></span> 
     </span>
    </p>
   </div>
   <div class='ocr_carea' id='block_1_145' title="bbox 2238 5201 3840 5271">
    <p class='ocr_par' dir='ltr' id='par_1_145' title="bbox 2238 5201 3840 5271">
     <span class='ocr_line' id='line_1_148' title="bbox 2238 5201 3840 5271; baseline -0.001 -15"><span class='ocrx_word' id='word_1_1099' title='bbox 2238 5203 2342 5256; x_wconf 87' lang='lat' dir='ltr'><strong>rui.</strong></span> <span class='ocrx_word' id='word_1_1100' title='bbox 2369 5202 2506 5271; x_wconf 75' lang='lat' dir='ltr'><strong>Quid</strong></span> <span class='ocrx_word' id='word_1_1101' title='bbox 2534 5201 2699 5271; x_wconf 85' lang='lat' dir='ltr'><strong>igitur</strong></span> <span class='ocrx_word' id='word_1_1102' title='bbox 2718 5201 2894 5254; x_wconf 90' lang='lat' dir='ltr'><strong>dicam</strong></span> <span class='ocrx_word' id='word_1_1103' title='bbox 2919 5201 2986 5255; x_wconf 87' lang='lat' dir='ltr'><strong>de</strong></span> <span class='ocrx_word' id='word_1_1104' title='bbox 3007 5203 3180 5256; x_wconf 84' lang='lat' dir='ltr'><strong>oculis</strong></span> <span class='ocrx_word' id='word_1_1105' title='bbox 3205 5203 3296 5270; x_wconf 90' lang='lat' dir='ltr'><strong>qui</strong></span> <span class='ocrx_word' id='word_1_1106' title='bbox 3320 5203 3510 5271; x_wconf 83' lang='lat' dir='ltr'><strong>multis</strong></span> <span class='ocrx_word' id='word_1_1107' title='bbox 3539 5218 3630 5256; x_wconf 88' lang='lat' dir='ltr'><strong>me</strong></span> <span class='ocrx_word' id='word_1_1108' title='bbox 3651 5203 3840 5256; x_wconf 86' lang='lat' dir='ltr'><strong>crimi-</strong></span> 
     </span>
    </p>
   </div>
   <div class='ocr_carea' id='block_1_146' title="bbox 2235 5269 3840 5340">
    <p class='ocr_par' dir='ltr' id='par_1_146' title="bbox 2235 5269 3840 5340">
     <span class='ocr_line' id='line_1_149' title="bbox 2235 5269 3840 5340; baseline -0.001 -14"><span class='ocrx_word' id='word_1_1109' title='bbox 2235 5272 2396 5326; x_wconf 88' lang='lat' dir='ltr'><strong>nibus</strong></span> <span class='ocrx_word' id='word_1_1110' title='bbox 2433 5269 3008 5333; x_wconf 74' lang='lat' dir='ltr'><strong>feceruntobnoxium,</strong></span> <span class='ocrx_word' id='word_1_1111' title='bbox 3032 5269 3358 5340; x_wconf 81' lang='lat' dir='ltr'><strong>omnemque</strong></span> <span class='ocrx_word' id='word_1_1112' title='bbox 3395 5269 3625 5328; x_wconf 78' lang='lat' dir='ltr'><strong>sensum</strong></span> <span class='ocrx_word' id='word_1_1113' title='bbox 3651 5273 3840 5328; x_wconf 76' lang='lat' dir='ltr'><strong>cordis</strong></span> 
     </span>
    </p>
   </div>
   <div class='ocr_carea' id='block_1_147' title="bbox 2240 5341 3841 5410">
    <p class='ocr_par' dir='ltr' id='par_1_147' title="bbox 2240 5341 3841 5410">
     <span class='ocr_line' id='line_1_150' title="bbox 2240 5341 3841 5410; baseline -0.002 -14"><span class='ocrx_word' id='word_1_1114' title='bbox 2240 5343 2346 5396; x_wconf 91' lang='lat' dir='ltr'><strong>mei</strong></span> <span class='ocrx_word' id='word_1_1115' title='bbox 2381 5347 2716 5404; x_wconf 85' lang='lat' dir='ltr'><strong>averterunt,</strong></span> <span class='ocrx_word' id='word_1_1116' title='bbox 2763 5341 3041 5410; x_wconf 86' lang='lat' dir='ltr'><strong>quibusin</strong></span> <span class='ocrx_word' id='word_1_1117' title='bbox 3093 5343 3243 5396; x_wconf 88' lang='lat' dir='ltr'><strong>omni</strong></span> <span class='ocrx_word' id='word_1_1118' title='bbox 3283 5345 3540 5398; x_wconf 84' lang='lat' dir='ltr'><strong>consensi</strong></span> <span class='ocrx_word' id='word_1_1119' title='bbox 3578 5344 3841 5406; x_wconf 79' lang='lat' dir='ltr'><strong>libidine,</strong></span> 
     </span>
    </p>
   </div>
   <div class='ocr_carea' id='block_1_148' title="bbox 2240 5412 3842 5481">
    <p class='ocr_par' dir='ltr' id='par_1_148' title="bbox 2240 5412 3842 5481">
     <span class='ocr_line' id='line_1_151' title="bbox 2240 5412 3842 5481; baseline 0.001 -16"><span class='ocrx_word' id='word_1_1120' title='bbox 2240 5412 2332 5481; x_wconf 90' lang='lat' dir='ltr'><strong>qui</strong></span> <span class='ocrx_word' id='word_1_1121' title='bbox 2375 5420 2432 5467; x_wconf 87' lang='lat' dir='ltr'><strong>et</strong></span> <span class='ocrx_word' id='word_1_1122' title='bbox 2469 5427 2554 5466; x_wconf 86' lang='lat' dir='ltr'><strong>me</strong></span> <span class='ocrx_word' id='word_1_1123' title='bbox 2583 5412 2828 5479; x_wconf 87' lang='lat' dir='ltr'><strong>quamvis</strong></span> <span class='ocrx_word' id='word_1_1124' title='bbox 2856 5426 2982 5466; x_wconf 89' lang='lat' dir='ltr'><strong>raro</strong></span> <span class='ocrx_word' id='word_1_1125' title='bbox 3010 5412 3064 5466; x_wconf 91' lang='lat' dir='ltr'><strong>in</strong></span> <span class='ocrx_word' id='word_1_1126' title='bbox 3121 5415 3436 5468; x_wconf 87' lang='lat' dir='ltr'><strong>sanctuario</strong></span> <span class='ocrx_word' id='word_1_1127' title='bbox 3490 5423 3608 5477; x_wconf 90' lang='lat' dir='ltr'><strong>tuo,</strong></span> <span class='ocrx_word' id='word_1_1128' title='bbox 3643 5423 3698 5467; x_wconf 88' lang='lat' dir='ltr'><strong>te</strong></span> <span class='ocrx_word' id='word_1_1129' title='bbox 3727 5412 3842 5466; x_wconf 84' lang='lat' dir='ltr'><strong>Do-</strong></span> 
     </span>
    </p>
   </div>
   <div class='ocr_carea' id='block_1_149' title="bbox 2241 5481 3847 5551">
    <p class='ocr_par' dir='ltr' id='par_1_149' title="bbox 2241 5481 3847 5551">
     <span class='ocr_line' id='line_1_152' title="bbox 2241 5481 3847 5551; baseline -0.001 -15"><span class='ocrx_word' id='word_1_1130' title='bbox 2241 5483 2407 5545; x_wconf 89' lang='lat' dir='ltr'><strong>mine,</strong></span> <span class='ocrx_word' id='word_1_1131' title='bbox 2457 5481 2773 5537; x_wconf 89' lang='lat' dir='ltr'><strong>adorantem</strong></span> <span class='ocrx_word' id='word_1_1132' title='bbox 2823 5482 3018 5536; x_wconf 84' lang='lat' dir='ltr'><strong>intuitu</strong></span> <span class='ocrx_word' id='word_1_1133' title='bbox 3048 5492 3428 5551; x_wconf 87' lang='lat' dir='ltr'><strong>perverterunt</strong></span> <span class='ocrx_word' id='word_1_1134' title='bbox 3466 5484 3688 5551; x_wconf 86' lang='lat' dir='ltr'><strong>iniquo,</strong></span> <span class='ocrx_word' id='word_1_1135' title='bbox 3719 5498 3847 5536; x_wconf 82' lang='lat' dir='ltr'><strong>om-</strong></span> 
     </span>
    </p>
   </div>
   <div class='ocr_carea' id='block_1_150' title="bbox 2239 5551 3846 5621">
    <p class='ocr_par' dir='ltr' id='par_1_150' title="bbox 2239 5551 3846 5621">
     <span class='ocr_line' id='line_1_153' title="bbox 2239 5551 3846 5621; baseline -0.002 -14"><span class='ocrx_word' id='word_1_1136' title='bbox 2239 5567 2472 5621; x_wconf 85' lang='lat' dir='ltr'><strong>nemque</strong></span> <span class='ocrx_word' id='word_1_1137' title='bbox 2497 5561 2702 5608; x_wconf 86' lang='lat' dir='ltr'><strong>motum</strong></span> <span class='ocrx_word' id='word_1_1138' title='bbox 2751 5551 3000 5621; x_wconf 83' lang='lat' dir='ltr'><strong>corporis</strong></span> <span class='ocrx_word' id='word_1_1139' title='bbox 3042 5552 3146 5608; x_wconf 88' lang='lat' dir='ltr'><strong>mei</strong></span> <span class='ocrx_word' id='word_1_1140' title='bbox 3181 5554 3248 5606; x_wconf 85' lang='lat' dir='ltr'><strong>ad</strong></span> <span class='ocrx_word' id='word_1_1141' title='bbox 3299 5553 3584 5613; x_wconf 83' lang='lat' dir='ltr'><strong>immunda</strong></span> <span class='ocrx_word' id='word_1_1142' title='bbox 3614 5563 3846 5621; x_wconf 79' lang='lat' dir='ltr'><strong>pertra-</strong></span> 
     </span>
    </p>
   </div>
   <div class='ocr_carea' id='block_1_151' title="bbox 2242 5615 3845 5750">
    <p class='ocr_par' dir='ltr' id='par_1_151' title="bbox 2242 5615 3845 5750">
     <span class='ocr_line' id='line_1_154' title="bbox 2242 5615 3845 5689; baseline -0.003 -13"><span class='ocrx_word' id='word_1_1143' title='bbox 2242 5615 2437 5676; x_wconf 70' lang='lat' dir='ltr'><strong>xerunt</strong></span> <span class='ocrx_word' id='word_1_1144' title='bbox 2474 5621 2775 5676; x_wconf 82' lang='lat' dir='ltr'><strong>desideria?</strong></span> <span class='ocrx_word' id='word_1_1145' title='bbox 2819 5615 3056 5689; x_wconf 80' lang='lat' dir='ltr'><strong>Caputve</strong></span> <span class='ocrx_word' id='word_1_1146' title='bbox 3102 5626 3283 5676; x_wconf 84' lang='lat' dir='ltr'><strong>meum</strong></span> <span class='ocrx_word' id='word_1_1147' title='bbox 3337 5615 3704 5681; x_wconf 47' lang='lat' dir='ltr'><strong>clunibus-su</strong></span> <span class='ocrx_word' id='word_1_1148' title='bbox 3789 5639 3845 5671; x_wconf 89' lang='lat' dir='ltr'><strong>r-</strong></span> 
     </span>
     <span class='ocr_line' id='line_1_155' title="bbox 2242 5639 3845 5750; baseline -0.004 -1"><span class='ocrx_word' id='word_1_1149' title='bbox 2242 5695 2485 5750; x_wconf 86' lang='lat' dir='ltr'><strong>eminens</strong></span> <span class='ocrx_word' id='word_1_1150' title='bbox 2548 5691 2807 5747; x_wconf 79' lang='lat' dir='ltr'><strong>membris</strong></span> <span class='ocrx_word' id='word_1_1151' title='bbox 2852 5707 2977 5748; x_wconf 82' lang='lat' dir='ltr'><strong>raro</strong></span> <span class='ocrx_word' id='word_1_1152' title='bbox 3035 5707 3292 5750; x_wconf 79' lang='lat' dir='ltr'><strong>umnam.</strong></span> <span class='ocrx_word' id='word_1_1153' title='bbox 3345 5692 3606 5750; x_wconf 79' lang='lat' dir='ltr'><strong>Domine.</strong></span> <span class='ocrx_word' id='word_1_1154' title='bbox 3662 5639 3845 5750; x_wconf 46' lang='lat' dir='ltr'><strong>adn“</strong></span> 
     </span>
    </p>
   </div>
   <div class='ocr_carea' id='block_1_152' title="bbox 2241 5691 3846 5760">
    <p class='ocr_par' dir='ltr' id='par_1_152' title="bbox 2241 5691 3846 5760">
     <span class='ocr_line' id='line_1_156' title="bbox 2241 5691 3846 5760; baseline -0.004 -11"><span class='ocrx_word' id='word_1_1155' title='bbox 2241 5695 2485 5750; x_wconf 87' lang='lat' dir='ltr'><strong>eminens</strong></span> <span class='ocrx_word' id='word_1_1156' title='bbox 2548 5691 2807 5747; x_wconf 79' lang='lat' dir='ltr'><strong>membris</strong></span> <span class='ocrx_word' id='word_1_1157' title='bbox 2852 5707 2977 5748; x_wconf 82' lang='lat' dir='ltr'><strong>raro</strong></span> <span class='ocrx_word' id='word_1_1158' title='bbox 3035 5707 3292 5760; x_wconf 85' lang='lat' dir='ltr'><strong>unquam,</strong></span> <span class='ocrx_word' id='word_1_1159' title='bbox 3345 5692 3606 5758; x_wconf 78' lang='lat' dir='ltr'><strong>Domine,</strong></span> <span class='ocrx_word' id='word_1_1160' title='bbox 3662 5691 3734 5750; x_wconf 76' lang='lat' dir='ltr'><strong>ad</strong></span> <span class='ocrx_word' id='word_1_1161' title='bbox 3789 5701 3846 5744; x_wconf 70' lang='lat' dir='ltr'><strong>te</strong></span> 
     </span>
    </p>
   </div>
  </div>
