4058 6344
269 293 296 348 ί
305 292 408 350 805

1270 277 1616 346 APPENDlX
1653 289 1742 344 IV.
1784 320 1854 330 -—
1891 288 2226 346 LIBELLUS
2264 289 2564 346 PRECUM.

3379 290 3406 343 1
3417 289 3520 344 ιοθ

266 413 565 464 creatorem
591 397 768 458 meum
797 402 1051 459 inclinavi
1080 417 1095 456 :
1125 401 1220 457 sed
1243 401 1404 472 etiam
1420 402 1636 458 casteris
1666 417 1836 456 mem—
1865 407 1908 464 Λ
1939 415 2026 472 me
2068 401 2404 466 obvolutum,
2435 403 2493 455 in
2527 401 2858 472 malignitate
2899 399 3086 472 animi,
3124 401 3178 455 in
3225 401 3523 472 asperitate

267 477 384 533 bris
411 476 462 529 in
492 474 638 530 omni
681 473 890 526 malitia
917 481 1336 527 consentaneum
1363 471 1484 525 feci.
1513 473 1620 526 Cor
1657 487 1834 526 meum

265 545 488 619 plenum
519 543 660 605 dolo,
688 551 743 597 et
764 540 1003 619 nequitia
1018 557 1301 619 nunquam
1313 542 1697 619 piiraipnrgavi
1726 557 1838 611 [γε-

265 611 526 678 iliwntia;
588 611 1157 682 smpeque’diaboiica
1196 611 1360 682 pollui
1405 611 1685 682 illusione;
1725 625 1838 682 inec

267 699 543 754 nunquam
563 680 696 738 satis
717 680 846 754 ξω
856 681 1007 754 ablui
1031 680 1388 754 confessione.
1420 681 1534 734 Non
1557 682 1700 736 enim
1724 681 1841 734 haec

265 751 500 812 narrans
523 761 691 816 tuam,
717 752 962 816 Domine,
987 752 1039 805 in
1064 767 1149 806 me
1173 751 1489 820 blaSpbemo
1512 759 1837 814 creaturam,

268 825 365 880 sed
399 839 576 878 meam
606 838 636 876 a
676 831 746 884 te,
779 823 1017 890 piissime
1047 821 1206 883 Dens,
1238 836 1469 890 exposco
1496 820 1838 890 medicinam,

270 893 360 964 qui
391 895 553 948 etiam
584 893 636 946 in
663 889 914 945 omnibus
955 891 1214 964 membris
1236 889 1369 944 meis
1396 905 1478 964 me
1504 905 1656 944 reum
1685 889 1844 942 intel-

270 960 377 1034 ligo
395 976 569 1034 super
591 975 920 1034 mensuram,
942 961 1149 1034 quiaut
1176 969 1322 1014 astra
1351 960 1472 1015 coeli
1497 967 1655 1034 atque
1677 973 1842 1034 arena

269 1027 439 1088 m'aris
468 1027 584 1085 mea
614 1032 689 1084 ita
737 1027 1149 1085 innumerabilia
1182 1045 1302 1084 esse
1329 1043 1595 1098 cognosco
1624 1027 1838 1098 delicta.

270 1101 494 1170 Insuper
505 1101 668 1170 etiam
687 1101 760 1154 ita
778 1100 1014 1160 tristitia,
1036 1100 1273 1162 accedia,
1291 1097 1572 1170 iactantia,
1591 1097 1840 1170 avaritia,

271 1167 433 1240 atque
475 1169 704 1233 desidia,
735 1170 1093 1238 omnibusque
1121 1178 1247 1240 octo
1269 1168 1655 1240 principalibus
1697 1167 1846 1240 vitiis

271 1235 564 1296 obnoxium
593 1254 680 1292 me
707 1254 826 1294 esse
849 1235 1135 1306 profiteor:
1157 1239 1252 1292 sed
1270 1235 1354 1301 iu,
1389 1237 1635 1301 Domine,
1664 1235 1846 1292 occul-

271 1318 456 1365 torum
486 1309 750 1378 cognitor,
799 1308 891 1376 qui
929 1308 1109 1362 dixisti
1159 1307 1638 1378 pmnitentiamnte
1687 1306 1846 1378 malle

269 1377 614 1450 peccatorum
635 1386 1076 1450 quamimortem,
1103 1378 1199 1431 tibi
1224 1378 1406 1450 omnia
1432 1377 1734 1450 cordis_mei
1760 1391 1848 1429 re-

271 1444 392 1504 ielo
419 1463 615 1502 arcana
632 1444 883 1516 {respice
910 1449 964 1501 in
987 1462 1074 1500 me
1096 1455 1148 1500 et
1171 1447 1432 1500 miserere
1454 1445 1587 1507 mei;
1615 1444 1847 1499 fontem-

269 1533 375 1588 que
403 1518 787 1588 laorymarum,
830 1526 884 1570 et
913 1517 1286 1588 remissionem
1331 1516 1570 1588 omnium
1595 1523 1849 1588 peccato-

269 1585 392 1641 rum
431 1585 617 1641 intima
657 1587 784 1639 mibi
813 1587 992 1640 cordis
1016 1585 1353 1640 confessione
1383 1586 1556 1638 tribue
1578 1585 1842 1654 poscenti.

270 1657 512 1736 Renova,
566 1656 758 1736 innova
805 1656 868 1736 in
912 1671 1018 1714 me,
1047 1656 1316 1736 _piissime
1342 1655 1535 1736 Pater,
1583 1654 1843 1736 quidquid

1938 469 2152 540 linguae,
2179 472 2230 525 in
2254 472 2613 526 amaritudine
2639 469 2943 534 verborum,
2970 471 3022 523 in
3053 469 3299 525 rancore'
3321 471 3513 534 animi,

1937 541 1993 593 in
2027 539 2499 609 ’pusillanimitate,
2529 541 2583 595 in
2613 541 2908 595 cenodoxia
2951 554 3181 608 namque
3221 539 3352 593 vitio
3375 547 3430 593 et
3461 540 3516 594 in

1937 611 2188 664 omnibus
2216 611 2372 664 malis
2397 625 2516 679 quae
2542 611 2809 680 prodeunt
2834 625 2896 680 ex
2922 623 3002 680 ea
3021 611 3176 663 valde
3207 623 3294 663 me
3318 610 3517 680 depra-

1939 686 2121 732 vatum
2153 695 2272 735 esse
2303 678 2559 744 arbitror,
2590 681 2643 734 in
2667 678 2952 746 iactantia,
2992 679 3048 733 in
3098 678 3425 748 arrogantia,
3461 680 3517 733 in

1940 748 2308 817 indignatione
2331 753 2721 819 proximorum,
2750 751 2802 803 in
2827 749 3116 819 discordia,
3143 757 3199 802 et
3219 748 3519 819 hypocrisi,

1941 825 1994 888 et
2046 817 2345 888 innumeris
2370 820 2624 886 peccatis.
2678 819 2902 888 insuper
2933 818 3096 873 etiam
3123 817 3308 871 multis
3335 818 3388 871 in
3433 818 3520 871 af-

1941 885 2176 958 flictione
2201 895 2257 941 et
2280 887 2332 940 in
2357 885 2603 958 angustia
2629 885 2936 943 constitutis
2962 903 3062 956 per
3093 888 3322 957 gratiam
3365 896 3518 956 tdam

1941 957 2229 1027 subvenire
2281 957 2451 1024 potui,
2497 959 2803 1027 multosque
2837 958 2904 1012 de
2941 958 3285 1011 tribulatione
3335 965 3392 1012 et
3427 973 3524 1011 an-

1943 1025 2115 1098 gustia
2139 1024 2684 1098 _liberare,gsed_meis
2710 1024 2949 1098 peccatis
2975 1028 3312 1098 tardantibus
3338 1027 3518 1098 minus

1945 1095 2048 1167 hoc
2068 1095 2173 1166 egi,
2205 1109 2368 1167 quam
2391 1096 2656 1167 debui,_et
2684 1095 2824 1167 siepc
2869 1100 3046 1152 sciens
3071 1097 3272 1153 malum
3300 1097 3523 1164 persilui

1943 1173 2001 1218 et
2036 1163 2235 1235 bonum
2287 1163 2433 1234 loqui
2473 1165 2684 1235 neglexi
2722 1163 2907 1222 {unde
2935 1184 3078 1221 nunc
3106 1182 3259 1221 reum
3289 1163 3374 1220 me
3403 1181 3522 1222 esse

1945 1234 2263 1304 gravissime
2294 1236 2488 1299 sentio,
2526 1234 2721 1304 meque
2759 1251 2908 1290 reum
2954 1252 3074 1292 esse
3102 1236 3392 1299 confiteor;
3424 1237 3519 1290 sed

1950 1311 2037 1375 tu,
2061 1304 2308 1375 Domine,
2343 1307 2435 1374 qui
2474 1306 2654 1359 omnia
2685 1306 2822 1360 nosti
2850 1306 3010 1372 etiam
3037 1315 3327 1375 antequam
3369 1308 3522 1371 fiant,

1947 1373 2043 1426 tibi
2088 1373 2415 1442 patefaciant
2457 1377 2637 1429 omnia
2683 1375 2923 1430 facinora
2973 1376 3154 1430 cordis
3182 1373 3316 1439 mei,
3375 1384 3524 1430 tuam

1925 1442 2374 1497 «misericordiam
2399 1444 2676 1499 humiliter
2707 1445 2918 1509 invoco,
2962 1453 3022 1500 ut
3064 1444 3244 1498 omnia
3269 1459 3524 1512 quaacun-

1947 1527 2052 1580 que
2075 1513 2294 1580 peccavi
2342 1528 2525 1584 coram
2557 1522 2627 1578 te,
2679 1524 2733 1570 et
2761 1516 2825 1568 de
2855 1514 3265 1584 quibuscunque
3289 1529 3410 1567 mea
3438 1529 3524 1570 me

1947 1588 2167 1652 accusat
2186 1583 2534 1645 conscientia,
2565 1599 2657 1637 seu
2686 1600 2805 1652 qum
2825 1583 3124 1648 confessus,
3156 1583 3248 1638 seu
3277 1599 3398 1651 qua:
3425 1598 3524 1652 per

1948 1651 2331 1720 negligentiam
2369 1652 2450 1707 vel
2492 1651 2814 1707 oblivionem
2856 1654 3032 1721 detegi
3060 1655 3111 1708 in
3153 1653 3391 1722 cogitatu
3418 1651 3440 1717 ,’
3467 1652 3524 1708 in

271 1727 505 1802 actione,
539 1726 682 1802 qpod
708 1726 892 1802 verbo,
921 1725 1062 1792 quod
1077 1722 1200 1794 ipsa
1231 1725 1464 1802 denique
1495 1722 1839 1802 cogitatione,
1877 1741 1920 1800 Β
1948 1723 2114 1802 verbo
2141 1729 2202 1802 et
2221 1737 2402 1802 opere,
2436 1723 2518 1802 vel
2550 1723 2602 1776 in
2643 1724 2966 1802 negligentia
2993 1739 3132 1802 mea,
3179 1722 3526 1802 _ba_ec_iomnia

271 1796 535 1850 diabolica
567 1795 754 1848 fraude
777 1795 1020 1848 vitiatum
1043 1793 1144 1862 est},
1177 1802 1231 1848 et
1259 1793 1446 1846 unitati
1477 1793 1721 1862 corporis
1747 1794 1848 1847 Ec—

272 1865 454 1920 clesia:
481 1867 780 1919 membrum
825 1872 928 1918 tute
960 1863 1339 1934 redemptionis
1381 1864 1626 1927 adnecte,
1657 1874 1847 1934 etnon

274 1934 564 1994 habentem
595 1935 844 1988 fiduciam
893 1934 996 1988 nisi
1047 1935 1100 1987 in
1131 1932 1218 1986 tua
1258 1932 1632 1987 misericordia
1664 1933 1730 1986 ad
1761 1949 1850 1987 sa-

272 2013 612 2060 eramentum
635 2012 748 2057 tua:
779 2004 1235 2058 reconciliationis
1261 2003 1502 2056 admitte.
1531 2002 1637 2058 Per
1665 2001 1848 2056 Iesum

275 2073 550 2128 Christum
577 2074 910 2142 unigenitum
944 2073 1141 2126 Filium
1167 2081 1314 2126 tuum
1339 2072 1624 2126 Dominum
1652 2082 1706 2126 et
1734 2073 1852 2126 Sal-

273 2152 516 2198 vatorem
547 2153 814 2204 nostrum,
847 2144 937 2211 qui
989 2151 1162 2196 tecum
1195 2158 1300 2195 una
1331 2158 1450 2195 cum
1481 2150 1669 2197 sancto
1723 2143 1847 2212 Spi-

275 2213 384 2266 ritu
403 2229 542 2282 unus
562 2228 621 2266 es
651 2213 814 2277 Deus,
843 2229 980 2266 unus
1007 2229 1066 2266 es
1089 2213 1365 2276 Dominus,
1391 2228 1489 2282 per
1522 2213 1849 2268 immortalia

278 2297 510 2352 regnans
538 2283 734 2338 itecula
759 2283 1096 2337 seculorum.
1121 2282 1312 2336 Amen.

877 2391 1012 2445 Item
1067 2392 1256 2446 oratio.

349 2483 492 2537 Deus
507 2481 774 2550 iustorum
796 2483 982 2551 gloria,
1009 2490 1066 2536 et
1087 2482 1454 2536 misericordia
1479 2491 1848 2551 peccatorum,-

275 2553 367 2620 qui
409 2553 593 2606 dixisti
643 2569 657 2608 :
707 2552 844 2606 Nolo
883 2561 1098 2606 mortem
1132 2554 1445 2621 peccatoris,
1478 2553 1566 2604 sed
1602 2554 1767 2620 magis
1794 2563 1850 2606 ut

275 2631 612 2675 convertatur
647 2631 694 2676 et
725 2622 857 2675 vivat
901 2635 919 2673 :
966 2622 1177 2688 suscipe
1231 2637 1336 2685 me,
1379 2622 1620 2688 piissime
1667 2621 1849 2687 Pater,

272 2691 628 2760 pmnitentem
676 2691 936 2744 famulum
974 2699 1149 2754 tuum,
1177 2690 1299 2759 quia
1327 2691 1420 2744 tibi
1449 2690 1708 2745 confiteor
1737 2707 1855 2745 om-

275 2761 365 2814 nia
400 2760 594 2815 delicta
621 2769 675 2813 et
714 2769 933 2829 peccata
979 2777 1116 2824 mea,
1145 2775 1477 2830 quaecunque
1505 2761 1720 2830 peccavi
1757 2777 1852 2816 co-

276 2845 394 2901 ram
425 2838 495 2901 te,
519 2838 574 2884 et
598 2845 778 2884 coram
804 2831 1008 2901 sanctis
1030 2831 1234 2901 angelis
1263 2831 1388 2893 tuis,
1413 2831 1474 2901 in
1495 2831 1851 2901 cogitatione,

276 2899 335 2953 in
365 2900 550 2970 verbo,
580 2910 634 2953 et
663 2915 844 2969 opere,
899 2900 951 2953 in
981 2899 1230 2953 omnibus
1269 2900 1425 2953 simul
1455 2899 1610 2954 vitiis
1653 2911 1704 2954 et
1729 2916 1855 2970 pec-

276 2969 435 3040 catis,
467 2971 580 3023 sive
625 2970 676 3023 in
725 2970 975 3040 superbia
1023 2979 1077 3023 et
1124 2970 1375 3033 elatione,
1431 2971 1571 3040 unde
1616 2986 1701 3024 me
1731 2969 1854 3040 gra-

275 3037 498 3092 vissime
541 3055 663 3092 reor
703 3037 825 3093 esse
855 3039 1136 3109 pollutum,
1160 3048 1215 3109 et
1261 3041 1311 3092 in
1340 3039 1590 3094 omnibus
1616 3037 1852 3108 peccatis

275 3110 399 3178 quae
445 3118 744 3163 nascuntur
788 3107 961 3170 ex‘ea,
994 3109 1046 3166 in
1077 3107 1462 3174 inobedientia,
1508 3111 1560 3162 in
1593 3107 1851 3178 praesum-

274 3179 460 3249 ptione
485 3179 691 3249 iniqua,
716 3187 877 3247 atque
905 3179 957 3232 in
987 3178 1279 3249 pertinacia
1305 3187 1358 3232 et
1379 3179 1743 3242 contentione,
1765 3179 1851 3233 vel

275 3248 442 3302 etiam
479 3248 532 3303 in
563 3249 873 3319 arrogantia
905 3257 957 3302 et
977 3248 1359 3312 obstinatione,
1391 3250 1502 3303 sive
1539 3250 1594 3303 in
1621 3250 1766 3320 gula,
1796 3249 1850 3320 in

273 3332 381 3388 qua
415 3333 500 3372 me
541 3334 702 3388 super
743 3334 1048 3372 mensuram
1095 3327 1415 3387 occupatum
1453 3321 1684 3386 :cstimo,
1713 3328 1766 3373 et
1796 3319 1850 3372 in

273 3387 545 3444 universis
581 3387 728 3442 vitiis
772 3403 892 3456 qua:
931 3397 1259 3456 generantur
1283 3403 1348 3441 ex
1372 3403 1455 3452 ea,
1484 3392 1537 3440 in
1569 3389 1850 3442 inhonesta

273 3456 481 3516 laetitia,
514 3459 568 3510 in
602 3457 928 3526 scurrilitate
953 3466 1008 3515 et
1037 3458 1170 3518 risu,
1202 3457 1254 3509 in
1281 3458 1612 3526 vaniloquio,
1642 3459 1695 3510 in
1749 3457 1851 3510 im-

274 3526 544 3579 munditia
595 3525 754 3579 simul
786 3527 965 3580 cordis
1008 3533 1063 3578 et
1110 3527 1376 3593 corporis,
1420 3525 1852 3581 ininstabilitate

275 3594 500 3659 mentis,
558 3594 610 3648 in
657 3593 879 3648 libidine
927 3602 980 3648 et
1041 3595 1326 3658 ebrietate,
1359 3597 1411 3649 in
1457 3597 1851 3650 comessatione

275 3677 385 3718 non
418 3665 649 3734 modica,
705 3664 757 3718 in
796 3664 1151 3718 fornicatione
1205 3661 1417 3734 quoqbe
1467 3666 1651 3720 multis
1679 3665 1853 3720 modis

274 3747 366 3788 me
415 3733 674 3802 pollutum
721 3749 842 3789 esse
865 3735 1057 3798 sentio,
1108 3743 1162 3788 et
1213 3735 1264 3788 in
1296 3735 1505 3788 cunctis
1553 3736 1848 3790 sceleribus

272 3818 396 3872 quae
419 3804 752 3872 pullulantur
779 3820 844 3858 ex
884 3819 974 3867 ea,
1017 3804 1068 3857 in
1102 3805 1342 3858 etecitate
1371 3806 1586 3869 mentis,
1639 3807 1692 3860 in
1731 3806 1851 3859 visu

275 3871 501 3946 malo’ct
525 3874 705 3946 noxio,
738 3874 790 3946 in
819 3874 1002 3927 auditu
1025 3887 1163 3946 vano
1187 3890 1251 3946 ac
1283 3875 1448 3943 turpi,
1479 3874 1531 3928 in
1560 3884 1728 3946 gustu
1750 3875 1853 3928 im-

275 3943 662 4015 inoderato,-in
691 3944 914 4015 odoratu
943 3943 1190 4015 scelesto,
1225 3945 1275 3997 in
1309 3952 1454 4015 tactu
1494 3943 1849 4015 nequissimo,

275 4011 332 4065 in
350 4026 615 4068 consensu
631 4013 1001 4068 delectationis
1021 4014 1285 4082 malignae,
1303 4014 1356 4068 in
1381 4011 1642 4069 immenso
1667 4030 1854 4069 amore

273 4083 510 4154 prepriai
530 4083 863 4154 voluntatis,
896 4085 950 4137 in
995 4084 1427 4154 periculos-itm,
1458 4085 1508 4137 in
1541 4085 1769 4154 lascivia
1797 4091 1856 4140 et

275 4152 598 4232 petulantia,
651 4154 704 4232 in
747 4153 1132 4232 incontinentia
1163 4153 1287 4207 mali
1325 4153 1600 4218 desiderii,
1625 4153 1852 4232 consilio

277 4221 604 4289 iniquitatis,
651 4223 707 4276 in
735 4223 858 4276 odio
887 4223 1263 4277 mandatorum
1293 4233 1528 4287 tuorum,
1576 4235 1631 4278 et
1660 4225 1713 4278 in
1763 4240 1854 4279 ne-

277 4289 534 4362 gligentia
583 4301 745 4362 atque
771 4293 822 4346 in
855 4293 1342 4348 lnconsideratione
1390 4293 1513 4348 vita:
1547 4293 1761 4357 futura,
1795 4295 1850 4347 in

278 4361 511 4414 avaritia
556 4377 769 4430 quoque
817 4363 1317 4431 superabundanter
1341 4378 1428 4416 me
1462 4378 1586 4417 reor
1614 4379 1738 4418 esse
1759 4364 1852 4417 de-

1950 1791 2205 1862 oblivioni
2232 1791 2286 1844 in
2315 1801 2634 1862 perpetuum
2659 1791 2864 1846 tradas.
2884 1793 2987 1857 Tu,
3009 1793 3162 1862 Deus.
3178 1792 3397 1862 infinita:
3420 1792 3524 1844 mi-

1951 1860 2278 1926 sericordiae,
2309 1860 2420 1930 qui
2442 1862 2692 1916 omnibus
2733 1861 3106 1917 invocantibus
3139 1860 3190 1914 te
3219 1861 3269 1915 in
3297 1862 3528 1930 veritate

1950 1931 2239 2002 subvenire
2277 1932 2440 1992 soles,
2485 1939 2537 2002 te
2580 1932 2825 2002 supplicii
2853 1940 3030 1986 mente
3076 1934 3325 2000 deposco,
3373 1938 3526 2002 utex

1951 2000 2036 2054 bis
2059 1999 2307 2071 omnibus
2337 2002 2468 2055 mihi
2513 2001 2564 2055 in
2595 1999 2752 2070 hujus
2780 2001 2903 2056 vitae
2949 2003 3125 2071 spatio
3143 1999 3526 2071 compunctio-

1951 2085 2074 2124 nem
2102 2069 2511 2124 saluberrimam
2534 2087 2598 2125 ex
2621 2069 2810 2126 intimo
2833 2069 3016 2136 corde,
3041 2085 3332 2138 veramque
3355 2069 3529 2138 pot-ni-

1953 2140 2200 2203 tentiam,
2257 2140 2653 2195 confessionem
2713 2157 2927 2210 puram,
2989 2141 3528 2210 emendationemque

1951 2224 2048 2278 per
2073 2210 2254 2262 omnia
2281 2211 2537 2280 dignam,
2563 2209 2782 2266 uberem
2812 2212 2974 2264 etiam
3021 2211 3380 2280 lacrymarum
3406 2209 3527 2280 fon-

1953 2285 2061 2351 tem
2105 2294 2212 2351 quo
2239 2279 2484 2351 deﬂeam
2529 2281 2672 2334 mala
2723 2297 2842 2351 quae
2899 2279 3274 2351 commiseram
3317 2279 3530 2351 largire

1950 2345 2209 2417 digneris.
2238 2348 2372 2402 Nam
2403 2350 2446 2402 si
2468 2364 2573 2418 qua
2607 2345 2826 2403 sunt—de
2871 2365 3030 2418 supra
3069 2348 3381 2418 nominatis,
3411 2345 3532 2418 qui-

1952 2416 2054 2488 bus
2083 2433 2188 2471 non
2214 2433 2330 2471 sum
2353 2416 2608 2488 pollutus,
2644 2427 2747 2473 tuae
2780 2427 2883 2484 est,
2913 2416 3156 2480 Domine,
3193 2417 3408 2488 pietatis
3430 2416 3520 2488 de-

1953 2484 2148 2558 fensio,
2198 2484 2398 2542 malum
2436 2505 2564 2543 vero
2619 2504 2832 2558 semper
2869 2505 2899 2541 a
2931 2504 3016 2542 me
3061 2484 3260 2558 facillim
3290 2488 3421 2548 scio,
3459 2487 3528 2539 ab

1953 2555 2261 2627 incautione
2287 2573 2408 2612 mea
2429 2558 2514 2612 vel
2544 2559 2709 2612 etiam
2736 2555 3074 2627 ignorantia.
3113 2557 3286 2610 'l‘ntim
3326 2564 3528 2621 tamen,

1955 2626 2199 2691 Domine,
2240 2627 2446 2695 plasma
2496 2643 2636 2692 sum,
2683 2626 2875 2696 meque
2929 2627 3294 2680 sacratissimo
3321 2634 3374 2678 et
3405 2639 3530 2696 pre-

1953 2696 2260 2766 tiosissimo
2291 2697 2548 2766 sanguine
2579 2705 2670 2751 tuo
2701 2695 2994 2751 redemisti.
3025 2696 3280 2750 Miserere
3307 2695 3450 2766 mihi
3477 2703 3534 2748 et

1955 2767 2214 2834 gemitum
2244 2764 2578 2821 fructifcrum
2606 2767 2802 2828 tribue,
2826 2783 2893 2820 ne
2912 2767 3107 2820 iterum
3131 2764 3354 2834 lugenda
3381 2779 3531 2818 eom-

1957 2835 2187 2889 mittam.
2219 2836 2342 2916 A'i‘p,
2374 2837 2598 2916 Domine
2628 2837 2886 2916 piissime,
2909 2836 3157 2916 omnium
3183 2835 3406 2916 largitor
3433 2835 3529 2915 bo—

1956 2919 2172 2974 norum,
2216 2906 2392 2959 tribue
2416 2907 2545 2960 mihi
2577 2903 2762 2960 contra
2792 2906 3040 2973 spiritum
3065 2903 3330 2974 superbia:
3354 2903 3528 2974 humi-

1955 2973 2164 3028 litatem
2207 2991 2412 3038 veram,
2462 2991 2560 3044 per
2589 2992 2748 3044 quam
2776 2975 3026 3030 universa
3071 2973 3212 3029 mala
3266 2973 3528 3044 superbia

1957 3044 2166 3115 valeam
2207 3042 2676 3115 vincereacont—ra
2710 3047 2890 3115 gulam
2937 3054 2993 3099 et
3037 3042 3528 3115 concupiscentiam

1957 3113 2151 3184 malam
2177 3114 2562 3169 continentiam
2584 3112 2800 3184 dignam
2817 3131 2831 3178 ;
2850 3124 2904 3168 et
2923 3124 3112 3169 contra
3133 3112 3528 3184 immunditiam

1955 3182 2330 3238 fornicationis
2356 3185 2537 3240 cordis
2580 3182 2903 3250 et'corporis
2934 3185 3259 3246 castitatem,
3283 3191 3339 3236 et
3366 3183 3528 3235 totius

1954 3267 2134 3323 pravae
2157 3253 2528 3308 delectationis
2565 3255 3057 3318 mortificationem,
3079 3253 3265 3323 jejnnii
3295 3252 3378 3306 vel
3404 3265 3527 3306 ora-

1953 3322 2116 3376 tionis
2161 3324 2497 3388 instantiam,
2546 3332 2707 3392 atque
2748 3324 3051 3392 vigiliarum
3083 3322 3530 3392 consuetudinem

1952 3400 2195 3447 sanctam
2234 3411 2246 3445 :
2297 3393 2369 3447 ita
2400 3403 2458 3447 ut
2495 3391 2675 3447 omnia
2723 3391 2926 3446 valeam
2973 3391 3530 3456 tentamentadiaboli

1952 3477 2048 3532 per
2077 3463 2502 3532 misericordiam
2527 3465 2710 3531 gratia:
2737 3471 2839 3516 tuae
2869 3477 3161 3532 superare;
3190 3469 3376 3532 contra
3401 3475 3528 3532 ava-

1953 3529 2132 3584 ritiam
2164 3533 2260 3602 tibi
2308 3529 2562 3602 placitam
2612 3529 2950 3602 largitatem;
2983 3533 3132 3584 vires
3164 3539 3219 3583 et
3247 3529 3528 3602 scientiam

1954 3601 2240 3668 superandi
2289 3599 2467 3654 omnia
2501 3615 2620 3668 qum
2649 3599 2944 3654 nascuntur
2977 3615 3043 3654 ex
3072 3617 3168 3664 ea;
3201 3609 3386 3653 contra
3436 3599 3530 3652 ira;

1953 3669 2210 3740 impetum
2252 3671 2596 3740 patientiam,
2643 3672 3050 3738 temperantiam
3103 3670 3266 3724 animi
3300 3686 3314 3740 ;
3349 3669 3419 3721 ita
3471 3675 3532 3720 ut

1952 3739 2132 3793 omnia
2172 3739 2293 3807 qua:
2323 3740 2602 3811 prodeunt.
2634 3755 2698 3794 ex
2737 3755 2800 3792 ea
2843 3742 3258 3811 exstinguantur
3303 3739 3356 3791 in
3405 3753 3524 3802 me;

1953 3819 2142 3863 contra
2179 3811 2419 3862 acediam
2461 3810 2584 3863 boni
2614 3811 2814 3878 operis,
2841 3809 3379 3879 perseverantiamct
3417 3815 3531 3860 stu-

1953 3880 2100 3933 dium
2131 3880 2303 3933 sancti
2325 3877 2730 3933 certaminis’ad
2757 3877 3078 3947 implendam
3103 3880 3155 3932 in
3176 3877 3426 3932 omnibus
3440 3890 3534 3947 vo-

1952 3948 2214 4002 luntatem
2244 3957 2392 4002 tuam
2431 3959 2691 4018 quantum
2725 3946 2927 4003 tumisit
2966 3949 3163 4002 donum
3211 3947 3433 4018 pietatis
3475 3946 3528 3999 in

1951 4034 2070 4082 me;
2109 4026 2294 4071 contra
2323 4017 2594 4089 tristitiam
2619 4019 2872 4089 gaudium
2895 4019 3047 4082 mibi,
3082 4017 3325 4089 Domine,
3351 4017 3527 4089 tribue

1953 4089 2271 4158 spiritalem,
2318 4103 2414 4158 per
2436 4088 2577 4158 quod
2619 4086 2799 4142 omnia
2833 4089 3086 4143 vitiorum
3121 4086 3259 4158 mala
3285 4087 3527 4158 penitus

1952 4156 2280 4222 evellantur;
2311 4156 2608 4226 contraque
2660 4172 2854 4211 vanam
2884 4158 3109 4228 gloriam
3155 4156 3526 4228 plenissimam

1955 4227 2136 4292 fidem,
2163 4243 2312 4296 spem
2340 4228 2570 4292 firmam,
2599 4235 2655 4280 et
2690 4227 3010 4281 charita’tem
3037 4241 3071 4296 p
3091 4227 3358 4290 'rfeetam,
3389 4233 3449 4278 ut
3474 4231 3526 4278 te

1953 4305 2067 4351 toto
2105 4298 2288 4360 corde,
2329 4304 2441 4351 tota
2482 4306 2662 4351 mente
2709 4306 2818 4350 tota
2859 4297 3022 4351 etiam
3075 4300 3291 4350 merear
3332 4296 3534 4349 virtute

1954 4367 2200 4438 diligere,
2238 4367 2325 4421 hic
2353 4379 2570 4438 quoque
2609 4367 2848 4438 omnium
2877 4374 3220 4436 peccatorum
3253 4365 3532 4438 remissio-

279 4445 544 4507 mersum,
569 4427 698 4507 and
716 4439 826 4507 tota
852 4427 992 4507 serie
1012 4432 1299 4507 criminum
1323 4447 1442 4507 qua!
1465 4435 1763 4507 procedunt
1783 4448 1850 4507 ex
1881 4427 1930 4485 Ι)
1956 4427 2080 4492 ιιεῶ
2115 4427 2346 4507 pleniter
2372 4427 2678 4507 percipere,
2701 4443 2755 4489 et
2788 4437 2840 4490 in
2877 4427 3067 4490 futuro
3095 4445 3352 4507 mternam
3395 4434 3532 4507 laeti:

277 4514 364 4561 ea,
403 4500 458 4553 in
487 4501 683 4572 invidia
700 4509 764 4572 et
791 4502 934 4565 dolo,
965 4503 1018 4555 in
1046 4501 1194 4572 furto
1222 4510 1276 4572 et
1298 4500 1508 4572 rapina,
1533 4503 1584 4556 in
1617 4502 1876 4572 perjurio'

279 4576 444 4649 atque
467 4571 897 4649 tuendacio,_nec
936 4586 1040 4649 non
1068 4578 1120 4624 et
1164 4571 1303 4649 falso
1323 4571 1652 4649 testimonio,
1677 4571 1738 4649 in
1766 4573 1852 4649 in-

276 4640 594 4710 quietudine
622 4641 838 4704 mentis,
870 4642 925 4694 in
969 4642 1167 4710 injusto
1191 4641 1394 4709 judicio
1420 4643 1503 4696 vel
1536 4641 1744 4706 fraude,
1796 4643 1850 4697 in

276 4708 526 4764 veritatis
551 4718 884 4778 contemptu,
909 4712 962 4764 in
1001 4708 1268 4766 oblivione
1289 4711 1636 4765 beatitudinis
1656 4713 1854 4780 sempi-

275 4785 466 4840 ternas,
499 4788 554 4833 et
591 4781 643 4833 in
675 4781 1030 4835 obduratione
1052 4782 1264 4835 mortis.
1295 4781 1494 4835 Deinde
1533 4783 1585 4835 in
1613 4783 1693 4835 ira
1717 4791 1772 4835 et
1794 4782 1850 4836 in

277 4847 558 4920 iracundia
605 4850 830 4920 nimium
857 4866 943 4904 me
974 4866 1092 4905 esse
1121 4852 1357 4905 arbitror
1398 4852 1766 4920 depravatum,
1796 4859 1852 4906 et

275 4915 332 4969 in
353 4917 604 4990 omnibus
618 4919 828 4990 (lelictis
850 4921 965 4988 ejus
981 4922 1160 4975 radice
1177 4915 1538 4990 surgentibus,
1563 4921 1617 4974 in
1643 4928 1850 4975 tumore

276 4987 592 5064 inentis,__in
614 4989 739 5064 _rix_a
758 4997 823 5064 _et
851 4987 1292 5064 dissentione‘iii
1320 4991 1661 5064 contumelia,
1691 4991 1751 5064 in
1771 4990 1853 5043 in-

277 5058 522 5135 iilrgandi
547 5058 628 5135 vel
657 5059 960 5135 ulciscendi
990 5058 1281 5135 amoreﬂn
1309 5062 1451 5135 odio,
1486 5063 1537 5135 in
1569 5059 1853 5135 impatien-

280 5127 378 5198 tia,
405 5127 458 5180 in
498 5128 962 5182 maledictionilms
1011 5138 1065 5182 et
1097 5130 1468 5198 blasphemiis,
1499 5131 1552 5182 in
1601 5127 1852 5196 indigna-

277 5195 426 5268 tione
455 5198 660 5268 isiqua,
691 5199 743 5252 in
775 5200 1148 5253 recordatione
1179 5195 1388 5266 iiijurim
1411 5214 1564 5260 meae,
1589 5199 1640 5251 in
1665 5195 1850 5264 acedia

276 5265 442 5320 etiam
467 5265 727 5322 iminensa
758 5269 919 5321 timeo
946 5283 1031 5322 me
1059 5265 1282 5321 nimium
1313 5268 1604 5321 obnoxium
1632 5281 1772 5330 esse,
1797 5274 1853 5320 et

276 5335 510 5407 inomni
538 5338 660 5392 labe
705 5338 1002 5392 facinorum
1033 5354 1098 5391 ex
1148 5339 1264 5407 ejus
1291 5337 1475 5407 fomite
1501 5351 1853 5406 prorumpen-

277 5404 439 5470 sium,
473 5407 528 5460 in
559 5408 912 5462 somnolentia
955 5415 1011 5461 et
1055 5404 1191 5461 boni
1206 5407 1386 5477 cperis
1421 5404 1661 5476 pigritia,
1686 5404 1744 5477 iii
1773 5407 1856 5458 in-

277 5479 604 5548 constantia,
648 5479 699 5532 in
745 5478 1126 5548 pervagationc
1155 5475 1374 5548 mentis,
1411 5477 1464 5530 in
1491 5475 1856 5548 trepidatione

275 5544 580 5609 laborandi,
607 5549 658 5602 in
687 5544 844 5602 taS-dio
871 5544 1069 5610 cordis,
1097 5547 1149 5601 in
1181 5547 1480 5600 moratione
1510 5544 1670 5615 atque
1714 5545 1856 5599 dele-

279 5615 538 5688 ctatione,
575 5619 628 5672 in
659 5619 875 5688 tristitia
908 5615 1103 5683 injusta
1133 5617 1200 5669 ab
1227 5617 1448 5688 antiquo
1485 5616 1536 5669 in
1577 5631 1674 5688 me
1699 5615 1856 5688 basta

279 5686 591 5754 commissa,
617 5697 668 5742 et
699 5689 750 5748 in
779 5687 892 5756 ejus
922 5688 1124 5743 semine
1153 5685 1483 5759 nequissimo
1509 5685 1660 5740 valde
1692 5685 1855 5740 timeo

1957 4509 2087 4560 tiam
2117 4503 2405 4578 ~possidere
2453 4503 2596 4576 quod
2635 4507 2750 4578 ipse
2775 4507 3170 4578 nobisgprzesta,
3216 4503 3387 4559 Filius
3434 4503 3528 4558 Dei

1956 4575 2180 4657 manetis
2199 4584 2254 4657 et
2280 4575 2509 4657 regnans
2531 4591 2653 4657 cum
2681 4575 2918 4657 Paireet
2934 4576 3140 4657 Spiritu
3159 4583 3368 4657 sancto,
3394 4585 3534 4657 unus

1956 4645 2096 4700 Deus
2146 4647 2197 4700 in
2234 4641 2474 4699 trinitate
2515 4653 2568 4699 et
2597 4646 2650 4698 in
2691 4646 2898 4699 unitate
2925 4641 3171 4715 perfecta
3227 4645 3283 4699 in
3335 4641 3531 4700 sarcula

1955 4715 2294 4770 saeculorum.
2319 4716 2513 4769 Amen.

1974 4819 1978 4821 ’
2063 4828 2248 4884 Oratio
2279 4843 2438 4898 quam
2467 4827 2595 4880 dicit
2631 4827 2874 4881 sacerdos
2901 4845 3054 4898 super
3079 4829 3426 4898 pwnitentem.

2027 4920 2170 4974 Deus
2211 4918 2540 4981 clementiae,
2575 4918 2718 4971 Deus
2755 4917 3156 4978 misericordias,
3183 4918 3323 4969 Deus
3354 4911 3532 4967 indul-

1958 4990 2174 5060 gentiae,
2205 4988 2499 5056 propitiare
2523 4988 2746 5060 dignare
2786 4987 3264 5060 supplicationibus
3290 4984 3526 5060 nostris,

1957 5054 2012 5112 et
2055 5054 2349 5113 clementer
2401 5054 2612 5126 suscipe
2655 5054 2915 5110 famulum
2962 5067 3113 5110 tuum
3162 5054 3531 5126 pmnitentem,

1957 5137 2122 5196 atque
2145 5143 2240 5196 per
2263 5137 2476 5181 tuorum
2496 5123 2733 5180 omnium
2757 5123 3526 5196 sanctorumintercessiones.

1959 5205 2015 5251 et
2037 5192 2266 5260 'merita,
2319 5197 2500 5250 cordis
2529 5197 2996 5266 compunctionem
3033 5195 3107 5248 illi
3155 5201 3397 5266 sanctam
3428 5192 3534 5245 lar-

1961 5267 2077 5335 gire
2102 5275 2156 5319 et
2183 5266 2556 5334 pmnitentiam
2582 5262 2787 5330 vei-am,
2815 5278 3113 5335 puramque
3137 5262 3533 5335 confessionem

1954 5332 2023 5390 de
2067 5332 2322 5390 omnibus
2373 5337 2610 5404 peccatis
2657 5337 2770 5390 suis
2820 5332 3127 5404 praeteritis,
3178 5332 3536 5404 prmsentibus

1953 5415 2118 5475 atque
2168 5402 2386 5464 futuris;
2432 5405 2713 5474 locumque
2765 5402 3249 5475 satisfactionisget
3297 5402 3534 5472 spatium

1954 5473 2298 5544 eniendandi,
2359 5475 2560 5530 fontem
2609 5473 2821 5544 quoque
2882 5475 3102 5544 uberem
3173 5473 3536 5544 lacrymarum

1958 5538 2136 5614 digne
2165 5543 2360 5600 deflere
2400 5538 2640 5599 suorum'
2660 5538 2930 5599 cumulum
2962 5538 3303 5607 delictorum;
3327 5541 3533 5614 cautio-

1957 5612 2187 5683 numque
2230 5615 2610 5683 necessariam,
2637 5630 2702 5667 ne
2733 5614 2925 5666 iterum
2954 5614 3184 5683 lugenda
3206 5612 3537 5683 committat.

1957 5680 2173 5739 Dimitte
2210 5683 2280 5750 ei,
2305 5686 2546 5748 Domine,
2579 5681 2836 5749 facinora,
2862 5680 3072 5738 dimitte
3095 5691 3314 5752 peccala
3342 5680 3530 5738 munia
