4058 6344
553 302 690 360 1401

1573 300 1668 355 ΑΙ)
1703 298 1933 354 OPERA
1968 297 2031 351 Β.
2073 293 2349 351 Αιρυικι
2386 291 2825 347 APPE‘NDICES.

3669 289 3811 345 i108

550 418 606 472 ιιι
632 414 891 496 cogitatu,
927 414 989 495 in
1016 411 1367 496 verbosimul
1406 418 1467 492 et
1489 424 1931 496 operm-eumque
1960 408 2116 462 dein-
2146 415 2191 469 Α
2224 421 2390 496 mete,
2421 404 2646 496 Ppmine
2675 404 3032 496 Densumeus,‘
3050 404 3203 496 gela,
3221 403 3807 496 ebrietate-,Lfonniei-

551 501 679 555 ceps
703 480 760 538 in
808 484 1015 555 semitis
1034 482 1280 550 iustitiae.
1309 489 1377 535 et.
1406 481 1461 535 in
1506 489 1611 535 tute
1638 480 1929 555 voluntatis
1955 492 2121 555 opere

551 546 791 626 perfecte
809 546 1109 626 corrobora
1133 561 1295 620 atque
1334 565 1633 626 conserva,_
1656 561 1715 603 ut
1739 549 1880 603 inter
1904 556 2029 626 tuos
2060 546 2127 600 ii-

551 620 698 679 deles
749 624 1024 677 ministros
1070 621 1124 674 in
1174 620 1416 675 custodia
1475 620 1853 673 mandatorum
1906 625 2125 671 tuorum

553 693 725 753 ﬁdelis
772 690 991 745 omnino
1047 700 1380 759 permaneat,
1424 689 1513 744 hic
1540 690 1915 743 remissionem
1940 701 2127 759 veram

552 761 853 830 percipiat,
908 768 964 830 et
1013 756 1078 830 is
1096 757 1277 813 futuro
1312 760 1479 830 vitam
1527 767 1782 813 aeternam
1826 756 2125 830 possideat,

551 824 648 897 per
675 824 747 899 te,
798 828 1011 899 Christe
1053 827 1198 894 Jesu,
1239 829 1332 899 qui
1375 829 1511 884 vivis
1536 837 1591 883 et
1621 824 1906 898 regnasiin
1927 824 2124 880 saecula

552 898 895 953 sarculorum.
930 898 1123 965 Amen.

1095 986 1363 1058 Confessio
1423 1005 1576 1058 pura.

622 1078 851 1133 Truhtin
883 1078 968 1133 dir
1003 1079 1122 1133 uvir
1149 1078 1278 1133 duih
1304 1078 1523 1148 oigihlik
1552 1078 1718 1132 allero
1763 1076 1971 1148 minero
1997 1092 2126 1148 sun-

553 1150 701 1203 tiono
756 1149 865 1203 enti
918 1148 1237 1203 missatatio.
1289 1147 1435 1203 All’es
1481 1149 1687 1202 desihio
1742 1147 1903 1202 missa
1960 1147 2122 1215 sparh

553 1220 693 1273 eddo
727 1218 1002 1272 missateta
1056 1219 1193 1273 eddo
1230 1218 1558 1272 missadahta
1596 1226 1789 1272 nvosto
1811 1216 1920 1269 enti
1962 1231 2123 1269 uver—

553 1289 657 1342 eho
703 1288 812 1342 enti
842 1287 1119 1344 Kidancho
1156 1287 1564 1345 desihkibukklu
1613 1287 1804 1341 eddoni
1853 1285 2123 1353 gahukkiu

552 1356 715 1411 Desib
770 1358 1056 1411 uvizzanto
1113 1357 1279 1411 hiteta
1317 1358 1453 1411 eddo
1498 1373 1567 1409 un
1612 1357 1897 1410 uvizzanto
1960 1354 2122 1409 notak

554 1427 691 1482 eddo
712 1442 783 1480 un
815 1427 977 1481 notak
1006 1425 1237 1481 slatfanti
1267 1428 1403 1481 eddo
1434 1426 1718 1480 uvachenti
1746 1426 1887 1479 mein
1918 1426 2123 1478 suartio

554 1495 867 1567 entilugino.
899 1496 1307 1567 Hyridonoenti
1346 1513 1416 1549 un
1445 1496 1806 1567 rehteeuﬁzur
1830 1495 2123 1567 heitihuo‘

553 1580 690 1618 rono
720 1564 1098 1621 souvieloihsio
1126 1566 1311 1620 ssiteta
1339 1567 1449 1620 enti
1485 1582 1556 1619 un
1590 1566 1807 1619 relttero
1837 1564 2122 1619 ilrinlustio

557 1635 803 1689 inmuose
836 1636 919 1694 _io
966 1636 1189 1690 tranche
1238 1637 1365 1690 enti'
1401 1637 1453 1690 in
1510 1652 1584 1689 un
1647 1637 1935 1690 reclieteno
1990 1634 2123 1689 slafe

554 1704 826 1757 tlaztumir
874 1706 999 1759 truh
1059 1706 1137 1759 tin
1205 1707 1372 1760 hinist
1419 1708 1527 1761 enti
1600 1707 1762 1760 hinad
1820 1706 2121 1761 hauverdos

556 1771 706 1853 farge
728 1788 875 1853 _pa_n_
909 1774 1067 1853 _dazi_h
1103 1774 1403 1853 foradinem
1450 1792 1639 1853 uagom
1690 1792 1789 1853 u_ns
1834 1776 2123 1853 harnentisi
2158 1775 2196 1834 Β

557 1843 667 1897 cuti
711 1843 877 1898 dazisi
907 1844 962 1897 in
999 1844 1156 1899 descr
1178 1845 1404 1899 nveralti
1434 1843 1639 1900 minero
1667 1846 1967 1900 missatatio
2012 1846 2124 1899 hri-

555 1926 688 1984 tum
713 1914 834 1984 enti
866 1915 1027 1984 haum
1058 1915 1393 1984 sharabapen
1428 1915 1634 1968 mnozzi
1684 1916 1820 1969 solih
1864 1915 2125 1969 hosodino

556 1980 867 2036 miltidasim
921 1982 1051 2037 alles
1095 1980 1392 2039 uvaltantio
1444 1986 1670 2038 trulttin.
1734 1985 1831 2048 Te,
1878 1985 2124 2049 Domine,

555 2051 679 2123 pius
718 2051 1041 2124 dominator,
1074 2062 1128 2107 et
1174 2054 1481 2109 misericors
1510 2054 1669 2118 Deus,
1712 2055 1978 2124 supplices
2014 2064 2123 2106 tre-

556 2121 875 2193 mentesque
906 2121 1281 2191 deprecamur,
1323 2135 1381 2177 ut
1401 2140 1498 2193 per
1522 2121 1947 2178 misericordiam
1980 2132 2125 2176 tuam

557 2190 1056 2263 actionesgnostras
1106 2201 1197 2244 tua
1241 2190 1417 2263 gratia
1447 2194 1752 2247 illuminare
1793 2194 2047 2263 digneris,
2073 2200 2127 2245 et

556 2258 883 2333 gdjuva_ndo_
910 2262 962 2333 in
1008 2264 1207 2333 bonum
1244 2258 1420 2317 'linem
1468 2264 1762 2333 perducere
1811 2258 1900 2331 qui
1932 2278 2128 2333 regnas

557 2324 701 2451 Reus
746 2331 801 2383 in
841 2329 1126 2387 Trinitate.
1169 2328 1273 2385 Per
1322 2324 1501 2387 omnia
1543 2332 1738 2391 saecula
1786 2324 2125 2388 surculorum.

612 2414 752 2451 men.

612 2414 732 2453 men
739 2438 752 2453 ο

1065 2470 1199 2525 Item
1221 2471 1327 2526 alia
1353 2472 1625 2542 confessio.

627 2581 855 2653 Domine
900 2592 1107 2653 sancte,
1138 2584 1300 2640 Pater
1325 2585 1685 2653 omnipotens,
1720 2593 1774 2639 et
1822 2585 2131 2640 misericors

558 2651 720 2717 Deus,
761 2651 849 2720 qui
880 2651 1065 2706 dixisti
1094 2651 1555 2723 paenitentiam—te
1587 2654 1747 2708 malle
1783 2663 2129 2723 peccatorum

554 2736 717 2794 quam
748 2730 999 2794 mortem,
1034 2732 1086 2777 te
1132 2725 1398 2794 supplices
1453 2726 1824 2793 deprecamur,
1856 2733 1915 2777 ut
1942 2734 2131 2779 sancta

557 2792 735 2863 gratia
754 2800 845 2844 tua
871 2792 1053 2863 corda
1080 2792 1262 2849 nostra
1295 2792 1601 2849 illuminare
1616 2795 1874 2863 digneris,
1901 2803 1955 2848 et
1983 2809 2129 2849 com-

556 2861 900 2929 punctionem
936 2862 1091 2917 nobis
1137 2864 1321 2933 largiri
1360 2861 1788 2925 saluberrimam,
1820 2880 1926 2933 qua
1962 2865 2129 2933 possi-

558 2945 718 2995 mus,
772 2940 828 2985 et
875 2934 1230 3003 nosmetipsos
1274 2941 1331 3003 et
1366 2941 1586 3003 peccata
1625 2943 1809 2991 nostra
1860 2934 2132 2987 humiliter

561 3013 875 3068 agnoscere,
907 3009 963 3054 et
988 3001 1181 3057 deﬂere
1206 3001 1511 3068 salubriter,
1534 3004 1882 3070 omniumque
1912 3004 2130 3058 delict0~

557 3082 678 3121 rum
730 3078 784 3124 et
830 3078 1173 3137 peccatorum
1238 3081 1544 3127 nostrorum
1600 3073 1665 3128 de
1719 3075 2127 3143 quibuscunque

559 3146 743 3196 nostra
783 3154 889 3192 non
924 3150 1141 3211 accusat
1193 3143 1538 3207 conscientia,
1588 3143 1795 3211 puriter
1838 3158 2019 3197 coram
2070 3143 2177 3198 te!

559 3217 616 3260 et
647 3222 828 3281 coram
860 3209 1081 3281 sanctis
1117 3210 1319 3281 angelis
1362 3212 1468 3265 tuis
1502 3209 1894 3266 confessionem
1938 3228 2119 3281 agere,

560 3285 614 3347 et
649 3275 885 3347 fructum
907 3277 1122 3347 dignum
1146 3275 1471 3347 ptianitentia:
1499 3295 1775 3344 exercere,
1823 3275 2120 3345 sicut'tibi,

558 3342 815 3418 Domine,
839 3342 1189 3418 conﬁteamtir
1213 3349 1391 3402 omnia
1417 3358 1636 3418 peccata
1666 3342 1849 3404 nostra
1875 3342 2122 3418 capitalia

561 3423 724 3494 atque
745 3414 973 3494 minuta,
998 3416 1065 3470 de
1090 3418 1237 3494 enini
1265 3414 1513 3494 superbia
1533 3428 1742 3494 etgvana
1766 3414 2124 3494 gloria—atque

555 3480 834 3563 uetantia,
871 3485 937 3537 de
964 3485 1242 3563 sacrilegio
1284 3480 1341 3563 et
1373 3488 1683 3563 homicidio,
1734 3480 1801 3563 siv
1826 3490 1936 3563 ullo
1965 3480 2123 3563 modo

559 3552 748 3624 polluti
777 3554 964 3618 simus,
1002 3555 1067 3608 de
1094 3552 1447 3612 fornicatione
1478 3568 1531 3612 et
1555 3552 1837 3624 adulterio,
1863 3562 1927 3613 de
1949 3561 2124 3613 omni-

559 3637 664 3689 que
691 3622 926 3695 _libidine
973 3639 1292 3695 quocunque
1342 3628 1501 3682 modo
1529 3629 1780 3683 maculati
1811 3622 2017 3693 sumus,
2056 3630 2122 3683 de

558 3690 705 3772 omni
739 3690 1048 3772 avaritiaet
1067 3690 1499 3772 concupiscentia
1538 3699 1703 3772 mala,
1733 3700 1799 3755 de
1823 3700 1969 3772 omni
1999 3690 2124 3767 gula

559 3770 616 3814 et
637 3761 918 3837 ebrietate,
949 3765 1015 3837 de
1040 3764 1162 3837 odio
1190 3761 1494 3830 et'invidia,
1521 3767 1588 3822 de
1634 3761 1712 3822 ira
1739 3779 1793 3824 et
1821 3770 1966 3823 omni
1994 3761 2121 3837 per-

559 3831 866 3903 turbatione
909 3834 1095 3894 animi,
1121 3835 1187 3888 de
1216 3837 1491 3890 mendacio
1533 3846 1588 3890 et
1630 3837 1764 3893 falso
1794 3831 2120 3903 testimonio,

560 3901 625 3954 de
653 3901 1007 3970 mnltiloqnio,
1036 3904 1386 3971 detractione,
1440 3913 1494 3959 et
1522 3906 1588 3959 de
1627 3910 1772 3962 omni
1803 3911 1975 3963 otioso
2004 3901 2121 3962 ser-l

560 3980 931 4046 mone,_at_que
954 3970 1211 4046 periurio,
1233 3975 1300 4046 de
1326 3975 1513 4046 fraude
1535 3986 1590 4030 et
1612 3977 1755 4032 furto
1775 3979 1887 4032 sive
1910 3978 2118 4046 rapina,

559 4040 628 4116 de
656 4040 1027 4116 maledietione
1055 4042 1167 4116 sive
1213 4044 1518 4100 adulatione
1550 4047 1731 4116 iniqua
1756 4058 1913 4116 atque
1944 4040 2010 4100 de
2038 4040 2120 4101 iné

559 4108 796 4162 discreto
821 4110 1050 4172 silentio,
1079 4112 1123 4164 si
1154 4129 1415 4183 pauperes
1441 4108 1736 4170 clamantes
1774 4108 2120 4186 exasperavi-

560 4193 699 4258 inus,
723 4187 778 4233 et
797 4195 989 4258 eorum
1010 4196 1206 4258 «curam
1247 4186 1601 4258 negleximus,
1632 4188 1772 4255 quod
1801 4188 2039 4258 infirmos
2068 4195 2124 4241 et

560 4247 612 4327 in
634 4248 862 4303 vinculis
882 4251 1203 4327 constitutos
1230 4247 1344 4309 non
1356 4247 1711 4327 visitavitnus,
1741 4257 1880 4325 quod
1903 4257 1970 4310 ad
2000 4272 2122 4310 ora-

560 4322 758 4398 tionem
794 4329 1035 4373 sanctam
1054 4322 1329 4398 pigriores
1357 4331 1435 4398 _et
1472 4325 1734 4398 tardiores
1759 4322 1933 4398 quam
1964 4341 2122 4398 opor;

558 4385 662 4464 tui}
685 4385 899 4464 fuimus,
925 4385 1157 4464 quod'ad
1177 4392 1458 4447 ecclesiam
1474 4394 1679 4464 tardius
1694 4385 1960 4459 ven-imus,
1978 4385 2120 4464 quod

2232 476 2392 536 tione,
2421 474 2660 539 libidine,
2693 475 2941 538 tristitia,
2971 473 3154 528 acedia
3172 516 3186 537 ,
3218 473 3575 528 somnolentia
3594 513 3611 535 ,
3640 475 3811 539 negli-

2230 545 2428 614 gentia,
2469 544 2574 607 ira,
2620 545 2932 614 cupiditate,
2979 544 3201 608 invidia,
3247 544 3473 606 malitia,
3517 545 3671 614 odio,
3713 544 3811 599 de-

2232 613 2514 683 tractione,
2539 613 2794 683 pcrjurio,
2825 613 3078 677 falsitate,
3105 613 3404 676 mendacio,
3434 628 3579 666 vana
3610 613 3809 682 gloria,

2228 681 2443 737 levitate
2472 722 2487 747 ,
2540 681 2612 737 ac
2663 683 2912 751 superbia
2964 684 3207 752 perditus
3254 698 3413 745 sum,
3470 691 3531 735 et
3561 681 3812 752 omnino

2228 752 2548 821 cogitatione
2566 792 2581 815 ,
2618 752 2884 807 locutione
2903 793 2917 817 ,
2932 751 3159 821 pactione
3178 792 3194 816 ,
3220 760 3379 819 atque
3402 751 3661 805 omnibus
3688 768 3813 806 sen-

2228 820 2375 874 sibus
2418 821 2700 891 exstinctis
2727 862 2741 886 ,
2792 824 2882 891 qui
2921 820 3189 889 justiﬁcas
3234 821 3429 890 impios
3470 829 3524 873 et
3568 821 3811 876 viviﬁcas

2227 899 2487 954 mortuos,
2512 889 2749 956 justiﬁca
2777 889 2883 955 me,
2908 902 2962 944 et
2986 891 3246 945 resuscita
3270 889 3379 951 me,
3410 890 3644 943 Domine
3672 891 3813 945 Deus

2226 975 2403 1081 Ἅιδας,
2451 960 2542 1029 qui
2589 961 2726 1014 vivis
2774 969 2829 1014 et
2878 975 3070 1030 regnas
3118 962 3173 1015 in
3220 958 3414 1014 smcula
3460 959 3810 1014 seculorum.

2278 1044 2420 1081 men.

2278 1044 2420 1082 men.

2525 1097 2708 1153 Oratio
2734 1117 2766 1153 a
2791 1099 3123 1153 eucharistiar
3148 1100 3500 1169 perceptione.

2295 1185 2518 1241 Domine
2554 1187 2682 1242 Iesu
2710 1188 2943 1251 Christe,
2971 1188 3070 1241 Fili
3101 1188 3196 1240 Dei
3219 1188 3364 1251 vivi,
3402 1189 3496 1256 qui
3526 1203 3595 1242 ex
3624 1188 3817 1241 volun-

2225 1264 2335 1309 tate
2360 1256 2558 1320 Patris,
2605 1267 2927 1326 cooperante
2970 1258 3175 1326 Spiritu
3218 1267 3406 1311 sancto
3446 1273 3549 1326 per
3580 1266 3816 1311 morte

2226 1333 2370 1379 tuam
2400 1327 2656 1380 tnundum
2681 1328 2984 1391 vivificasti,
3014 1326 3186 1380 libera
3214 1341 3300 1379 me
3324 1343 3425 1395 per
3453 1326 3561 1380 hoc
3597 1342 3817 1380 sacrum

2224 1410 2421 1475 corpus
2445 1404 2502 1476 et
2527 1397 2840 1476 sanguinem
2872 1405 3019 1450 tuum
3049 1412 3079 1448 a
3100 1397 3324 1476 eunetis.
3345 1397 3739 1476 iniquitatibns
3763 1406 3819 1476 et

2224 1465 2490 1519 universis
2522 1465 2696 1529 malis,
2727 1475 2781 1520 et
2807 1465 2893 1520 fac
2926 1482 3017 1519 me
3038 1466 3144 1519 tuis
3170 1466 3397 1519 obedire
3419 1468 3739 1534 praeceptis,
3764 1473 3820 1519 et

2224 1548 2256 1587 a
2284 1543 2333 1589 te
2359 1551 2632 1605 nunquam
2662 1536 2715 1589 in
2742 1544 3059 1605 perpetuum
3084 1535 3325 1603 digneris
3348 1536 3621 1604 separari.

2742 1644 2925 1698 (tralia
2956 1653 3074 1699 ante
3104 1642 3291 1699 altare.

2295 1735 2437 1805 Deus
2463 1735 2729 1805 propitius
2755 1744 2873 1790 esto
2900 1735 3030 1788 mihi
3056 1734 3351 1805 peccatori,
3378 1734 3511 1805 quia
3547 1743 3697 1789 tnes
3722 1736 3821 1791 im-

2229 1803 2479 1885 mortalis
2520 1803 2580 1858 et
2615 1805 2738 1885 “sine
2770 1813 3028 1885 peccato.
3209 1803 3375 1885 solus,
3412 1804 3650 1884 Domine
3676 1806 3821 1885 Dens

2228 1889 2401 1937 mens,
2440 1882 2496 1927 tu
2524 1889 2584 1927 es
2615 1873 2948 1938 benedictus,
2980 1873 3070 1942 qui
3098 1874 3372 1928 benedieis
3397 1875 3625 1937 omnia;
3671 1883 3727 1927 tu
3760 1888 3820 1929 es

2227 1952 2445 2023 sanctus
2471 1944 2563 2023 qui
2594 1942 2923 2023 sapctifieas,
2967 1944 3188 1997 Domine
3218 1943 3359 2023 Deus
3390 1958 3573 2023 meus,
3604 1942 3820 2013 indulge

2228 2013 2358 2065 mihi
2401 2011 2617 2082 indigno
2655 2011 2854 2067 famulo
2892 2023 2982 2066 tuo
3011 2012 3317 2082 peccatori,
3374 2014 3508 2081 quia
3564 2011 3820 2081 peccator

2228 2096 2348 2135 sum
2387 2089 2442 2152 et
2479 2081 2753 2152 indignus,
2794 2083 2921 2151 quia
2960 2081 3228 2152 praesumo
3256 2082 3323 2134 ad
3350 2091 3611 2136 sanctum
3648 2083 3819 2136 altare

2230 2159 2380 2222 tuum
2392 2151 2668 2222 invocare
2706 2161 2789 2222 te;
2837 2151 2975 2222 quia
2999 2152 3217 2221 peccavi
3233 2166 3432 2222 coram
3466 2160 3519 2205 te
3552 2161 3611 2205 et
3634 2167 3817 2205 coram

2228 2219 2434 2288 angelis
2470 2221 2601 2284 tuis;
2642 2221 2735 2275 sed
2769 2219 2945 2276 tribue
2981 2219 3113 2276 mihi
3156 2221 3553 2289 indulgentiam
3594 2221 3817 2275 delicto-

2228 2305 2346 2341 rum
2372 2304 2635 2353 tneorum,
2659 2300 2712 2344 et
2731 2291 2987 2345 confirma
3015 2307 3102 2344 me
3132 2292 3184 2345 in
3210 2300 3400 2345 sancta
3428 2290 3679 2344 Ecclesia
3707 2300 3819 2353 tua,

2229 2358 2282 2411 in
2314 2358 2416 2410 ﬁde
2445 2361 2887 2424 orthodoxorum,
2920 2370 2975 2414 et
3002 2361 3133 2414 doce
3163 2376 3248 2414 mc
3273 2359 3458 2413 facere
3484 2361 3821 2413 voluntatem

2229 2436 2375 2499 tuam
2403 2430 2651 2499 omnibus
2678 2430 2867 2499 diebus
2896 2431 3017 2483 vitae
3046 2446 3198 2483 mete.
3234 2429 3335 2495 Qui
3366 2430 3507 2483 vivis
3537 2440 3597 2484 et
3627 2444 3821 2499 regnas

2229 2497 2285 2551 in
2312 2497 2505 2552 secula
2531 2498 2869 2552 saeculorum.
2899 2499 3091 2553 Amen.

2480 2587 2662 2642 Oratio
2690 2590 2857 2642 sancti
2885 2590 3144 2649 Ambrosii
3173 2599 3294 2643 ante
3327 2591 3570 2643 missam.

2301 2680 2437 2735 Ante
2472 2690 2818 2750 conspectum
2848 2682 3040 2735 divina:
3077 2680 3376 2748 maiestatis
3418 2691 3527 2735 tua:
3570 2696 3700 2735 reus
3733 2695 3818 2736 as-

2230 2750 2382 2814 sisto,
2424 2750 2516 2819 qui
2546 2752 2797 2805 invocare
2826 2766 3020 2805 nomen
3048 2760 3290 2807 sanctum
3320 2760 3472 2804 tuum
3502 2765 3812 2820 praesumo;

2231 2821 2489 2874 miserere
2526 2820 2694 2886 mihi,
2730 2821 2984 2885 Domine,
3024 2821 3225 2875 homini
3254 2821 3562 2886 peccaturi;
3605 2822 3619 2872 i

2233 2889 2451 2959 indigno
2472 2891 2734 2959 sacerdoti
2756 2905 2851 2959 per
2868 2890 3019 2958 cujus
3041 2906 3231 2944 manus
3252 2889 3363 2944 haec
3381 2890 3590 2943 oblatio
3610 2890 3815 2943 videtur

2230 2958 2432 3029 efferri.
2468 2958 2649 3029 Parce
2674 2958 3018 3029 peccatorum
3047 2961 3165 3029 labe
3205 2975 3315 3029 pra:
3351 2960 3571 3013 caneris
3610 2960 3813 3028 cipita-

2231 3025 2363 3087 lium
2392 3028 2617 3097 polluto,
2642 3025 2698 3085 et
2722 3045 2826 3083 non
2856 3029 3024 3083 intres
3053 3030 3104 3083 in
3129 3025 3333 3096 judicio
3358 3044 3486 3083 cum
3512 3025 3693 3097 servo
3706 3038 3813 3089 tuo,

2232 3097 2359 3165 quia
2401 3113 2506 3152 non
2540 3098 2928 3166 justifieabitur
2968 3100 3020 3152 in
3061 3108 3350 3168 conspectu
3390 3105 3487 3151 tuo
3525 3100 3712 3151 omnis
3744 3098 3815 3151 vi.

2230 3181 2379 3238 vens,
2409 3168 2617 3222 scilicet
2643 3168 2787 3223 vitiis
2818 3183 2881 3222 ac
2909 3168 3271 3238 voluptatibus
3297 3168 3489 3238 carnis,
3508 3168 3810 3238 aggravati.

2226 3235 2532 3291 Recordare
2553 3278 2566 3301 ,
2608 3237 2861 3301 Domine,
2906 3235 3047 3305 quod
3083 3253 3209 3292 caro
3238 3253 3447 3299 sumus,
3479 3237 3531 3291 in
3552 3235 3663 3290 't'uo
3693 3253 3815 3290 con-

2225 3316 2412 3375 spectu
2441 3309 2605 3360 etiam
2628 3306 2748 3360 cmli
2778 3323 2882 3360 non
2906 3316 3029 3361 sunt
3056 3308 3262 3371 mundi,
3284 3316 3491 3376 quanto
3517 3308 3697 3376 magis
3722 3322 3813 3360 nos

2227 3376 2471 3446 homines
2498 3377 2724 3446 terreni,
2749 3377 3007 3430 immundi
3037 3378 3174 3431 sicut
3200 3392 3409 3446 pannus
3437 3386 3808 3446 menstruam.

2222 3443 2426 3515 lndigni
2458 3461 2662 3509 sumus,
2700 3444 2824 3499 Jesu
2854 3446 3091 3509 Christe,
3128 3443 3384 3500 ut'simus
3410 3446 3685 3507 viventes,
3718 3444 3809 3499 sed

2224 3522 2280 3568 tu
2307 3516 2397 3583 qui
2427 3531 2531 3569 non
2561 3515 2640 3569 vis
2680 3524 2908 3569 tnortem
2939 3516 3271 3584 peccatoris,
3314 3516 3377 3568 da
3410 3516 3573 3569 nobis
3600 3517 3811 3568 veniam

2224 3584 2277 3637 in
2308 3599 2469 3638 carne
2502 3585 2837 3645 constitutis,
2882 3583 2952 3636 nt
2975 3599 3071 3653 per
3099 3584 3433 3653 poenitentia:
3462 3583 3679 3653 labores
3706 3585 3809 3636 vita

2222 3661 2423 3723 alterna
2451 3655 2793 3723 perfruamur
2824 3655 2874 3707 in
2892 3652 3044 3708 cmlis
3072 3652 3167 3721 per
3187 3664 3257 3719 te,
3291 3653 3418 3707 Jesu
3450 3652 3697 3716 Christe,
3724 3654 3811 3723 qui

2224 3736 2345 3776 cum
2368 3721 2529 3793 Patre
2555 3732 2607 3777 et
2638 3722 2842 3792 Spiritu
2865 3732 3052 3778 sancto
3076 3724 3210 3778 vivis
3235 3732 3289 3778 et
3312 3738 3513 3793 regnas
3539 3724 3597 3777 in
3624 3721 3813 3778 sarcula

2224 3792 2561 3846 szecnlorum.
2592 3794 2783 3847 Amen.

2707 3881 2845 3937 Item
2871 3884 3040 3936 oratio
3069 3883 3322 3952 ejusdem.

2290 3970 2542 4041 Ignosce,
2593 3971 2851 4034 Domine,
2904 3973 3047 4040 quod
3094 3972 3219 4026 dum
3270 3986 3465 4041 rogare
3493 3972 3812 4041 compellor,

2223 4040 2349 4094 dum
2388 4057 2483 4110 per
2512 4042 2784 4095 immunda
2826 4042 2968 4095 labia
3003 4057 3121 4094 mea
3150 4040 3353 4094 nomen
3375 4040 3639 4095 sanctum
3664 4052 3811 4096 tuum

2223 4125 2438 4164 assumo
2459 4151 2473 4174 ,
2512 4120 2568 4165 et
2608 4112 3006 4165 immundorum
3035 4120 3251 4164 actuum
3280 4118 3496 4164 secreta
3529 4112 3812 4175 conﬁteor,

2222 4195 2330 4233 non
2369 4181 2541 4234 habeo
2582 4181 2723 4249 apud
2772 4189 2824 4233 te
2867 4181 3031 4234 verba
3080 4181 3198 4235 sine
3236 4181 3488 4234 crimine.
3544 4181 3628 4234 Tu
3673 4184 3813 4236 enim

2223 4250 2564 4303 conscientia:
2592 4265 2724 4303 meae
2750 4249 3003 4313 vulnera,
3052 4258 3107 4303 tu
3151 4250 3527 4317 cognitionum
3569 4266 3814 4305 mearum

2224 4319 2431 4390 occulta
2462 4320 2632 4390 nosti,
2646 4319 3090 4390 egimmunditias
3114 4334 3263 4372 meas
3286 4327 3342 4372 tu
3364 4320 3515 4374 solus
3536 4323 3811 4390 agnoscis.

2227 4387 2478 4459 Miserere
2506 4389 2657 4451 mihi,
2691 4387 2931 4459 Domine,
2974 4388 3190 4459 ignosce
3221 4389 3466 4459 mysterii
3493 4387 3818 4459 tui'secreta

561 4451 681 4528 aliis
704 4451 1070 4528 jejupant'ibus
1108 4474 1205 4514 nos
1235 4471 1471 4515 nostram
1497 4462 1673 4528 gulam
1712 4480 1817 4518 non
1850 4451 2119 4519 con'st'rin-
2151 4456 2203 4516 D
2229 4457 2502 4519 tractanti,
2553 4472 2651 4528 nec
2696 4457 2971 4527 indignum
2996 4451 3401 4528 misericordia:
3428 4467 3538 4512 tua:
3578 4458 3816 4527 judioes,

567 4521 768 4604 times.
819 4524 893 4604 De
923 4541 1110 4604 somno
1163 4537 1324 4604 atque
1366 4521 1570 4604 acedia,
1609 4534 1673 4604 de
1718 4536 1864 4587 onmi
1908 4543 2124 4604 torpore

560 4597 618 4673 et
640 4595 778 4673 otio_,.
804 4595 1007 4673 sivc__de
1035 4595 1149 4649 zelo
1179 4595 1391 4673 iniquo,
1423 4601 1497 4673 Ade
1525 4602 1771 4673 omnibus
1798 4604 1954 4656 simul
1978 4595 2124 4659 vitiis

559 4668 614 4743 et
642 4661 977 4743 negligentiis
1028 4667 1245 4732 nostris,
1274 4661 1391 4743 sive
1420 4670 1471 4723 in
1518 4670 1776 4738 cogitatu,
1806 4673 1919 4743 sive
1962 4674 2014 4727 in
2047 4674 2123 4727 lo-

561 4729 743 4811 quola“,
776 4729 890 4813 sive
930 4734 983 4787 in
1012 4750 1173 4805 opere
1198 4729 1359 4813 malo,
1386 4729 1703 4813 quocunvque
1733 4729 1889 4813 modo
1927 4758 2118 4811 pecca-

561 4809 765 4881 vimus,
808 4809 1060 4881 scienter,
1088 4816 1179 4881 aut
1210 4809 1534 4881 ignoranter,
1583 4810 1880 4864 voluntarie
1908 4809 1991 4865 vel
2033 4814 2120 4866 in-

561 4871 679 4949 y‘iti,
733 4871 1060 4949 dormienda
1103 4871 1555 4949 sive'vigilando,
1602 4890 1657 4933 tu
1702 4881 2118 4936 clementissime

561 4936 741 5023 Datcr,
778 4943 860 5023 .de
898 4945 1146 5023 omnibus
1188 4936 1423 5014 peccatis
1449 4958 1501 5002 et
1544 4936 1883 5023 negligentiis
1920 4953 2119 5007 nostris

561 5006 627 5061 de
647 5012 899 5090 omnique
921 5014 1128 5090 incuria
1153 5006 1353 5082 nostra,
1380 5035 1560 5090 veram
1587 5006 1646 5073 εἴ
1667 5006 1996 5075 fructuosam
2021 5038 2120 5076 nos

560 5082 929 5155 paenitentiam
995 5085 1170 5137 tribue
1223 5097 1347 5141 ante
1401 5089 1540 5142 diem
1594 5091 1771 5144 exitus
1824 5093 2014 5155 nostri,
2069 5101 2123 5145 et

560 5151 988 5229 enitendationem
1030 5156 1346 5223 condignam
1390 5166 1551 5226 atque
1585 5162 1939 5214 necessariam
1970 5151 2124 5217 bonis

560 5220 815 5286 operibus
858 5238 1133 5287 exercere,
1169 5220 1226 5277 ut
1262 5242 1356 5294 per
1398 5220 1588 5281 merita
1619 5239 1671 5283 et
1710 5231 2125 5285 intercessiones

562 5295 874 5367 sanctorum
914 5302 967 5346 et
1002 5295 1240 5347 omnium
1288 5297 1641 5364 perfectorum
1693 5309 1907 5354 tuorum
1943 5317 2121 5355 veram

560 5358 967 5441 indulgentiam.
988 5358 1299 5441 mercamur
1337 5375 1387 5418 te
1419 5368 1677 5441 largiente
1703 5370 1929 5441 Domino
1962 5383 2125 5441 atque

559 5428 851 5547 ‘a‘uxiliante
880 5431 971 5499 qui
999 5434 1135 5488 vivis
1161 5445 1215 5489 et
1244 5452 1435 5505 regnas
1481 5428 1534 5490 in
1558 5439 1750 5492 scecula
1782 5428 2120 5495 seculorum.

611 5511 748 5548 men.

662 5512 748 5551 en.

666 5585 933 5657 Confessio
971 5592 1104 5647 inter
1137 5597 1413 5651 missarum
1448 5599 1695 5654 solemnia
1732 5602 2015 5655 recitando.

632 5675 850 5747 Suscipe
900 5681 1289 5741 confessionem
1345 5704 1537 5755 meatu,
1570 5690 1723 5744 unica
1770 5707 1890 5759 spes
1942 5692 2129 5747 salutis

2231 4541 2390 4595 quem
2415 4526 2660 4596 proaliis
2687 4541 2879 4596 rogare
2904 4527 3191 4596 permittis,
3236 4536 3292 4596 et
3338 4528 3391 4581 in
3421 4543 3533 4596 quo
3564 4526 3813 4584 testimo-

2230 4596 2377 4649 nium
2409 4595 2533 4666 boni
2559 4597 2738 4666 operis
2762 4595 2870 4649 non
2899 4595 3178 4666 agnoscis,
3208 4595 3454 4666 ofilcium’
3479 4598 3677 4652 saltem
3706 4599 3814 4653 dis-

2228 4665 2556 4735 pensationis
2596 4664 2816 4735 credite
2863 4664 2970 4719 non
3012 4681 3248 4729 recuses,
3297 4665 3555 4719 Salvator
3593 4669 3815 4730 mundi.

2226 4734 2317 4803 qui
2349 4750 2467 4808 eum
2499 4735 2659 4808 Patre
2700 4742 2755 4788 et
2796 4734 3002 4808 Spiritu
3032 4744 3221 4808 sancto
3250 4736 3387 4790 vivis
3412 4745 3468 4790 et
3498 4752 3701 4808 regnas
3722 4752 3821 4806 per

2225 4804 2405 4858 omnia
2432 4805 2626 4859 sarcula
2652 4804 2992 4859 seculorum.
3023 4804 3215 4861 Amen.

2530 4913 2608 4966 Ad
2637 4913 2900 4967 orationes
2930 4913 3178 4984 speciales
3212 4913 3504 4983 faciendas.

2297 4999 2570 5064 Miserere,
2603 5001 2854 5066 Domine;
2881 5002 3177 5066 miserere,
3206 5001 3452 5065 Christe;
3498 5013 3557 5057 tu
3600 5006 3823 5059 miseri—

2225 5070 2407 5124 cordia
2437 5084 2580 5131 mea,
2613 5065 3052 5125 miserere'mihi.
3108 5071 3383 5135 Miserere,
3417 5074 3689 5137 Domine;
3722 5077 3823 5130 mi—

2226 5154 2430 5203 serere,
2458 5139 2690 5201 Christe,
2724 5148 2778 5193 et
2803 5140 3018 5195 credam
3048 5140 3101 5194 in
3132 5148 3203 5194 te.
3244 5141 3524 5205 Miserere,
3552 5145 3818 5207 Domine;

2228 5208 2517 5279 miserere,
2544 5208 2879 5279 Christe,ut
2909 5225 3234 5279 cognoscam
3268 5220 3337 5264 te.
3392 5212 3684 5277 Miserere,
3716 5216 3820 5268 Do-

2231 5277 2409 5350 mine;
2465 5279 2754 5350 miserere,
2782 5277 3001 5350 Christe
3011 5320 3025 5343 ,
3064 5288 3125 5333 ut
3153 5279 3372 5350 diligam
3403 5291 3474 5335 te.
3534 5282 3819 5347 Miserere,

2232 5347 2481 5411 Domine;
2514 5349 2793 5412 miserere,
2815 5348 3047 5411 Christe,
3073 5358 3129 5403 ut
3148 5347 3327 5403 anima
3349 5367 3468 5405 mea
3495 5352 3647 5406 vivat
3671 5354 3724 5406 in
3744 5362 3821 5407 te.

2232 5415 2505 5479 Miserere,
2537 5419 2790 5483 Domine;
2842 5419 3122 5482 miserere,
3152 5418 3387 5483 Christe,
3428 5432 3488 5474 ut
3524 5436 3659 5475 caro
3697 5437 3819 5477 mea

2230 5486 2460 5541 exsultet
2487 5472 2539 5540 in
2564 5496 2632 5541 te.
2672 5472 3229 5553 ll‘liscrere,Domine;
3263 5472 3821 5554 tniserere,Chri_st_e:

2232 5566 2299 5627 ut
2327 5556 2434 5609 vita
2483 5573 2600 5627 mea
2640 5558 2953 5627 perficiatur
2999 5559 3052 5611 in
3100 5566 3171 5613 te.
3230 5558 3508 5623 Miserere,
3546 5561 3821 5622 Domine;

2234 5626 2507 5685 miserere,
2560 5626 2791 5692 Christe,
2843 5628 3109 5691 Salvator,
3161 5629 3304 5682 salus
3350 5645 3495 5691 mea,
3549 5630 3820 5685 fortitudo

2234 5711 2371 5750 mea.
2415 5696 2687 5763 Miserere,
2721 5698 2952 5770 Spiritus
2978 5699 3303 5767 paracletus,
3333 5699 3642 5755 consolatio
3674 5716 3822 5767 mea,
