4058 6344
298 279 438 337 “09

1276 273 1615 329 APPENDIX
1651 273 1738 328 IV.
1780 303 1848 314 --
1882 273 2214 329 LIBELLUS
2249 272 2543 332 PRECUM.

3389 281 3526 339 mo

292 389 618 463 illuminatio
644 403 782 463 mea.
824 387 1097 463 Miserere,
1123 386 1347 441 Domine
1367 386 1530 463 Deus,
1554 383 1791 437 Trinitas
1815 390 1869 437 et
1897 388 1944 444 Λ
1972 386 2228 463 Τιςίιιίιειεῖ.2
2283 386 2397 441 Una
2436 388 2601 463 igitur
2624 386 2812 463 Pater,
2835 388 3023 463 ldyoc,_
3042 388 3375 463 Paracletus,
3412 407 3531 461 quas

300 462 511 518 Unitas.
547 460 622 512 Te
650 458 828 523 laudo,
860 466 911 511 te
939 458 1126 520 adoro,
1168 465 1221 509 te
1255 455 1536 514 confiteor,
1576 469 1680 523 pax
1712 467 1859 514 mea,

299 543 588 613 spes'mea,
611 526 1385 613 lanx.mea,.pulch.ritudolmea,
1409 524 1685 613 beatitudo
1709 537 1858 575 mea:

301 595 402 657 tibi
434 598 580 660 laus,
630 599 726 651 tibi
753 597 947 719 gloria,
996 596 1091 650 tibi
1135 595 1424 665 gratiarum
1456 595 1615 652 actio,
1650 605 1864 659 semper

301 670 500 719 ubiaue
538 669 592 719 in
630 682 768 719 srecu
793 683 824 719 a
861 666 1203 719 sempiterna.
1260 663 1514 717 Miserere
1537 703 1551 719 .
1600 662 1862 719 Domine;

300 670 500 739 ubique
538 669 592 722 in
630 662 824 739 gracula
861 662 1203 739 sempiterna.
1260 663 1514 739 Miserere
1537 703 1551 726 ,
1600 662 1862 739 Domine;

302 733 583 799 miserere,
621 736 852 797 Christe,
902 733 1367 790 tu'misericordia
1408 748 1562 786 mea:
1608 733 1865 784 miserere

302 808 468 872 mihi;
501 808 776 870 miserere,
796 806 1045 869 Domine;
1073 804 1349 865 miserere,
1377 802 1613 872 Christe,
1645 808 1704 872 ut
1732 800 1867 852 bene

304 869 489 949 rogem
518 885 589 931 te.
642 876 909 949 Miserere,
940 874 1201 949 Domine;
1239 873 1514 949 miserere,
1545 869 1780 949 Christe,
1810 875 1870 920 ut

304 938 525 1018 dignum
548 962 633 1018 me
653 944 820 1003 facias
838 944 1102 1018 exaudiri.
1136 942 1410 1018 Miserere,
1430 940 1680 1018 Domine;
1708 938 1867 1017 mise-

306 1006 449 1081 rere,
484 1016 723 1077 Christe,
766 1024 826 1069 ut
853 1011 1109 1067 exaudias
1136 1026 1243 1065 me.
1296 1010 1570 1081 Miserere,
1602 1006 1862 1081 Domine;

306 1076 581 1149 miserere,
619 1076 851 1146 Christe,
880 1092 939 1136 ut
967 1089 1208 1135 sanctam
1236 1079 1573 1149 voluntatem
1592 1088 1740 1149 tuam
1766 1076 1865 1129 do-

304 1171 430 1211 ceas
459 1144 579 1208 mea
615 1144 891 1216 Miserere,
933 1151 1186 1215 Domine;
1230 1150 1508 1209 miserere,
1535 1144 1768 1216 Christe,
1811 1151 1870 1196 ut

306 1225 360 1280 in
391 1225 657 1279 charitate
698 1231 786 1276 tua
824 1214 1064 1276 enutrias
1101 1234 1205 1273 me.
1260 1217 1513 1271 Miserere
1539 1255 1553 1279 ,
1602 1214 1863 1276 Domine;

305 1295 581 1357 miserere,
598 1293 832 1354 Christe,
849 1299 909 1344 ut
924 1289 1132 1358 Spiritu
1152 1295 1338 1358 sancito
1360 1295 1451 1358 tuo
1474 1283 1739 1338 illumines
1760 1296 1865 1358 me.

307 1351 582 1424 Miserere,
630 1351 880 1423 Domine;
935 1351 1212 1421 miserere,
1261 1355 1495 1419 Christe,
1538 1362 1605 1424 ut
1638 1351 1868 1424 credam

307 1432 361 1486 in
412 1442 482 1486 te.
543 1422 825 1492 Miserere,
870 1422 1129 1491 Domine;
1187 1426 1476 1486 miserere,
1522 1422 1766 1492 Christe,
1813 1427 1871 1472 ut

306 1516 625 1573 cognoscam
651 1509 723 1553 te.
744 1489 1028 1573 Miserere,
1044 1489 1302 1573 Domine;
1334 1494 1612 1573 miserere,
1635 1489 1869 1573 Christe,

305 1558 603 1639 utvdiligam
632 1578 705 1624 te.
744 1558 1023 1639 Miserere,
1044 1566 1300 1639 Domine;
1334 1563 1612 1639 miserere,
1634 1558 1866 1639 Christe,

306 1647 367 1693 ut
392 1628 602 1708 sperem
629 1639 682 1691 in
708 1645 780 1692 te.
825 1636 1095 1697 Miserere,
1124 1634 1375 1708 Domine;
1414 1631 1689 1708 miserere,
1716 1628 1873 1708 Chri-

306 1700 507 1772 ste,'ut
535 1724 565 1762 a
592 1718 764 1761 morte
790 1712 1047 1778 perpetua
1072 1705 1270 1778 eripias
1297 1715 1399 1755 me.
1452 1700 1727 1778 Miserere,
1761 1700 1867 1778 Do-
1903 1718 1947 1778 Β

1668 1768 1871 1821 eccatis

306 1770 485 1843 mine;
537 1770 816 1840 miserere,
847 1770 1080 1847 Christe,
1127 1770 1299 1847 utude
1341 1770 1652 1847 omnibus}

1644 1851 1842 1891 iserere
1855 1877 1870 1900 ,

308 1848 443 1901 meis
473 1840 670 1900 veram
717 1844 1089 1913 pamitentiam
1132 1840 1534 1913 tribuas_mihi.

309 1917 564 1981 Domine;
598 1908 873 1979 miserere,
896 1913 1126 1975 Christe,
1153 1920 1211 1981 ut
1234 1910 1616 1981 remissionem
1635 1908 1873 1981 omnium

305 1976 663 2057 peccatorum
701 1976 1125 2057 tribuas_mihi._
1157 1980 1432 2057 Miserere,
1467 1977 1722 2057 Domine;
1767 1976 1871 2029 mi-

307 2046 511 2120 serere,
542 2054 773 2118 Christe,
803 2063 864 2107 ut
889 2054 956 2107 ab
983 2050 1129 2105 omni
1160 2049 1504 2120 tribulatione
1534 2046 1735 2120 eripias
1765 2060 1869 2120 me:

307 2114 582 2188 Miserere,
617 2114 867 2187 Domine;
926 2122 1205 2183 miserere,
1245 2118 1475 2179 Christe,
1521 2114 1688 2188 ut_a_b
1725 2114 1873 2169 omni

306 2185 644 2271 immunditia
672 2185 862 2271 cordis
879 2200 933 2246 et
948 2190 1202 2271 corporis
1228 2188 1423 2271 liberes
1451 2201 1554 2271 me.
1595 2185 1871 2271 Miserere,

306 2263 560 2328 Domine;
616 2264 894 2325 miserere,
943 2254 1187 2322 Christe,
1238 2267 1299 2311 ut
1345 2257 1588 2328 fomitem
1636 2254 1874 2328 iibidinis

305 2325 617 2403 exstinguas
664 2333 716 2403 in
756 2326 1527 2403 ime_.ﬂ_Miserere,-__Domine;
1576 2325 1871 2403 miserere,

306 2393 541 2465 Christe,
572 2410 632 2455 ut
656 2402 723 2454 ab
752 2400 960 2455 insidiis
987 2397 1185 2452 diaboli
1216 2397 1411 2450 liberes
1442 2410 1546 2449 me.
1591 2393 1870 2465 Miserere,

308 2461 559 2535 Domine;
618 2471 899 2533 miserere,
944 2467 1178 2530 Christe,
1224 2474 1286 2519 ut
1315 2466 1382 2519 ab
1418 2463 1693 2535 immunda
1722 2461 1871 2531 cegi-

309 2540 509 2595 Latione
550 2534 746 2594 liberes
789 2554 894 2592 me.
949 2537 1237 2600 Miserere,
1281 2536 1543 2596 Domine;
1593 2534 1871 2597 miserere,

304 2608 538 2673 Christe,
567 2617 627 2663 ut
653 2610 719 2662 ab
745 2608 889 2662 omni
919 2606 1060 2661 malo
1084 2606 1279 2660 liberes
1305 2619 1408 2658 me.
1462 2603 1733 2673 Miserere,
1765 2602 1872 2654 Do-

309 2679 482 2744 mine;
528 2672 806 2741 miserere,
836 2676 1066 2737 Christe,
1095 2686 1156 2729 ut
1181 2675 1361 2727 anima
1392 2687 1509 2727 mea
1537 2672 1684 2725 vivat
1716 2672 1769 2724 in
1797 2678 1870 2725 te.

306 2745 583 2811 Miserere,
616 2748 867 2809 Domine;
920 2746 1200 2807 miserere,
1228 2744 1463 2806 Christe,
1511 2750 1571 2794 ut
1595 2755 1725 2811 caro
1755 2754 1872 2811 mea

306 2817 538 2871 exsultet
567 2809 619 2870 in
646 2826 717 2870 te.
748 2816 1021 2878 Miserere,
1046 2815 1301 2875 Domine;
1335 2813 1613 2873 miserere,
1636 2809 1871 2873 Christe,

307 2895 368 2939 ut
404 2887 514 2940 vita
556 2902 675 2939 mea
715 2885 1024 2943 perﬁciatur
1065 2884 1119 2937 in
1157 2892 1229 2937 te.
1284 2882 1568 2943 Miserere,
1612 2880 1870 2943 Domine,

306 2955 465 3026 Deus,
487 2956 667 3026 Pater,
690 2948 856 3026 gloria
883 2969 1024 3018 mea,
1049 2954 1227 3026 anima
1250 2966 1389 3026 mea.
1423 2950 1692 3026 Miserere,
1718 2948 1874 3002 Chri—

306 3034 407 3090 ste,
440 3017 719 3091 Salvator:
740 3024 883 3079 salus
910 3038 1059 3086 mea,
1101 3021 1360 3076 fortitudo
1400 3035 1553 3091 mea.
1593 3017 1867 3091 Miserere,

308 3096 543 3218 ﬁnimus
563 3089 887 3176 paraeletus,
916 3092 1207 3148 consolatio
1226 3107 1366 3173 inea,
1391 3089 1709 3170 illuminatio
1730 3103 1869 3143 mea.

364 3181 583 3218 iserere.
632 3167 887 3218 Domine.
940 3165 1109 3218 Deus.
1150 3163 1386 3216 Trinitas
1433 3169 1489 3214 et
1538 3159 1747 3214 Umtas.
1804 3158 1869 3212 Te

364 3158 583 3229 iserere,
632 3158 887 3228 Domine,
940 3165 1109 3227 Deus,
1150 3162 1386 3216 Trinitas
1433 3169 1489 3214 et
1538 3159 1747 3214 Unitas.
1804 3158 1879 3212 Te

309 3232 489 3300 laudo,
538 3244 590 3289 te
616 3235 806 3300 adoro,
852 3244 905 3289 te
932 3233 1213 3296 conﬁteor,
1260 3247 1366 3300 pax
1395 3244 1532 3300 mea,
1564 3244 1704 3300 Aspes
1731 3242 1874 3293 mea,

306 3303 424 3357 laus
452 3298 589 3370 mea,
616 3304 706 3359 lux
734 3298 872 3367 mea,
899 3302 1240 3372 pulchritudo
1261 3298 1408 3372 inea,
1433 3298 1709 3372 beatitudo
1735 3312 1876 3351 mea.

309 3372 428 3428 Tibi
456 3368 594 3437 laus,
625 3374 720 3426 tibi
765 3368 957 3442 gloria,
1004 3372 1118 3442 tibi
1146 3370 1442 3440 gratiarum
1470 3368 1628 3429 actio,
1662 3380 1876 3435 semper

308 3442 507 3512 ubique
532 3443 586 3497 in
612 3440 936 3511 sempiterna
963 3440 1157 3495 saecula

684 3550 763 3604 Ad
793 3550 1001 3604 laudem
1028 3549 1125 3603 Dei
1153 3550 1319 3603 oratio
1347 3564 1503 3618 pura.

382 3644 610 3708 Adesto,
659 3644 836 3698 lumen
866 3657 1085 3705 verum,
1126 3642 1305 3704 Pater,
1346 3641 1687 3711 omnipotens
1716 3642 1874 3695 Deus.

308 3715 532 3779 Adesto,
581 3715 758 3769 lumen
805 3714 871 3768 de
922 3712 1143 3775 lumine,
1190 3711 1425 3765 Verbum
1469 3720 1524 3764 et
1566 3710 1733 3765 Filius
1762 3712 1874 3772 Dei,

310 3786 452 3839 Deus
477 3785 835 3853 omnipotens.
876 3782 1094 3844 Adesto,
1127 3789 1309 3835 sancte
1340 3779 1592 3853 Spiritus,
1624 3780 1799 3853 ljatris
1823 3788 1877 3853 et

310 3854 430 3907 Filii
459 3850 744 3909 concordia
762 3893 777 3915 ,
808 3854 948 3907 Deus
972 3852 1329 3921 omnipotens.
1377 3850 1601 3921 Adesto,
1630 3851 1773 3904 Deus
1799 3850 1878 3902 vi-

311 3940 429 3985 vus,
452 3926 809 3993 omnipotens,
834 3923 991 3976 Pater
1018 3930 1074 3976 et
1097 3919 1345 3993 Filiusiet
1375 3919 1608 3993 Spiritus
1634 3928 1873 3993 sanctus.

310 3994 453 4048 Doce
482 3988 661 4061 ﬁdem,
700 3993 875 4048 excita
901 4007 1071 4061 spem,
1103 3989 1323 4045 infunde
1348 3990 1692 4061 eharitatem.
1728 3988 1875 4061 velle

313 4063 444 4117 mihi
474 4058 714 4130 adiacet,
743 4063 835 4117 sed
861 4058 962 4115 hoc
988 4076 1092 4115 non
1120 4076 1150 4113 a
1180 4075 1291 4123 me,
1322 4059 1418 4114 sed
1448 4074 1479 4112 a
1511 4068 1584 4130 te,
1612 4060 1875 4130 mundum

310 4140 366 4187 et
396 4128 569 4186 terras
595 4132 854 4201 linquere,
904 4138 958 4185 et
1004 4130 1199 4201 coelum
1242 4138 1445 4201 petere,
1474 4129 1569 4201 sed
1605 4128 1873 4201 imbecilla

311 4201 490 4271 pluma
521 4209 604 4257 est
630 4198 767 4257 velle
812 4201 927 4255 sine
958 4199 1197 4271 subsidio
1229 4208 1338 4271 tuo.
1390 4198 1464 4271 Da
1495 4198 1618 4252 fidei
1645 4213 1871 4267 pennas,

312 4268 373 4323 ut
402 4271 572 4325 volém
600 4285 812 4325 sursum
841 4271 908 4325 ad
936 4278 1006 4323 te.
1068 4269 1218 4322 Nunc
1253 4269 1407 4322 tidem
1447 4268 1501 4320 in
1543 4276 1617 4330 te,
1658 4283 1756 4335 per
1798 4276 1869 4332 te,

310 4339 375 4395 de
405 4349 476 4395 te.
521 4339 791 4394 Confiteor
818 4347 869 4393 te
896 4354 1060 4393 unum
1098 4337 1154 4391 in
1190 4338 1521 4401 substantia,
1555 4337 1870 4391 Trinitatem

1967 455 2265 511 substantia
2293 466 2395 517 est,
2429 455 2641 510 o'beata
2667 455 2923 514 Trinitas.
2982 458 3096 514 Una
3133 462 3389 525 essentia,
3421 455 3529 517 una

1963 527 2156 588 virtus,
2188 541 2294 579 una
2321 527 2555 589 bonitas,
2601 542 2634 579 ο
2674 527 2831 581 beata
2871 528 3124 582 Trinitas.
3178 530 3318 583 Dens
3358 531 3532 584 beati-

1965 596 2115 657 tudo,
2151 596 2350 667 iniquo,
2381 604 2437 648 et
2464 612 2491 648 a
2516 611 2642 665 quo,
2672 606 2727 667 et
2750 610 2846 666 per
2871 610 3029 667 quem
3057 598 3211 651 beata
3237 607 3363 652 sunt
3388 614 3537 667 quae-

1965 678 2176 731 cunque
2211 666 2365 718 beata
2396 674 2522 719 sunt
2558 666 2739 720 omnia
2764 708 2776 728 ,
2827 682 2860 721 o
2894 666 3054 721 beata
3084 667 3339 722 Trinitas.
3392 666 3537 724 Deus

1967 748 2093 814 vera
2121 742 2176 814 et
2202 748 2410 786 summa
2437 736 2568 798 vita,
2601 736 2653 788 in
2684 751 2810 805 quo,
2842 744 2897 790 et
2939 752 2969 791 a
2995 746 3121 814 duo,
3153 745 3208 790 et
3238 736 3333 806 per
3373 752 3533 814 quem

1966 807 2504 875 vivunt_qn:ecunque
2538 819 2663 858 vere
2689 820 3003 875 summeque
3033 807 3216 859 vivunt
3244 808 3454 871 omnia,
3499 822 3534 861 ο

1966 873 2123 926 beata
2146 870 2401 925 Trinitas.
2418 870 2572 944 Deus
2598 875 2794 928 bonum
2824 885 2877 929 et
2903 870 3203 943 pulchrum,
3242 877 3295 929 in
3325 870 3456 944 quo,
3480 884 3536 932 et

1967 957 1999 1015 ξι
2028 956 2152 1009 quo,
2174 948 2230 993 et
2253 955 2354 1015 per
2368 955 2524 1008 quem
2554 943 2691 996 bona
2718 952 2773 1015 et
2796 945 3019 1015 pulchra
3049 953 3172 1015 sunt
3199 943 3536 1015 quaecunque

1966 1011 2106 1064 bona
2134 1018 2188 1062 et
2214 1009 2437 1077 pulchra
2469 1019 2593 1063 sunt
2620 1009 2822 1078 omnia,
2851 1030 2883 1066 ο
2909 1014 3062 1067 beata
3092 1009 3350 1069 Trinitas.
3393 1009 3537 1070 Deus

1968 1081 2052 1154 cui
2083 1079 2339 1154 nos_li_des
2365 1079 2595 1154 excitat,
2625 1096 2745 1154 spes
2773 1083 2963 1153 erigit,
2999 1084 3240 1154 charitas
3262 1083 3464 1154 jungit,
3504 1098 3538 1140 o

1967 1148 2126 1230 beata
2156 1148 2412 1230 Triniias.
2434 1149 2609 1230 JDeus
2642 1148 2742 1230 qui
2777 1148 2959 1230 petere
2993 1152 3179 1230 iubes,
3209 1148 3537 1230 et'inienire

1971 1218 2123 1281 facis,
2154 1227 2208 1270 ct
2236 1217 2571 1286 pulsantibus
2596 1217 2807 1287 aperis,
2848 1236 2880 1275 ο
2908 1217 3063 1275 beata
3090 1221 3347 1277 Trinitas.
3382 1217 3538 1277 ‘Deus

1970 1302 2128 1361 supra
2159 1302 2317 1361 qu_en_i
2349 1286 2507 1361 nihil,
2525 1286 2691 1361 extra
2723 1304 2881 1357 quem
2907 1291 3069 1353 nihil,
3104 1292 3220 1345 sine
3245 1306 3350 1361 quo
3380 1292 3534 1355 nihil,

1969 1371 2003 1410 ο
2033 1359 2184 1409 beata
2215 1355 2470 1409 Trinitas.
2524 1358 2599 1411 Te
2647 1355 2981 1423 invocamus,
3031 1369 3083 1413 te
3129 1355 3436 1425 adoramus,
3485 1368 3538 1415 te

1970 1425 2267 1487 laudamus,
2298 1440 2332 1479 ο
2359 1426 2513 1479 beata
2542 1426 2797 1481 Trinitas.
2831 1428 3056 1491 Exaudi,
3081 1430 3297 1493 exaudi,
3320 1430 3537 1494 exaudi,

1970 1511 2003 1548 ο
2032 1495 2191 1549 beata
2220 1495 2495 1564 Trinitas:
2532 1494 2667 1564 Spes
2695 1506 2875 1551 nostra
2894 1539 2908 1563 ,
2940 1497 3084 1551 salus
3114 1507 3302 1552 nostra
3321 1539 3335 1563 ,
3365 1500 3537 1552 honor

1972 1574 2173 1627 noster,
2206 1579 2239 1617 ο
2267 1564 2422 1637 beata
2456 1563 2707 1637 Trinitas.
2745 1567 2892 1637 Auge
2921 1569 2973 1621 in
3002 1569 3157 1622 nobis
3188 1567 3368 1637 fidem,
3397 1582 3535 1637 auge

1972 1649 2142 1704 spem,
2165 1649 2308 1704 auger
2323 1634 2663 1698 charitatem,
2685 1650 2718 1689 o
2736 1634 2891 1690 beata
2916 1637 3168 1691 Trinitas.
3198 1636 3391 1690 Libera
3415 1634 3534 1700 nos,

1974 1703 2117 1758 salva
2149 1719 2267 1766 nos,
2293 1703 2528 1771 justitica
2557 1718 2673 1767 nos,
2705 1720 2737 1757 ο
2766 1705 2918 1758 beata
2948 1706 3205 1760 Trinitas.
3260 1705 3539 1771 Miserere,

1974 1774 2218 1837 Domine,
2239 1774 2365 1842 quia
2392 1773 2758 1827 misericordia
2789 1782 2878 1827 tua
2909 1773 3155 1828 liberavit
3182 1789 3301 1839 nos,
3323 1791 3356 1829 o
3380 1775 3539 1829 beata

1973 1843 2228 1897 Trinitas.
2291 1842 2565 1905 Miserere,
2598 1843 2843 1912 Domine,
2875 1845 3000 1912 quia
3047 1845 3411 1898 misericordia
3450 1851 3542 1899 tua

1972 1912 2244 1967 credimus
2268 1912 2323 1965 in
2351 1920 2422 1976 te,
2453 1927 2486 1964 ο
2512 1913 2667 1965 beata
2698 1911 2954 1967 Trinitas.
2992 1912 3266 1976 Miserere,
3293 1914 3540 1979 Domine,

1972 1983 2098 2051 quia
2128 1982 2502 2037 misericordia
2550 1989 2639 2035 tua
2682 1982 3029 2051 cognovimus
3073 1991 3146 2046 te,
3176 1997 3209 2036 ο
3237 1985 3389 2036 beata
3420 1982 3542 2036 Tri-

1973 2053 2132 2106 nitas.
2165 2052 2441 2115 Miserere,
2474 2051 2717 2121 Domine,
2746 2053 2873 2119 quia
2903 2053 3274 2107 misericordia
3303 2060 3392 2104 tua
3423 2066 3544 2121 spe-

1973 2137 2155 2176 ramus
2200 2122 2253 2174 in
2296 2130 2367 2185 te,
2412 2135 2445 2174 o
2489 2120 2645 2174 beata
2675 2121 2930 2175 Trinitas.
2980 2122 3257 2184 Miserere,
3287 2120 3540 2187 Domine,

2010 2193 2095 2245 uia
2121 2190 2489 2245 misericordia
2516 2198 2608 2243 tua
2637 2206 2881 2244 amamus
2911 2200 2993 2252 te,
3030 2207 3064 2246 o
3094 2193 3250 2245 beata
3278 2190 3537 2246 Trinitas.

2018 2275 2047 2314 e
2093 2262 2381 2315 adoramus
2425 2260 2604 2314 cuncti
2657 2275 2820 2313 unum
2855 2262 3159 2324 Dominum,
3204 2261 3443 2324 Patrem,
3486 2267 3543 2314 et

1972 2330 2187 2393 Filium,
2217 2338 2570 2397 sanctumque
2602 2329 2880 2397 Spiritum,
2924 2345 2957 2383 o
2982 2332 3136 2383 beata
3166 2329 3423 2382 Trinitas.
3465 2329 3543 2383 Da

1970 2400 2209 2470 peccatis
2230 2400 2462 2470 veniam,
2483 2406 2679 2470 μαθέ-»ιδ
2700 2407 2966 2470 aeternam
2978 2400 3163 2463 vitam,
3191 2400 3330 2470 dona
3354 2412 3543 2470 pacem

1972 2467 2027 2524 et
2054 2470 2303 2539 gloriam,
2331 2485 2364 2539 o
2393 2468 2547 2539 beata
2575 2467 2858 2539 TrinitasL
2881 2467 2924 2539 Ο
2953 2468 3130 2532 beata,
3152 2467 3542 2539 etihenedicta,

1971 2548 2027 2594 et
2056 2536 2285 2608 gloriosa
2313 2537 2572 2608 Trinitas,
2603 2536 2782 2608 Pater,
2820 2536 3007 2601 Filius,
3051 2546 3107 2592 et
3145 2536 3379 2608 Spiritus
3417 2551 3544 2608 san-

1972 2605 2092 2663 ctus
2115 2610 2129 2662 !
2167 2607 2210 2662 Ο
2231 2609 2386 2661 beata
2408 2607 2644 2660 Trinitas
2667 2608 2680 2660 !
2712 2605 2755 2660 Ο
2782 2608 2960 2670 beata,
2986 2605 3286 2670 benedicta,
3311 2606 3543 2670 gloriosa

1975 2678 2196 2738 Unitas,
2249 2676 2431 2747 Pater,
2480 2676 2680 2736 Filius.
2733 2675 2967 2747 Spiritus
3013 2675 3543 2747 sanctnleheata

1974 2748 2247 2801 Trinitas!
2280 2746 2324 2801 Ο
2352 2761 2497 2808 vera,
2529 2743 3120 2814 summa,’sempiterna
3147 2744 3407 2807 Trinitas,
3437 2743 3539 2798 Pa-

1973 2826 2073 2878 ter,
2105 2824 2160 2869 et
2184 2815 2377 2887 Filius,
2406 2824 2465 2887 et
2489 2815 2722 2887 Spiritus
2751 2826 2969 2887 sanctus
2993 2815 3271 2887 !A0_v_era,
3301 2828 3543 2887 summa,

1973 2888 2301 2955 sempiterna
2338 2884 2525 2940 Unitas
2553 2884 2733 2948 Pater,
2780 2885 2967 2948 Filius,
3014 2884 3248 2954 Spiritus
3276 2884 3537 2955 sanctus!

1976 2951 2230 3010 Miserere
2266 2955 2418 3008 nobis
2438 2994 2452 3019 ,
2498 2955 2757 3009 miserere
2784 2955 2938 3009 nobis
2962 2972 2977 3018 ;
3030 2951 3285 3007 miserere
3311 2951 3488 3016 nobis,
3511 2966 3546 3006 o

1974 3025 2133 3079 beata
2165 3024 2419 3078 Trinitas.
2463 3025 2583 3078 Tibi
2610 3024 2747 3088 laus,
2779 3025 2873 3077 tibi
2905 3025 3095 3094 gloria
3126 3023 3221 3076 tibi
3250 3022 3545 3094 gratiarum

1982 3096 2123 3151 actio
2146 3095 2200 3149 in
2227 3094 2419 3149 saecula
2444 3094 2793 3163 sempiterna,
2816 3109 2848 3147 ο
2866 3091 3023 3147 beata
3045 3094 3299 3146 Trinitas.
3323 3091 3548 3156 Quando

1982 3166 2293 3235 cogitatione
2330 3181 2475 3235 vana:
2511 3163 2692 3235 gloria:
2730 3164 2805 3217 vel
2835 3163 3093 3235 superbiae
3130 3171 3178 3214 te
3195 3163 3548 3235 jngpugnant,

1980 3231 2305 3304 perscrutare
2334 3242 2383 3287 te
2402 3231 2599 3304 ipsum,
2632 3233 2677 3286 si
2706 3233 2877 3304 omnia
2904 3231 3157 3304 mandata
3184 3231 3279 3304 Dei
3307 3231 3544 3304 seruasti,

1979 3299 2024 3357 si
2061 3305 2298 3357 inimicos
2333 3299 2565 3373 diligas,
2596 3304 2641 3355 si
2672 3302 2866 3371 gaudes
2902 3303 2959 3373 in
2997 3299 3164 3373 gloria
3203 3299 3413 3373 inimici
3434 3299 3510 3373 tui
3532 3339 3549 3362 ,

1980 3375 2026 3427 si
2064 3374 2389 3452 contristaris
2433 3368 2492 3452 in
2534 3368 2820 3452 dejectione
2864 3368 3007 3452 ejus,
3043 3370 3357 3452 si_apud_ic
3393 3368 3551 3452 Italic:

1979 3444 2225 3511 quoniam
2260 3458 2437 3494 servus
2474 3436 2707 3505 inutilis,
2747 3436 3071 3511 etiamnibus
3100 3436 3395 3511 Itoininibus
3430 3436 3548 3504 plus

1979 3507 2220 3580 peccator
2233 3527 2251 3573 ;
2288 3520 2335 3562 et
2370 3512 2555 3580 iterum
2585 3525 2649 3562 ea:
2676 3508 2842 3580 cubile
2879 3518 2967 3580 tuo
3005 3507 3392 3580 propriamque
3421 3521 3547 3580 con-1

1979 3574 2193 3647 surgens
2218 3587 2496 3647 antequam
2519 3578 2574 3630 in
2595 3594 2723 3647 Opus
2746 3576 2955 3646 aliquod
2980 3574 3381 3647 o'ccu'paris,_dic
3405 3574 3550 3641 quod

1979 3643 2166 3701 omnes
2194 3643 2439 3701 homines
2466 3643 2841 3715 ingrediuntur
2869 3648 2921 3699 in
2951 3659 3173 3715 regnum
3205 3643 3297 3697 Dei
3328 3651 3550 3711 propter

1972 3718 2213 3786 justitias
2245 3732 2394 3780 suas,
2421 3732 2520 3785 ego
2550 3725 2729 3770 autem
2760 3716 2906 3769 solus
2934 3722 3153 3784 propter
3178 3721 3398 3786 peccata
3425 3726 3546 3786 mea

1980 3781 2144 3839 timeo
2167 3802 2250 3839 me
2271 3781 2800 3853 pmnas'haereditare
2820 3781 3128 3853 perpetuas,
3148 3782 3252 3853 nisi
3276 3781 3552 3853 miseratio

1979 3865 2068 3909 tua
2091 3849 2400 3912 subvenerit
2420 3856 2569 3909 mihi.
2601 3849 2844 3917 Peccavi,
2869 3849 3113 3916 Domine,
3138 3852 3397 3906 miserere
3418 3849 3548 3917 mei,

1976 3934 2033 3979 et
2056 3940 2122 3979 ne
2145 3926 2424 3994 permittas
2446 3941 2531 3978 me
2554 3926 2729 3993 perire
2751 3924 3013 3994 facturam
3040 3932 3208 3986 tuam,
3225 3920 3316 3975 sed
3340 3920 3549 3988 respice

1976 3996 2030 4051 in
2058 3992 2164 4058 me,
2191 4003 2351 4063 atque
2378 4010 2407 4047 a
2436 3992 2673 4063 peccatis
2701 3994 2838 4047 meis
2867 3992 3058 4047 faciem
3088 3998 3468 4063 tuam_av_erte,
3492 3998 3550 4044 et

1974 4081 2161 4120 omnes
2189 4059 2501 4134 iniquitates
2532 4079 2681 4117 meas
2711 4063 2846 4127 dele,
2878 4071 2931 4117 et
2959 4069 3180 4134 propter
3203 4059 3428 4130 gloriam
3458 4073 3551 4113 no-

1974 4136 2138 4189 minis
2165 4136 2260 4199 tui,
2287 4131 2536 4197 Domine,
2565 4134 2733 4188 libera
2760 4149 2874 4196 nos,
2906 4141 2959 4186 et
2988 4131 3253 4201 propitius
3279 4137 3398 4183 esto
3423 4143 3549 4184 neco

1974 4205 2111 4259 catis
2138 4206 2338 4260 nostris
2364 4213 2584 4275 propter
2609 4218 2806 4257 nomen
2833 4211 3002 4255 tuum.

1974 4314 2051 4368 De
2071 4324 2183 4367 octo
2208 4314 2342 4367 vitiis
2361 4313 2754 4384 principalibus,
2775 4328 2997 4383 quorum
3021 4310 3230 4363 nomina
3251 4309 3362 4362 lucc
3385 4320 3503 4364 sunt
3524 4324 3545 4362 :

311 4407 366 4479 ign
392 4411 689 4479 personis:
713 4407 1084 4479 Confiteonret
1129 4416 1239 4461 tres
1269 4422 1435 4479 unum
1464 4398 1520 4460 et
1548 4422 1709 4460 unum
1741 4417 1868 4461 tres.
1904 4407 1952 4467 ο
2033 4406 2326 4479 Superbia,
2366 4405 2507 4479 gula,
2548 4404 2854 4479 fornicatio,
2893 4400 3149 4479 avaritia,
3191 4399 3304 4479 ira,
3342 4398 3549 4479 aced_ia,

308 4475 612 4543 Conﬁteor,
660 4477 821 4531 Pater
864 4485 919 4531 et
962 4477 1150 4541 Filius,
1179 4484 1235 4531 et
1264 4475 1496 4544 Spiritus
1538 4484 1794 4541 sanctus,
1840 4491 1873 4530 o

308 4549 467 4601 beata
508 4546 760 4602 Trinitas.
796 4547 955 4611 Deus,
980 4546 1252 4607 Dominus,
1282 4546 1609 4610 Paracletus,
1646 4561 1680 4600 ο
1716 4547 1873 4600 beata

310 4616 566 4671 Trinitas.
618 4617 887 4681 Charitas,
919 4616 1120 4683 gratia,
1151 4616 1594 4678 communicatio,
1641 4631 1675 4669 ο
1716 4616 1873 4669 beata

314 4685 570 4742 Trinitas.
622 4687 874 4740 Charitas
901 4686 1041 4741 Deus
1080 4693 1180 4749 est,
1226 4685 1397 4755 gratia
1430 4684 1697 4755 Christus,
1728 4700 1876 4755 com-

311 4757 603 4811 municatio
634 4756 866 4825 Spiritus
895 4764 1143 4819 sanctus;
1172 4770 1205 4809 ο
1232 4753 1671 4825 heataiTrinitas.
1712 4753 1874 4809 Ceni-

311 4835 414 4896 tor,
457 4824 690 4896 genitus,
738 4838 1082 4896 regenerans,
1128 4841 1161 4879 o
1190 4826 1344 4878 beata
1372 4824 1652 4896 thinitas._
1674 4824 1872 4896 Verum

309 4893 489 4949 lumen
519 4911 579 4949 ex
615 4893 832 4957 rumine,
859 4911 987 4948 vera
1013 4895 1350 4957 illuminatio,
1376 4909 1410 4947 o
1436 4894 1588 4947 beata
1612 4893 1870 4948 Trinitas.

308 4961 616 5027 Invisibilis,
642 4964 999 5027 invisibiliter,
1023 4965 1268 5028 visibilis,
1296 4964 1651 5025 invisibiliter,
1682 4965 1871 5018 invisi-

309 5033 430 5088 bilis
477 5034 776 5096 visihiliter,
827 5049 859 5085 ο
909 5034 1066 5087 beata
1115 5034 1368 5086 Trinitas.
1422 5032 1591 5095 Fons,
1642 5033 1869 5098 ﬂumen,

290 5102 574 5171 'irrigatio,
595 5118 628 5156 o
653 5104 809 5156 beata
832 5103 1085 5157 Trinitas.
1117 5102 1198 5156 Ab
1224 5118 1330 5155 uno
1357 5103 1557 5165 omnia,
1586 5119 1681 5171 per
1707 5119 1869 5156 unum

308 5170 537 5251 omnia"
561 5174 614 5225 in
644 5188 749 5226 uno
774 5172 951 5251 omnia
972 5211 986 5235 ,
1015 5188 1049 5251 ρ
1076 5170 1599 5251 beata_T.rinitas..§
1622 5187 1748 5239 quo,
1773 5187 1873 5251 per

309 5254 493 5308 quem,
525 5241 577 5295 in
606 5257 712 5310 quo
743 5243 943 5310 omnia,
972 5257 1005 5294 ο
1034 5242 1188 5295 beata
1220 5241 1475 5293 Trinitas.
1514 5241 1867 5310 Vivensvita,

312 5311 421 5363 vita
452 5326 481 5363 a
512 5308 744 5374 vivente,
778 5308 1078 5365 viviﬁcator
1104 5311 1419 5373 viventium,
1448 5324 1480 5361 ο
1510 5309 1662 5362 beata
1694 5309 1871 5362 Trini-

310 5386 414 5433 tas.
470 5380 618 5435 Unus
647 5396 679 5434 a
708 5397 787 5445 se,
831 5397 969 5435 unus
996 5380 1065 5435 ab
1096 5397 1225 5445 uno,
1257 5395 1394 5433 unus
1419 5377 1487 5432 ab
1513 5380 1790 5442 ambobus,
1837 5394 1870 5434 ο

310 5449 468 5504 beata
489 5449 741 5504 Trinitas.
778 5448 859 5503 0n
888 5467 917 5504 a
942 5466 1021 5515 se,
1050 5468 1116 5504 οη
1138 5450 1204 5503 ah
1224 5451 1413 5511 altero,
1438 5465 1504 5501 οη
1526 5450 1594 5501 ab
1619 5459 1866 5515 utroque,

310 5533 345 5572 0
371 5519 525 5573 beata
552 5520 803 5575 Trinitas.
850 5520 1020 5575 Omne
1059 5529 1233 5574 autem
1262 5537 1329 5573 on
1357 5534 1567 5587 semper
1595 5518 1647 5571 in
1678 5519 1866 5584 tribus,

312 5598 369 5661 et
394 5604 551 5661 omne
581 5606 648 5643 ou
674 5591 952 5660 aequaliter
980 5590 1030 5661 in
1061 5590 1312 5661 singulis,
1357 5605 1399 5661 o_
1430 5589 1584 5661 beata
1608 5587 1864 5661 Trinitas.

315 5658 490 5717 Verax
513 5659 688 5726 Pater,
718 5657 913 5716 veritas
942 5660 1122 5724 Filius,
1146 5657 1342 5715 veritas
1371 5657 1621 5727 Spiritus,
1653 5673 1685 5712 ο
1712 5659 1868 5712 beata

1978 4468 2215 4538 tristiiia,
2246 4468 2561 4539 cenovdoxia,
2595 4476 2646 4528 id
2674 4482 2756 4526 est
2783 4488 2916 4525 vana
2947 4469 3136 4541 gloria.
3190 4469 3265 4523 De
3296 4468 3548 4541 superbia

1977 4537 2218 4599 nascitur
2268 4545 2443 4599 omnis
2492 4537 2886 4605 inebedientia,
2935 4537 3111 4594 omnis
3159 4537 3545 4608 praesumptio,

1976 4615 2151 4669 omnis
2176 4615 2489 4683 pertinacia,
2519 4613 2914 4683 contentiones,
2936 4607 3189 4683 haereses,
3211 4607 3544 4683 arrogantia.

1977 4687 2053 4740 De
2076 4677 2210 4750 'gula
2252 4684 2490 4738 nascitur
2520 4685 2698 4750 inepta
2727 4681 2940 4741 laetitia,
2978 4677 3300 4750 scurrilitas,
3335 4677 3545 4732 levitas.

1977 4748 2362 4823 vani‘loquium,
2386 4748 2727 4823 immunditia
2758 4750 3019 4823 corporis,
3049 4748 3374 4823 instabilitas
3398 4759 3550 4823 men-

1978 4826 2069 4888 tis,
2097 4818 2352 4884 ebrietas,
2383 4822 2567 4875 libido.
2600 4822 2674 4874 De
2700 4819 3056 4873 fornicatione
3078 4818 3550 4888 nascitur_c:ecitas

1978 4884 2190 4954 mentis,
2234 4892 2590 4946 inconstantia
2619 4889 2918 4952 oculorum,
2956 4902 3109 4942 amor
3144 4884 3546 4954 immoderatus,

2050 4951 2273 5018 ricul‘um
2317 4961 2461 5022 vitae,
2508 4959 2724 5013 lascivia
2754 4951 2909 5021 vitae,
2939 4957 3228 5027 petulantia
3276 4961 3331 5027 et
3371 4951 3547 5005 omnis

1978 5022 2391 5093 incontinentia,
2416 5029 2595 5083 odium
2623 5022 2995 5082 mandatorum
3024 5026 3138 5087 Dei,
3168 5022 3365 5093 mentis
3391 5035 3547 5074 ener-

1977 5103 2139 5164 vatio,
2182 5091 2393 5167 iniustae
2418 5098 2771 5169 cupiditates,
2812 5096 3134 5169 negligentia
3170 5094 3292 5169 vita;
3329 5091 3543 5169 futurze.

1976 5173 2053 5225 De
2079 5160 2302 5223 avaritia
2331 5160 2570 5223 nascitur
2595 5160 2816 5229 invidia,
2843 5160 3003 5226 fu'rta,
3041 5162 3337 5222 latrocinia,
3371 5160 3545 5229 homi-

1975 5241 2140 5303 cidia,
2172 5238 2468 5301 mendacia,
2506 5237 2762 5306 pcrjuria,
2796 5228 3002 5305 rapina,
3030 5230 3302 5306 violentia,
3334 5228 3546 5306 inquie-

1975 5299 2137 5373 tudo,’
2174 5307 2369 5374 injusta
2411 5299 2633 5374 judicia,
2673 5299 3305 5374 contemptusveritatis,
3352 5299 3545 5374 futurae

1974 5366 2319 5433 beatitudinis
2340 5366 2557 5442 oblivio,
2579 5366 2862 5447 obduratio
2886 5366 3081 5447 cordis.
3115 5372 3189 5425 De
3213 5366 3546 5447 ira_pulluiat

1970 5458 2151 5504 tumor
2180 5449 2374 5502 mentis
2402 5463 2525 5510 rete,
2545 5440 2915 5517 contumeliae,
2938 5441 3176 5517 clamor,
3205 5440 3541 5517 indignaiio,

1973 5518 2342 5588 prmanmptio,
2375 5509 2726 5588 blasphemia,
2766 5512 3041 5588 sanguinis
3066 5510 3280 5573 effusio,
3314 5509 3545 5588 homici-

1975 5576 2403 5659 dia,ulci'scendi
2447 5576 2730 5659 cupiditas,
2774 5576 3101 5659 iniuriarum
3135 5577 3417 5659 memoria:
3468 5576 3547 5655 De

1975 5646 2158 5712 acedia
2189 5658 2426 5712 nascitur
2470 5646 2854 5720 somnolentis,
2900 5650 3117 5721 pigritia
3166 5648 3349 5718 operis
3391 5646 3542 5711 boni,
