4058 6344
521 292 657 360 MM
1529 279 1616 340 'AD
1655 281 1883 338 OPERA
1921 280 1983 336 Β.
2024 281 2129 337 Διι

2232 277 2303 334 Νι
2342 277 2788 335 APPENDICES.
3662 275 3802 335 1412

521 403 848 465 instabilitas
885 402 1022 467 loci,
1063 398 1381 472 pervagatio
1406 397 1474 452 de
1499 396 1622 472 loco
1655 395 1709 449 in
1737 393 1949 472 locum,
1988 401 2099 472 tref
2129 401 2174 460 Α
2201 390 2304 472 fuit
2327 390 2619 472 confiteor,
2651 396 2975 472 cooperante
3019 384 3231 472 Spiritu
3273 395 3466 472 sancte
3495 392 3692 470 natum
3737 405 3804 472 ex

519 479 753 562 ρῑᾱίιξε,
792 465 1567 562 ιρδοτεηιιῑιςτῖίιξεῖωεέξεξξέὲξ
1605 465 2103 562 ausuram:

437 575 462 586 -
522 534 893 616 inaniloquia._
933 546 1008 616 De
1051 540 1278 616 tristitia
1323 537 1588 616 nascitur_
1611 534 1856 616 malitia,
1908 547 2106 616 rancor

523 605 712 681 animi,
741 605 1177 685 pusillanimitas,
1209 605 1884 685 amaritudo,_desperatio.
1917 605 1992 659 De
2017 617 2107 659 ce-

523 675 778 749 nodox'ia',
823 684 876 737 id
919 688 1005 735 est
1045 695 1183 734 vana
1229 677 1420 749 gloria,
1470 675 1618 749 inde
1632 675 1918 749 iactantia,
1947 690 2105 749 arro-

527 758 710 829 gantia
730 795 744 818 ,
766 745 1122 829 indignatio,
1143 745 1436 829 discordia,
1461 745 1652 829 ‘inanis
1680 745 2104 829 glorimncupido,
2157 801 2159 804 ,

526 814 581 882 Et
608 814 934 895 hypocrisis:
965 821 1017 895 i_d
1047 827 1132 895 est
1157 817 1432 895 simulatio
1461 815 1831 895 bonioperis._
1860 814 1966 868 Per
1992 815 2110 895 hac

525 884 850 950 ista'omnia
890 884 1028 946 mala
1078 889 1305 944 Domino
1353 886 1647 940 auxiliante
1692 884 1834 938 vinci
1881 891 2112 952 possunt

525 964 718 1018 leviter
755 963 931 1034 primo
967 959 1221 1034 superbia
1262 973 1360 1027 per
1395 956 1755 1034 humilitatem
1779 995 1796 1019 ,
1841 953 1968 1034 gula
2010 968 2110 1022 per

527 1025 930 1104 abstinentiam,
963 1025 1247 1104 fornicatio
1265 1025 1374 1104 per
1401 1025 1730 1104 castitatem,
1756 1025 1992 1104 avaritia
2005 1037 2110 1104 per

525 1103 876 1173 sapientiam,
893 1101 974 1154 ira
988 1115 1093 1173 per
1103 1095 1292 1173 patietj
1303 1097 1451 1160 tiam,
1469 1095 1656 1173 _ace_dia
1678 1109 1776 1163 per
1798 1095 2111 1173 instantiam

529 1163 657 1229 boni
686 1163 900 1235 operis,
932 1163 1150 1224 tristitia
1181 1167 1322 1222 mala
1351 1181 1445 1234 per
1469 1164 1715 1218 laetitiam
1742 1163 2108 1235 spiritualem,

528 1256 672 1298 vana
695 1235 866 1314 gloria
891 1254 987 1310 per
1009 1237 1330 1294 charitatem
1357 1235 1473 1290 Dei.

1031 1349 1216 1405 Oratio
1255 1356 1437 1403 contra
1471 1347 1615 1402 vitia.

601 1443 830 1503 Domine
864 1450 1073 1506 sancte,
1118 1441 1282 1495 Pater
1308 1439 1910 1508 omnipotensrzeterne
1945 1435 2110 1499 Deus,

531 1513 962 1574 misericordiam
992 1520 1138 1566 tuam
1167 1526 1232 1564 ex
1262 1507 1641 1563 intimo'corde
1666 1507 2029 1575 deposcimus,
2057 1513 2116 1559 ut

531 1603 632 1658 per
656 1585 934 1658 orationes
973 1590 1028 1636 et
1065 1581 1256 1658 merita
1292 1580 1533 1634 omnium
1559 1584 1873 1658 sanctorum
1900 1583 2116 1657 tuorum

534 1647 743 1710 iribuas
762 1653 918 1707 nobis
940 1650 1321 1707 conscientiam
1347 1664 1562 1718 puram,
1579 1654 1789 1718 terram
1811 1647 2113 1718 despicere,

533 1734 590 1779 et
611 1724 808 1778 coelum
835 1723 1097 1789 aspicere,
1124 1715 1549 1789 peccata—odire,
1572 1715 1841 1789 justitiam
1867 1717 2108 1789 diligere.

533 1793 701 1850 Aufer
738 1809 769 1846 a
805 1786 958 1846 nobis
1005 1786 1424 1845 sollicitudinem
1469 1786 1785 1842 saecularem
1809 1826 1825 1850 ,
1875 1794 1930 1840 et
1972 1787 2113 1840 dona

534 1865 692 1919 nobis
739 1871 889 1916 tuum
937 1868 1184 1914 sanctum
1228 1858 1466 1928 perfecte
1507 1858 1796 1928 timorem.‘
1838 1855 2053 1928 Depelle
2081 1870 2115 1909 a

537 1933 696 1990 nobis
725 1930 1019 2000 appetitum
1051 1929 1188 2000 gulae
1211 1926 1245 1994 ,“
1268 1937 1328 2000 et
1369 1928 1438 2000 da
1465 1929 1722 2000 virtutem
1752 1926 2112 2000 abstinentiae.

533 2001 687 2074 Fuga
717 1995 940 2074 a'nobis
977 1995 1226 2074 spiritum
1257 1996 1650 2074 fornicationis,
1663 2004 1735 2074 _et
1765 1995 1986 2074 infunde
2029 2011 2118 2074 ar-

535 2066 724 2130 dorvem
769 2066 1127 2125 sanctissimae
1175 2068 1462 2123 castitatis.
1525 2066 1819 2136 Exstingue
1867 2066 1918 2119 in
1945 2066 2118 2136 nobis

533 2157 752 2200 omnem
784 2139 1281 2208 concupiscentiam
1303 2138 1630 2208 malam,et
1663 2135 1838 2208 tribue
1873 2135 2121 2208 volunta—

543 2214 680 2268 riam
708 2206 1102 2290 paupertatem.
1157 2207 1364 2289 Cohibe
1407 2225 1438 2262 a
1476 2207 1630 2290 nabis
1661 2206 2037 2290 iracundia'mr
2063 2212 2120 2261 et

539 2276 774 2338 accende
815 2276 870 2333 in
917 2279 1070 2334 nobis
1108 2278 1484 2332 suavissimam
1519 2277 1699 2331 Dei'et
1723 2276 1956 2343 proximi
1991 2277 2122 2330 cha-

541 2353 778 2408 ritatem.
803 2348 1023 2470 Exgelle
1045 2363 1074 2400 a
1097 2348 1252 2402 nobis
1269 2346 1586 2414 jactantiam
1611 2353 1770 2414 atque
1797 2360 1988 2398 vanam
2011 2345 2122 2413 glo-

543 2420 704 2470 riam.
732 2428 786 2470 et
811 2418 880 2470 tri
925 2434 990 2470 ue
1015 2417 1171 2470 nobis
1193 2415 1663 2470 comnuuctionem
1685 2414 2120 2469 saluberrimam.

543 2420 704 2483 riam,
732 2428 786 2472 et
811 2414 990 2471 tribue
1015 2417 1171 2470 nobis
1193 2415 1663 2485 compunctionem
1685 2414 2120 2485 saluberrimam.

541 2491 761 2554 Depone
797 2503 827 2540 a
859 2487 1015 2541 nobis
1048 2484 1354 2554 superbiam
1374 2525 1389 2549 ,
1437 2493 1492 2540 et
1524 2485 1724 2554 perﬁce
1756 2484 1996 2554 inrnobis
2025 2486 2125 2538 hu-

545 2505 620 2549 ue
659 2505 761 2543 one
797 2505 827 2540 a
859 2505 1015 2541 DODIS
1048 2505 1354 2554 supermam
1374 2525 1389 2549 ,
1437 2505 1492 2540 et
1524 2505 1724 2554 ρει-ιιοε
1756 2505 1808 2537 ιιι
1841 2505 1996 2538 nums
2025 2505 2125 2538 ιιιι-

545 2505 833 2614 1111111818111
866 2571 1096 2628 veram._
1116 2557 1372 2628 Disperge
1403 2571 1434 2628 a_
1463 2557 1619 2612 nobis
1651 2553 1959 2628 misericors
1982 2555 2125 2609 Deus

541 2644 731 2684 omnes
763 2626 969 2696 pariter
993 2623 1226 2680 divitias
1240 2623 1517 2691 vitiorum,
1545 2634 1601 2680 et
1622 2625 1802 2696 tribue
1827 2623 1984 2696 nobis
2008 2633 2126 2696 tuo-

543 2713 667 2754 rum
709 2693 1005 2752 custodiam
1049 2697 1447 2750 mandatorum.
1497 2696 1702 2750 Contra
1733 2693 2126 2762 impatientiam

541 2766 764 2825 infunde
792 2767 1110 2835 patientiam
1147 2766 1383 2835 justam,
1427 2775 1615 2820 contra
1662 2764 1850 2835 odium
1891 2772 1948 2816 et
1989 2763 2128 2835 invi:-

546 2838 690 2893 diam
719 2833 1040 2892 charitatem
1069 2833 1389 2900 fraternam,
1415 2843 1602 2890 contra
1627 2834 2018 2888 detractionem
2043 2833 2126 2888 vel

545 2907 1035 2964 murmurationem
1061 2913 1207 2959 tuam
1235 2920 1452 2974 semper
1473 2904 1869 2974 sanctissimam
1890 2903 2125 2974 laudem,

545 2985 846 3046 contraque
881 2976 1040 3046 simul
1075 2975 1258 3046 omnia
1288 2972 1419 3046 vitia
1454 2972 1845 3046 benedictionis
1873 2973 2124 3043 gratiam.

549 3041 775 3102 Suscita
799 3047 852 3098 in
883 3045 1036 3100 nob'l
1068 3043 1269 3098 fontem
1295 3045 1526 3099 uberem
1551 3041 1933 3113 lacrym’arum,
1959 3052 2014 3097 et
2033 3058 2130 3097 cor

2207 461 2378 516 Maria
2406 461 2636 530 virgine,
2673 458 2862 514 verum
2898 458 3091 530 Deum,
3127 465 3182 510 et
3210 472 3400 530 verum
3427 458 3714 513 hominem
3749 460 3804 519 in

2207 531 2420 587 duabus
2452 526 2684 594 naturis,
2710 529 2894 584 divina
2924 526 3177 582 videlicet
3209 535 3262 580 et
3297 528 3573 593 humana,
3615 531 3714 583 sed
3749 531 3802 588 in

2175 669 2178 672 Ι
2207 617 2313 656 una
2343 615 2608 672 persona,
2637 615 2808 672 carne
2841 612 3059 668 passum
3079 637 3096 662 ,
3137 606 3446 672 mortuum,
3487 599 3800 672 sepultum,

2207 667 2551 726 descendisse
2582 671 2656 724 ad
2683 667 2884 724 inferos
2909 683 3015 721 non
3038 681 3288 737 corpore,
3325 667 3422 721 sed
3456 667 3665 733 anima,
3693 685 3803 724 non

2209 742 2407 794 amissa
2433 740 2734 804 divinitate,
2764 747 2821 793 et
2845 738 3003 792 tertia
3029 738 3115 791 die
3142 737 3506 792 resurrexisse
3531 738 3589 791 in
3610 739 3807 795 eadem

2209 825 2374 864 carne
2403 825 2512 879 qua
2542 819 2786 865 mortuus
2815 817 2919 872 est,
2937 816 3003 879 et
3033 807 3344 879 ascendisse
3382 808 3438 861 in
3471 809 3677 863 caelum
3698 849 3714 874 ,
3751 819 3806 864 et

2209 879 2407 933 iterum
2422 877 2715 934 venturum
2747 893 2870 933 cum
2898 878 3066 948 gloria
3095 887 3150 932 et
3174 877 3571 947 iudicaturum,
3601 888 3658 933 et
3683 880 3805 934 red-

2209 950 2451 1003 diturum
2479 949 2769 1019 unicuique
2795 948 3091 1019 secundum
3117 961 3282 1019 opera
3319 963 3439 1002 sua.
3488 948 3697 1003 Fateor
3723 965 3808 1004 me

2211 1022 2436 1074 credere
2471 1017 2714 1073 sanctam
2755 1018 3053 1073 Ecclesiam
3089 1017 3413 1072 catholicam
3439 1057 3455 1081 ,
3509 1027 3568 1072 et
3615 1021 3809 1074 remis-

2211 1089 2418 1143 sionem
2452 1097 2800 1159 peccatorum
2834 1089 2949 1142 sive
2983 1103 3078 1157 per
3104 1089 3395 1156 baptisma,
3426 1088 3544 1143 sive
3569 1105 3673 1159 per
3693 1103 3810 1158 ρω-

2211 1159 2531 1223 nitentiam,
2577 1168 2633 1212 et
2670 1165 3104 1213 resurrecturum
3154 1159 3210 1229 in
3257 1159 3450 1211 eadem
3472 1174 3660 1229 ear-ne
3703 1175 3809 1229 qua

2212 1243 2356 1283 nunc
2385 1229 2520 1282 vivo.
2543 1229 2596 1281 in
2631 1229 2796 1282 vitam
2835 1236 3113 1282 aeternam.
3167 1227 3293 1281 Haec
3333 1235 3418 1281 est
3461 1227 3602 1283 fides
3641 1227 3810 1292 vera,

2213 1314 2333 1370 qua:
2371 1300 2560 1370 paucis
2595 1299 2776 1352 verbis
2813 1297 3057 1352 ﬁdelibus
3092 1305 3220 1370 nota
3255 1307 3372 1370 est,
3425 1307 3489 1351 ut
3532 1299 3812 1370 credme

2214 1369 2484 1440 subjugati
2511 1378 2659 1440 recte
2685 1370 2896 1440 vivant,
2933 1375 3080 1440 recte
3102 1369 3340 1440 _vivendo
3371 1382 3473 1421 cor
3493 1369 3776 1440 mundent
3793 1407 3810 1430 ,

2215 1437 2658 1494 corde'munda-to
2678 1439 2822 1507 quod
2844 1437 3072 1492 credunt
3099 1437 3426 1508 intelligant,
3452 1438 3632 1491 vitam
3657 1450 3816 1493 auer-

2217 1523 2343 1562 nam
2371 1509 2627 1563 habeant.
3043 1525 3050 1532 ·
3351 1539 3355 1543 -

2288 1621 2727 1675 Commemoratio
2764 1620 2830 1675 de
2873 1620 3055 1677 ordine
3089 1619 3414 1691 quotidianae
3456 1623 3746 1676 orationis.

2291 1711 2427 1775 Hoc,
2449 1711 2754 1766 venerabilis
2801 1710 2984 1776 Pater,
3012 1712 3238 1780 primum
3269 1712 3485 1766 verbum
3515 1713 3584 1765 de
3615 1728 3815 1766 ore-tte-

2216 1791 2324 1836 stro
2375 1781 2642 1851 procedat,
2695 1782 2762 1834 de
2808 1797 2991 1834 somno
3042 1791 3336 1851 surgentes,
3365 1782 3649 1851 rDomine,
3675 1781 3815 1838 labia

2217 1868 2335 1906 mea
2371 1853 2620 1921 aperies,
2669 1859 2720 1904 et
2761 1851 2986 1920 reliqua.
3027 1851 3230 1904 Deinde
3278 1867 3296 1904 :
3333 1850 3520 1906 Verba
3557 1867 3682 1906 mea
3725 1868 3816 1906 an-

2216 1923 2370 1976 ribus
2397 1922 2634 1990 percipe,
2681 1921 2924 1984 Domine,
2975 1921 3213 1990 intellige
3259 1921 3564 1975 clamorem
3595 1937 3818 1986 meum;

2218 1992 2439 2048 intende
2461 1993 2580 2044 voci
2608 1991 2870 2045 orationis
2894 2006 3050 2055 mere,
3069 2005 3164 2046 rex
3198 2006 3353 2045 meus
3379 2000 3439 2045 et
3464 1993 3615 2046 Deus
3643 2008 3817 2056 meus,

2219 2062 2477 2131 quoniam
2498 2061 2566 2114 ad
2591 2069 2642 2114 te
2663 2061 2863 2125 orabo;
2881 2061 3137 2131 Domine,
3163 2075 3322 2114 mane
3345 2063 3621 2116 exaudies
3634 2078 3819 2120 vocem

2222 2130 2420 2191 meam,
2451 2145 2610 2184 mane
2633 2131 2822 2185 astabo
2853 2130 2948 2184 tibi
2978 2140 3034 2184 et
3056 2132 3253 2184 videbo
3281 2140 3353 2193 te,
3377 2131 3638 2186 Domine.
3670 2131 3824 2188 Post-

2221 2217 2283 2255 ea
2317 2214 2334 2251 :
2365 2199 2548 2255 Gloria
2579 2201 2632 2253 in
2663 2201 2894 2256 excelsis
2930 2201 3040 2255 Deo
3067 2210 3122 2255 et
3157 2202 3212 2254 in
3256 2210 3406 2255 terra
3451 2217 3566 2270 pax
3593 2204 3825 2256 homini-

2223 2272 2324 2326 bus
2350 2272 2504 2324 bonzc
2530 2270 2843 2324 voluntatis.
2875 2271 3182 2326 Laudamus
3208 2279 3286 2337 te,
3307 2273 3721 2326 -benedicimns
3743 2283 3820 2335 te,

2224 2341 2512 2394 adoramus
2565 2350 2651 2404 te,
2693 2341 3058 2411 glorificamus
3097 2350 3172 2406 te,
3203 2342 3416 2411 gratias
3470 2345 3693 2411 agimus
3731 2341 3825 2396 tibi

2223 2419 2446 2481 propter
2473 2409 2723 2481 magnam
2754 2410 2980 2478 gloriam
3028 2417 3196 2473 tuam,
3254 2409 3493 2464 Domine
3517 2409 3690 2465 'Deus
3733 2427 3825 2466 rex

2225 2479 2485 2550 caelestis,
2516 2479 2658 2535 Deus
2689 2479 2851 2534 Pater
2890 2481 3254 2550 omnipotens,
3303 2482 3551 2535 Domine
3579 2481 3683 2536 Fili
3713 2482 3827 2535 uni—

2226 2551 2406 2674 g’enite
2427 2548 2815 2632 Jesuﬁhriste,
2845 2548 3090 2614 Domine,
3115 2551 3279 2632 Deus,
3305 2567 3490 2632 agnus
3519 2553 3638 2612 Dei,
3665 2551 3824 2632 Filius

2273 2628 2439 2674 atris:
2479 2634 2570 2674 (ιιιι
2596 2619 2737 2674 tollis
2757 2629 2979 2674 peccata
3006 2622 3212 2674 mundi.
3236 2636 3462 2674 suscipe
3491 2622 3824 2674 deprecatio-

2273 2620 2439 2683 atris;
2479 2620 2570 2688 qui
2596 2619 2737 2674 tollis
2757 2629 2979 2690 peccata
3006 2622 3212 2685 mundi,
3236 2619 3462 2691 suscipe
3491 2622 3829 2691 deprecatio-

2229 2703 2350 2744 nem
2377 2699 2620 2742 nostram
2651 2703 2667 2742 :
2701 2691 2794 2758 qui
2823 2691 2978 2744 sedes
3017 2691 3085 2745 ad
3113 2691 3401 2744 dexteram
3437 2690 3645 2755 Patris,
3675 2692 3827 2746 misco

2229 2774 2351 2815 rere
2379 2760 2534 2814 nobis
2563 2773 2577 2811 :
2602 2761 2858 2828 quoniam
2891 2770 2948 2814 tu
2984 2760 3130 2814 solus
3165 2771 3414 2823 sanctus,
3450 2771 3513 2813 ιιι
3549 2763 3700 2815 solus
3731 2762 3828 2815 Do-

2229 2831 2430 2892 minus,
2465 2838 2522 2882 tu
2561 2829 2710 2884 solus
2745 2830 3061 2894 altissimus,
3097 2829 3223 2884 Jesu
3273 2830 3526 2894 Christe,
3561 2847 3690 2886 cum
3715 2847 3830 2885 san-

2231 2909 2322 2971 eto
2349 2899 2556 2971 Spiritu
2612 2900 2674 2971 in
2712 2899 2882 2971 gloria
2935 2899 3029 2953 Dei
3074 2899 3273 2954 Patris.
3321 2901 3533 2954 Amen.
3581 2902 3866 2971 Dignane,

2232 2968 2477 3032 Domine,
2505 2969 2592 3024 die
2609 2969 2715 3023 isto
2739 2970 2856 3024 sine
2869 2977 3092 3039 peccato
3121 2985 3219 3023 nos
3252 2971 3565 3023 custodire.
3585 2968 3828 3023 Et—tuuc:

2233 3039 2376 3093 Deus
2397 3041 2452 3092 in
2483 3039 2808 3108 adjutorium
2836 3054 3013 3093 meum
3032 3040 3267 3102 intende,
3300 3039 3566 3103 Domine,
3593 3041 3662 3093 ad
3689 3039 3832 3108 adju-

545 3117 746 3170 durum
788 3114 1040 3169 molliﬂca
1071 3130 1169 3182 per
1198 3114 1572 3182 paenitentiam
1597 3106 1782 3167 vei-am
1801 3149 1815 3176 ,
1863 3121 1918 3166 et
1947 3113 2129 3166 omnia
2157 3106 2203 3168 C
2233 3109 2474 3182 vandum
2495 3106 2582 3182 me
2612 3108 2848 3182 festina:
2881 3107 3070 3182 T_ribus
3097 3108 3296 3162 vicibus
3335 3110 3570 3182 genibus
3596 3106 3762 3179 ﬂexis
3784 3120 3830 3164 et

549 3199 886 3255 quaecunque
922 3185 977 3237 in
1009 3183 1165 3237 nobis
1198 3183 1337 3255 bona
1381 3190 1696 3255 perpetuam
1727 3183 1959 3251 gratiam
1997 3197 2130 3250 ope—

551 3252 688 3308 reris
719 3252 969 3307 ad'tuam
1005 3267 1102 3321 per
1135 3252 1318 3304 omnia
1349 3252 1578 3320 gloriam
1613 3252 1907 3320 deputare,
1944 3261 1998 3306 et
2033 3267 2134 3306 nos

552 3337 767 3390 semper
790 3329 1106 3391 peccatores
1133 3335 1254 3376 esse
1275 3334 1621 3391 cognoscere,
1651 3335 1752 3391 nec
1782 3327 1962 3374 tamen
1985 3337 2014 3374 a
2043 3331 2134 3376 tua

549 3389 710 3460 laude
735 3391 818 3444 vel
845 3406 1009 3460 opere
1041 3389 1328 3458 aliquando
1351 3389 1605 3453 cessare,
1639 3390 1735 3443 sed
1762 3391 2134 3460 perseveranti

551 3459 664 3517 ﬁne
695 3468 841 3516 tuam
871 3459 1085 3532 semper
1108 3460 1370 3530 perﬁcere
1396 3460 1744 3515 voluntatem.
1780 3459 1904 3515 Per.

1166 3575 1296 3629 Item
1331 3593 1524 3646 preces.

623 3666 702 3722 De
729 3668 1003 3721 charitate.
1045 3665 1274 3736 Diligam
1313 3675 1384 3730 te,
1422 3665 1666 3730 Domine,
1701 3665 1960 3722 fortitudo
1990 3682 2131 3722 mea.

551 3735 634 3793 De
663 3736 820 3792 laude
851 3737 966 3790 Dei.
1014 3735 1335 3791 Benedicam
1383 3736 1670 3790 Dominum
1716 3738 1768 3790 in
1809 3739 1955 3791 omni
2001 3746 2138 3792 tem-

551 3819 708 3876 pore.
764 3806 836 3859 De
865 3805 990 3873 ﬁde.
1041 3806 1283 3867 Domine,
1321 3821 1458 3876 auge
1491 3806 1646 3859 nobis
1676 3806 1859 3860 ﬁdem.
1909 3807 1987 3860 De
2024 3823 2132 3876 spe.

551 3876 763 3934 Exaudi
798 3891 918 3938 nos,
969 3877 1110 3930 Deus
1161 3877 1416 3929 salutaris
1462 3884 1666 3938 noster,
1725 3891 1848 3944 spes
1891 3879 2137 3930 omnium

554 3947 742 4000 finium
775 3954 951 3998 terrae.
992 3944 1068 3997 De
1096 3945 1333 3998 custodia
1359 3945 1475 3998 Dei.
1508 3944 1729 3998 Custodi
1757 3961 1860 4009 me,
1887 3945 2135 4010 Domine,

554 4025 614 4069 ut
654 4015 911 4083 pupillam
942 4013 1118 4078 oculi,
1163 4017 1264 4068 sub
1294 4015 1485 4068 umbra
1521 4015 1726 4068 alarum
1756 4023 1970 4068 tuarum
2008 4029 2136 4083 pro-

555 4094 676 4154 tege
709 4101 814 4137 me.
871 4083 953 4154 De
998 4085 1349 4138 conversione.
1401 4085 1624 4138 Domine
1652 4124 1666 4146 ,
1715 4085 1931 4154 dimitte
1963 4099 2050 4138 me
2081 4092 2140 4139 ut

555 4153 845 4236 refrigerer
870 4153 1192 4236 priusquam
1223 4154 1409 4236 abeam
1433 4193 1446 4218 ,
1491 4162 1546 4207 et
1587 4153 1815 4236 amplius
1863 4169 2135 4236 nonnem.

557 4223 636 4278 De
661 4221 989 4292 fortitudine.
1019 4221 1410 4278 Fortitudinem
1440 4239 1615 4277 meam
1639 4221 1706 4276 ad
1735 4232 1784 4277 te
1809 4223 2138 4288 custodiam,

555 4293 684 4362 quia
714 4294 857 4346 Deus
886 4302 1165 4362 susceptor
1197 4308 1369 4356 mens,
1399 4295 1538 4346 Deus
1572 4308 1741 4357 meus,
1769 4294 2140 4348 misericordia

557 4361 675 4427 ejus
703 4362 994 4429 praeveniet
1025 4361 1130 4416 me.
1186 4362 1262 4414 De
1289 4365 1461 4430 gratia
1495 4362 1608 4415 Dei.
1645 4362 2008 4418 Misericordia
2049 4374 2140 4418 tua

556 4432 850 4552 [inveniet
883 4446 988 4493 me,
1037 4440 1091 4484 et
1121 4433 1490 4485 misericordia
1519 4440 1609 4486 tua
1641 4435 2000 4501 subsequetur
2032 4450 2138 4487 me.

611 4515 638 4552 e
678 4509 906 4552 extremo
955 4499 1058 4552 die.
1113 4499 1376 4552 Quoniam
1433 4509 1489 4552 ιιι
1537 4517 1596 4552 es
1647 4511 1920 4552 protector
1964 4519 2138 4552 meus.

611 4515 638 4552 e
678 4509 906 4570 eetremo
955 4499 1058 4552 die.
1113 4499 1376 4564 Quoniam
1433 4509 1489 4555 tu
1537 4517 1596 4556 es
1647 4499 1920 4570 protector
1964 4519 2141 4569 meus,

557 4567 808 4640 Domine,
849 4568 901 4621 in
938 4583 1132 4640 manus
1159 4567 1904 4640 tuascmnmcndo'spiritum
1936 4567 2138 4627 meum.

560 4636 719 4692 Item.
759 4638 920 4701 Erue,
951 4637 1194 4702 Domine,
1222 4655 1251 4691 a
1283 4638 1488 4692 framea
1513 4636 1746 4692 animam
1772 4655 1971 4704 meam,
1998 4651 2054 4695 ct
2077 4644 2143 4697 de

564 4722 730 4764 manu
758 4707 911 4761 canis
943 4708 1154 4761 unicam
1196 4723 1394 4761 meam.
1433 4707 1590 4762 Item.
1631 4709 1676 4762 0
1707 4709 1948 4774 Domine,
1974 4711 2144 4766 libera

561 4778 801 4831 animam
830 4815 846 4840 ,
892 4777 1200 4832 misericors
1233 4778 1524 4842 Dominus,
1572 4789 1626 4834 et
1669 4779 1870 4846 justus,
1909 4792 1966 4834 et
2001 4782 2145 4836 Deus

559 4856 748 4918 noster
779 4847 1082 4918 miseretur.
1137 4848 1215 4902 De
1246 4849 1443 4902 visione
1473 4848 1586 4902 Dei.
1624 4847 1796 4904 Unam
1827 4851 1951 4918 petii
1983 4867 2012 4904 a
2040 4852 2145 4905 Do-

563 4917 1200 4987 minorhancrequiram,
1234 4927 1296 4972 ut
1332 4918 1628 4974 inhabitem
1667 4920 1718 4972 in
1747 4917 1908 4974 domo
1932 4921 2144 4975 Domini

565 4985 818 5040 omnibus
845 4985 1035 5041 diebus
1063 4988 1184 5041 vita:
1215 5003 1367 5042 mete.
1422 4987 1575 5042 Item.
1613 4988 1680 5043 Ut
1703 4989 1916 5043 videam
1956 4991 2146 5044 volun-

564 5063 733 5128 tatem
761 5055 996 5128 Domini,
1029 5065 1085 5128 et
1113 5057 1325 5112 visitem
1357 5058 1613 5128 templum
1643 5058 1779 5128 ejus.
1814 5059 1968 5114 Item.
1996 5061 2144 5116 Beati

565 5124 659 5192 qui
692 5125 941 5179 habitant
972 5128 1024 5180 in
1050 5127 1211 5181 domo
1238 5136 1348 5190 tua,
1379 5124 1623 5192 Domine,
1659 5124 1714 5182 in
1746 5131 1941 5184 smcula
1974 5145 2146 5185 saecu-

562 5190 740 5266 lorum
771 5195 1063 5250 laudabunt
1095 5204 1167 5251 te.
1225 5197 1304 5250 De
1331 5198 1454 5266 fide.
1490 5190 1764 5254 Confiteor
1794 5215 1878 5253 me
1920 5203 2144 5256 credere

565 5262 851 5336 Dominum
877 5266 1115 5336 Patrem,
1148 5267 1241 5336 qui
1287 5262 1493 5321 creavit
1531 5269 1744 5334 omnia;
1775 5278 1832 5324 et
1858 5269 2144 5325 Dominum

563 5331 762 5414 Filium
782 5335 937 5414 ,_qui.
956 5337 1026 5389 ab
1055 5350 1121 5390 eo
1149 5331 1362 5408 genitus
1395 5346 1491 5414 est
1521 5347 1646 5414 ante
1683 5331 1878 5394 saecula
1897 5355 1936 5414 ;_
1957 5349 2010 5393 ct
2044 5340 2148 5394 Do-

567 5403 772 5484 minum
797 5403 1328 5484 Spiritum_san_ctum
1360 5407 1428 5462 ab
1455 5409 1716 5463 ambobus
1741 5403 2146 5484 procedentem,

567 5471 622 5542 id
660 5481 745 5525 est
775 5471 1014 5527 sanctam
1042 5475 1381 5542 Trinitatem,
1406 5493 1572 5530 unum
1609 5471 1794 5532 verum
1831 5471 2150 5534 naturaliter

567 5539 881 5617 Dominum,
913 5555 1156 5617 nonitres
1189 5547 1347 5611 Deos,
1369 5539 1472 5601 sed
1510 5555 1621 5602 tres
1663 5563 1922 5617 personas
1955 5550 2008 5603 in
2041 5563 2147 5602 una

569 5609 874 5682 substantia
906 5621 958 5667 et
986 5615 1274 5688 divinitate
1295 5609 1359 5688 ac
1384 5609 1802 5688 majestate-sine
1831 5619 1984 5672 initio
2011 5635 2149 5674 sem~

570 5691 670 5748 per
689 5695 831 5747 esse,
856 5683 1212 5754 eamdemque
1237 5686 1453 5752 Filium,
1469 5683 1571 5756 ἰιιιί
1601 5700 1816 5757 semper
1841 5703 1962 5743 cum
1991 5689 2151 5744 Patre

2237 3180 2390 3250 tertio
2414 3177 2618 3232 Gloria.
2651 3179 2868 3250 Deinde,
2899 3179 3065 3250 Pater
3090 3186 3299 3250 noster.
3339 3177 3606 3242 Deinde,
3633 3183 3831 3250 signato

2237 3248 2408 3317 fronte
2453 3257 2501 3301 et
2548 3249 2733 3319 oculis,
2765 3247 3105 3318 omnibusque
3143 3248 3393 3319 membris
3435 3250 3596 3319 signo
3646 3247 3832 3313 crucis,

2237 3328 2360 3371 tunc
2388 3317 2651 3387 evangelio
2693 3319 2749 3372 in
2787 3333 2949 3372 manu
2985 3317 3217 3387 decepto,
3237 3327 3286 3370 et
3313 3317 3458 3386 facie
3486 3317 3562 3371 ad
3591 3319 3833 3373 orientem

2235 3402 2484 3441 conversa
2511 3388 2792 3440 dicendum
2819 3402 2836 3438 :
2876 3387 3156 3442 Matlhaeus
3186 3397 3240 3441 et
3285 3387 3462 3442 Isaias
3492 3390 3835 3444 intercedant

2236 3472 2338 3527 pro
2360 3455 2573 3527 meeEt
2613 3465 2738 3511 tunc
2775 3457 2917 3527 facie
2953 3457 3038 3527 ad
3081 3467 3320 3510 austrum
3363 3475 3630 3512 conversa
3659 3459 3834 3512 dicen-

2237 3526 2365 3597 dum
2394 3540 2412 3576 :
2445 3526 2655 3580 Marcus
2681 3535 2738 3597 et
2765 3526 3396 3592 Jeremiasintercedant
3419 3545 3526 3597 pro
3559 3543 3668 3582 me.
3697 3527 3836 3581 Tum:

2239 3596 2374 3720 E1658
2419 3597 2488 3648 ad
2543 3596 2856 3650 occidentem
2913 3613 3159 3650 conversa
3209 3596 3500 3651 dicendum
3529 3612 3550 3648 :
3579 3598 3756 3652 Lucas
3785 3605 3837 3652 et

2287 3665 2489 3719 zechiel
2532 3665 2822 3720 defendant
2867 3681 2971 3720 me.
3026 3665 3094 3718 Et
3124 3667 3179 3719 in
3227 3667 3504 3720 sinistram
3537 3669 3680 3720 facie
3724 3683 3837 3720 cos-

2287 3665 2490 3737 zechiel
2532 3665 2822 3737 defendant
2867 3681 2971 3720 me.
3026 3665 3094 3718 Et
3124 3667 3179 3737 in
3227 3667 3504 3737 sinistram
3535 3669 3680 3737 facie
3724 3683 3838 3720 cos-

2239 3751 2386 3789 versa
2437 3735 2751 3788 dicendum:
2777 3734 3014 3789 Joannes
3049 3744 3106 3788 et
3155 3736 3344 3790 Daniel
3384 3734 3711 3791 custodiant
3733 3752 3834 3790 me.

2240 3803 2311 3858 Et
2360 3813 2536 3876 postea
2567 3803 2752 3858 dicetis
2782 3819 2800 3856 :
2825 3805 2969 3876 Crux
3001 3806 3131 3876 mihi
3179 3806 3474 3876 refugium.
3509 3823 3653 3862 crux
3705 3807 3836 3860 mibi

2240 3883 2388 3927 certa
2425 3874 2602 3946 salus,
2633 3890 2764 3946 cruri
2812 3875 3027 3946 Domini
3077 3874 3320 3939 mecum,
3347 3893 3490 3930 crux
3538 3886 3630 3932 est
3681 3891 3840 3946 quam

2241 3959 2454 4016 semper
2490 3944 2678 4016 adoro.
2725 3944 2944 4016 Deinde,
2991 3944 3154 4016 Pater
3179 3955 3385 4000 noster.
3445 3946 3515 3999 Et
3549 3944 3736 4016 postea
3764 3947 3842 3998 di-

2241 4013 2462 4067 cendum
2493 4027 2510 4064 .'
2539 4015 2616 4067 Da
2651 4015 2823 4078 nobis,
2851 4015 3096 4079 Domine,
3131 4016 3490 4078 intellectum,
3514 4013 3582 4069 ιιί
3605 4017 3840 4070 sciamus

2241 4083 2550 4136 testimonia
2581 4091 2693 4136 tua.
2720 4083 2880 4153 Aperi
2922 4085 3079 4138 nobis
3115 4099 3302 4140 sensus
3331 4096 3386 4138 et
3416 4087 3618 4142 oculos
3639 4087 3836 4149 cordis,

2243 4153 2383 4224 sicut
2413 4153 2674 4222 aperuisti
2714 4167 2904 4224 sensus
2937 4156 3323 4222 apostolorum,
3350 4163 3412 4208 ut
3439 4159 3726 4224 possimus
3767 4157 3842 4209 in-

2244 4223 2500 4296 telligere
2532 4231 2751 4296 sanctas
2796 4222 3125 4296 Scripturas.
3176 4225 3244 4278 Et
3281 4222 3468 4295 aperto
3497 4225 3798 4296 evangelio
3820 4265 3836 4282 .

2243 4293 2688 4363 anapaginaU-vel
2712 4293 2920 4363 dumde
2957 4310 3016 4347 eo
3060 4295 3260 4347 intenta
3286 4293 3460 4347 mente
3487 4293 3757 4363 legantur,
3785 4303 3837 4347 at

2247 4361 2530 4433 impleatur
2555 4361 2687 4415 illud
2707 4362 2845 4432 quo!
2867 4363 3062 4416 dictum
3087 4374 3162 4417 est
3199 4381 3216 4417 :
3251 4364 3306 4418 ιιι
3333 4365 3455 4433 lege
3497 4361 3720 4418 Domini
3749 4379 3840 4418 vo-

2172 4458 2220 4518 D
2249 4431 2428 4518 lautas
2471 4432 2653 4518 ejus:
2701 4431 2868 4518 enin
2911 4433 3028 4518 lege
3078 4436 3194 4515 ejus
3240 4431 3736 4518 meditabitundie
3780 4449 3838 4516 ac

2245 4511 2424 4572 nocte.
2460 4501 2528 4554 Et
2559 4504 2743 4554 iterum
2781 4517 2799 4553 :
2829 4501 2990 4556 Beati
3026 4501 3121 4572 qui
3167 4513 3487 4558 scrutantur
3525 4506 3839 4559 testimonia

2245 4571 2379 4638 ejus,
2402 4573 2454 4625 in
2476 4579 2588 4626 toto
2609 4572 2769 4625 corde
2789 4571 3079 4640 exquirunt
3104 4589 3249 4627 eum.
3274 4572 3473 4627 Postea
3499 4573 3586 4628 vel
3615 4592 3724 4628 una
3748 4591 3841 4640 pa-

2247 4643 2370 4710 gina
2397 4640 2714 4713 deepistolis
2745 4640 3151 4713 Paulilegatur,
3183 4653 3240 4696 ut
3262 4643 3554 4696 secundum
3599 4640 3838 4713 regulam

2247 4711 2598 4783 evangelicum
2619 4722 2665 4765 et
2679 4711 3029 4783 apostolicam
3060 4713 3202 4783 sciat
3237 4715 3458 4783 quisque
3485 4714 3620 4783 quid
3647 4711 3714 4766 de
3745 4712 3838 4765 Dei

2249 4781 2459 4852 servitio
2481 4797 2632 4852 agere
2653 4780 2817 4841 debet,
2837 4780 2916 4834 vel
2941 4781 3068 4851 quid
3091 4781 3213 4836 aliis
3237 4780 3548 4852 pra’dicare.
3583 4783 3796 4836 Deinde
3821 4795 3839 4832 :

2249 4848 2463 4922 Christe
2485 4848 2606 4922 audi
2634 4865 2750 4913 nos,
2780 4861 2828 4903 et
2853 4848 3042 4922 uetera
3067 4867 3185 4921 qua:
3213 4848 3506 4922 sequuntur
3525 4853 3595 4905 de
3624 4853 3838 4904 (itania.

2247 4919 2470 4990 Deinde,
2495 4920 2656 4990 Pater
2685 4929 2887 4974 noster.
2924 4919 2994 4973 Et
3024 4919 3148 4974 tunc
3175 4923 3229 4975 in
3257 4919 3475 4990 privatis
3503 4922 3840 4975 orationibus

2250 4988 2316 5062 1
2340 4989 2549 5058 psalmi,
2575 4989 2631 5062 id
2651 4999 2749 5062 est,
2769 4990 3012 5062 Domine,
3045 5007 3113 5046 ne
3139 4993 3193 5046 in
3219 4988 3401 5062 furore
3432 4999 3526 5045 tuo
3546 5006 3772 5062 arguas.
3790 4991 3838 5042 1.

2251 5058 2562 5129 Usquequo,
2594 5059 2837 5114 Domine.
2865 5059 2919 5112 2.
2949 5059 3217 5117 Dominus
3253 5061 3391 5129 regit
3420 5077 3529 5115 me.
3556 5058 3734 5114 5.'Ad
3765 5069 3836 5123 te,

2249 5129 2494 5193 Domine,
2524 5129 2695 5182 levavi
2722 5129 2957 5183 animam
3002 5146 3199 5185 meam.
3233 5131 3285 5183 4.
3321 5129 3602 5184 Dominus
3638 5129 3843 5184 illumi-

2248 5200 2395 5252 natio
2447 5199 2586 5252 mea.
2643 5197 2694 5252 5.
2737 5199 2990 5254 Miserere
3038 5203 3166 5264 mei,
3219 5203 3380 5263 Deus,
3411 5200 3737 5253 secundum.
3782 5197 3836 5250 6.

2250 5267 2425 5332 Deus,
2476 5269 2531 5322 in
2579 5269 2798 5323 nomine
2840 5279 2950 5322 tuo.
2999 5269 3050 5322 7.
3098 5271 3240 5324 Deus
3281 5270 3611 5323 misereatur
3659 5268 3840 5324 nobis.

2251 5339 2304 5393 8.
2336 5339 2510 5404 Deus,
2555 5338 2606 5391 in
2639 5338 2962 5404 adjutorium
2983 5340 3197 5393 ’meum.
3228 5340 3280 5394 9.
3316 5339 3686 5402 Benedixisti,
3735 5339 3844 5394 Do-

2250 5407 2416 5462 mine.
2439 5409 2524 5462 10.
2549 5408 2771 5472 lnclina,
2796 5409 3039 5472 Domine,
3057 5425 3243 5463 aurem
3275 5418 3441 5463 tuam.
3461 5410 3545 5464 11.
3576 5410 3662 5462 Ad
3685 5416 3742 5463 te
3765 5407 3843 5462 le-

2251 5479 2369 5531 vavi
2420 5478 2606 5549 oculos
2653 5492 2820 5532 meos.
2866 5477 2951 5531 12.
2985 5479 3060 5532 De
3104 5477 3402 5549 profundis.
3446 5480 3534 5534 l3.
3581 5481 3842 5540 Domine,

2252 5548 2495 5618 probasti
2544 5562 2650 5614 me,
2681 5555 2735 5601 et
2779 5549 3076 5618 cognovisti
3105 5548 3228 5602 me.
3275 5549 3358 5602 14.
3393 5549 3555 5618 Eripe
3585 5565 3697 5608 me.
3727 5549 3814 5618 Do

2256 5619 2421 5681 mine,
2458 5619 2526 5670 ab
2571 5618 2784 5672 homine
2831 5617 2990 5672 malo.
3038 5618 3121 5673 15.
3176 5619 3421 5681 Domine,
3471 5617 3693 5672 exaudi.
3753 5617 3838 5670 {6.

2255 5688 2458 5742 Deinde
2504 5704 2521 5740 :
2571 5687 2809 5742 Laudate
2873 5689 3160 5742 Dominum
3215 5689 3267 5742 in
3325 5689 3531 5743 sanctis
3579 5689 3720 5758 ejus.
3775 5685 3842 5740 Et
